{"host":"wpobqx0jtxs252ev","time":1611364414,"event":{"mods":["AchievementEnabler","Act Like it!","BaseMod","Better Altar","Better Note","Better Sensory Stone","Better Skull","Better Third Choice","Colored Powertips","Downfall","Infinite Spire","Marisa????????","Mimic Mod","Minty Spire (QoL Compilation)","Relic Stats","Replay The Spire","Spire Arcade","StSLib","The Jungle","The Runesmith"],"gold_per_floor":[113,132,132,148,148,148,181,2,2,35,35,51,86,104,104,230,230,243,243,261,261,261],"floor_reached":21,"language":"ENG","playtime":4634,"items_purged":[],"score":274,"play_id":"77281442-9e75-4e3c-929a-8d4e025082a3","local_time":"20210122221334","is_ascension_mode":true,"campfire_choices":[{"data":"Neutralize","floor":6,"key":"SMITH"},{"floor":15,"key":"REST"}],"circlet_count":0,"master_deck":["Strike_G","Strike_G","Strike_G","Strike_G","Strike_G","Defend_G","Defend_G","Defend_G","Defend_G","Defend_G","Survivor","Neutralize+1","ReplayTheSpireMod:Scrap Shanks","Acrobatics","Hidden Blade","Cloak And Dagger","Concentrate","Feed","Seeing Red","Runesmith:ReplicatingBarrier"],"relics":["Ring of the Snake","NeowsBlessing","infinitespire:Beetle Shell","Golden Idol","Mango","PrismaticShard","Replay:Accelerometer","Tiny Chest","infinitespire:Lychee Nut","Black Star"],"acts_visited":["Exordium","TheCity"],"potions_floor_usage":[7,14,16,16,20,20,21],"damage_taken":[{"damage":0,"enemies":"Jaw Worm","floor":1,"turns":1},{"damage":0,"enemies":"2 Louse","floor":2,"turns":1},{"damage":0,"enemies":"Cultist","floor":4,"turns":1},{"damage":25,"enemies":"Lagavulin","floor":7,"turns":10},{"damage":10,"enemies":"3 Sentries","floor":10,"turns":11},{"damage":7,"enemies":"Exordium Wildlife","floor":12,"turns":3},{"damage":20,"enemies":"Lagavulin","floor":13,"turns":9},{"damage":0,"enemies":"Exordium Thugs","floor":14,"turns":3},{"damage":0,"enemies":"Fading Forest","floor":16,"turns":12},{"damage":11,"enemies":"Shell Parasite","floor":18,"turns":13},{"damage":30,"enemies":"Spheric Guardian","floor":20,"turns":11},{"damage":44,"enemies":"Centurion and Healer","floor":21,"turns":9}],"seed_played":"-7787091479281187579","potions_obtained":[{"floor":4,"key":"SteroidPotion"},{"floor":10,"key":"infinitespire:BlackPotion"},{"floor":12,"key":"SpeedPotion"},{"floor":13,"key":"SkillPotion"},{"floor":14,"key":"Explosive Potion"},{"floor":16,"key":"AttackPotion"},{"floor":19,"key":"SkillPotion"}],"is_trial":false,"path_per_floor":["M","M","?","M","?","R","E","$","T","E","$","M","E","M","R","B",null,"M","?","M","M"],"character_chosen":"THE_SILENT","items_purchased":["Concentrate","PrismaticShard"],"campfire_rested":1,"item_purchase_floors":[8,8],"current_hp_per_floor":[70,70,67,67,50,50,39,39,39,29,29,22,2,10,29,35,66,58,58,37,0,0],"gold":261,"neow_bonus":"THREE_ENEMY_KILL","is_daily":false,"chose_seed":false,"campfire_upgraded":1,"win_rate":0.0,"timestamp":1611364414,"path_taken":["M","M","?","M","?","R","E","$","T","E","$","M","E","M","R","BOSS","M","?","M","?"],"items_purchased_type":["Card","Relic"],"build_version":"2020-12-22","purchased_purges":0,"victory":false,"max_hp_per_floor":[70,70,70,70,70,70,84,84,84,84,84,84,63,66,66,66,66,66,66,69,69,69],"relic_stats":{"counters":[12,84],"Golden Idol":60,"Tiny Chest":0,"Black Star":0,"obtain_stats":[{"Replay:Accelerometer":9,"NeowsBlessing":0,"Golden Idol":5,"infinitespire:Lychee Nut":13,"Mango":7,"Tiny Chest":10,"infinitespire:Beetle Shell":3,"Black Star":17,"PrismaticShard":8,"Ring of the Snake":0},{"Replay:Accelerometer":4,"NeowsBlessing":0,"Golden Idol":3,"infinitespire:Lychee Nut":7,"Mango":4,"Tiny Chest":5,"infinitespire:Beetle Shell":2,"Black Star":9,"PrismaticShard":4,"Ring of the Snake":0},{"Replay:Accelerometer":13,"NeowsBlessing":0,"Golden Idol":3,"infinitespire:Lychee Nut":36,"Mango":13,"Tiny Chest":24,"infinitespire:Beetle Shell":2,"Black Star":51,"PrismaticShard":13,"Ring of the Snake":0}],"Ring of the Snake":[24]},"card_choices":[{"not_picked":["Concentrate","Dagger Spray"],"picked":"ReplayTheSpireMod:Scrap Shanks","floor":1},{"not_picked":["Finisher","Leg Sweep"],"picked":"Acrobatics","floor":2},{"not_picked":["Sucker Punch","Bane"],"picked":"Hidden Blade","floor":4},{"not_picked":["Poisoned Stab","Eviscerate"],"picked":"Cloak And Dagger","floor":7},{"not_picked":["bronze:Shell","hexamod:GhostLash","ReplayTheSpireMod:System Scan"],"picked":"SKIP","floor":10},{"not_picked":["champ:Backstep","Guardian:Recover"],"picked":"Feed","floor":12},{"not_picked":["Runesmith:ChaoticBlast","Iron Wave","GrandCross"],"picked":"SKIP","floor":13},{"not_picked":["hexamod:BurningTouch","hexamod:HauntingEcho"],"picked":"Seeing Red","floor":14},{"not_picked":["Runesmith:ArcReactor","Secret Technique"],"picked":"Runesmith:ReplicatingBarrier","floor":16},{"not_picked":["hexamod:RetreatToShadows","Guardian:RollAttack+1","sneckomod:UnknownStrike"],"picked":"SKIP","floor":18},{"not_picked":["MeteoricShower","Panic Button","hexamod:BacktrackSmack"],"picked":"SKIP","floor":20}],"player_experience":218360,"relics_obtained":[{"floor":7,"key":"Mango"},{"floor":9,"key":"Replay:Accelerometer"},{"floor":10,"key":"Tiny Chest"},{"floor":13,"key":"infinitespire:Lychee Nut"}],"event_choices":[{"damage_healed":0,"gold_gain":0,"player_choice":"Relic ","damage_taken":3,"max_hp_gain":0,"max_hp_loss":0,"event_name":"betterThird:BetterScrap","floor":3,"gold_loss":0,"cards_obtained":["Dual Wield"]},{"damage_healed":0,"gold_gain":0,"player_choice":"Take Damage","damage_taken":17,"relics_obtained":["Golden Idol"],"max_hp_gain":0,"max_hp_loss":0,"event_name":"Golden Idol","floor":5,"gold_loss":0},{"damage_healed":0,"gold_gain":0,"player_choice":"Got Potions","damage_taken":0,"max_hp_gain":0,"max_hp_loss":0,"event_name":"Lab","floor":19,"gold_loss":0}],"is_beta":false,"boss_relics":[{"not_picked":["SlaversCollar","Calling Bell"],"picked":"Black Star"}],"items_purged_floors":[],"is_endless":false,"potions_floor_spawned":[4,10,12,13,14,16],"killed_by":"Centurion and Healer","ascension_level":2}}