{"host":"rs1c3lkx7vj3kohb","time":1611403078,"event":{"mods":["Act Like it!","BaseMod","BetterRewards","Chen","Colored Map","Colored Powertips","Downfall","Friendly Minions","Gensokyo","Gremlin Mod","Hermit","Hero for Fun","KinomotoSakuraMod(木之本樱)","Koishi","KomeijiMod","LagranYue(拉格朗・月)","Luminous","Marisa（F雨　魔理沙）","Minty Spire (QoL Compilation)","Onozuka Komachi Mod","Prisma Mod","Quick Restart","Reimu（博丽灵梦）","Remilia（蕾米莉亚）","SOS（斯巴达之子）","Shop Mod","StSLib","The Administrix","The Alterego","The Cursed","The Senshi","The Servant 0.9.4","Waifu the Spire","WarShipGirlsR/战舰少女R mod","Yakumo Yukari mod","Yohane!","Youmu（魂魄妖梦）","Yuri Mod","Yuyuko"],"gold_per_floor":[55,155,155,155,198,223,223],"floor_reached":6,"language":"ZHS","playtime":676,"items_purged":[],"score":33,"play_id":"d726866a-bd04-4b4f-a36c-5dac49c2ab98","local_time":"20210123195758","is_ascension_mode":false,"campfire_choices":[],"circlet_count":0,"master_deck":["PrismaMod:MiyuCommonDefend","PrismaMod:MiyuCommonDefend","PrismaMod:MiyuCommonDefend","PrismaMod:MiyuCommonDefend","PrismaMod:MiyuCommonAttack","PrismaMod:MiyuCommonAttack","PrismaMod:MiyuCommonAttack","PrismaMod:MiyuCommonAttack","PrismaMod:MiyuCommonAttack","PrismaMod:MiyuCheapChannelAttack","PrismaMod:MiyuCheapChannelDefend","PrismaMod:MiyuUncommonDexBuff","PrismaMod:MiyuEvokeCheapAttack","PrismaMod:MiyuEvokeBuffStr","PrismaMod:MiyuDefenseExplosion","PrismaMod:MiyuCheapChannelVul","PrismaMod:MiyuUberAOEAttack","CurseOfTheBell","CurseOfTheBell","Parasite","PrismaMod:MiyuDefendChannelDefend","Decay","PrismaMod:MiyuMaid"],"relics":["PrismaMod:PrismaSapphire","LagranYue:RandomDrawCardRelic","NitorisBag","Girya","Pantograph","downfall:ExtraCursedBell","Vajra","theSenshi:FeatherClipsRelic","TungstenRod","Spirit Poop"],"acts_visited":["Exordium"],"potions_floor_usage":[6],"damage_taken":[{"damage":3.0,"enemies":"Jaw Worm","floor":1.0,"turns":5.0},{"damage":0,"enemies":"Small Slimes","floor":5,"turns":5},{"damage":50,"enemies":"Lagavulin","floor":6,"turns":6}],"seed_played":"-3124428986289085211","potions_obtained":[{"floor":5,"key":"Weak Potion"}],"is_trial":false,"path_per_floor":["M","?","?","?","M","E"],"character_chosen":"MIYU","items_purchased":["NitorisBag","PrismaMod:MiyuUncommonDexBuff","PrismaMod:MiyuEvokeCheapAttack","Pantograph","PrismaMod:MiyuCheapChannelVul"],"campfire_rested":0,"item_purchase_floors":[0,0,0,0,0],"current_hp_per_floor":[37,42,42,42,48,0,0],"gold":223,"neow_bonus":"","is_daily":false,"chose_seed":false,"campfire_upgraded":0,"win_rate":0.0,"timestamp":1611403078,"path_taken":["M","?","?","?","M","E"],"items_purchased_type":["Relic","Card","Card","Relic","Card"],"build_version":"2020-12-22","purchased_purges":0,"victory":false,"max_hp_per_floor":[75,80,80,80,80,80,80],"card_choices":[{"not_picked":["PrismaMod:MiyuCheapEvoke","PrismaMod:MiyuAttackChannelAttack"],"picked":"PrismaMod:MiyuUberAOEAttack","floor":1.0},{"not_picked":["PrismaMod:MiyuAttackChannelAttack","PrismaMod:MiyuCheapDefend1"],"picked":"PrismaMod:MiyuMaid","floor":5}],"player_experience":385557,"relics_obtained":[{"floor":2,"key":"Vajra"},{"floor":2,"key":"theSenshi:FeatherClipsRelic"},{"floor":2,"key":"TungstenRod"}],"event_choices":[{"damage_healed":0,"gold_gain":0,"player_choice":"Ignored","damage_taken":0,"max_hp_gain":0,"max_hp_loss":0,"event_name":"Liars Game","floor":3,"gold_loss":0},{"cards_removed":["downfall:Haunted"],"damage_healed":0,"gold_gain":0,"player_choice":"Offered Curse","damage_taken":0,"relics_obtained":["Spirit Poop"],"max_hp_gain":0,"max_hp_loss":0,"event_name":"Bonfire Elementals","floor":4,"gold_loss":0}],"is_beta":false,"boss_relics":[],"items_purged_floors":[],"is_endless":false,"potions_floor_spawned":[5],"killed_by":"Lagavulin","ascension_level":0}}