{"host":"j2hc7f20mihqnih6","time":1611427438,"event":{"mods":["AchievementEnabler","BaseMod","Lobotomy","LobotomyExtend","Marisa£®ÏF”Í°°ƒß¿Ì…≥£©","Minty Spire (QoL Compilation)","Quick Restart","Shop Mod","StSLib","The Jungle","The Servant 0.9.4"],"gold_per_floor":[115,135,135,154,329,329,339,339,339,351,426,453,453,453,453,556,556,566,576,595,21,34,34,59,101,101,207,507,573,598,688,688,860,885,977,1022,1038,1088,1100,1154,590,615,690,715,715,725,725,26,26,26],"floor_reached":51,"language":"ZHS","playtime":5053,"items_purged":["InformationCode","ExtractionCode","Dazed"],"score":1014,"play_id":"a1de8f2c-3764-4418-bc28-d6c9dcfea30e","local_time":"20210124024358","is_ascension_mode":false,"campfire_choices":[{"floor":45,"key":"RECALL"}],"circlet_count":0,"master_deck":["ApocalypseBird","PunishingBird","LongBird","BigBird","BodiesMountain","CENSORED","BlueStar","SpecialBullet","SpecialBullet","SpecialBullet","SpecialBullet","SpecialBullet","SpecialBullet","SpecialBullet","SpecialBullet","SecurityCode","Bandage Up+1","Twilight","FourthMatchFlame","GreenStem","Noise+1","DaCapo+1","InTheNameOfLoveAndHate+1","FourthMatchFlame+1","LifeForTheDareDevil+1","Diffraction+1","FourthMatchFlame+1","Master of Strategy+1","Reverberation+1","DisciplinaryCode","BigBadWolf","RecordCode","TheSmile+1","Regret_ego+1","WelfareCode","ParadiseLost+1","DaCapo+1","Horn+1","FieryBird","SolemnVow+1","Enlightenment+1","Impatience+1","DaCapo+1","Violence+1","Mimicry+1","CherryBlossom+1","Thinking Ahead+1","Good Instincts+1","Twilight+1","Diffraction+1","Spore+1","Diffraction+1","SomewhereSpear+1","The Bomb+1","Dark Shackles+1","Dramatic Entrance+1","Good Instincts+1","Panacea+1","Dark Shackles+1","Secret Weapon+1","Blind+1","Purity+1"],"relics":["CogitoBucket","LetterFromLob","MagicBullet_r","Ginger","Smiling Mask","Gaze_r","LaetitiaHeart","Busted Crown","SkinProphecy","Mummified Hand","Pen Nib","BackwardClock","Eternal Feather","SoundOfStar_r","Bag of Marbles","Ornamental Fan","CENSORED_r","Calling Bell","War Paint","The Courier","Mango","Justitia_r","TheSmile_r","AspirationHeart","AtMidnight","Pantograph","Strange Spoon","Gremlin Horn","Twilight"],"acts_visited":["Exordium","Exordium","TheBeyond"],"potions_floor_usage":[16,16,25,33,51,51,51],"damage_taken":[{"damage":11,"enemies":"Jaw Worm","floor":1,"turns":2},{"damage":6,"enemies":"2 Louse","floor":2,"turns":2},{"damage":48,"enemies":"Small Slimes","floor":4,"turns":14},{"damage":15,"enemies":"3 Louse","floor":7,"turns":3},{"damage":0,"enemies":"2 Fungi Beasts","floor":10,"turns":2},{"damage":20,"enemies":"3 Sentries","floor":12,"turns":6},{"damage":23,"enemies":"Lagavulin","floor":14,"turns":4},{"damage":43,"enemies":"Hexaghost","floor":16,"turns":9},{"damage":22,"enemies":"theJungle:MUSHROOMGANG","floor":18,"turns":4},{"damage":39,"enemies":"theJungle:5_Spyders","floor":19,"turns":15},{"damage":62,"enemies":"theJungle:SlimyTreeVines","floor":20,"turns":14},{"damage":11,"enemies":"theJungle:2_Flameangoes","floor":22,"turns":4},{"damage":0,"enemies":"theJungle:Cassacara","floor":23,"turns":3},{"damage":49,"enemies":"theJungle:JungleHuntersEncounter","floor":25,"turns":5},{"damage":104,"enemies":"theJungle:2_Phrogs","floor":27,"turns":15},{"damage":0,"enemies":"theJungle:SlimyTreeVines","floor":29,"turns":2},{"damage":0,"enemies":"theJungle:Cassacara","floor":30,"turns":2},{"damage":1,"enemies":"theJungle:Snecko_Cultist_And_Trap","floor":31,"turns":5},{"damage":341,"enemies":"theJungle:TotemBoss","floor":33,"turns":8},{"damage":47,"enemies":"3 Darklings","floor":35,"turns":15},{"damage":6,"enemies":"3 Shapes","floor":36,"turns":1},{"damage":29,"enemies":"3 Darklings","floor":37,"turns":6},{"damage":8,"enemies":"Jaw Worm Horde","floor":39,"turns":1},{"damage":0,"enemies":"Nemesis","floor":40,"turns":1},{"damage":95,"enemies":"Reptomancer","floor":44,"turns":4},{"damage":0,"enemies":"Sphere and 2 Shapes","floor":46,"turns":2},{"damage":12,"enemies":"Time Eater","floor":50,"turns":4},{"damage":84,"enemies":"Malkuth","floor":51,"turns":2},{"damage":44,"enemies":"Hod","floor":51,"turns":3},{"damage":31,"enemies":"Tiphereth","floor":51,"turns":7},{"damage":175,"enemies":"Binah","floor":51,"turns":8},{"damage":406,"enemies":"Angela","floor":51,"turns":10}],"seed_played":"-7397777521218439266","potions_obtained":[{"floor":2,"key":"Dexterity Potion"},{"floor":10,"key":"ColorlessPotion"},{"floor":16,"key":"Explosive Potion"},{"floor":19,"key":"GamblersBrew"},{"floor":22,"key":"DistilledChaos"},{"floor":27,"key":"Swift Potion"},{"floor":29,"key":"BlessingOfTheForge"},{"floor":33,"key":"EntropicBrew"},{"floor":40,"key":"SneckoOil"},{"floor":46,"key":"LiquidBronze"}],"is_trial":false,"path_per_floor":["M","M","?","M","?","R","M","?","T","M","?","E","R","E","R","B",null,"M","M","M","$","M","E","R","M","T","E","?","M","E","M","R","B",null,"M","M","M","?","M","E","$","?","T","E","R","M","R","$","R","B",null],"character_chosen":"Angela","items_purchased":["Mummified Hand","Diffraction+1","FourthMatchFlame+1","Master of Strategy+1","Strange Spoon","DaCapo+1","Violence+1","Mimicry+1","CherryBlossom+1","Thinking Ahead+1","Good Instincts+1","Heaven+1","Spore+1","Diffraction+1","SomewhereSpear+1","The Bomb+1","Dark Shackles+1","Dramatic Entrance+1","Good Instincts+1","Panacea+1","Dark Shackles+1","Secret Weapon+1","Blind+1","Purity+1"],"campfire_rested":0,"item_purchase_floors":[21,21,21,21,41,41,41,41,41,41,41,48,48,48,48,48,48,48,48,48,48,48,48,48],"current_hp_per_floor":[67,69,70,36,36,36,39,39,39,57,46,44,44,39,39,2,867,855,830,826,826,818,826,826,775,775,693,693,689,685,700,718,397,903,911,919,921,911,923,925,925,925,925,884,914,929,929,929,929,933],"gold":51,"neow_bonus":"RANDOM_COLORLESS","is_daily":false,"chose_seed":false,"campfire_upgraded":0,"win_rate":0.0,"timestamp":1611427438,"path_taken":["M","M","?","M","?","R","M","?","T","M","?","E","R","E","R","BOSS","M","?","M","$","M","E","R","M","T","E","?","?","E","M","R","BOSS","M","M","M","?","M","E","$","?","T","E","R","M","R","$","R","BOSS"],"items_purchased_type":["Relic","Card","Card","Card","Relic","Card","Card","Card","Card","Card","Card","Card","Card","Card","Card","Card","Card","Card","Card","Card","Card","Card","Card","Card"],"build_version":"2020-12-22","purchased_purges":3,"victory":true,"max_hp_per_floor":[70,70,70,70,70,70,70,70,70,70,70,70,70,867,867,867,867,867,869,871,871,873,875,875,879,879,881,881,883,885,887,887,889,903,917,919,921,921,923,925,925,925,925,927,927,929,929,929,929,933],"card_choices":[{"not_picked":["Forethought","Discovery"],"picked":"Bandage Up","floor":0},{"not_picked":["FairyFestival","RedShoes"],"picked":"CherryBlossoms","floor":1},{"not_picked":["RedEyes"],"picked":"Soda","floor":1},{"not_picked":["Loneliness","CUTE"],"picked":"SKIP","floor":2},{"not_picked":["Horn"],"picked":"Twilight","floor":4},{"not_picked":["TodaysExpression","Lantern"],"picked":"SKIP","floor":4},{"not_picked":["Wingbeat"],"picked":"FourthMatchFlame","floor":7},{"not_picked":["Soda","Loneliness"],"picked":"SKIP","floor":7},{"not_picked":["Amita"],"picked":"GreenStem","floor":10},{"not_picked":["Reverberation"],"picked":"Noise","floor":12},{"not_picked":["Galaxy","Pinks"],"picked":"SKIP","floor":12},{"not_picked":["Freischutz","RedShoes","FairyFestival"],"picked":"Singing Bowl","floor":16},{"not_picked":["TheSmile","SoundOfStar"],"picked":"DaCapo","floor":16},{"not_picked":[],"picked":"InTheNameOfLoveAndHate+1","floor":18},{"not_picked":["FairyFestival","VoidDream"],"picked":"Mercenary","floor":18},{"not_picked":["Noise"],"picked":"SKIP","floor":18},{"not_picked":["VoidDream","SnowQueen"],"picked":"PunishingBird","floor":19},{"not_picked":["Lamp"],"picked":"SKIP","floor":19},{"not_picked":["WristCuter"],"picked":"SKIP","floor":19},{"not_picked":[],"picked":"FourthMatchFlame+1","floor":20},{"not_picked":["Wellcheers","VoidDream"],"picked":"CENSORED","floor":20},{"not_picked":[],"picked":"LifeForTheDareDevil+1","floor":20},{"not_picked":["Loneliness+1"],"picked":"SKIP","floor":20},{"not_picked":["RedShoes","OldLady","CrumblingArmor"],"picked":"Singing Bowl","floor":22},{"not_picked":["VoidDream","Wellcheers"],"picked":"BlueStar","floor":22},{"not_picked":[],"picked":"Reverberation+1","floor":22},{"not_picked":["VoidDream","UniverseFragment","WallGazer"],"picked":"Singing Bowl","floor":23},{"not_picked":["LifeForTheDareDevil+1"],"picked":"SKIP","floor":23},{"not_picked":["SpiderBud","OldLady","Bloodbath"],"picked":"Singing Bowl","floor":25},{"not_picked":["LaLuna","RedShoes"],"picked":"BigBadWolf","floor":25},{"not_picked":["Noise+1"],"picked":"SKIP","floor":25},{"not_picked":["Funeral","Yin","ShyLook"],"picked":"Singing Bowl","floor":27},{"not_picked":["UniverseFragment","HappyTeddy"],"picked":"QueenOfHatred","floor":27},{"not_picked":[],"picked":"TheSmile+1","floor":27},{"not_picked":["Wellcheers","SpiderBud","Laetitia"],"picked":"Singing Bowl","floor":29},{"not_picked":["Woodsman","RedShoes"],"picked":"LongBird","floor":29},{"not_picked":[],"picked":"Regret_ego+1","floor":29},{"not_picked":["Variant","SpiderBud","FairyFestival"],"picked":"Singing Bowl","floor":30},{"not_picked":["ShedSkin+1"],"picked":"SKIP","floor":30},{"not_picked":["Rudolta","CherryBlossoms","BeautyBeast"],"picked":"Singing Bowl","floor":31},{"not_picked":["OSAHOGD","SingingMachine"],"picked":"CENSORED","floor":31},{"not_picked":["FourthMatchFlame+1"],"picked":"SKIP","floor":31},{"not_picked":["Tough+1"],"picked":"SKIP","floor":31},{"not_picked":[],"picked":"ParadiseLost+1","floor":33},{"not_picked":["QueenBee","Funeral"],"picked":"BodiesMountain","floor":33},{"not_picked":[],"picked":"DaCapo+1","floor":33},{"not_picked":[],"picked":"Horn+1","floor":35},{"not_picked":["MeatLantern","MHz","Bloodbath"],"picked":"Singing Bowl","floor":35},{"not_picked":["CrumblingArmor","DreamingCurrent"],"picked":"FieryBird","floor":35},{"not_picked":["Lantern+1"],"picked":"SKIP","floor":35},{"not_picked":["Freischutz","MHz","BeautyBeast"],"picked":"Singing Bowl","floor":36},{"not_picked":[],"picked":"SolemnVow+1","floor":36},{"not_picked":["WallGazer","HappyTeddy","Funeral"],"picked":"Singing Bowl","floor":37},{"not_picked":["Tough+1"],"picked":"SKIP","floor":37},{"not_picked":["Tough+1"],"picked":"SKIP","floor":37},{"not_picked":[],"picked":"Enlightenment+1","floor":38},{"not_picked":[],"picked":"Impatience+1","floor":38},{"not_picked":["QueenBee","QueenOfHatred","Laetitia"],"picked":"Singing Bowl","floor":39},{"not_picked":["Horn+1"],"picked":"SKIP","floor":39},{"not_picked":["RedEyes+1"],"picked":"SKIP","floor":39},{"not_picked":["Funeral","Laetitia","LittleHelper"],"picked":"Singing Bowl","floor":40},{"not_picked":["DespairKnight","Laetitia"],"picked":"BigBird","floor":40},{"not_picked":["Christmas+1"],"picked":"SKIP","floor":40},{"not_picked":["Lantern+1"],"picked":"SKIP","floor":40},{"not_picked":["Variant","GreedKing","HeroicMonk"],"picked":"Singing Bowl","floor":44},{"not_picked":[],"picked":"Diffraction+1","floor":44},{"not_picked":["Porccubus","Scarecrow","Variant"],"picked":"Singing Bowl","floor":46},{"not_picked":["CUTE+1"],"picked":"SKIP","floor":46}],"player_experience":158899,"relics_obtained":[{"floor":1,"key":"LetterFromLob"},{"floor":12,"key":"Smiling Mask"},{"floor":23,"key":"Pen Nib"},{"floor":26,"key":"Eternal Feather"},{"floor":27,"key":"Bag of Marbles"},{"floor":30,"key":"Ornamental Fan"},{"floor":34,"key":"War Paint"},{"floor":34,"key":"The Courier"},{"floor":34,"key":"Mango"},{"floor":35,"key":"AtMidnight"},{"floor":40,"key":"Pantograph"},{"floor":43,"key":"Gremlin Horn"},{"floor":44,"key":"Twilight"}],"event_choices":[{"damage_healed":0,"gold_gain":175,"player_choice":"AGREE","damage_taken":0,"max_hp_gain":0,"max_hp_loss":0,"event_name":"Liars Game","floor":5,"gold_loss":0,"cards_obtained":["Doubt"]},{"damage_healed":0,"gold_gain":0,"player_choice":"Searched \u00271\u0027 times","damage_taken":0,"relics_obtained":["Ginger"],"max_hp_gain":0,"max_hp_loss":0,"event_name":"Dead Adventurer","floor":8,"gold_loss":0},{"damage_healed":0,"gold_gain":75,"player_choice":"Gather Gold","damage_taken":11,"max_hp_gain":0,"max_hp_loss":0,"event_name":"World of Goop","floor":11,"gold_loss":0},{"damage_healed":0,"gold_gain":275,"player_choice":"Desecrate","damage_taken":0,"max_hp_gain":0,"max_hp_loss":0,"event_name":"Golden Shrine","floor":28,"gold_loss":0,"cards_obtained":["Regret"]},{"damage_healed":0,"gold_gain":0,"player_choice":"Memory 3","damage_taken":10,"max_hp_gain":0,"max_hp_loss":0,"event_name":"SensoryStone","floor":38,"gold_loss":0},{"damage_healed":0,"gold_gain":0,"player_choice":"Copied","damage_taken":0,"max_hp_gain":0,"max_hp_loss":0,"event_name":"Duplicator","floor":42,"gold_loss":0,"cards_obtained":["Twilight"]}],"is_beta":false,"boss_relics":[{"not_picked":["Runic Pyramid","Ectoplasm"],"picked":"Busted Crown"},{"not_picked":["Runic Dome","Fusion Hammer"],"picked":"Calling Bell"}],"items_purged_floors":[21,41,48],"is_endless":false,"potions_floor_spawned":[2,10,16,19,22,27,29,33,40,46],"ascension_level":0}}