{"host":"dt8l0my8qdt1qx2n","time":1611411698,"event":{"mods":["BaseMod","Marisa£®ÏF”Í°°ƒß¿Ì…≥£©","Minty Spire (QoL Compilation)","Reimu£®≤©¿ˆ¡È√Œ£©","Remilia£®¿Ÿ√◊¿Ú—«£©","StSLib","The Servant 0.9.4","Yuyuko","°æ“≈ŒÔø®≈∆°øREMEMod"],"gold_per_floor":[112,130,144,163,238,238,264,264,264,41,41,54,54,85,85,189,189,202,217,230,250,323,323,323],"floor_reached":23,"language":"ZHS","playtime":1067,"items_purged":["Defend_Lin:ReiMu"],"score":280,"play_id":"204fa638-8495-4a85-bee4-6c3c05017baf","local_time":"20210123222138","is_ascension_mode":false,"campfire_choices":[{"data":"Crusade:ReiMu","floor":6,"key":"SMITH"},{"data":"SpreadBorder2:ReiMu","floor":11,"key":"SMITH"},{"data":"PrepareRite:ReiMu","floor":13,"key":"SMITH"},{"data":"Revelation:ReiMu","floor":15,"key":"SMITH"}],"circlet_count":0,"master_deck":["Strike_Lin:ReiMu","Strike_Lin:ReiMu","Strike_Lin:ReiMu","Strike_Lin:ReiMu+1","Defend_Lin:ReiMu","Defend_Lin:ReiMu+1","Defend_Lin:ReiMu","NB:ReiMu","Stagnation:ReiMu","Crusade:ReiMu+1","SpreadBorder2:ReiMu","RainPray2:ReiMu","Revelation:ReiMu+1","SpreadBorder2:ReiMu+1","PrepareRite:ReiMu+1","CleanRite:ReiMu","PrepareRite:ReiMu","ShadowOfCrow2:ReiMu+1","SubcavityInstant:ReiMu+1","RainPray2:ReiMu"],"relics":["FlyPower:ReiMu","REME_ComplimentaryCards","NeowsBlessing","REME_HourglassOfDeath","Bottled Flame","Vajra","Boot","Coffee Dripper"],"acts_visited":["Exordium","TheCity"],"potions_floor_usage":[7,16,21,22,22,23],"damage_taken":[{"damage":0,"enemies":"Jaw Worm","floor":1,"turns":1},{"damage":0,"enemies":"2 Louse","floor":2,"turns":2},{"damage":0,"enemies":"Cultist","floor":3,"turns":1},{"damage":3,"enemies":"2 Fungi Beasts","floor":4,"turns":4},{"damage":0,"enemies":"Gremlin Nob","floor":7,"turns":2},{"damage":1,"enemies":"Blue Slaver","floor":12,"turns":2},{"damage":5,"enemies":"3 Sentries","floor":14,"turns":6},{"damage":3,"enemies":"The Guardian","floor":16,"turns":14},{"damage":0,"enemies":"Shell Parasite","floor":18,"turns":4},{"damage":0,"enemies":"Chosen","floor":19,"turns":4},{"damage":8,"enemies":"Centurion and Healer","floor":20,"turns":7},{"damage":11,"enemies":"Snake Plant","floor":21,"turns":4},{"damage":20,"enemies":"Sentry and Sphere","floor":22,"turns":6},{"damage":27,"enemies":"REME_1_Revenger","floor":23,"turns":4}],"seed_played":"4590516146070862227","potions_obtained":[{"floor":1,"key":"SneckoOil"},{"floor":3,"key":"DuplicationPotion"},{"floor":7,"key":"SteroidPotion"},{"floor":16,"key":"REME_GoldPotion"},{"floor":21,"key":"REME_GoldPotion"},{"floor":22,"key":"PowerPotion"}],"is_trial":false,"path_per_floor":["M","M","M","M","?","R","E","?","T","$","R","M","R","E","R","B",null,"M","M","M","M","M","E"],"character_chosen":"REIMU","items_purchased":["Vajra"],"campfire_rested":0,"item_purchase_floors":[10],"current_hp_per_floor":[65,65,65,62,51,51,51,38,38,38,38,37,37,32,32,29,65,65,65,57,46,26,0,0],"gold":323,"neow_bonus":"THREE_ENEMY_KILL","is_daily":false,"chose_seed":false,"campfire_upgraded":4,"win_rate":0.0,"timestamp":1611411698,"path_taken":["M","M","M","M","?","R","E","?","T","$","R","M","R","E","R","BOSS","M","M","M","M","M","E"],"items_purchased_type":["Relic"],"build_version":"2020-12-22","purchased_purges":1,"victory":false,"max_hp_per_floor":[65,65,65,65,65,65,65,65,65,65,65,65,65,65,65,65,65,65,65,65,65,65,65,65],"card_choices":[{"not_picked":["AlertArray:ReiMu","SubAcupoint:ReiMu"],"picked":"SpreadBorder2:ReiMu","floor":1},{"not_picked":["AlertArray:ReiMu","DoubleButterfly:ReiMu"],"picked":"RainPray2:ReiMu","floor":2},{"not_picked":["MountainWay:ReiMu","WonderfulDomain:ReiMu"],"picked":"Revelation:ReiMu","floor":3},{"not_picked":["Gathering:ReiMu","AirStrike:ReiMu"],"picked":"SpreadBorder2:ReiMu","floor":4},{"not_picked":["AirStrike:ReiMu","TightArray:ReiMu","ForcedLanding:ReiMu"],"picked":"SKIP","floor":7},{"not_picked":["LearningPray:ReiMu","Gathering:ReiMu"],"picked":"PrepareRite:ReiMu","floor":12},{"not_picked":["AirStrike:ReiMu","Intuition:ReiMu","SpringWay:ReiMu"],"picked":"SKIP","floor":14},{"not_picked":["YinYang:ReiMu","PrayRite:ReiMu"],"picked":"CleanRite:ReiMu","floor":16},{"not_picked":["AirStrike:ReiMu","EmergencyTakeOff:ReiMu"],"picked":"PrepareRite:ReiMu","floor":18},{"not_picked":["CareerPray:ReiMu","AlertArray:ReiMu"],"picked":"ShadowOfCrow2:ReiMu+1","floor":19},{"not_picked":["Meditation:ReiMu","LearningPray:ReiMu","KyokaiOfKami:ReiMu"],"picked":"SKIP","floor":20},{"not_picked":["Conquer:ReiMu","Meditation:ReiMu"],"picked":"SubcavityInstant:ReiMu+1","floor":21},{"not_picked":["Meditation:ReiMu+1","Conquer:ReiMu"],"picked":"RainPray2:ReiMu","floor":22}],"player_experience":155208,"relics_obtained":[{"floor":7,"key":"REME_HourglassOfDeath"},{"floor":9,"key":"Bottled Flame"},{"floor":14,"key":"Boot"}],"event_choices":[{"damage_healed":0,"gold_gain":75,"player_choice":"Gather Gold","damage_taken":11,"max_hp_gain":0,"max_hp_loss":0,"event_name":"World of Goop","floor":5,"gold_loss":0},{"damage_healed":0,"gold_gain":0,"player_choice":"Entered Light","damage_taken":13,"max_hp_gain":0,"max_hp_loss":0,"event_name":"Shining Light","floor":8,"gold_loss":0,"cards_upgraded":["Strike_Lin:ReiMu","Defend_Lin:ReiMu"]}],"is_beta":false,"boss_relics":[{"not_picked":["Tiny House","Calling Bell"],"picked":"Coffee Dripper"}],"items_purged_floors":[10],"is_endless":false,"potions_floor_spawned":[1,3,7,16,21,22],"killed_by":"REME_1_Revenger","ascension_level":0}}