{"host":"2hlhnd4tei6r1t0s","time":1611401626,"event":{"mods":["100% Spire Juice","ATMod(阿瑾Mod)","Act Like it!","Arknights The Spire","Aspiration","Astrologer","Bard","BaseMod","Conspire","Dota2Spire","Downfall","Energized Spire","Evolution","Gensokyo","Gremlin Mod","Hallownest","HololiveMod","HumanHunterMod(怪物杀人mod)","Jedi Mod","Jorbs\u0027s Wanderer Trilogy","KinomotoSakuraMod(木之本樱)","Koishi","Lobotomy","LobotomyExtend","Luminous","Mari Mod (Legacy)","Mari\u0027s V1 Patch","Minty Spire (QoL Compilation)","MostiFishMod","Pale of the Ancients","Potionbrewer","Prisma Mod","Quick Restart","Reimu（博丽灵梦）","Replay The Spire","Robot Space Explorer","RumiaBox-露米娅的神秘盒子","Spicy Shops","StSLib","TestMod","The Administrix","The Alterego","The Animator","The Blackbeard","The Construct","The Cursed","The Forsaken","The Gatherer","The Hayseed","The Marked","The Mystic","The Runesmith","The Saiyan","The Senshi","The Showman","TheHeartMod","TheWitcher","Uncapped","WarShipGirlsR/战舰少女R mod","Yakumo Yukari mod","Yuyuko","[GremlinLeader]The Maniac","[IsaacMod]以撒尖塔","noobMod","vexMod","【功能Mod】混沌之环修复补丁","【功能Mod】聪明的最终Boss","【遗物卡牌】REMEMod","残留之物"],"gold_per_floor":[10000000,10000016,9999566,9999566,9999581,9999609,9999659,9999659,9999706,9999706,9999706,9999706,9999851,9999851,9999851,10000416,10000416,10000791,10000842,10000937,10000937,10000937,10000977,10001032,10001032,10001032,10001091,10001091,10001156,10001156,10000931,10000931,10000991,10000991,10001461,10001461,10001886,10002270,10002270,10002270,10002270,10002738,10002738,10002738,10002767,10002776,10003585,10003805,10003805],"floor_reached":48,"language":"ZHS","playtime":6790,"items_purged":["Normality","Sickly","Writhe","ReplayTheSpireMod:Doomed","stsjorbsmod:Amnesia","Writhe","SnafuTest:CurseRandom","Hallownest:curseDreamersLament","Injury","vexMod:UltimateCard"],"score":950,"play_id":"d34cc9e2-027d-4665-9139-dfac5e524f64","local_time":"20210123193346","is_ascension_mode":true,"campfire_choices":[{"data":"AT_EssenceShift","floor":8,"key":"SMITH"},{"data":"PlaceholderMod:SpinBlade","floor":11,"key":"SMITH"},{"floor":15,"key":"DIG"},{"data":"Madness","floor":32,"key":"SMITH"},{"data":"PlaceholderMod:EvolutionSpray","floor":41,"key":"SMITH"},{"data":"testmod-PowerStrike","floor":44,"key":"SMITH"}],"circlet_count":0,"master_deck":["PlaceholderMod:PoisonWhip","AT_EssenceShift+1","testmod-Recap+1","PlaceholderMod:StressReaction","PlaceholderMod:RadicalHit+1","testmod-Automaton","PlaceholderMod:DirectingGroup","PlaceholderMod:EvolutionSpray+1","PlaceholderMod:SpinBlade+1","PlaceholderMod:SprayAttack","PlaceholderMod:StrongAcid+1","PlaceholderMod:SelfCoupling+1","PlaceholderMod:ContinueSpray+1","PlaceholderMod:SeverePoisonStrike+1","PlaceholderMod:MultiReaction+1","PlaceholderMod:OHStrongAttack","PlaceholderMod:HealingAttack","PlaceholderMod:TriggerStrike","PlaceholderMod:RadicalHit+1","PlaceholderMod:PoisonBlast+1","PlaceholderMod:HardStrike","PlaceholderMod:SeverePoisonStrike+1","testmod-PowerStrike+1","PlaceholderMod:Colorful+1","PlaceholderMod:ComplexForm+1","PlaceholderMod:AngryAttack+1","PlaceholderMod:EvolutionSpray+1","PlaceholderMod:Eat","PlaceholderMod:DiffusionPoison+1","PlaceholderMod:FinalSpray+1","testmod-FightingIntention+1","PlaceholderMod:ContinueSpray","PlaceholderMod:ContinueSpray","PlaceholderMod:RadicalHit","PlaceholderMod:DiffusionPoison+1","PlaceholderMod:SpinBlade+1","PlaceholderMod:GrowthForm+1","PlaceholderMod:SpinBlade"],"relics":["PlaceholderMod:Tancle","EVO:Axolotl","ice","testmod-TestBox","DaveBox","REME_ComplimentaryCards","HushsDoor","AT_ATBox","HowToJump","ShadowXiaoBlade","testmod-TimeTraveler","construct:ClawGrip","ExusiaiGun","SynthV:TestCard","LetterFromLob","Dota2Spire:UrnOfShadows","Pet Ghost","DiscerningMonocle","Frozen Egg 2","vexMod:BarristanHead","Toolbox","DeathBook","Ring of Fury","Ring of Greed","Replay:Bandana","Blue Doll","Bag of Preparation","Lantern","aspiration:Lifesprig","Dota2Spire:Satanic","BargainBundle","vexMod:TimeEaterHat","Strange Spoon","Nunchaku","aspiration:FrozenJewel","MagicDraw4","vexMod:Spyglass","testmod-IndustrialRevolution","aspiration:RandomNobGenerator","AT_SunfireAegis","Anchor","Ornamental Fan","potionbrewer:WarMedal","Sling","MagicDraw3","vexMod:PaidLearning","Hallownest:WatcherSealRelic","Toy Ornithopter","NineVolt","testmod-Antiphasic","Gremlin Food","ReplayTheSpireMod:Lightbulb","Technique","Quantum Egg","SentryEyes","Hallownest:NailmastersGloryRelic","ReplayFunnel","HandDrill","jedi:heavyjacket","Regal Pillow","jedi:Pinwheel","testmod-Alchemist","Dodecahedron","testmod-KeyOfTheVoid","GuppysPaw","conspire:DecoderRing","testmod-Brilliant","Happy Flower","potionbrewer:SlideRule","SynthV","Guide Book","vexMod:GhostlyGear","PlaceholderMod:SoulofChaos","Pear","potionbrewer:RamsHorn","jedi:ominousloannote","Replay:Bottled Steam","AT_Manta","CeramicFish","BookOfRevelations","testmod-ObsoleteBoomerang","theForsaken:PlagueMask"],"acts_visited":["Exordium","Hallownest:CityofTears","TheBeyond"],"potions_floor_usage":[18],"damage_taken":[{"damage":0,"enemies":"Cultist","floor":1,"turns":2},{"damage":3,"enemies":"Small Slimes","floor":2,"turns":4},{"damage":28,"enemies":"2 Louse","floor":5,"turns":4},{"damage":104,"enemies":"Gremlin Nob","floor":6,"turns":9},{"damage":7,"enemies":"Looter","floor":13,"turns":3},{"damage":29,"enemies":"Slime Boss","floor":16,"turns":14},{"damage":6,"enemies":"Hallownest:Guard_and_Sentry","floor":18,"turns":7},{"damage":0,"enemies":"Hallownest:3_Youths","floor":20,"turns":1},{"damage":21,"enemies":"Hallownest:eliteWatcherKnight","floor":23,"turns":6},{"damage":0,"enemies":"Hallownest:2_Flukemon","floor":24,"turns":2},{"damage":0,"enemies":"Hallownest:eliteSoulWarrior","floor":27,"turns":1},{"damage":0,"enemies":"Hallownest:Nosk","floor":29,"turns":1},{"damage":0,"enemies":"Hallownest:BossSoulMaster","floor":33,"turns":1},{"damage":65,"enemies":"3 Shapes","floor":35,"turns":4},{"damage":0,"enemies":"Orb Walker","floor":37,"turns":3},{"damage":0,"enemies":"Mind Bloom Boss Battle","floor":39,"turns":5},{"damage":0,"enemies":"R_Hoarder","floor":40,"turns":1},{"damage":0,"enemies":"Jaw Worm Horde","floor":42,"turns":6},{"damage":0,"enemies":"Reptomancer","floor":45,"turns":1},{"damage":0,"enemies":"Writhing Mass","floor":47,"turns":3},{"damage":0,"enemies":"Maw","floor":48,"turns":1}],"seed_played":"6292959915220420813","potions_obtained":[{"floor":13,"key":"DistilledChaos"},{"floor":16,"key":"Energy Potion"},{"floor":23,"key":"FearPotion"},{"floor":29,"key":"SkillPotion"},{"floor":35,"key":"BlessingOfTheForge"}],"is_trial":false,"path_per_floor":["M","M","$","?","M","E","?","R","T","$","R","M","M","$","R","B",null,"M","T","M","$","?","E","M","$","T","E","?","E","?","$","R","B",null,"M","$","M","$","?","E","R","M","T","R","E","?","M","M"],"character_chosen":"THE_PLACEHOLDER","items_purchased":["Dota2Spire:UrnOfShadows","Pet Ghost","DiscerningMonocle","Frozen Egg 2","testmod-Recap+1","vexMod:BarristanHead","Toolbox","PlaceholderMod:StressReaction","PlaceholderMod:RadicalHit","testmod-Automaton","PlaceholderMod:DirectingGroup","Bag of Preparation","Lantern","aspiration:Lifesprig","Dota2Spire:Satanic","BargainBundle","vexMod:TimeEaterHat","PlaceholderMod:SprayAttack","PlaceholderMod:StrongAcid+1","PlaceholderMod:SelfCoupling+1","Strange Spoon","Nunchaku","aspiration:FrozenJewel","MagicDraw4","vexMod:Spyglass","PlaceholderMod:SeverePoisonStrike+1","PlaceholderMod:CycleAttack","Anchor","Ornamental Fan","potionbrewer:WarMedal","Sling","MagicDraw3","PlaceholderMod:TriggerStrike","PlaceholderMod:RadicalHit+1","PlaceholderMod:PoisonBlast+1","vexMod:PaidLearning","NineVolt","testmod-Antiphasic","Gremlin Food","ReplayTheSpireMod:Lightbulb","testmod-PowerStrike","PlaceholderMod:Colorful","PlaceholderMod:HealingAttack","PlaceholderMod:ComplexForm+1","Technique","Quantum Egg","HandDrill","jedi:heavyjacket","Regal Pillow","jedi:Pinwheel","testmod-Alchemist","Dodecahedron","PlaceholderMod:SelfCoupling+1","PlaceholderMod:EvolutionSpray+1","PlaceholderMod:Eat","PlaceholderMod:Corrosion","PlaceholderMod:EnergyAbsorb","Madness","GuppysPaw","PlaceholderMod:Break","Panacea","PlaceholderMod:Assimilation","PlaceholderMod:FinalSpray","PlaceholderMod:CorePoison","conspire:DecoderRing","testmod-Brilliant","testmod-FightingIntention+1","PlaceholderMod:Crystallization+1","PlaceholderMod:ParasiteChange+1","PlaceholderMod:PoisonAbsorb","PlaceholderMod:PoisonExcitation","PlaceholderMod:ContinueSpray","PanicButton","Happy Flower","potionbrewer:SlideRule","SynthV","Guide Book","vexMod:GhostlyGear","PlaceholderMod:SoulofChaos","Pear","potionbrewer:RamsHorn","jedi:ominousloannote","Replay:Bottled Steam","Mind Blast","Secret Technique","PlaceholderMod:HornyBlast","PlaceholderMod:SprayAttack","PlaceholderMod:FastReaction+1","PlaceholderMod:DiffusionChemical","PlaceholderMod:DiffusionPoison+1"],"campfire_rested":0,"item_purchase_floors":[3,3,3,3,3,3,3,3,3,3,3,10,10,10,10,10,10,10,10,10,14,14,14,14,14,14,14,21,21,21,21,21,21,21,21,21,25,25,25,25,25,25,25,25,25,25,31,31,31,31,31,31,31,31,31,31,31,31,34,34,34,34,34,34,36,36,36,36,36,36,36,36,36,36,36,36,36,38,38,38,38,38,38,38,38,38,38,38,38,38],"current_hp_per_floor":[78,75,75,59,31,61,61,61,61,61,61,11,94,94,94,644,644,1087,1087,1087,1087,1087,1087,1087,1087,1087,1087,1087,1087,1087,1087,1087,1087,1055,5107,5107,5267,5277,5437,5437,5437,8754,8754,8754,8758,8761,13071,13074,13074],"gold":10003805,"neow_bonus":"DOUBLE_BOSS_RELIC","is_daily":false,"chose_seed":false,"campfire_upgraded":5,"win_rate":0.0,"timestamp":1611401626,"path_taken":["M","M","$","?","M","E","?","R","T","$","R","?","M","?","R","BOSS","M","?","M","$","?","E","M","$","T","E","?","E","?","?","R","BOSS","M","$","M","$","?","E","R","M","T","R","E","?","?","?"],"items_purchased_type":["Relic","Relic","Relic","Relic","Card","Relic","Relic","Card","Card","Card","Card","Relic","Card","Relic","Relic","Relic","Relic","Card","Card","Card","Relic","Relic","Relic","Relic","Relic","Card","Card","Relic","Relic","Relic","Relic","Relic","Card","Card","Card","Relic","Relic","Relic","Relic","Relic","Card","Card","Card","Card","Relic","Relic","Relic","Relic","Relic","Relic","Relic","Relic","Card","Card","Card","Card","Card","Card","Relic","Card","Card","Card","Card","Card","Relic","Relic","Card","Card","Card","Card","Card","Card","Card","Relic","Relic","Relic","Relic","Relic","Relic","Relic","Relic","Relic","Relic","Card","Card","Card","Card","Card","Card","Card"],"build_version":"2020-12-22","purchased_purges":10,"victory":false,"max_hp_per_floor":[78,78,78,78,78,81,81,81,81,81,81,81,94,94,94,644,644,1087,1087,1087,1087,1087,1087,1087,1087,1087,1087,1087,1087,1087,1087,1087,1087,1055,5107,5107,5267,5277,5437,5437,5437,9271,9271,9271,9271,9274,13071,13074,13074],"card_choices":[{"not_picked":["PlaceholderMod:HardStrike","PlaceholderMod:OHStrongAttack"],"picked":"PlaceholderMod:ConsolidateHit","floor":1},{"not_picked":["PlaceholderMod:SprayAttack","PlaceholderMod:AngryAttack","PlaceholderMod:Hard","PlaceholderMod:DirectingGroup"],"picked":"PlaceholderMod:SevereHeat","floor":2},{"not_picked":["PlaceholderMod:UnpureUse+1","PlaceholderMod:HardStrike","PlaceholderMod:HardStinger","PlaceholderMod:DissolvingSpikes"],"picked":"PlaceholderMod:EvolutionSpray","floor":5},{"not_picked":["PlaceholderMod:ChainPoly","PlaceholderMod:TriggerStrike","PlaceholderMod:FinalSpray","PlaceholderMod:PoisonExcitation"],"picked":"PlaceholderMod:SpinBlade","floor":6},{"not_picked":["PlaceholderMod:HighConcentration+1","PlaceholderMod:FastReaction","PlaceholderMod:ProliferateStrike","PlaceholderMod:AttackAsDefend"],"picked":"PlaceholderMod:ContinueSpray","floor":13},{"not_picked":["PlaceholderMod:DoublePoint","PlaceholderMod:CorePoison","PlaceholderMod:Inner+1","PlaceholderMod:PericyclicReaction"],"picked":"PlaceholderMod:MultiReaction","floor":16},{"not_picked":["PlaceholderMod:HardStinger","PlaceholderMod:PoisonAbsorb","PlaceholderMod:Corrosion","PlaceholderMod:Internalization+1"],"picked":"PlaceholderMod:OHStrongAttack","floor":18},{"not_picked":["PlaceholderMod:InnerStable+1","PlaceholderMod:Hard","PlaceholderMod:Polyp+1","PlaceholderMod:HardStinger+1"],"picked":"PlaceholderMod:HealingAttack","floor":20},{"not_picked":["PlaceholderMod:Turn","PlaceholderMod:PoisonAbsorb","PlaceholderMod:DissolvingSpikes","PlaceholderMod:NutritionAbsorb"],"picked":"PlaceholderMod:HardStrike","floor":23},{"not_picked":["PlaceholderMod:Polyp","PlaceholderMod:Internalization","PlaceholderMod:InnerSoften","PlaceholderMod:PoisonAbsorb"],"picked":"PlaceholderMod:SeverePoisonStrike+1","floor":24},{"not_picked":["PlaceholderMod:UnpureUse+1","PlaceholderMod:SeverePoisonStrike+1","PlaceholderMod:RadicalHit","PlaceholderMod:ParasiteChange+1"],"picked":"PlaceholderMod:AngryAttack+1","floor":27},{"not_picked":["PlaceholderMod:PoisonExcitation","PlaceholderMod:ParasiteChange","PlaceholderMod:Internalization","PlaceholderMod:ProliferateStrike"],"picked":"PlaceholderMod:HardStinger+1","floor":29},{"not_picked":["PlaceholderMod:HornyCollision","PlaceholderMod:CorePoison","PlaceholderMod:PericyclicReaction","PlaceholderMod:FinalSpray"],"picked":"PlaceholderMod:DiffusionPoison+1","floor":33},{"not_picked":["PlaceholderMod:PoisonAbsorb+1","PlaceholderMod:PoisonExcitation+1","PlaceholderMod:EvolutionSpray","PlaceholderMod:HardStrike"],"picked":"PlaceholderMod:StressReaction+1","floor":35},{"not_picked":["PlaceholderMod:Corrosion","PlaceholderMod:DirectingGroup","PlaceholderMod:NearChange","PlaceholderMod:HealingAttack+1"],"picked":"PlaceholderMod:RadicalHit","floor":37},{"not_picked":["PlaceholderMod:MultipleOxi+1","PlaceholderMod:ThreeBenzyolStart+1","PlaceholderMod:PoisonAbsorb+1","PlaceholderMod:SeverePoisonStrike"],"picked":"PlaceholderMod:SpinBlade+1","floor":39},{"not_picked":["PlaceholderMod:ParasiteChange+1","PlaceholderMod:DirectingGroup+1","PlaceholderMod:FastReaction+1","PlaceholderMod:NutritionAbsorb+1"],"picked":"PlaceholderMod:Stable+1","floor":40},{"not_picked":["PlaceholderMod:DissolvingSpikes","PlaceholderMod:SeverePoisonStrike","PlaceholderMod:CrystallizationStrike","PlaceholderMod:HardStrike+1"],"picked":"PlaceholderMod:AttackAsDefend+1","floor":42},{"not_picked":["PlaceholderMod:StrongAcid","PlaceholderMod:Crystallization+1","PlaceholderMod:NearChange+1","PlaceholderMod:EvolutionSpray+1"],"picked":"PlaceholderMod:GrowthForm+1","floor":45},{"not_picked":["PlaceholderMod:Colorful+1","PlaceholderMod:StrongAcid+1","PlaceholderMod:UnpureUse+1","PlaceholderMod:MultipleOxi+1"],"picked":"PlaceholderMod:SpinBlade","floor":47}],"player_experience":137567,"relics_obtained":[{"floor":1,"key":"SynthV:TestCard"},{"floor":1,"key":"LetterFromLob"},{"floor":6,"key":"DeathBook"},{"floor":7,"key":"Ring of Fury"},{"floor":7,"key":"Ring of Greed"},{"floor":7,"key":"Replay:Bandana"},{"floor":7,"key":"Blue Doll"},{"floor":15,"key":"testmod-IndustrialRevolution"},{"floor":19,"key":"AT_SunfireAegis"},{"floor":23,"key":"Toy Ornithopter"},{"floor":26,"key":"SentryEyes"},{"floor":29,"key":"ReplayFunnel"},{"floor":39,"key":"AT_Manta"},{"floor":40,"key":"CeramicFish"},{"floor":43,"key":"BookOfRevelations"},{"floor":45,"key":"testmod-ObsoleteBoomerang"}],"event_choices":[{"damage_healed":0,"gold_gain":0,"player_choice":"Entered Light","damage_taken":16,"max_hp_gain":0,"max_hp_loss":0,"event_name":"Shining Light","floor":4,"gold_loss":0,"cards_upgraded":["PlaceholderMod:ConsolidateHit","Slimebound:OozeBath"]},{"damage_healed":0,"gold_gain":0,"player_choice":"Fight","damage_taken":0,"max_hp_gain":0,"max_hp_loss":0,"event_name":"MindBloom","floor":39,"gold_loss":0},{"damage_healed":0,"gold_gain":0,"player_choice":"Obtain Plague Curse","damage_taken":0,"max_hp_gain":0,"max_hp_loss":0,"event_name":"Plague Doctor","floor":46,"gold_loss":0,"cards_obtained":["theForsaken:PlagueCurse"]}],"is_beta":false,"boss_relics":[{"not_picked":["GreenFoldingFan","energizedSpire:SpiderWeb"],"picked":"aspiration:RandomNobGenerator"},{"not_picked":[]},{"not_picked":["Cursed Key","testmod-Recursion"],"picked":"testmod-KeyOfTheVoid"},{"not_picked":[]}],"items_purged_floors":[3,10,14,21,25,31,31,34,36,38],"is_endless":false,"potions_floor_spawned":[13,16,23,29,33,35,40,47],"killed_by":"Maw","ascension_level":1}}