{"host":"bq4pt811tk9yrmjl","time":1611407240,"event":{"mods":["AchievementEnabler","BaseMod","Colored Map","Colored Powertips","Defuse TimeMaze Blight","Hermit","Minty Spire (QoL Compilation)","StSLib","SuperFastMode"],"gold_per_floor":[112,112,287,287,57,86,86,115,167,242,242,242,255,265,265,369,369,369,369],"floor_reached":18,"language":"ENG","playtime":215,"items_purged":[],"score":227,"play_id":"4a3a3d48-6d21-4122-90b6-d130b0890676","local_time":"20210123110720","is_ascension_mode":true,"campfire_choices":[{"data":"Rampage","floor":7,"key":"SMITH"},{"data":"Bash","floor":12,"key":"SMITH"},{"data":"Shrug It Off","floor":15,"key":"SMITH"}],"circlet_count":0,"master_deck":["Strike_R","Strike_R","Strike_R","Strike_R","Strike_R","Defend_R","Defend_R","Defend_R","Defend_R","Bash+1","Rampage+1","Shrug It Off+1","Clash","CurseOfTheBell"],"relics":["Burning Blood","NeowsBlessing","Membership Card","MealTicket","Pen Nib","Vajra","Mummified Hand","Calling Bell","Ancient Tea Set","Singing Bowl","Ginger"],"acts_visited":["Exordium","TheCity"],"potions_floor_usage":[16,16],"damage_taken":[{"damage":0,"enemies":"2 Louse","floor":1,"turns":1},{"damage":0,"enemies":"Lagavulin","floor":6,"turns":1},{"damage":0,"enemies":"3 Sentries","floor":8,"turns":2},{"damage":6,"enemies":"Jaw Worm","floor":13,"turns":4},{"damage":0,"enemies":"Small Slimes","floor":14,"turns":3},{"damage":41,"enemies":"Slime Boss","floor":16,"turns":10},{"damage":0,"enemies":"3 Byrds","floor":18,"turns":1}],"seed_played":"-1365321305751084147","potions_obtained":[{"floor":8,"key":"AttackPotion"},{"floor":13,"key":"Energy Potion"}],"is_trial":false,"path_per_floor":["M","?","?","?","$","E","R","E","T","?","T","R","M","M","R","B",null,"M"],"character_chosen":"IRONCLAD","items_purchased":["Membership Card","MealTicket"],"campfire_rested":0,"item_purchase_floors":[5,5],"current_hp_per_floor":[80,80,80,73,73,79,79,80,80,69,69,69,69,75,75,40,80,80,80],"gold":369,"neow_bonus":"THREE_ENEMY_KILL","is_daily":false,"chose_seed":false,"campfire_upgraded":3,"win_rate":0.0,"timestamp":1611407240,"path_taken":["M","?","?","?","?","E","R","E","T","?","?","R","M","?","R","BOSS","M"],"items_purchased_type":["Relic","Relic"],"build_version":"2020-12-22","purchased_purges":0,"victory":false,"max_hp_per_floor":[80,80,80,80,80,80,80,80,80,80,80,80,80,80,80,80,80,80,80],"card_choices":[{"not_picked":["Flex","Pommel Strike","Sever Soul"],"picked":"SKIP","floor":1},{"not_picked":["Flex","Hemokinesis"],"picked":"Rampage","floor":6},{"not_picked":["Pommel Strike","Searing Blow","Pummel"],"picked":"SKIP","floor":8},{"not_picked":["Cleave","Warcry"],"picked":"Shrug It Off","floor":13},{"not_picked":["Armaments","Heavy Blade"],"picked":"Clash","floor":14}],"player_experience":218587,"relics_obtained":[{"floor":6,"key":"Pen Nib"},{"floor":8,"key":"Vajra"},{"floor":11,"key":"Mummified Hand"},{"floor":17,"key":"Ancient Tea Set"},{"floor":17,"key":"Singing Bowl"},{"floor":17,"key":"Ginger"}],"event_choices":[{"damage_healed":0,"gold_gain":0,"player_choice":"Leave","damage_taken":0,"max_hp_gain":0,"max_hp_loss":0,"event_name":"The Cleric","floor":2,"gold_loss":0},{"damage_healed":0,"gold_gain":175,"player_choice":"AGREE","damage_taken":0,"max_hp_gain":0,"max_hp_loss":0,"event_name":"Liars Game","floor":3,"gold_loss":0,"cards_obtained":["Doubt"]},{"cards_removed":["Doubt"],"damage_healed":0,"gold_gain":0,"player_choice":"Card Removal","damage_taken":7,"max_hp_gain":0,"max_hp_loss":0,"event_name":"Golden Wing","floor":4,"gold_loss":0},{"damage_healed":0,"gold_gain":75,"player_choice":"Gather Gold","damage_taken":11,"max_hp_gain":0,"max_hp_loss":0,"event_name":"World of Goop","floor":10,"gold_loss":0}],"is_beta":false,"boss_relics":[{"not_picked":["Fusion Hammer","Snecko Eye"],"picked":"Calling Bell"}],"items_purged_floors":[],"is_endless":false,"potions_floor_spawned":[8,13],"killed_by":"3 Byrds","ascension_level":1}}