{"host":"wogey4gsknv4ot2d","time":1611415168,"event":{"mods":["2.2 Compatiblity","AchievementEnabler","Alarm Clock","BaseMod","Bestiary","Better Match","Better Third Choice","Colored Map","Colored Powertips","Googly Eyes","Key Reminder","Minty Spire (QoL Compilation)","Permanent Neow","Rare Cards Sparkle","Relic Stats","StSLib"],"gold_per_floor":[119,131,149,149,3,34,34,51,51,69,83,83,112,123,123,228,228,153,165,165,165],"floor_reached":20,"language":"ENG","playtime":746,"items_purged":[],"score":205,"play_id":"f62d6032-7d48-4a50-b9cf-b52e2b761b6e","local_time":"20210123091928","is_ascension_mode":true,"campfire_choices":[{"floor":7,"key":"REST"},{"floor":12,"key":"REST"},{"floor":15,"key":"REST"}],"circlet_count":0,"master_deck":["Strike_B","Strike_B","Strike_B","Strike_B","Defend_B","Defend_B","Defend_B","Defend_B","Zap","Dualcast","Ball Lightning","Beam Cell","Steam","Chill","Blizzard","Stack","Coolheaded","Cold Snap","Streamline","Barrage"],"relics":["Cracked Core","Sling","Bird Faced Urn","keyreminder:keyreminder","Gremlin Horn","Runic Pyramid"],"acts_visited":["Exordium","TheCity"],"potions_floor_usage":[8,11,16,16],"damage_taken":[{"damage":6,"enemies":"Cultist","floor":1,"turns":3},{"damage":8,"enemies":"2 Louse","floor":2,"turns":3},{"damage":8,"enemies":"Small Slimes","floor":3,"turns":3},{"damage":25,"enemies":"3 Sentries","floor":6,"turns":6},{"damage":40,"enemies":"Gremlin Gang","floor":8,"turns":4},{"damage":0,"enemies":"2 Fungi Beasts","floor":10,"turns":3},{"damage":13,"enemies":"Blue Slaver","floor":11,"turns":3},{"damage":27,"enemies":"Lagavulin","floor":13,"turns":7},{"damage":7,"enemies":"Red Slaver","floor":14,"turns":4},{"damage":28,"enemies":"Hexaghost","floor":16,"turns":11},{"damage":20,"enemies":"2 Thieves","floor":18,"turns":5},{"damage":19,"enemies":"Shell Parasite","floor":19,"turns":8},{"damage":44,"enemies":"Snake Plant","floor":20,"turns":5}],"seed_played":"-4855835017589673212","potions_obtained":[{"floor":3,"key":"BlessingOfTheForge"},{"floor":10,"key":"Regen Potion"},{"floor":13,"key":"PowerPotion"},{"floor":14,"key":"Regen Potion"}],"is_trial":false,"path_per_floor":["M","M","M","?","$","E","R","M","T","M","M","R","E","M","R","B",null,"M","M","M"],"character_chosen":"DEFECT","items_purchased":["Sling"],"campfire_rested":3,"item_purchase_floors":[5],"current_hp_per_floor":[76,68,60,65,65,40,64,24,24,24,20,44,17,10,34,23,82,62,43,0,0],"gold":165,"neow_bonus":"TEN_PERCENT_HP_BONUS","is_daily":false,"chose_seed":false,"campfire_upgraded":0,"win_rate":0.0,"timestamp":1611415168,"path_taken":["M","M","?","?","$","E","R","M","T","M","?","R","E","?","R","BOSS","M","M","M"],"items_purchased_type":["Relic"],"build_version":"2020-12-22","purchased_purges":0,"victory":false,"max_hp_per_floor":[82,82,82,82,82,82,82,82,82,82,82,82,82,82,82,82,82,82,82,82,82],"relic_stats":{"Gremlin Horn":[0,0],"counters":[13,65],"Bird Faced Urn":[2],"obtain_stats":[{"keyreminder:keyreminder":9,"Gremlin Horn":13,"Bird Faced Urn":6,"Cracked Core":0,"Sling":5,"Runic Pyramid":17},{"keyreminder:keyreminder":5,"Gremlin Horn":8,"Bird Faced Urn":4,"Cracked Core":0,"Sling":3,"Runic Pyramid":10},{"keyreminder:keyreminder":19,"Gremlin Horn":32,"Bird Faced Urn":15,"Cracked Core":0,"Sling":9,"Runic Pyramid":47}]},"card_choices":[{"not_picked":["Barrage","Stack"],"picked":"Ball Lightning","floor":1},{"not_picked":["Auto Shields","Leap"],"picked":"Beam Cell","floor":2},{"not_picked":["Rebound","Steam"],"picked":"Streamline","floor":3},{"not_picked":["Machine Learning","Rebound"],"picked":"Steam","floor":6},{"not_picked":["Stack","Darkness"],"picked":"Chill","floor":8},{"not_picked":["Rainbow","Scrape"],"picked":"Blizzard","floor":10},{"not_picked":["Doom and Gloom","Steam"],"picked":"Stack","floor":11},{"not_picked":["Barrage","Compile Driver"],"picked":"Coolheaded","floor":13},{"not_picked":["Lockon","Go for the Eyes"],"picked":"Cold Snap","floor":14},{"not_picked":["Tempest","Aggregate"],"picked":"Streamline","floor":18},{"not_picked":["Steam Power","Recycle+1"],"picked":"Barrage","floor":19}],"player_experience":74598,"relics_obtained":[{"floor":6,"key":"Bird Faced Urn"},{"floor":13,"key":"Gremlin Horn"}],"event_choices":[{"cards_removed":["Streamline"],"damage_healed":5,"gold_gain":0,"player_choice":"Offered Common","damage_taken":0,"max_hp_gain":0,"max_hp_loss":0,"event_name":"Bonfire Elementals","floor":4,"gold_loss":0},{"cards_removed":["Streamline"],"damage_healed":5,"gold_gain":0,"player_choice":"Offered Special","damage_taken":0,"max_hp_gain":0,"max_hp_loss":0,"event_name":"Bonfire Elementals","floor":4,"gold_loss":0}],"is_beta":false,"boss_relics":[{"not_picked":["Philosopher\u0027s Stone","Ectoplasm"],"picked":"Runic Pyramid"}],"items_purged_floors":[],"is_endless":false,"potions_floor_spawned":[3,6,8,10,13,14],"killed_by":"Snake Plant","ascension_level":2}}