{"host":"0wmeqr6jlf4kz37n","time":1611421918,"event":{"mods":["Act Like it!","Arknights The Spire","BaseMod","Downfall","Minty Spire (QoL Compilation)","Quick Restart","StSLib","TestMod","vexMod"],"gold_per_floor":[99,99,99,24,24,59,59,9,39,53,70,98,113,172,190,293,293,43,54,39,59,76,96,123,148,167,184,184,34,45,445,465,562,562,512,529,539,556,574,599,599,599,566,584,154,187,205,9,28,28,28,62,2,2,2,2],"floor_reached":57,"language":"ZHS","playtime":4843,"items_purged":["Writhe","Slimebound:Strike_Slimebound"],"score":1323,"play_id":"43cd2707-fbd0-4e66-90b8-99bd5b0b2b51","local_time":"20210124011158","is_ascension_mode":false,"campfire_choices":[{"floor":1.0,"key":"RECALL"},{"data":"Slimebound:ComboTackle","floor":8.0,"key":"SMITH"},{"data":"Slimebound:MassFeed","floor":18.0,"key":"SMITH"},{"data":"Slimebound:SlimeTap","floor":29.0,"key":"SMITH"},{"data":"Slimebound:Repurpose","floor":35.0,"key":"SMITH"},{"data":"Slimebound:FirmFortitude","floor":54,"key":"SMITH"}],"circlet_count":0,"master_deck":["Slimebound:Strike_Slimebound","Slimebound:Strike_Slimebound","Slimebound:Tackle","Slimebound:Defend_Slimebound","Slimebound:Defend_Slimebound","Slimebound:Defend_Slimebound","Slimebound:Defend_Slimebound","Slimebound:Split","Slimebound:CorrosiveSpit","Slimebound:ComboTackle+1","Slimebound:FlameTackle","Slimebound:Schlurp","Slimebound:Repurpose+1","Slimebound:FirmFortitude+1","Slimebound:SlimeTap+1","Slimebound:Prepare","Slimebound:ComboTackle","Slimebound:MassFeed+1","Slimebound:HauntingLick+1","Slimebound:HauntingLick+1","Slimebound:SplitSpecialist+1","Slimebound:Dissolve+1","Slimebound:RejuvenatingLick+1","Slimebound:Dissolve+1","christmas-Famine","Slimebound:SplitBruiser+1","Slimebound:SlimeTap+1","Slimebound:Recycling","Slimebound:SlimeTap","Slimebound:Repurpose"],"relics":["Slimebound:AbsorbEndCombat","testmod-TestBox","testmod-GiftOfSatan","Slimebound:GreedOozeRelic","Strawberry","Bag of Marbles","Odd Mushroom","Lantern","downfall:HeartBlessingRed","downfall:HeartBlessingBlue","testmod-Antiphasic","testmod-Fortitude","Slimebound:MaxSlimesRelic","downfall:HeartBlessingGreen","vexMod:TanglingVine","Slimebound:AggressiveSlimeRelic","Darkstone Periapt","Membership Card","Boot","vexMod:MemoryStick","ClockworkSouvenir","testmod-BouquetWithThorns","Shovel","Oddly Smooth Stone","vexMod:FocusSash","Pantograph","Vajra"],"acts_visited":["Exordium","TheCity","TheBeyond","TheEnding"],"potions_floor_usage":[43,50,52],"damage_taken":[{"damage":0.0,"enemies":"Small Slimes","floor":2.0,"turns":1.0},{"damage":0.0,"enemies":"Jaw Worm","floor":3.0,"turns":1.0},{"damage":0.0,"enemies":"2 Louse","floor":5.0,"turns":1.0},{"damage":13.0,"enemies":"3 Sentries","floor":6.0,"turns":4.0},{"damage":22.0,"enemies":"Gremlin Nob","floor":9.0,"turns":3.0},{"damage":5.0,"enemies":"2 Fungi Beasts","floor":10.0,"turns":3.0},{"damage":6.0,"enemies":"3 Louse","floor":11.0,"turns":3.0},{"damage":3.0,"enemies":"The Mushroom Lair","floor":12.0,"turns":2.0},{"damage":0.0,"enemies":"Exordium Wildlife","floor":13.0,"turns":3.0},{"damage":14.0,"enemies":"Gremlin Nob","floor":14.0,"turns":3.0},{"damage":13.0,"enemies":"Exordium Thugs","floor":15.0,"turns":3.0},{"damage":50.0,"enemies":"SI_SHIV_ARCHETYPE","floor":16.0,"turns":6.0},{"damage":6.0,"enemies":"Chosen","floor":19.0,"turns":4.0},{"damage":16.0,"enemies":"downfall:FleeingMerchant","floor":20.0,"turns":4.0},{"damage":14.0,"enemies":"Sentry and Sphere","floor":21.0,"turns":3.0},{"damage":12.0,"enemies":"Shelled Parasite and Fungi","floor":22.0,"turns":3.0},{"damage":14.0,"enemies":"Snecko","floor":23.0,"turns":4.0},{"damage":30.0,"enemies":"Gremlin Leader","floor":25.0,"turns":3.0},{"damage":11.0,"enemies":"Cultist and Chosen","floor":26.0,"turns":4.0},{"damage":19.0,"enemies":"Chosen and Byrds","floor":27.0,"turns":2.0},{"damage":20.0,"enemies":"Snake Plant","floor":30.0,"turns":4.0},{"damage":0.0,"enemies":"Snecko","floor":32.0,"turns":2.0},{"damage":99.0,"enemies":"DF_ARCHETYPE_CLAW","floor":33.0,"turns":7.0},{"damage":13.0,"enemies":"Orb Walker","floor":36.0,"turns":2.0},{"damage":3.0,"enemies":"3 Darklings","floor":37.0,"turns":1.0},{"damage":12.0,"enemies":"Spire Growth","floor":38.0,"turns":3.0},{"damage":2.0,"enemies":"Transient","floor":39.0,"turns":5.0},{"damage":4.0,"enemies":"Reptomancer","floor":40.0,"turns":3.0},{"damage":18,"enemies":"downfall:FleeingMerchant","floor":43,"turns":3},{"damage":14,"enemies":"4 Shapes","floor":44,"turns":2},{"damage":27,"enemies":"Nemesis","floor":46,"turns":3},{"damage":3,"enemies":"3 Darklings","floor":47,"turns":1},{"damage":23,"enemies":"Maw","floor":49,"turns":5},{"damage":46,"enemies":"IC_BLOCK_ARCHETYPE","floor":50,"turns":7},{"damage":70,"enemies":"downfall:CharBossMerchant","floor":52,"turns":5},{"damage":70,"enemies":"downfall:NeowBoss","floor":55,"turns":9},{"damage":188,"enemies":"downfall:NeowBossFinal","floor":56,"turns":8}],"seed_played":"8389899027490974176","potions_obtained":[{"floor":6.0,"key":"Regen Potion"},{"floor":9.0,"key":"Fire Potion"},{"floor":10.0,"key":"Swift Potion"},{"floor":22.0,"key":"SkillPotion"},{"floor":25.0,"key":"EntropicBrew"},{"floor":27.0,"key":"CultistPotion"},{"floor":33.0,"key":"Swift Potion"},{"floor":36.0,"key":"Slimebound:SpawnSlimePotion"},{"floor":42.0,"key":"AttackPotion"},{"floor":44,"key":"PowerPotion"},{"floor":49,"key":"PowerPotion"}],"is_trial":false,"path_per_floor":["R","M","M","?","M","E","T","R","E","M","M","?","M","?","M","B",null,"R","M","$","M","M","M","T","E","M","M","?","R","M","?","M","B",null,"R","M","M","M","M","E","T","?","$","M","?","E","M","$","M","B",null,"E","$","R","B","B",null],"character_chosen":"SLIMEBOUND","items_purchased":["Membership Card","Boot","vexMod:MemoryStick","ClockworkSouvenir","testmod-BouquetWithThorns","Shovel","vexMod:FocusSash","Pantograph","Slimebound:SlimeTap","Slimebound:Repurpose"],"campfire_rested":0,"item_purchase_floors":[43,43,43,45,45,45,48,48,53,53],"current_hp_per_floor":[65,65,65,65,65,71,71,71,53,70,77,82,102,96,110,69,117,127,121,123,129,137,123,123,114,113,112,112,112,108,108,116,93,169,169,158,155,166,174,170,170,170,156,181,181,176,173,173,164,167,194,156,156,156,162,63],"gold":2,"neow_bonus":"THREE_ENEMY_KILL","is_daily":false,"chose_seed":false,"campfire_upgraded":5,"win_rate":0.0,"timestamp":1611421918,"path_taken":["R","M","M","?","M","E","T","R","E","M","M","?","M","?","M","BOSS","R","M","$","M","M","M","T","E","M","M","?","R","M","?","M","BOSS","R","M","M","M","M","E","T","?","$","M","?","E","M","?","M","BOSS","E","$","R","BOSS","BOSS"],"items_purchased_type":["Relic","Relic","Relic","Relic","Relic","Relic","Relic","Relic","Card","Card"],"build_version":"2020-12-22","purchased_purges":2,"victory":true,"max_hp_per_floor":[65,65,65,65,65,77,77,77,77,87,92,97,102,107,117,117,117,127,127,127,137,146,146,146,151,155,160,160,160,165,165,169,169,169,169,169,169,174,174,174,174,174,174,189,189,194,194,194,194,194,194,199,199,199,199,199],"card_choices":[{"not_picked":["Slimebound:LivingWall","Slimebound:RollThrough"],"picked":"Slimebound:ComboTackle","floor":2.0},{"not_picked":["Slimebound:PressTheAttack","Slimebound:SplitMire"],"picked":"Slimebound:FlameTackle","floor":3.0},{"not_picked":["Slimebound:GoopSpray","Slimebound:TongueLash"],"picked":"Slimebound:Schlurp","floor":5.0},{"not_picked":["Slimebound:PrepareCrush","Slimebound:AcidTongue"],"picked":"Slimebound:Repurpose","floor":6.0},{"not_picked":["Slimebound:SplitLeeching","Slimebound:SamplingLick"],"picked":"Slimebound:FirmFortitude","floor":9.0},{"not_picked":["Slimebound:ServeAndProtect","Slimebound:ItLooksTasty","Slimebound:BestDefense"],"picked":"SKIP","floor":10.0},{"not_picked":["Slimebound:GoopSpray","Slimebound:HauntingLick","Slimebound:SplitLeeching"],"picked":"SKIP","floor":11.0},{"not_picked":["Slimebound:ItLooksTasty","Slimebound:GoopTackle"],"picked":"Slimebound:SlimeTap","floor":12.0},{"not_picked":["Slimebound:MegaLick","Slimebound:SplitBruiser"],"picked":"Slimebound:Prepare","floor":13.0},{"not_picked":["Slimebound:GoopTackle","Slimebound:PressTheAttack"],"picked":"Slimebound:ComboTackle","floor":14.0},{"not_picked":["Slimebound:Replication","Slimebound:LeechingTouch","Slimebound:ItLooksTasty"],"picked":"SKIP","floor":15.0},{"not_picked":["Slimebound:DouseInSlime","Slimebound:LeechLife"],"picked":"Slimebound:MassFeed","floor":16.0},{"not_picked":["Slimebound:SplitBruiser","Slimebound:Prepare+1","Slimebound:ServeAndProtect+1"],"picked":"SKIP","floor":19.0},{"not_picked":["Slimebound:SplitAcid+1","Slimebound:SlimeTap"],"picked":"Slimebound:HauntingLick+1","floor":20.0},{"not_picked":["Slimebound:FinishingTackle","Slimebound:GoopTackle","Slimebound:Prepare"],"picked":"SKIP","floor":21.0},{"not_picked":["Slimebound:Prepare+1","Slimebound:RainOfGoop","Slimebound:SplitLeeching+1"],"picked":"SKIP","floor":22.0},{"not_picked":["Slimebound:LivingWall+1","Slimebound:SlimeSpikes"],"picked":"Slimebound:HauntingLick+1","floor":23.0},{"not_picked":["Slimebound:SlimeBarrage","Slimebound:LeechingTouch"],"picked":"Slimebound:SplitSpecialist+1","floor":25.0},{"not_picked":["Slimebound:Equalize","Slimebound:SplitLeeching","Slimebound:Recollect"],"picked":"SKIP","floor":26.0},{"not_picked":["Slimebound:Equalize","Slimebound:SplitLeeching","Slimebound:Recollect"],"picked":"SKIP","floor":26.0},{"not_picked":["Slimebound:Darklings","Slimebound:Recollect","Slimebound:ViciousTackle"],"picked":"SKIP","floor":27.0},{"not_picked":["Slimebound:Prepare","Slimebound:SpikyOuterGoop","Slimebound:HauntingLick"],"picked":"SKIP","floor":30.0},{"not_picked":["Slimebound:SplitLeeching","Slimebound:ComboTackle"],"picked":"Slimebound:Dissolve+1","floor":32.0},{"not_picked":["Slimebound:MegaLick","Slimebound:ItLooksTasty+1","Slimebound:SplitSpecialist"],"picked":"SKIP","floor":36.0},{"not_picked":["Slimebound:SplitLeeching","Slimebound:LivingWall"],"picked":"Slimebound:RejuvenatingLick+1","floor":37.0},{"not_picked":["Slimebound:GoopSpray","Slimebound:SlimeSpikes+1","Slimebound:LeechEnergy"],"picked":"SKIP","floor":38.0},{"not_picked":["Slimebound:Replication+1","Slimebound:SplitMire+1","Slimebound:PrepareCrush"],"picked":"SKIP","floor":39.0},{"not_picked":["Slimebound:ServeAndProtect+1","Slimebound:FinishingTackle"],"picked":"Slimebound:Dissolve+1","floor":40.0},{"not_picked":["christmas-Plague","christmas-War+1"],"picked":"christmas-Famine","floor":40.0},{"not_picked":["Slimebound:GoopSpray","Slimebound:FinishingTackle+1"],"picked":"Slimebound:SplitBruiser+1","floor":43},{"not_picked":["Slimebound:Gluttony+1","Slimebound:MinionMaster","Slimebound:SplitBruiser"],"picked":"SKIP","floor":44},{"not_picked":["Slimebound:HauntingLick","Slimebound:AcidTongue+1","Slimebound:SlimeSpikes+1"],"picked":"SKIP","floor":46},{"not_picked":["Slimebound:ItLooksTasty","Slimebound:Nibble"],"picked":"Slimebound:SlimeTap+1","floor":47},{"not_picked":["Slimebound:SplitSpecialist","Slimebound:LivingWall+1","Slimebound:Prepare"],"picked":"SKIP","floor":49},{"not_picked":["Slimebound:SplitSpecialist","Slimebound:SplitLeeching"],"picked":"Slimebound:Recycling","floor":52}],"player_experience":308327,"relics_obtained":[{"floor":6.0,"key":"Strawberry"},{"floor":9.0,"key":"Bag of Marbles"},{"floor":12.0,"key":"Odd Mushroom"},{"floor":24.0,"key":"testmod-Antiphasic"},{"floor":25.0,"key":"testmod-Fortitude"},{"floor":40.0,"key":"Slimebound:AggressiveSlimeRelic"},{"floor":41.0,"key":"Darkstone Periapt"},{"floor":46,"key":"Oddly Smooth Stone"},{"floor":52,"key":"Vajra"}],"event_choices":[{"damage_healed":0.0,"max_hp_gain":0.0,"max_hp_loss":0.0,"gold_gain":0.0,"event_name":"Mushrooms","player_choice":"Fought Mushrooms","floor":12.0,"gold_loss":0.0,"damage_taken":0.0},{"damage_healed":0.0,"max_hp_gain":0.0,"max_hp_loss":0.0,"gold_gain":400.0,"event_name":"¶÷ÂåË¹µÄÅÌ×Ó","player_choice":"Sell","floor":31.0,"relics_lost":["downfall:HeartsMalice"],"gold_loss":0.0,"damage_taken":0.0}],"is_beta":false,"boss_relics":[{"not_picked":["vexMod:MysteryBossChallenge","testmod-BatchProcessingSystem","testmod-Recursion"]},{"not_picked":["Slimebound:AbsorbEndCombatUpgraded","Philosopher\u0027s Stone"],"picked":"vexMod:TanglingVine"}],"items_purged_floors":[43,45],"is_endless":false,"potions_floor_spawned":[6,9,10,11,14,16,22,25,27,32,33,36,38,44,46,49],"ascension_level":0}}