{"host":"70jy76jvzy076wi7","time":1611430863,"event":{"mods":["100% Spire Juice","Act Like it!","BaseMod","Better Third Choice","Energized Spire","Gensokyo","GungeonMod","GungeonMod Extend","Hallownest","Infinite Spire","Library of Ruina","Library of Ruina Extra","Minty Spire (QoL Compilation)","Pale of the Ancients","Permanent Neow","Replay The Spire","Spicy Shops","StSLib","Yakumo Yukari mod"],"gold_per_floor":[117,127,127,127,97,97,130,130,130,140,140,175,190,220,220,320,320,340,340,340,354,55,81,81,98,98,133,146,174,192,230,230,333,333,344,504,218,233,251,284,284,312,312,326,353,353,363,363,363,363,375,385,385,36,36,56,56,102,102,102],"floor_reached":61,"language":"ZHS","playtime":4804,"items_purged":["Parasite"],"score":1898,"play_id":"367dd734-b905-4663-9ef6-53b60b1c3a62","local_time":"20210124034103","is_ascension_mode":true,"campfire_choices":[{"data":"DegradedShockwave","floor":6.0,"key":"SMITH"},{"data":"ForTheFamily","floor":11.0,"key":"SMITH"},{"data":"DegradedPillar","floor":15.0,"key":"SMITH"},{"data":"DegradedPillar","floor":24,"key":"SMITH"},{"data":"DegradedLock","floor":32,"key":"SMITH"},{"data":"DegradedChain","floor":41,"key":"SMITH"},{"data":"DegradedChain","floor":46,"key":"SMITH"},{"floor":49,"key":"RECALL"},{"data":"infinitespire:Collect","floor":55,"key":"SMITH"},{"data":"DegradedFairy","floor":57,"key":"SMITH"}],"circlet_count":0,"master_deck":["DegradedFairy","DegradedFairy+1","DegradedFairy+1","DegradedChain+1","DegradedChain+1","DegradedLock+1","DegradedPillar+1","DegradedPillar+1","DegradedShockwave+1","ForTheFamily+1","Suppress","infinitespire:Collect+1","SteelKnuckles+1","Duel_lor+1","SharpenedBlade"],"relics":["PageOfLibrarian","Replay:Accelerometer","infinitespire:Satchel","Matryoshka","Art of War","DemoMod:MonsterBlood","Singing Bowl","DemoExt:Clone","FossilizedHelix","PageOfSingingMachine","DemoMod:Metronome","PageOfForsakenMurderer","Replay:WaspNest","PageOfBloodbath","Runic Dome","Hallownest:GodTamersBeastRelic","PageOfFairyFestival","DemoExt:BracketKey","PageOfUniverseFragment","Regal Pillow","Turnip","paleoftheancients:Timepiece","paleoftheancients:KeyRelic","Oddly Smooth Stone","CultistMask","paleoftheancients:SoulOfTheWokeBloke","Replay:Baseball","Ice Cream","Centennial Puzzle"],"acts_visited":["Exordium","Hallownest:Greenpath","Hallownest:CityofTears","Hallownest:KingdomsEdge"],"potions_floor_usage":[60,60,60],"damage_taken":[{"damage":0.0,"enemies":"Hallownest:monsterHuskGuard","floor":1.0,"turns":1.0},{"damage":0.0,"enemies":"2_ Uuma","floor":2.0,"turns":2.0},{"damage":0.0,"enemies":"Hallownest:eliteCrystalGuardian","floor":7.0,"turns":2.0},{"damage":0.0,"enemies":"Hallownest:2_Baldur","floor":10.0,"turns":1.0},{"damage":0.0,"enemies":"Hallownest:eliteVengeflyKing","floor":12.0,"turns":3.0},{"damage":0.0,"enemies":"Hallownest:Wandering_and_Horned","floor":13.0,"turns":1.0},{"damage":0.0,"enemies":"Hallownest:eliteCrystalGuardian","floor":14.0,"turns":2.0},{"damage":9.0,"enemies":"Hallownest:BossFalseKnight","floor":16.0,"turns":5.0},{"damage":1.0,"enemies":"Hallownest:2_Mistakes","floor":18.0,"turns":2.0},{"damage":0.0,"enemies":"Hallownest:Guard_and_Sentry","floor":21.0,"turns":2.0},{"damage":0,"enemies":"Hallownest:eliteWatcherKnight","floor":23,"turns":8},{"damage":0,"enemies":"Hallownest:monsterMisterMushroom","floor":25,"turns":3},{"damage":0,"enemies":"Hallownest:eliteSoulWarrior","floor":27,"turns":4},{"damage":0,"enemies":"Hallownest:2_Flukemon","floor":28,"turns":3},{"damage":0,"enemies":"Hallownest:Nosk","floor":29,"turns":4},{"damage":0,"enemies":"Hallownest:monsterShrumalOgre","floor":30,"turns":3},{"damage":0,"enemies":"Hallownest:Glutton_and_Coward","floor":31,"turns":2},{"damage":0,"enemies":"Hallownest:BossMantisLord","floor":33,"turns":5},{"damage":0,"enemies":"Hallownest:3_Siblings","floor":35,"turns":2},{"damage":0,"enemies":"Hallownest:3_Siblings","floor":36,"turns":2},{"damage":0,"enemies":"Hallownest:3_Siblings","floor":36,"turns":2},{"damage":0,"enemies":"Hallownest:3_Siblings","floor":36,"turns":3},{"damage":0,"enemies":"Hallownest:3_Siblings","floor":36,"turns":2},{"damage":0,"enemies":"Hallownest:Shield_Heavy","floor":38,"turns":2},{"damage":0,"enemies":"Hallownest:2_Wing_and_1_Kings","floor":39,"turns":3},{"damage":0,"enemies":"Hallownest:eliteCollector","floor":40,"turns":4},{"damage":0,"enemies":"Hallownest:StalkingDevout","floor":42,"turns":3},{"damage":0,"enemies":"Hallownest:2_Great","floor":44,"turns":2},{"damage":0,"enemies":"Nightmare","floor":45,"turns":6},{"damage":0,"enemies":"Hallownest:Shield_Sturdy","floor":47,"turns":2},{"damage":5,"enemies":"Hallownest:BossGreyPrinceZote","floor":50,"turns":6},{"damage":12,"enemies":"Hallownest:BossGreyPrinceZote","floor":51,"turns":5},{"damage":0,"enemies":"Hallownest:BossGreyPrinceZote","floor":52,"turns":7},{"damage":51,"enemies":"Hallownest:BossGreyPrinceZote","floor":56,"turns":6},{"damage":9,"enemies":"paleoftheancients:N","floor":60,"turns":9}],"seed_played":"2376312761422878986","potions_obtained":[{"floor":0.0,"key":"FearPotion"},{"floor":0.0,"key":"SkillPotion"},{"floor":0.0,"key":"SmokeBomb"},{"floor":13.0,"key":"Adrenaline Potion"},{"floor":14.0,"key":"Dexterity Potion"},{"floor":28,"key":"PowerPotion"},{"floor":39,"key":"PowerPotion"},{"floor":47,"key":"DuplicationPotion"},{"floor":51,"key":"DemoMod:LeadSkinPotion"}],"is_trial":false,"path_per_floor":["M","M","T","$","?","R","E","?","T","M","R","E","M","E","R","B",null,"M","?","?","M","$","E","R","M","T","E","M","E","M","M","R","B",null,"M","?","$","M","M","E","R","E","T","M","NM","R","M","?","R","B","M","M","?","$","R","M","R","T","?","B",null],"character_chosen":"Librarian","items_purchased":["FossilizedHelix","PageOfFairyFestival","Replay:Baseball","Ice Cream"],"campfire_rested":0,"item_purchase_floors":[22,37,54,54],"current_hp_per_floor":[60,60,60,60,60,60,60,60,60,60,60,67,67,69,69,60,99,100,100,76,76,76,78,78,80,80,80,82,84,86,88,88,90,115,117,117,117,119,121,123,123,125,125,127,129,129,131,131,131,131,132,135,135,132,132,120,120,120,120,132],"gold":102,"neow_bonus":"THREE_SMALL_POTIONS","is_daily":false,"chose_seed":false,"campfire_upgraded":9,"win_rate":0.0,"timestamp":1611430863,"path_taken":["M","M","?","?","?","R","E","?","T","M","R","E","M","E","R","BOSS","M","?","?","M","$","E","R","M","T","E","M","E","M","?","R","BOSS","M","?","$","M","M","E","R","E","T","M","NM","R","M","?","R","BOSS","M","M","?","$","R","M","R","T","?","BOSS"],"items_purchased_type":["Relic","Relic","Relic","Relic"],"build_version":"2020-12-22","purchased_purges":1,"victory":true,"max_hp_per_floor":[90,90,90,90,90,90,90,90,90,90,90,97,97,99,99,99,99,101,101,101,101,101,103,103,105,105,105,107,109,111,113,113,115,115,117,117,117,119,121,123,123,125,125,127,129,129,131,131,131,131,133,135,135,132,132,132,132,132,132,132],"card_choices":[{"not_picked":["EmotionalTurbulence","SparkingSpear","SmokingPipe","YourShield","TasteMyFlamingBat","Endure","CumulusWall","SpearedSweep","SuppressingShot"],"picked":"SKIP","floor":1.0},{"not_picked":["SharpSwipe","Thrust","UnavoidableGaze","Mutilate","WillOfThePrescript","FrontalAssault","ShockingBlow","BackAttack"],"picked":"ForTheFamily","floor":2.0},{"not_picked":["BoundaryOfDeath","BindingChains","BackstreetsDash","Rewind","DimensionalRift","ViolentFlame","MindPrepared","EndlessBattle","Marionette"],"picked":"SKIP","floor":7.0},{"not_picked":["SpearedSweep","ReadyUp","DirtyBlow","GuardingStance","FleshFillet","BulkyImpact","SerpentSwordTechnique","ForcefulGesture","CombatPreparation"],"picked":"SKIP","floor":10.0},{"not_picked":["Retaliate","DirtyBlow","Standoff","IdentifyWeakpoint","Reload","CookingPrep","FeelinGood","BackAttack","FleetEdge"],"picked":"SKIP","floor":12.0},{"not_picked":["EnergyCycle","SetFire","IllEndYou","SunsetBlade","Outburst","Standoff","WillBeTasty","FleetFootsteps","BayonetCombat"],"picked":"SKIP","floor":13.0},{"not_picked":["SomberProcuration","SerpentSwordTechnique","ButterflySlash","FierceCharge","DarkCloud","CutIn","Eradication","SunsetBlade","SerpentineBarrier"],"picked":"Singing Bowl","floor":14.0},{"not_picked":["BlazingStrike","Decapitation"],"picked":"Suppress","floor":16.0},{"not_picked":["TendonChords","FleetFootsteps","Creak","CombatPreparation+1","HandleRequest+1","CircusKnives+1","Ripple","SnakesPrey","QuickAttack"],"picked":"Singing Bowl","floor":18.0},{"not_picked":["ReplayTheSpireMod:Black Plague","infinitespire:Punishment"],"picked":"infinitespire:Collect","floor":20.0},{"not_picked":["CrackOfDawn","QuickSuppression","StrongStrike","WillOfThePrescript","SmokingPipe","FleetEdge","Reload","SerpentSwordTechnique"],"picked":"SteelKnuckles+1","floor":21.0},{"not_picked":["ShrineToMusic+1","AssaultOrder","CircusKnives","SuppressingShot","BackAttack+1","IdentifyWeakpoint","RapidGashes","LoosenUp","StrikeDown"],"picked":"Singing Bowl","floor":23},{"not_picked":["HardRehearsal+1","Leap_lor+1","Thrust","GreatSerpentsImpact+1","InkOver","StrikeDown","IronWall+1","Standoff","Riposte"],"picked":"Singing Bowl","floor":25},{"not_picked":["EnergyStrike","MindPrepared+1","AsThePrescriptOrders","MindCrush","Suppress","ExtremeEdge+1","Wallop_lor","QuickAttack+1"],"picked":"Duel_lor+1","floor":27},{"not_picked":["Leap_lor","SerpentineBarrier","YourShield","Quickness+1","UpbeatPerformance","Standoff","Rampage_lor+1","LoosenUp","BackAttack+1"],"picked":"Singing Bowl","floor":28},{"not_picked":["BackAttack","UnavoidableGaze","Quickness+1","Diversion","EnergyConversion","Pound","FeelinGood","Collision+1","EnergyCycle"],"picked":"Singing Bowl","floor":29},{"not_picked":["FaintMemories","HighKick+1","MultiBlock","WillBeTasty","FocusFire","HandlingWork","ReadyUp","Parry","TraceOfFumes"],"picked":"Singing Bowl","floor":30},{"not_picked":["SnakesPrey+1","StrikeDown","VenomousFangs","Feast","MultiBlock","DaringDecision","DarkCloud+1","EnergyCycle+1","DefenseOrder"],"picked":"Singing Bowl","floor":31},{"not_picked":["Deflect_lor","BoundaryOfDeath","SilentNight"],"picked":"Singing Bowl","floor":33},{"not_picked":["Diversion","ClassAndRespect","Unlock1","EnergyStrike+1","Reload+1","OpportunitySpotted+1","UnforgettableMelody","SunsetBlade","SharpSwipe"],"picked":"Singing Bowl","floor":35},{"not_picked":["Feast+1","Parry2+1","EnergyShield","AssaultOrder","Wallop_lor","Parry","Multislash+1","ClassAndRespect","EndlessBattle"],"picked":"Singing Bowl","floor":38},{"not_picked":["HardRehearsal","ChopItOff","SerpentineBarrier+1","PreemptiveStrike","Observe","GuidanceOfTheGears+1","PinpointShot","ViolentFlame","DestructiveImpact"],"picked":"Singing Bowl","floor":39},{"not_picked":["Diversion+1","FleetFootsteps+1","TieShanKao","FervidEmotions+1","BladeWhirl","SnakeSlit+1","SkitterAway","GuardingStance+1","Unlock1"],"picked":"Singing Bowl","floor":40},{"not_picked":["QuickSuppression","BulkyImpact","Deflect_lor","Clone","SunsetBlade+1","HiddenBlade+1","YoureAHindrance+1","CumulusWall+1","SpearedSweep"],"picked":"Singing Bowl","floor":42},{"not_picked":["NightInTheBackstreets+1","FierceCharge+1","Faith","ReadyUp","ExtremeEdge","AlloutWar+1","GreatSerpentsImpact","Leap_lor","GrazeTheGrass"],"picked":"Singing Bowl","floor":44},{"not_picked":["NonstopAssault+1","MultiBlock+1","GreatSerpentsImpact","ButterflySlash+1","Faith","FleetEdge","EnergyCycle","SerpentineBarrier","Overcharge+1"],"picked":"Singing Bowl","floor":45},{"not_picked":["HighKick","LoosenUp","HandlingWork+1","StrikeDown","AutonomousRush+1","SilentNight","PreemptiveStrike","Parry","GreatSerpentsImpact+1"],"picked":"Singing Bowl","floor":47},{"not_picked":["GuidanceOfTheGears","HandleRequest","IngredientHunt","EnergyStrike+1","SerpentSwordTechnique","TrimTheIngredients+1","Wallop_lor+1","BlowItUp","Cruelty"],"picked":"Singing Bowl","floor":51},{"not_picked":["MindPrepared","SharpSwipe","Diversion","ViolentFlame+1","Wallop_lor","SuppressingShot+1","UpbeatPerformance","HardRehearsal","StrikeDown"],"picked":"Singing Bowl","floor":52},{"not_picked":["DimensionalRift","Duel_lor","MindWhip","Quickness","Creak+1","StrongStrike","Zzzzzap+1","Unlock1+1"],"picked":"SharpenedBlade","floor":56}],"player_experience":1562491,"relics_obtained":[{"floor":3.0,"key":"Replay:Accelerometer"},{"floor":5.0,"key":"infinitespire:Satchel"},{"floor":7.0,"key":"Matryoshka"},{"floor":9.0,"key":"Art of War"},{"floor":12.0,"key":"DemoMod:MonsterBlood"},{"floor":14.0,"key":"Singing Bowl"},{"floor":23,"key":"PageOfSingingMachine"},{"floor":26,"key":"DemoMod:Metronome"},{"floor":26,"key":"PageOfForsakenMurderer"},{"floor":27,"key":"Replay:WaspNest"},{"floor":29,"key":"PageOfBloodbath"},{"floor":40,"key":"DemoExt:BracketKey"},{"floor":42,"key":"PageOfUniverseFragment"},{"floor":43,"key":"Regal Pillow"},{"floor":45,"key":"Turnip"},{"floor":52,"key":"paleoftheancients:SoulOfTheWokeBloke"},{"floor":58,"key":"Centennial Puzzle"}],"event_choices":[{"damage_healed":0,"gold_gain":0,"player_choice":"Upgraded","damage_taken":0,"max_hp_gain":0,"max_hp_loss":0,"event_name":"Upgrade Shrine","floor":53,"gold_loss":0,"cards_upgraded":["DegradedFairy"]}],"is_beta":false,"boss_relics":[{"not_picked":["Empty Cage","Kintsugi"],"picked":"DemoExt:Clone"},{"not_picked":["energizedSpire:SpiderWeb","ReplayTheSpireMod:SealedPack"],"picked":"Runic Dome"}],"items_purged_floors":[54],"is_endless":false,"potions_floor_spawned":[7,13,14,16,23,28,29,31,33,35,36,36,38,39,44,47,51,52],"ascension_level":1}}