{"host":"g8ufh7m4frdlkxwv","time":1611443292,"event":{"mods":["AchievementEnabler","BaseMod","Colored Map","Dark Map","Minty Spire (QoL Compilation)","Relic Stats","StSLib","ojb\u0027s Info Mod"],"gold_per_floor":[134,134,134,168,198,198,227,227,227,227,306,306,343,407,407,407,407],"floor_reached":16,"language":"ENG","playtime":640,"items_purged":[],"score":270,"play_id":"d8cf4f30-050d-4971-812d-24b8333753f2","local_time":"20210124000812","is_ascension_mode":true,"campfire_choices":[{"data":"HandOfGreed","floor":6.0,"key":"SMITH"},{"data":"Wraith Form v2","floor":8.0,"key":"SMITH"},{"data":"Deadly Poison","floor":10.0,"key":"SMITH"},{"floor":15.0,"key":"REST"}],"circlet_count":0,"master_deck":["AscendersBane","Strike_G+1","Strike_G","Strike_G","Strike_G","Strike_G","Defend_G","Defend_G","Defend_G","Defend_G","Defend_G","Survivor+1","Neutralize","Regret","HandOfGreed+1","Wraith Form v2+1","Deadly Poison+1","Flying Knee","Leg Sweep","Escape Plan","Calculated Gamble"],"relics":["Ring of the Snake","Matryoshka","Gremlin Horn","Bottled Flame","Dream Catcher"],"acts_visited":["Exordium"],"potions_floor_usage":[16],"damage_taken":[{"damage":6.0,"enemies":"Jaw Worm","floor":1.0,"turns":4.0},{"damage":0.0,"enemies":"Cultist","floor":4.0,"turns":4.0},{"damage":5.0,"enemies":"Small Slimes","floor":5.0,"turns":6.0},{"damage":0.0,"enemies":"Gremlin Nob","floor":7.0,"turns":3.0},{"damage":16.0,"enemies":"3 Sentries","floor":11.0,"turns":15.0},{"damage":0.0,"enemies":"2 Fungi Beasts","floor":13.0,"turns":2.0},{"damage":4.0,"enemies":"Exordium Thugs","floor":14.0,"turns":6.0},{"damage":30,"enemies":"Hexaghost","floor":16,"turns":9}],"seed_played":"-2226437008965486526","potions_obtained":[{"floor":1.0,"key":"FearPotion"},{"floor":3.0,"key":"ColorlessPotion"},{"floor":7.0,"key":"Block Potion"},{"floor":14.0,"key":"Poison Potion"}],"is_trial":false,"path_per_floor":["M","?","?","M","M","R","E","R","T","R","E","?","M","M","R","B"],"character_chosen":"THE_SILENT","items_purchased":[],"campfire_rested":1,"item_purchase_floors":[],"current_hp_per_floor":[53,33,33,33,28,28,28,28,28,28,12,12,12,8,27,0,0],"gold":407,"neow_bonus":"RANDOM_COLORLESS_2","is_daily":false,"chose_seed":false,"campfire_upgraded":3,"win_rate":0.0,"timestamp":1611443292,"path_taken":["M","?","?","M","?","R","E","R","T","R","E","?","M","M","R","BOSS"],"items_purchased_type":[],"build_version":"2020-12-22","purchased_purges":0,"victory":false,"max_hp_per_floor":[66,66,66,66,66,66,66,66,66,66,66,66,66,66,66,66,66],"relic_stats":{"Dream Catcher":1,"Gremlin Horn":[4,4],"counters":[8,49],"obtain_stats":[{"Bottled Flame":9,"Dream Catcher":11,"Matryoshka":7,"Gremlin Horn":9,"Ring of the Snake":0},{"Bottled Flame":4,"Dream Catcher":5,"Matryoshka":4,"Gremlin Horn":4,"Ring of the Snake":0},{"Bottled Flame":17,"Dream Catcher":32,"Matryoshka":17,"Gremlin Horn":17,"Ring of the Snake":0}],"Ring of the Snake":[16]},"card_choices":[{"not_picked":["Secret Technique","Master of Strategy"],"picked":"HandOfGreed","floor":0.0},{"not_picked":["Dodge and Roll","Underhanded Strike","Tactician"],"picked":"SKIP","floor":1.0},{"not_picked":["Cloak And Dagger","Dodge and Roll"],"picked":"Wraith Form v2","floor":4.0},{"not_picked":["Underhanded Strike","Catalyst"],"picked":"Deadly Poison","floor":5.0},{"not_picked":["Setup","Acrobatics"],"picked":"Flying Knee","floor":7.0},{"not_picked":["Corpse Explosion","Outmaneuver"],"picked":"Leg Sweep","floor":11.0},{"not_picked":["Dodge and Roll","Quick Slash","Eviscerate"],"picked":"SKIP","floor":13.0},{"not_picked":["Slice","Masterful Stab"],"picked":"Escape Plan","floor":14.0},{"not_picked":["Bane","Cloak And Dagger"],"picked":"Calculated Gamble","floor":15.0}],"player_experience":1085857,"relics_obtained":[{"floor":7.0,"key":"Matryoshka"},{"floor":9.0,"key":"Gremlin Horn"},{"floor":9.0,"key":"Bottled Flame"},{"floor":11.0,"key":"Dream Catcher"}],"event_choices":[{"damage_healed":0.0,"max_hp_gain":0.0,"max_hp_loss":0.0,"gold_gain":0.0,"event_name":"Shining Light","player_choice":"Entered Light","floor":2.0,"gold_loss":0.0,"damage_taken":20.0,"cards_upgraded":["Survivor","Strike_G"]},{"damage_healed":0.0,"max_hp_gain":0.0,"max_hp_loss":0.0,"gold_gain":0.0,"event_name":"Lab","player_choice":"Got Potions","floor":3.0,"gold_loss":0.0,"damage_taken":0.0},{"damage_healed":0.0,"max_hp_gain":0.0,"max_hp_loss":0.0,"gold_gain":0.0,"event_name":"Scrap Ooze","player_choice":"Fled","floor":12.0,"gold_loss":0.0,"damage_taken":0.0}],"is_beta":false,"boss_relics":[],"items_purged_floors":[],"is_endless":false,"potions_floor_spawned":[1,7,14],"killed_by":"Hexaghost","ascension_level":20}}