{"host":"haq22x9zdvtvc76a","time":1611444581,"event":{"mods":["BaseMod","Downfall","Minty Spire (QoL Compilation)","StSLib"],"gold_per_floor":[99,115,139,314,326,343,343,372,86,115,115,133,167,185,204,204,204,204],"floor_reached":16,"language":"ENG","playtime":1610,"items_purged":["Doubt"],"score":162,"play_id":"c0fe40e4-eac0-4119-9160-2fd2db42ad85","local_time":"20210123182941","is_ascension_mode":true,"campfire_choices":[{"floor":1,"key":"RECALL"}],"circlet_count":0,"master_deck":["bronze:Strike","bronze:Strike","bronze:Strike","bronze:Defend","bronze:Defend","bronze:Defend","bronze:Defend","bronze:Replicate","bronze:Goto","bronze:ChosenStrike","bronze:BronzeOrb","bronze:MaxOutput","bronze:Fortify","bronze:Return","bronze:Separator","bronze:Constructor","bronze:FunctionCard","bronze:Constructor","bronze:Spike","bronze:DazingPulse","bronze:Repulsor+1","bronze:GetLatest","bronze:InfiniteBeams+1","bronze:BronzeArmor"],"relics":["bronze:BronzeCore","hexamod:BolsterEngine","Frozen Egg 2","Question Card","Gremlin Horn","Shuriken"],"acts_visited":["Exordium"],"potions_floor_usage":[8,15],"damage_taken":[{"damage":1,"enemies":"Cultist","floor":2,"turns":3},{"damage":1,"enemies":"Jaw Worm","floor":5,"turns":2},{"damage":2,"enemies":"2 Louse","floor":6,"turns":2},{"damage":10,"enemies":"Lagavulin","floor":8,"turns":10},{"damage":0,"enemies":"downfall:FleeingMerchant","floor":9,"turns":4},{"damage":40,"enemies":"3 Sentries","floor":10,"turns":10},{"damage":1,"enemies":"3 Sentries","floor":11,"turns":2},{"damage":7,"enemies":"Exordium Wildlife","floor":12,"turns":4},{"damage":0,"enemies":"Lagavulin","floor":13,"turns":5},{"damage":0,"enemies":"Red Slaver","floor":14,"turns":2},{"damage":0,"enemies":"Large Slime","floor":15,"turns":4},{"damage":17,"enemies":"DF_ARCHETYPE_STREAMLINE","floor":16,"turns":3}],"seed_played":"1877372388989425952","potions_obtained":[{"floor":2,"key":"Block Potion"},{"floor":5,"key":"DuplicationPotion"},{"floor":10,"key":"Dexterity Potion"},{"floor":13,"key":"SkillPotion"},{"floor":15,"key":"bronze:CleanCodePotion"}],"is_trial":false,"path_per_floor":["R","M","T","?","M","M","T","E","$","E","?","M","E","M","M","B"],"character_chosen":"THE_AUTOMATON","items_purchased":["bronze:Hardcode+1","bronze:Constructor"],"campfire_rested":0,"item_purchase_floors":[9,9],"current_hp_per_floor":[70,69,69,69,68,66,66,56,56,16,15,8,8,8,8,0,0,0],"gold":204,"neow_bonus":"TRANSFORM_CARD","is_daily":false,"chose_seed":false,"campfire_upgraded":0,"win_rate":0.0,"timestamp":1611444581,"path_taken":["R","M","?","?","M","M","T","E","$","E","?","M","E","M","M","BOSS"],"items_purchased_type":["Card","Card"],"build_version":"2020-12-22","purchased_purges":1,"victory":false,"max_hp_per_floor":[70,70,70,70,70,70,70,70,70,70,70,70,70,70,70,70,70,70],"card_choices":[{"not_picked":["bronze:ForceShield","bronze:Backtrace"],"picked":"bronze:BronzeOrb","floor":2},{"not_picked":["bronze:Backtrace","bronze:Refactor"],"picked":"bronze:MaxOutput","floor":5},{"not_picked":["bronze:Allocate","bronze:NullPointer"],"picked":"bronze:Fortify","floor":6},{"not_picked":["bronze:OilSpill","bronze:Deprecate"],"picked":"bronze:Return","floor":8},{"not_picked":["bronze:BuggyMess","bronze:WhirlingStrike","bronze:MaxOutput+1"],"picked":"bronze:Separator","floor":9},{"not_picked":["bronze:WhirlingStrike","bronze:WildBeam","bronze:DelayedSlice"],"picked":"bronze:Constructor","floor":10},{"not_picked":[],"picked":"bronze:Spike","floor":11},{"not_picked":[],"picked":"bronze:DazingPulse","floor":11},{"not_picked":["bronze:Frontload","bronze:Deprecate","bronze:WhirlingStrike"],"picked":"bronze:Repulsor+1","floor":11},{"not_picked":["bronze:DelayedGuard","bronze:Backtrace","bronze:Branch"],"picked":"bronze:GetLatest","floor":12},{"not_picked":["bronze:SpaghettiCode","bronze:BugBarrage","bronze:WildBeam"],"picked":"bronze:InfiniteBeams+1","floor":13},{"not_picked":["bronze:FineTuning","bronze:Backtrace","bronze:Boost"],"picked":"bronze:BronzeArmor","floor":14},{"not_picked":["bronze:NullPointer","bronze:Iterate","bronze:Overload","bronze:BugBarrage"],"picked":"SKIP","floor":15}],"player_experience":1667207,"relics_obtained":[{"floor":3,"key":"hexamod:BolsterEngine"},{"floor":7,"key":"Frozen Egg 2"},{"floor":8,"key":"Question Card"},{"floor":10,"key":"Gremlin Horn"},{"floor":13,"key":"Shuriken"}],"event_choices":[],"is_beta":false,"boss_relics":[],"items_purged_floors":[9],"is_endless":false,"potions_floor_spawned":[2,5,10,13,15],"killed_by":"DF_ARCHETYPE_STREAMLINE","ascension_level":2}}