{"host":"w9399nasro87w70m","time":1611374103,"event":{"mods":["AchievementEnabler","BaseMod","Bestiary","Colored Map","Colored Powertips","Downfall","Highlight Path","Luminous","Minty Spire (QoL Compilation)","Rare Cards Sparkle","Relic Stats","Replay The Spire","StSLib"],"gold_per_floor":[209,219,229,245,260,275,293,304,304,304,330,330,181,181,181,283,283,298,24,54,54,70,98,98,131,131,231,25,25,57,57,57,152,202,221,221,240,170,170,170,170],"floor_reached":40,"language":"ENG","playtime":3105,"items_purged":["Strike_R","Hallucinations","Defend_R","Strike_R"],"score":618,"play_id":"eda3a6da-d0a3-4a60-86be-2275fba031d1","local_time":"20210122225503","is_ascension_mode":true,"campfire_choices":[{"data":"Inflame","floor":10,"key":"SMITH"},{"data":"Intimidate","floor":12,"key":"SMITH"},{"data":"Heavy Blade","floor":24,"key":"SMITH"},{"floor":29,"key":"REST"},{"floor":32,"key":"REST"}],"circlet_count":0,"master_deck":["Strike_R","Strike_R+1","Strike_R+1","Defend_R","Defend_R+1","Defend_R","Bash","Pummel","Inflame+1","Pummel+1","Spot Weakness","Intimidate+1","Disarm+1","Limit Break+1","Armaments+1","Heavy Blade+1","Shrug It Off+1","Pummel+1","Shrug It Off+1","Bloodletting+1","Warcry+1","Barricade","Seeing Red+1","Panache","Metamorphosis+1","Metamorphosis+1","ReplayTheSpireMod:IOU"],"relics":["Burning Blood","Toxic Egg 2","Whetstone","Ring of Hypnosis","Mark of Pain","Bag of Preparation","Red Mask","Replay:Towering Pillar of Hats","Smiling Mask","Omamori","WingedGreaves","Ornamental Fan","Vajra","Singing Bowl","Tiny House","Replay:Wax Seal","Happy Flower","Medical Kit"],"acts_visited":["Exordium","TheCity","TheBeyond"],"potions_floor_usage":[11,11,16,20,25,27,27,33,33,40],"damage_taken":[{"damage":11,"enemies":"Cultist","floor":1,"turns":4},{"damage":2,"enemies":"Jaw Worm","floor":2,"turns":3},{"damage":5,"enemies":"Small Slimes","floor":3,"turns":3},{"damage":13,"enemies":"3 Louse","floor":4,"turns":3},{"damage":11,"enemies":"2 Fungi Beasts","floor":5,"turns":4},{"damage":11,"enemies":"Blue Slaver","floor":6,"turns":3},{"damage":0,"enemies":"Exordium Wildlife","floor":7,"turns":2},{"damage":16,"enemies":"2 Fungi Beasts","floor":8,"turns":3},{"damage":15,"enemies":"3 Sentries","floor":11,"turns":4},{"damage":59,"enemies":"Fading Forest","floor":16,"turns":11},{"damage":23,"enemies":"2 Thieves","floor":18,"turns":4},{"damage":15,"enemies":"Masked Bandits","floor":20,"turns":3},{"damage":18,"enemies":"Chosen","floor":22,"turns":6},{"damage":8,"enemies":"Gremlin Leader","floor":23,"turns":7},{"damage":0,"enemies":"Book of Stabbing","floor":25,"turns":3},{"damage":6,"enemies":"Colosseum Slavers","floor":27,"turns":4},{"damage":26,"enemies":"Colosseum Nobs","floor":27,"turns":5},{"damage":11,"enemies":"Gremlin Leader","floor":30,"turns":2},{"damage":37,"enemies":"Champ","floor":33,"turns":7},{"damage":4,"enemies":"Orb Walker","floor":35,"turns":2},{"damage":36,"enemies":"3 Darklings","floor":37,"turns":5},{"damage":64,"enemies":"Reptomancer","floor":40,"turns":4}],"seed_played":"-1108040679410828821","potions_obtained":[{"floor":3,"key":"Swift Potion"},{"floor":5,"key":"DistilledChaos"},{"floor":6,"key":"DuplicationPotion"},{"floor":16,"key":"Block Potion"},{"floor":18,"key":"LiquidBronze"},{"floor":23,"key":"ColorlessPotion"},{"floor":25,"key":"ColorlessPotion"},{"floor":27,"key":"LiquidBronze"},{"floor":34,"key":"LiquidBronze"}],"is_trial":false,"path_per_floor":["M","M","M","M","M","M","M","M","T","R","E","R","$","?","R_BF","B",null,"M","$","?","?","M","E","R","E","T","?","$","R","E","?","R","B",null,"M","?","M","$","?","E"],"character_chosen":"IRONCLAD","items_purchased":["Elixir","Disarm+1","Armaments+1","Bag of Preparation","Vajra","Replay:Wax Seal","Happy Flower","Medical Kit"],"campfire_rested":2,"item_purchase_floors":[13,13,19,19,28,38,38,38],"current_hp_per_floor":[75,79,80,73,68,63,69,59,59,59,50,50,50,50,74,21,80,63,63,54,54,42,40,40,46,46,26,26,50,45,45,69,38,87,87,77,49,49,49,0,0],"gold":170,"neow_bonus":"HUNDRED_GOLD","is_daily":false,"chose_seed":false,"campfire_upgraded":3,"win_rate":0.0,"timestamp":1611374103,"path_taken":["M","M","M","M","M","M","M","M","T","R","E","R","$","?","R_BF","BOSS","M","$","?","?","M","E","R","E","T","?","$","R","E","?","R","BOSS","M","?","M","$","?","E"],"items_purchased_type":["Potion","Card","Card","Relic","Relic","Relic","Relic","Relic"],"build_version":"2020-12-22","purchased_purges":4,"victory":false,"max_hp_per_floor":[80,80,80,80,80,80,80,80,80,80,80,80,80,80,80,80,80,80,80,80,80,80,80,80,80,80,80,80,80,80,80,80,80,87,87,87,89,89,85,85,85],"relic_stats":{"Singing Bowl":4,"Happy Flower":[1],"counters":[22,92],"Ornamental Fan":[12],"Bag of Preparation":[22],"Whetstone":["Strike_R","Strike_R"],"Smiling Mask":175,"Medical Kit":[1],"obtain_stats":[{"Tiny House":34,"Ring of Hypnosis":14,"Replay:Towering Pillar of Hats":23,"Singing Bowl":30,"Happy Flower":38,"Vajra":28,"Bag of Preparation":19,"Omamori":26,"Whetstone":11,"Smiling Mask":25,"Medical Kit":38,"Burning Blood":0,"Ornamental Fan":27,"Mark of Pain":17,"WingedGreaves":27,"Red Mask":20,"Toxic Egg 2":9,"Replay:Wax Seal":38},{"Tiny House":19,"Ring of Hypnosis":9,"Replay:Towering Pillar of Hats":14,"Singing Bowl":18,"Happy Flower":21,"Vajra":17,"Bag of Preparation":11,"Omamori":15,"Whetstone":9,"Smiling Mask":15,"Medical Kit":21,"Burning Blood":0,"Ornamental Fan":17,"Mark of Pain":10,"WingedGreaves":17,"Red Mask":12,"Toxic Egg 2":8,"Replay:Wax Seal":21},{"Tiny House":81,"Ring of Hypnosis":29,"Replay:Towering Pillar of Hats":60,"Singing Bowl":74,"Happy Flower":88,"Vajra":72,"Bag of Preparation":44,"Omamori":63,"Whetstone":29,"Smiling Mask":63,"Medical Kit":88,"Burning Blood":0,"Ornamental Fan":72,"Mark of Pain":40,"WingedGreaves":72,"Red Mask":47,"Toxic Egg 2":25,"Replay:Wax Seal":88}],"Burning Blood":124},"card_choices":[{"not_picked":["Clash","Clothesline"],"picked":"Pummel","floor":1},{"not_picked":["Headbutt","Sword Boomerang","Body Slam"],"picked":"SKIP","floor":2},{"not_picked":["ReplayTheSpireMod:LeadingStrike","Spot Weakness"],"picked":"Inflame","floor":3},{"not_picked":["Thunderclap","Twin Strike","Headbutt"],"picked":"SKIP","floor":4},{"not_picked":["Body Slam","Sword Boomerang"],"picked":"Pummel","floor":5},{"not_picked":["Brutality","Clash"],"picked":"Spot Weakness","floor":6},{"not_picked":["Thunderclap","Combust"],"picked":"Intimidate","floor":7},{"not_picked":["Clothesline","Intimidate","Anger"],"picked":"SKIP","floor":8},{"not_picked":["Sword Boomerang","Thunderclap","Replay:Undeath\u0027s Touch"],"picked":"SKIP","floor":11},{"not_picked":["Barricade","Immolate"],"picked":"Limit Break+1","floor":16},{"not_picked":["Cleave","Twin Strike","Clash+1"],"picked":"SKIP","floor":18},{"not_picked":["Thunderclap","Wild Strike"],"picked":"Heavy Blade","floor":20},{"not_picked":["Sword Boomerang","Exhume+1"],"picked":"Pummel+1","floor":22},{"not_picked":["True Grit+1","Feel No Pain"],"picked":"Shrug It Off+1","floor":23},{"not_picked":["Shockwave+1","Burning Pact+1"],"picked":"Bloodletting+1","floor":25},{"not_picked":["Headbutt","ReplayTheSpireMod:Strike From Hell"],"picked":"Warcry+1","floor":30},{"not_picked":["Feed","Eclipse+1"],"picked":"Barricade","floor":33},{"not_picked":["Replay:Undeath\u0027s Touch","Anger","Disarm+1"],"picked":"Singing Bowl","floor":34},{"not_picked":["ReplayTheSpireMod:LeadingStrike","Combust+1"],"picked":"Seeing Red+1","floor":35},{"not_picked":["Mind Blast","Impatience+1"],"picked":"Panache","floor":36},{"not_picked":["Flash of Steel","Deep Breath+1"],"picked":"Metamorphosis+1","floor":36},{"not_picked":["Specialist","Midas Touch+1"],"picked":"Metamorphosis+1","floor":36},{"not_picked":["Feel No Pain+1","Body Slam","Sword Boomerang+1"],"picked":"Singing Bowl","floor":37}],"player_experience":104281,"relics_obtained":[{"floor":9,"key":"Toxic Egg 2"},{"floor":11,"key":"Whetstone"},{"floor":14,"key":"Ring of Hypnosis"},{"floor":20,"key":"Red Mask"},{"floor":23,"key":"Replay:Towering Pillar of Hats"},{"floor":25,"key":"Smiling Mask"},{"floor":26,"key":"Omamori"},{"floor":27,"key":"WingedGreaves"},{"floor":27,"key":"Ornamental Fan"},{"floor":30,"key":"Singing Bowl"}],"event_choices":[{"damage_healed":0,"gold_gain":0,"player_choice":"Fought Bandits","damage_taken":0,"max_hp_gain":0,"max_hp_loss":0,"event_name":"Masked Bandits","floor":20,"gold_loss":0},{"damage_healed":0,"gold_gain":0,"player_choice":"Read","damage_taken":0,"max_hp_gain":0,"max_hp_loss":0,"event_name":"The Library","floor":21,"gold_loss":0,"cards_obtained":["Shrug It Off"]},{"damage_healed":0,"gold_gain":0,"player_choice":"Fight","damage_taken":0,"max_hp_gain":0,"max_hp_loss":0,"event_name":"Colosseum","floor":27,"gold_loss":0},{"damage_healed":0,"gold_gain":0,"player_choice":"Fought Nobs","damage_taken":0,"max_hp_gain":0,"max_hp_loss":0,"event_name":"Colosseum","floor":27,"gold_loss":0},{"damage_healed":0,"gold_gain":0,"player_choice":"Ignored","damage_taken":0,"max_hp_gain":0,"max_hp_loss":0,"event_name":"Vampires","floor":31,"gold_loss":0},{"damage_healed":0,"gold_gain":0,"player_choice":"Memory 3","damage_taken":10,"max_hp_gain":0,"max_hp_loss":0,"event_name":"SensoryStone","floor":36,"gold_loss":0},{"damage_healed":0,"gold_gain":0,"player_choice":"Max HP","damage_taken":0,"max_hp_gain":0,"max_hp_loss":4,"event_name":"Winding Halls","floor":39,"gold_loss":0}],"is_beta":false,"boss_relics":[{"not_picked":["Replay:Bronze Core","Coffee Dripper"],"picked":"Mark of Pain"},{"not_picked":["Velvet Choker","Painkiller Herb"],"picked":"Tiny House"}],"items_purged_floors":[13,19,28,38],"is_endless":false,"potions_floor_spawned":[3,5,6,8,16,18,23,25,27],"killed_by":"Reptomancer","ascension_level":4}}