{"host":"xkyjkr020mio9edy","time":1611375864,"event":{"mods":["BaseMod","Clockwork Mod","Colored Map","Colored Powertips","Downfall","Glutton Mod","Gold Saver","Minty Spire (QoL Compilation)","Quick Restart","StSLib","TheHeartMod"],"gold_per_floor":[109,284,284,308,321,362,362,49,76,49377,49396,49396,49416,49435,49435,49559,49559,49578,49058,49074,49095,48175,48211,48211,48211,48237,48237,48237,48237,48255,48280,48280,48400,48400,48420,47703,47722,47722,47738,47738,47759,47759,47812,47812,47812],"floor_reached":44,"language":"ENG","playtime":2168,"items_purged":["Doubt","Injury","Tools of the Trade","Defend_G"],"score":734,"play_id":"3d3037c0-b22f-4b0c-b12c-464defa882cc","local_time":"20210122232424","is_ascension_mode":true,"campfire_choices":[{"floor":7,"key":"RECALL"},{"floor":12,"key":"REST"},{"floor":15,"key":"REST"},{"floor":24,"key":"REST"},{"floor":27,"key":"REST"},{"floor":32,"key":"REST"},{"floor":40,"key":"REST"}],"circlet_count":0,"master_deck":["Strike_G","Strike_G","Strike_G","Strike_G","Strike_G+1","Defend_G","Defend_G","Defend_G","Survivor","Neutralize","Choke+1","Poisoned Stab","Slice","Predator","Infinite Blades+1","Poisoned Stab","Terror","Catalyst","Bane+1","Dodge and Roll","Bullet Time","All Out Attack","A Thousand Cuts","PiercingWail","Noxious Fumes","The Bomb","Blade Dance","Caltrops","Dagger Spray+1","Caltrops+1","Sadistic Nature","Bullet Time","Slice+1","RitualDagger","Poisoned Stab","Crippling Poison+1","Dagger Spray","A Thousand Cuts","Poisoned Stab+1","Noxious Fumes","sneckomod:UnknownClassCLOCKWORK","Madness","Madness","bronze:InfiniteBeams+1","hexamod:HauntingEcho+1","Good Instincts"],"relics":["Ring of the Snake","Smiling Mask","Golden Idol","Boot","champ:Barbells","Guardian:PocketSentry","Omamori","TwistedFunnel","bronze:MakeshiftBattery","Pen Nib","Anchor","Blood Vial","Chemical X","Shuriken","bronze:BronzeIdol","MutagenicStrength","Sozu","TungstenRod","Ancient Tea Set","PrismaticShard","Nunchaku"],"acts_visited":["Exordium","TheCity","TheBeyond"],"potions_floor_usage":[5,6,6,33],"damage_taken":[{"damage":0,"enemies":"Cultist","floor":1,"turns":5},{"damage":11,"enemies":"Small Slimes","floor":4,"turns":5},{"damage":7,"enemies":"Jaw Worm","floor":5,"turns":4},{"damage":11,"enemies":"Gremlin Nob","floor":6,"turns":5},{"damage":23,"enemies":"Exordium Thugs","floor":11,"turns":3},{"damage":16,"enemies":"Exordium Wildlife","floor":13,"turns":3},{"damage":0,"enemies":"2 Fungi Beasts","floor":14,"turns":2},{"damage":28,"enemies":"Hexaghost","floor":16,"turns":8},{"damage":28,"enemies":"3 Byrds","floor":18,"turns":4},{"damage":1,"enemies":"Chosen","floor":20,"turns":4},{"damage":8,"enemies":"3 Cultists","floor":21,"turns":3},{"damage":25,"enemies":"Book of Stabbing","floor":23,"turns":4},{"damage":11,"enemies":"Shelled Parasite and Fungi","floor":30,"turns":2},{"damage":9,"enemies":"Centurion and Healer","floor":31,"turns":3},{"damage":29,"enemies":"Automaton","floor":33,"turns":6},{"damage":0,"enemies":"Orb Walker","floor":35,"turns":2},{"damage":14,"enemies":"3 Darklings","floor":37,"turns":4},{"damage":11,"enemies":"4 Shapes","floor":39,"turns":3},{"damage":40,"enemies":"Spire Growth","floor":41,"turns":4},{"damage":31,"enemies":"Giant Head","floor":44,"turns":5}],"seed_played":"-4953767421056077023","potions_obtained":[{"floor":1,"key":"FearPotion"},{"floor":4,"key":"Dexterity Potion"},{"floor":5,"key":"Fruit Juice"},{"floor":20,"key":"SkillPotion"},{"floor":23,"key":"sneckomod:MuddlingPotion"}],"is_trial":false,"path_per_floor":["M","?","?","M","M","E","R","$","T","$","M","R","M","M","R","B",null,"M","$","M","M","$","E","R","?","T","R","?","?","M","M","R","B",null,"M","$","M","?","M","R","M","?","T","E"],"character_chosen":"THE_SILENT","items_purchased":["Infinite Blades","champ:Barbells","Poisoned Stab","Terror","Guardian:PocketSentry","Omamori","TwistedFunnel","Tools of the Trade","Catalyst","Bane","Noxious Fumes","Pen Nib","The Bomb","Blade Dance","Anchor","Blood Vial","Chemical X","Caltrops","Sadistic Nature","Bullet Time","TungstenRod","Ancient Tea Set","PrismaticShard","Noxious Fumes"],"campfire_rested":6,"item_purchase_floors":[8,8,8,8,10,10,10,10,10,10,19,19,19,19,22,22,22,22,22,22,36,36,36,36],"current_hp_per_floor":[70,70,70,59,57,46,46,46,46,46,23,45,29,29,51,23,75,47,47,46,38,38,15,37,31,31,53,53,53,44,37,59,32,75,75,75,61,53,44,66,28,28,28,0,0],"gold":47812,"neow_bonus":"RANDOM_COMMON_RELIC","is_daily":false,"chose_seed":false,"campfire_upgraded":0,"win_rate":0.0,"timestamp":1611375864,"path_taken":["M","?","?","M","?","E","R","$","T","?","M","R","M","M","R","BOSS","M","$","M","M","$","E","R","?","T","R","?","?","M","?","R","BOSS","M","$","?","?","M","R","M","?","T","E"],"items_purchased_type":["Card","Relic","Card","Card","Relic","Relic","Relic","Card","Card","Card","Card","Relic","Card","Card","Relic","Relic","Relic","Card","Card","Card","Relic","Relic","Relic","Card"],"build_version":"2020-12-22","purchased_purges":4,"victory":false,"max_hp_per_floor":[70,70,70,70,75,75,75,75,75,75,75,75,75,75,75,75,75,75,75,75,75,75,75,75,75,75,75,75,75,75,75,75,75,75,75,75,75,75,75,75,75,75,75,75,75],"card_choices":[{"not_picked":["Skewer","Predator"],"picked":"Choke","floor":1},{"not_picked":["Well Laid Plans","Underhanded Strike"],"picked":"Poisoned Stab","floor":4},{"not_picked":["Flying Knee","Distraction"],"picked":"Slice","floor":5},{"not_picked":["Acrobatics","Underhanded Strike"],"picked":"Predator","floor":6},{"not_picked":["Sucker Punch","Underhanded Strike"],"picked":"Dodge and Roll","floor":11},{"not_picked":["Deflect","Backflip"],"picked":"Bullet Time","floor":13},{"not_picked":["Underhanded Strike","Dodge and Roll"],"picked":"All Out Attack","floor":14},{"not_picked":["Doppelganger","Unload"],"picked":"A Thousand Cuts","floor":16},{"not_picked":["Predator+1","Terror"],"picked":"PiercingWail","floor":18},{"not_picked":["Well Laid Plans+1","Underhanded Strike+1"],"picked":"Caltrops","floor":20},{"not_picked":["Prepared","Underhanded Strike"],"picked":"Dagger Spray+1","floor":21},{"not_picked":["Dagger Throw+1","Expertise"],"picked":"Slice","floor":23},{"not_picked":["PiercingWail","Terror"],"picked":"Crippling Poison+1","floor":30},{"not_picked":["Flying Knee","Prepared"],"picked":"Dagger Spray","floor":31},{"not_picked":["Adrenaline","Night Terror"],"picked":"A Thousand Cuts","floor":33},{"not_picked":["Finisher","PiercingWail"],"picked":"Poisoned Stab+1","floor":35},{"not_picked":["Slimebound:GoopSpray+1","champ:ShieldSlam"],"picked":"sneckomod:UnknownClassCLOCKWORK","floor":37},{"not_picked":["hexamod:FlamesFromBeyond+1","hexamod:SwordOfDarkness"],"picked":"bronze:InfiniteBeams+1","floor":39},{"not_picked":["hexamod:SpectersWail","bronze:DelayedSlice+1"],"picked":"hexamod:HauntingEcho+1","floor":41},{"not_picked":["Jack Of All Trades","Metamorphosis"],"picked":"Good Instincts","floor":42}],"player_experience":109561,"relics_obtained":[{"floor":6,"key":"Boot"},{"floor":23,"key":"Shuriken"},{"floor":26,"key":"bronze:BronzeIdol"},{"floor":43,"key":"Nunchaku"}],"event_choices":[{"damage_healed":0,"gold_gain":175,"player_choice":"AGREE","damage_taken":0,"max_hp_gain":0,"max_hp_loss":0,"event_name":"Liars Game","floor":2,"gold_loss":0,"cards_obtained":["Doubt"]},{"damage_healed":0,"gold_gain":0,"player_choice":"Take Wound","damage_taken":0,"relics_obtained":["Golden Idol"],"max_hp_gain":0,"max_hp_loss":0,"event_name":"Golden Idol","floor":3,"gold_loss":0,"cards_obtained":["Injury"]},{"damage_healed":0,"gold_gain":0,"player_choice":"Joined the Cult","damage_taken":6,"max_hp_gain":0,"max_hp_loss":0,"event_name":"Nest","floor":25,"gold_loss":0,"cards_obtained":["RitualDagger"]},{"damage_healed":0,"gold_gain":0,"player_choice":"Inject Mutagens","damage_taken":0,"relics_obtained":["MutagenicStrength"],"max_hp_gain":0,"max_hp_loss":0,"event_name":"Drug Dealer","floor":28,"gold_loss":0},{"damage_healed":0,"gold_gain":0,"cards_transformed":["Defend_G"],"player_choice":"Transformed","damage_taken":0,"max_hp_gain":0,"max_hp_loss":0,"event_name":"Transmorgrifier","floor":29,"gold_loss":0,"cards_obtained":["Poisoned Stab"]},{"damage_healed":0,"gold_gain":0,"player_choice":"Embrace Madness","damage_taken":9,"max_hp_gain":0,"max_hp_loss":0,"event_name":"Winding Halls","floor":38,"gold_loss":0,"cards_obtained":["Madness","Madness"]},{"damage_healed":0,"gold_gain":0,"player_choice":"Memory 1","damage_taken":0,"max_hp_gain":0,"max_hp_loss":0,"event_name":"SensoryStone","floor":42,"gold_loss":0}],"is_beta":false,"boss_relics":[{"not_picked":["Philosopher\u0027s Stone","Ectoplasm"],"picked":"bronze:MakeshiftBattery"},{"not_picked":["Busted Crown","Ring of the Serpent"],"picked":"Sozu"}],"items_purged_floors":[10,19,22,36],"is_endless":false,"potions_floor_spawned":[1,4,5,20,23,41],"killed_by":"Giant Head","ascension_level":1}}