{"host":"ao4lxi9bhtts409i","time":1611436332,"event":{"mods":["AchievementEnabler","BaseMod","Colored Map","Colored Powertips","Minty Spire (QoL Compilation)","SuperFastMode"],"gold_per_floor":[112,131,131,146,146,475,475,485,485,485,516,163,175,193,193,288,288,277,294,304,84,84,84,109,109,155,173,173,272,272,272,272,272,272],"floor_reached":33,"language":"ENG","playtime":1298,"items_purged":["Strike_R"],"score":355,"play_id":"efe1eb42-6010-4e27-8544-7126cf94abb8","local_time":"20210123221212","is_ascension_mode":true,"campfire_choices":[{"floor":7,"key":"REST"},{"floor":10,"key":"DIG"},{"floor":15,"key":"DIG"},{"floor":23,"key":"DIG"},{"floor":28,"key":"DIG"},{"floor":30,"key":"DIG"},{"floor":32,"key":"DIG"}],"circlet_count":0,"master_deck":["Defend_R","Defend_R","Defend_R","Defend_R","Bash","Whirlwind+1","Headbutt","Disarm","Flash of Steel","Rage","Fiend Fire","Inflame","Shrug It Off","Cleave","Ghostly Armor","Demon Form","Fire Breathing","Shrug It Off","Havoc+1","Feel No Pain","Bite","Bite","Bite","Bite","Bite"],"relics":["Burning Blood","NeowsBlessing","Old Coin","Shovel","Ginger","Pear","Chemical X","TungstenRod","Mark of Pain","MealTicket","The Courier","Tiny Chest","Dream Catcher","Letter Opener","Prayer Wheel","Ice Cream","StrikeDummy"],"acts_visited":["Exordium","TheCity"],"potions_floor_usage":[16,16,24,33],"damage_taken":[{"damage":0,"enemies":"Small Slimes","floor":1,"turns":1},{"damage":0,"enemies":"Cultist","floor":2,"turns":1},{"damage":0,"enemies":"2 Louse","floor":4,"turns":1},{"damage":57,"enemies":"Lagavulin","floor":6,"turns":7},{"damage":13,"enemies":"Lots of Slimes","floor":8,"turns":3},{"damage":19,"enemies":"3 Sentries","floor":11,"turns":4},{"damage":1,"enemies":"Looter","floor":13,"turns":3},{"damage":3,"enemies":"3 Louse","floor":14,"turns":2},{"damage":14,"enemies":"Hexaghost","floor":16,"turns":8},{"damage":11,"enemies":"2 Thieves","floor":18,"turns":4},{"damage":33,"enemies":"Chosen","floor":19,"turns":5},{"damage":23,"enemies":"Snecko","floor":20,"turns":5},{"damage":34,"enemies":"Gremlin Leader","floor":24,"turns":9},{"damage":13,"enemies":"Chosen and Byrds","floor":27,"turns":6},{"damage":64,"enemies":"Champ","floor":33,"turns":10}],"seed_played":"6096159048894446023","potions_obtained":[{"floor":1,"key":"LiquidMemories"},{"floor":8,"key":"SmokeBomb"},{"floor":13,"key":"Weak Potion"},{"floor":14,"key":"ColorlessPotion"},{"floor":18,"key":"Strength Potion"},{"floor":20,"key":"PowerPotion"}],"is_trial":false,"path_per_floor":["M","M","?","M","?","E","R","M","T","R","E","$","M","M","R","B",null,"M","M","M","$","?","R","E","?","T","M","R","?","R","T","R","B"],"character_chosen":"IRONCLAD","items_purchased":["Chemical X","Inflame","Shrug It Off","Feel No Pain","MealTicket"],"campfire_rested":1,"item_purchase_floors":[12,12,12,21,21],"current_hp_per_floor":[80,80,80,80,80,29,53,46,46,46,43,43,48,51,51,43,90,85,58,41,41,41,41,33,33,33,42,42,42,42,42,42,0,0],"gold":272,"neow_bonus":"THREE_ENEMY_KILL","is_daily":false,"chose_seed":false,"campfire_upgraded":0,"win_rate":0.0,"timestamp":1611436332,"path_taken":["M","M","?","?","?","E","R","?","T","R","E","$","M","M","R","BOSS","M","M","M","$","?","R","E","?","T","?","R","?","R","?","R","BOSS"],"items_purchased_type":["Relic","Card","Card","Card","Relic"],"build_version":"2020-12-22","purchased_purges":1,"victory":false,"max_hp_per_floor":[80,80,80,80,80,80,80,80,80,80,90,90,90,90,90,90,90,90,90,90,90,62,62,62,62,62,62,62,62,62,62,62,62,62],"card_choices":[{"not_picked":["Flex","Sword Boomerang"],"picked":"Whirlwind","floor":1},{"not_picked":["Twin Strike","Clothesline"],"picked":"Headbutt","floor":2},{"not_picked":["Sword Boomerang","Whirlwind"],"picked":"Disarm","floor":4},{"not_picked":["Entrench","Twin Strike"],"picked":"Rage","floor":6},{"not_picked":["Wild Strike","Heavy Blade"],"picked":"Fiend Fire","floor":8},{"not_picked":["Sword Boomerang","Wild Strike","Twin Strike"],"picked":"SKIP","floor":11},{"not_picked":["Anger","Body Slam"],"picked":"Cleave","floor":13},{"not_picked":["Flex","Shrug It Off"],"picked":"Ghostly Armor","floor":14},{"not_picked":["Double Tap","Reaper"],"picked":"Demon Form","floor":16},{"not_picked":["Pummel","Searing Blow+1"],"picked":"Fire Breathing","floor":18},{"not_picked":["Ghostly Armor","Whirlwind"],"picked":"Shrug It Off","floor":19},{"not_picked":["Rupture+1","Carnage"],"picked":"Havoc+1","floor":20},{"not_picked":["Feel No Pain","Anger+1","Sentinel"],"picked":"SKIP","floor":24},{"not_picked":["Flex","Body Slam","Dropkick"],"picked":"SKIP","floor":27}],"player_experience":251238,"relics_obtained":[{"floor":6,"key":"Old Coin"},{"floor":9,"key":"Shovel"},{"floor":10,"key":"Ginger"},{"floor":11,"key":"Pear"},{"floor":15,"key":"TungstenRod"},{"floor":23,"key":"The Courier"},{"floor":24,"key":"Tiny Chest"},{"floor":26,"key":"Dream Catcher"},{"floor":28,"key":"Letter Opener"},{"floor":30,"key":"Prayer Wheel"},{"floor":31,"key":"Ice Cream"},{"floor":32,"key":"StrikeDummy"}],"event_choices":[{"damage_healed":0,"gold_gain":0,"player_choice":"Forge","damage_taken":0,"max_hp_gain":0,"max_hp_loss":0,"event_name":"Accursed Blacksmith","floor":3,"gold_loss":0,"cards_upgraded":["Whirlwind"]},{"damage_healed":0,"gold_gain":0,"player_choice":"1 cards matched","damage_taken":0,"max_hp_gain":0,"max_hp_loss":0,"event_name":"Match and Keep!","floor":5,"gold_loss":0,"cards_obtained":["Flash of Steel"]},{"damage_healed":0,"gold_gain":0,"player_choice":"Became a vampire","damage_taken":0,"max_hp_gain":0,"max_hp_loss":28,"event_name":"Vampires","floor":22,"gold_loss":0,"cards_obtained":["Bite","Bite","Bite","Bite","Bite"]},{"damage_healed":0,"gold_gain":0,"player_choice":"Ignored","damage_taken":0,"max_hp_gain":0,"max_hp_loss":0,"event_name":"Ghosts","floor":25,"gold_loss":0},{"damage_healed":0,"gold_gain":99,"player_choice":"Stole From Cult","damage_taken":0,"max_hp_gain":0,"max_hp_loss":0,"event_name":"Nest","floor":29,"gold_loss":0}],"is_beta":false,"boss_relics":[{"not_picked":["Black Star","Runic Dome"],"picked":"Mark of Pain"}],"items_purged_floors":[12],"is_endless":false,"potions_floor_spawned":[1,8,13,14,18,20],"killed_by":"Champ","ascension_level":4}}