{"host":"ynimr9ugvc6f046i","time":1611420260,"event":{"mods":["2.2 Compatiblity","BaseMod","Colored Map","DeckTracker","Highlight Path","Keyboard Shortcuts","Minty Spire (QoL Compilation)","Permanent Neow","Quick Restart","StSLib","SuperFastMode"],"gold_per_floor":[119,138,149,149,149,183,196,234,280,76,76,76,1,19,19,110,110,129,129,129,29,29,43,74,74,74,74,94,94,94,109,109,198,198,211,232,252,268,268,312,335,373,442,475,475,490,207,223,223,223,223,223,223,73,111,111,111],"floor_reached":56,"language":"KOR","playtime":3814,"items_purged":["Strike_G","Strike_G","Strike_G","Defend_G"],"score":2584,"play_id":"f3c84670-c6f1-4b01-88a1-145f4c3a6a92","local_time":"20210124014420","is_ascension_mode":true,"campfire_choices":[{"data":"Reflex","floor":11.0,"key":"SMITH"},{"data":"Tactician","floor":15.0,"key":"SMITH"},{"data":"Calculated Gamble","floor":25.0,"key":"SMITH"},{"data":"Well Laid Plans","floor":27.0,"key":"SMITH"},{"data":"Acrobatics","floor":32.0,"key":"SMITH"},{"floor":49.0,"key":"RECALL"},{"data":"Wraith Form v2","floor":53,"key":"SMITH"}],"circlet_count":0,"master_deck":["AscendersBane","Defend_G+1","Defend_G","Defend_G","Survivor","Neutralize+1","Apotheosis+1","Backflip","Dagger Throw","Deadly Poison","Calculated Gamble+1","Reflex+1","Tactician+1","Well Laid Plans+1","Wraith Form v2+1","Burst","Ghostly","Ghostly+1","Ghostly","Escape Plan+1","Reflex+1","Acrobatics+1","Prepared","Calculated Gamble+1","Well Laid Plans+1","Purity","Flash of Steel"],"relics":["Ring of the Snake","Golden Idol","Darkstone Periapt","Akabeko","HoveringKite","MealTicket","Blood Vial","Black Star","Mercury Hourglass","War Paint","Paper Crane","Frozen Egg 2","Shuriken","Potion Belt","Oddly Smooth Stone","Anchor","Bottled Tornado"],"acts_visited":["Exordium","TheCity","TheBeyond","TheEnding"],"potions_floor_usage":[56],"damage_taken":[{"damage":1.0,"enemies":"2 Louse","floor":1.0,"turns":3.0},{"damage":0.0,"enemies":"Small Slimes","floor":2.0,"turns":4.0},{"damage":1.0,"enemies":"Jaw Worm","floor":3.0,"turns":4.0},{"damage":0.0,"enemies":"Lagavulin","floor":6.0,"turns":8.0},{"damage":5.0,"enemies":"2 Fungi Beasts","floor":7.0,"turns":3.0},{"damage":16.0,"enemies":"Gremlin Nob","floor":8.0,"turns":4.0},{"damage":0.0,"enemies":"3 Louse","floor":14.0,"turns":3.0},{"damage":0.0,"enemies":"Hexaghost","floor":16.0,"turns":9.0},{"damage":0.0,"enemies":"3 Byrds","floor":18.0,"turns":6.0},{"damage":4.0,"enemies":"Shell Parasite","floor":23.0,"turns":8.0},{"damage":5.0,"enemies":"Gremlin Leader","floor":24.0,"turns":8.0},{"damage":15.0,"enemies":"Cultist and Chosen","floor":28.0,"turns":10.0},{"damage":3.0,"enemies":"Snake Plant","floor":31.0,"turns":4.0},{"damage":0.0,"enemies":"Champ","floor":33.0,"turns":9.0},{"damage":2.0,"enemies":"3 Darklings","floor":35.0,"turns":6.0},{"damage":1.0,"enemies":"Orb Walker","floor":36.0,"turns":4.0},{"damage":0.0,"enemies":"Transient","floor":37.0,"turns":6.0},{"damage":0.0,"enemies":"3 Darklings","floor":38.0,"turns":6.0},{"damage":0.0,"enemies":"Giant Head","floor":40.0,"turns":4.0},{"damage":0.0,"enemies":"Maw","floor":41.0,"turns":4.0},{"damage":0.0,"enemies":"Nemesis","floor":42.0,"turns":5.0},{"damage":3.0,"enemies":"Reptomancer","floor":44.0,"turns":6.0},{"damage":4.0,"enemies":"Writhing Mass","floor":46.0,"turns":5.0},{"damage":13.0,"enemies":"4 Shapes","floor":48.0,"turns":5.0},{"damage":0.0,"enemies":"Awakened One","floor":50.0,"turns":3.0},{"damage":0,"enemies":"Donu and Deca","floor":51,"turns":5},{"damage":0,"enemies":"Shield and Spear","floor":55,"turns":5},{"damage":15,"enemies":"The Heart","floor":56,"turns":5}],"seed_played":"-2476387076426473349","potions_obtained":[{"floor":1.0,"key":"Poison Potion"},{"floor":6.0,"key":"Dexterity Potion"},{"floor":14.0,"key":"Weak Potion"},{"floor":23.0,"key":"Regen Potion"},{"floor":35.0,"key":"AttackPotion"},{"floor":36.0,"key":"DuplicationPotion"},{"floor":41.0,"key":"DuplicationPotion"},{"floor":44.0,"key":"Fire Potion"},{"floor":48.0,"key":"BlessingOfTheForge"}],"is_trial":false,"path_per_floor":["M","M","M","?","?","E","M","E","T","$","R","?","?","M","R","B",null,"M","?","?","$","?","M","E","R","T","R","M","$","?","M","R","B",null,"M","M","M","M","?","E","M","E","T","E","?","M","$","M","R","B","B",null,"R","$","E","B"],"character_chosen":"THE_SILENT","items_purchased":["Tactician","Well Laid Plans","Oddly Smooth Stone"],"campfire_rested":0,"item_purchase_floors":[10,10,47],"current_hp_per_floor":[58,58,57,39,39,39,34,18,18,18,18,18,18,18,18,18,45,45,27,27,27,21,17,12,12,12,12,14,27,27,24,24,26,27,25,26,27,27,27,27,27,27,27,24,14,12,27,14,14,16,18,25,25,27,27,12,12],"gold":111,"neow_bonus":"RANDOM_COLORLESS_2","is_daily":false,"chose_seed":false,"campfire_upgraded":6,"win_rate":0.0,"timestamp":1611420260,"path_taken":["M","M","M","?","?","E","M","E","T","$","R","?","?","M","R","BOSS","M","?","?","$","?","?","E","R","T","R","M","?","?","M","R","BOSS","M","M","M","?","?","E","M","E","T","E","?","M","$","M","R","BOSS","BOSS","R","$","E","BOSS"],"items_purchased_type":["Card","Card","Relic"],"build_version":"2020-12-22","purchased_purges":4,"victory":false,"max_hp_per_floor":[60,60,60,60,54,54,54,54,54,54,54,54,54,54,54,54,54,54,27,27,27,27,27,27,27,27,27,27,27,27,27,27,27,27,27,27,27,27,27,27,27,27,27,27,27,27,27,27,27,27,27,27,27,27,27,27,27],"card_choices":[{"not_picked":["Flying Knee","Blur"],"picked":"Backflip","floor":1.0},{"not_picked":["Outmaneuver","PiercingWail"],"picked":"Dagger Throw","floor":2.0},{"not_picked":["Prepared","Caltrops"],"picked":"Deadly Poison","floor":3.0},{"not_picked":["Setup","Outmaneuver","Dodge and Roll"],"picked":"SKIP","floor":6.0},{"not_picked":["Acrobatics","Malaise"],"picked":"Calculated Gamble","floor":7.0},{"not_picked":["Dodge and Roll","Finisher"],"picked":"Reflex","floor":8.0},{"not_picked":["Quick Slash","Outmaneuver","Cloak And Dagger"],"picked":"SKIP","floor":14.0},{"not_picked":["Tools of the Trade","Glass Knife"],"picked":"Burst","floor":16.0},{"not_picked":["Footwork+1","Dagger Throw","Tactician"],"picked":"SKIP","floor":18.0},{"not_picked":["Predator","Concentrate","Dagger Throw"],"picked":"SKIP","floor":23.0},{"not_picked":["Crippling Poison","Infinite Blades"],"picked":"Escape Plan+1","floor":24.0},{"not_picked":["Quick Slash+1","Underhanded Strike","Deadly Poison"],"picked":"SKIP","floor":28.0},{"not_picked":["Underhanded Strike","Blur"],"picked":"Acrobatics","floor":31.0},{"not_picked":["Acrobatics","Distraction+1"],"picked":"Prepared","floor":35.0},{"not_picked":["Underhanded Strike","Quick Slash","Dodge and Roll"],"picked":"SKIP","floor":36.0},{"not_picked":["Blade Dance","Sucker Punch"],"picked":"Calculated Gamble+1","floor":37.0},{"not_picked":["Cloak And Dagger","Reflex","All Out Attack"],"picked":"SKIP","floor":38.0},{"not_picked":["Endless Agony","Cloak And Dagger","Poisoned Stab+1"],"picked":"SKIP","floor":40.0},{"not_picked":["Outmaneuver+1","Endless Agony+1","Backstab"],"picked":"SKIP","floor":41.0},{"not_picked":["Cloak And Dagger+1","Slice","Quick Slash+1"],"picked":"SKIP","floor":42.0},{"not_picked":["Choke","Outmaneuver"],"picked":"Well Laid Plans+1","floor":44.0},{"not_picked":["Master of Strategy","Magnetism+1"],"picked":"Purity","floor":45.0},{"not_picked":["Trip","Discovery"],"picked":"Flash of Steel","floor":45.0},{"not_picked":["Outmaneuver","Backflip+1","Dodge and Roll+1"],"picked":"SKIP","floor":46.0},{"not_picked":["Backflip+1","Terror","Acrobatics"],"picked":"SKIP","floor":48.0},{"not_picked":["Outmaneuver","Cloak And Dagger","Acrobatics"],"picked":"SKIP","floor":55}],"player_experience":528889,"relics_obtained":[{"floor":8.0,"key":"Darkstone Periapt"},{"floor":9.0,"key":"Akabeko"},{"floor":24.0,"key":"MealTicket"},{"floor":26.0,"key":"Blood Vial"},{"floor":40.0,"key":"Mercury Hourglass"},{"floor":40.0,"key":"War Paint"},{"floor":42.0,"key":"Paper Crane"},{"floor":42.0,"key":"Frozen Egg 2"},{"floor":44.0,"key":"Shuriken"},{"floor":44.0,"key":"Potion Belt"},{"floor":55,"key":"Anchor"},{"floor":55,"key":"Bottled Tornado"}],"event_choices":[{"damage_healed":0.0,"max_hp_gain":0.0,"max_hp_loss":0.0,"gold_gain":0.0,"event_name":"Shining Light","player_choice":"Entered Light","floor":4.0,"gold_loss":0.0,"damage_taken":18.0,"cards_upgraded":["Neutralize","Apotheosis"]},{"damage_healed":0.0,"max_hp_gain":0.0,"max_hp_loss":6.0,"gold_gain":0.0,"event_name":"Golden Idol","player_choice":"Lose Max HP","floor":5.0,"gold_loss":0.0,"damage_taken":0.0,"relics_obtained":["Golden Idol"]},{"damage_healed":0.0,"max_hp_gain":0.0,"max_hp_loss":0.0,"gold_gain":0.0,"cards_transformed":["Strike_G"],"event_name":"Living Wall","player_choice":"Change","floor":12.0,"gold_loss":0.0,"damage_taken":0.0,"cards_obtained":["Wraith Form v2"]},{"cards_removed":["Defend_G"],"damage_healed":0.0,"max_hp_gain":0.0,"max_hp_loss":0.0,"gold_gain":0.0,"event_name":"The Cleric","player_choice":"Card Removal","floor":13.0,"gold_loss":75.0,"damage_taken":0.0},{"damage_healed":0.0,"max_hp_gain":0.0,"max_hp_loss":27.0,"gold_gain":0.0,"event_name":"Ghosts","player_choice":"Became a Ghost","floor":19.0,"gold_loss":0.0,"damage_taken":0.0,"cards_obtained":["Ghostly","Ghostly","Ghostly"]},{"damage_healed":0.0,"max_hp_gain":0.0,"max_hp_loss":0.0,"gold_gain":0.0,"event_name":"Cursed Tome","player_choice":"Ignored","floor":20.0,"gold_loss":0.0,"damage_taken":0.0},{"damage_healed":0.0,"max_hp_gain":0.0,"max_hp_loss":0.0,"gold_gain":0.0,"event_name":"Knowing Skull","player_choice":"","floor":22.0,"potions_obtained":[],"gold_loss":0.0,"damage_taken":6.0,"cards_obtained":[]},{"damage_healed":0.0,"max_hp_gain":0.0,"max_hp_loss":0.0,"gold_gain":0.0,"event_name":"Duplicator","player_choice":"Copied","floor":30.0,"gold_loss":0.0,"damage_taken":0.0,"cards_obtained":["Reflex"]},{"cards_removed":["Strike_G"],"damage_healed":0.0,"max_hp_gain":0.0,"max_hp_loss":0.0,"gold_gain":0.0,"event_name":"Falling","player_choice":"Removed Attack","floor":39.0,"gold_loss":0.0,"damage_taken":0.0},{"damage_healed":0.0,"max_hp_gain":0.0,"max_hp_loss":0.0,"gold_gain":0.0,"event_name":"SensoryStone","player_choice":"Memory 3","floor":45.0,"gold_loss":0.0,"damage_taken":10.0}],"is_beta":false,"boss_relics":[{"not_picked":["Coffee Dripper","SlaversCollar"],"picked":"HoveringKite"},{"not_picked":["Velvet Choker","SacredBark"],"picked":"Black Star"}],"items_purged_floors":[10,21,47,54],"is_endless":false,"potions_floor_spawned":[1,6,14,16,18,23,35,36,41,42,44,48],"killed_by":"The Heart","ascension_level":20}}