{"host":"sy26bfguqtls01um","time":1611387062,"event":{"mods":["BaseMod","DeckTracker","Hermit","Minty Spire (QoL Compilation)","Random Character Button","StSLib","SuperFastMode","The Hierophant","The Necromancer","The Servant 0.9.4","The Wild Card"],"gold_per_floor":[133,133,147,180,211,211,273,312,337,337,91,141,169,12,12,86,86,122,122,122,175,175,175],"floor_reached":22,"language":"KOR","playtime":2965,"items_purged":["Strike_S","Defend_S"],"score":393,"play_id":"c46b2a5d-9c0c-45f7-8f6a-299152787053","local_time":"20210123163102","is_ascension_mode":true,"campfire_choices":[{"data":"HandOfGreed","floor":6.0,"key":"SMITH"},{"floor":10,"key":"REST"},{"data":"Potential","floor":15,"key":"SMITH"}],"circlet_count":0,"master_deck":["AscendersBane","Strike_S","Strike_S","Defend_S","Defend_S","KidneyShot","Exchange","HandOfGreed+1","BottledTime","Manipulate","Potential+1","Potential","KillingDoll","Barrier","Collapse"],"relics":["Uniform","Pear","Strawberry","Lee\u0027s Waffle","Happy Flower","Sozu","Anchor"],"acts_visited":["Exordium","TheCity"],"potions_floor_usage":[8,13],"damage_taken":[{"damage":0.0,"enemies":"Cultist","floor":1.0,"turns":4.0},{"damage":12.0,"enemies":"Small Slimes","floor":3.0,"turns":3.0},{"damage":0.0,"enemies":"2 Louse","floor":4.0,"turns":2.0},{"damage":3.0,"enemies":"Blue Slaver","floor":5.0,"turns":6.0},{"damage":9.0,"enemies":"Exordium Thugs","floor":7.0,"turns":4.0},{"damage":7,"enemies":"Large Slime","floor":8,"turns":7},{"damage":45,"enemies":"Gremlin Nob","floor":13,"turns":5},{"damage":34,"enemies":"The Guardian","floor":16,"turns":15},{"damage":41,"enemies":"Spheric Guardian","floor":18,"turns":7},{"damage":27,"enemies":"Chosen","floor":22,"turns":5}],"seed_played":"-4078923514763359303","potions_obtained":[{"floor":1.0,"key":"Weak Potion"},{"floor":5.0,"key":"Explosive Potion"},{"floor":16,"key":"Energy Potion"}],"is_trial":false,"path_per_floor":["M","?","M","M","M","R","M","M","T","R","$","?","E","$","R","B",null,"M","?","?","T","M"],"character_chosen":"THE_SERVANT","items_purchased":["Lee\u0027s Waffle","Potential"],"campfire_rested":1,"item_purchase_floors":[11,14],"current_hp_per_floor":[39,38,26,26,23,23,14,7,14,37,84,84,39,39,39,5,64,23,23,23,23,0,0],"gold":175,"neow_bonus":"RANDOM_COLORLESS_2","is_daily":false,"chose_seed":false,"campfire_upgraded":2,"win_rate":0.0,"timestamp":1611387062,"path_taken":["M","?","M","M","M","R","M","M","T","R","$","?","E","$","R","BOSS","M","?","?","?","?"],"items_purchased_type":["Relic","Card"],"build_version":"2020-12-22","purchased_purges":2,"victory":false,"max_hp_per_floor":[60,70,70,70,70,70,70,70,77,77,84,84,84,84,84,84,84,84,84,84,84,84,84],"card_choices":[{"not_picked":["Magnetism","The Bomb"],"picked":"HandOfGreed","floor":0.0},{"not_picked":["Ricochet","Rewind","DoubleEdge"],"picked":"SKIP","floor":1.0},{"not_picked":["Snipe","Deadline","DoubleEdge"],"picked":"SKIP","floor":3.0},{"not_picked":["Misdirection","SurpressingFire"],"picked":"BottledTime","floor":4.0},{"not_picked":["DualDimension","Spin"],"picked":"Manipulate","floor":5.0},{"not_picked":["Barrier","Starlight","GearUp"],"picked":"SKIP","floor":7.0},{"not_picked":["Hightail","Ricochet"],"picked":"Potential","floor":8},{"not_picked":["LightFlow","Barrier","Advance"],"picked":"SKIP","floor":13},{"not_picked":["PendulumOfEternity","Sunlight"],"picked":"KillingDoll","floor":16},{"not_picked":["Rewind","DoubleEdge","ShatteredReality"],"picked":"SKIP","floor":18}],"player_experience":1885817,"relics_obtained":[{"floor":9,"key":"Strawberry"},{"floor":13,"key":"Happy Flower"},{"floor":21,"key":"Anchor"}],"event_choices":[{"damage_healed":0.0,"max_hp_gain":0.0,"max_hp_loss":0.0,"gold_gain":0.0,"event_name":"Scrap Ooze","player_choice":"Success","floor":2.0,"gold_loss":0.0,"damage_taken":11.0,"relics_obtained":["Pear"]},{"damage_healed":0,"gold_gain":50,"player_choice":"Pray","damage_taken":0,"max_hp_gain":0,"max_hp_loss":0,"event_name":"Golden Shrine","floor":12,"gold_loss":0},{"damage_healed":0,"gold_gain":0,"player_choice":"Ignored","damage_taken":0,"max_hp_gain":0,"max_hp_loss":0,"event_name":"Ghosts","floor":19,"gold_loss":0},{"damage_healed":0,"gold_gain":0,"cards_transformed":["Strike_S","Defend_S"],"player_choice":"Became Test Subject","damage_taken":0,"max_hp_gain":0,"max_hp_loss":0,"event_name":"Drug Dealer","floor":20,"gold_loss":0,"cards_obtained":["Barrier","Collapse"]}],"is_beta":false,"boss_relics":[{"not_picked":["Busted Crown","Snecko Eye"],"picked":"Sozu"}],"items_purged_floors":[11,14],"is_endless":false,"potions_floor_spawned":[1,5,16,18],"killed_by":"Chosen","ascension_level":20}}