{"host":"xkyjkr020mio9edy","time":1611378182,"event":{"mods":["BaseMod","Clockwork Mod","Colored Map","Colored Powertips","Downfall","Glutton Mod","Gold Saver","Minty Spire (QoL Compilation)","Quick Restart","StSLib","TheHeartMod"],"gold_per_floor":[50931,50020,50038,50038,50064,50076,50088,49245,49270,49270,49305,49319,49354,49366,49366,49471,49471,49482,49520,49090,49103,49115,49115,49132,49132,49132,49132,49132,49152,49152,48436,48436,48541,48541,48561,48575,48625,47747,47847,47847,47847,47847,47847,47862,47862,47878,47878,47893,47893,47893,47893],"floor_reached":50,"language":"ENG","playtime":2268,"items_purged":["Defend_G","Defend_G","Strike_G","Magnetism","Strike_G"],"score":666,"play_id":"94eac809-27e7-4ff1-824f-97c3919a6343","local_time":"20210123000302","is_ascension_mode":true,"campfire_choices":[{"floor":6,"key":"REST"},{"floor":10,"key":"RECALL"},{"floor":15,"key":"REST"},{"floor":23,"key":"REST"},{"floor":25,"key":"REST"},{"floor":30,"key":"REST"},{"floor":32,"key":"REST"},{"floor":40,"key":"REST"},{"data":"Terror","floor":42,"key":"SMITH"},{"floor":47,"key":"REST"},{"floor":49,"key":"REST"}],"circlet_count":0,"master_deck":["Strike_G+1","Strike_G","Strike_G+1","Defend_G","Defend_G","Survivor","Neutralize","Poisoned Stab","Caltrops","Deadly Poison","Deadly Poison","Blade Dance","Slice","Deadly Poison","Bane","Deadly Poison","Infinite Blades","Poisoned Stab","Tactician","Outmaneuver+1","Backstab+1","Deflect","Catalyst","Footwork","Accuracy","Slice","Accuracy","Blade Dance","Catalyst+1","Terror+1","Footwork","Poisoned Stab","Bandage Up","downfall:Haunted","downfall:Haunted","Writhe","Doubt","Doppelganger","Normality"],"relics":["Ring of the Snake","Lantern","StoneCalendar","Singing Bowl","DollysMirror","MawBank","Paper Crane","Ornamental Fan","Gremlin Horn","bronze:MakeshiftBattery","Vajra","Lee\u0027s Waffle","TungstenRod","TwistedFunnel","MealTicket","Pen Nib","WristBlade","Ginger","Snake Skull","Whetstone","ClockworkSouvenir","Darkstone Periapt","White Beast Statue"],"acts_visited":["Exordium","TheCity","TheBeyond"],"potions_floor_usage":[16,16,21,21,29,33,33,36,37,46,48,50],"damage_taken":[{"damage":0,"enemies":"Small Slimes","floor":1,"turns":4},{"damage":7,"enemies":"2 Louse","floor":3,"turns":3},{"damage":10,"enemies":"Jaw Worm","floor":5,"turns":4},{"damage":21,"enemies":"3 Sentries","floor":11,"turns":7},{"damage":2,"enemies":"Looter","floor":12,"turns":3},{"damage":8,"enemies":"3 Louse","floor":13,"turns":3},{"damage":2,"enemies":"Blue Slaver","floor":14,"turns":3},{"damage":30,"enemies":"The Guardian","floor":16,"turns":7},{"damage":10,"enemies":"3 Byrds","floor":18,"turns":2},{"damage":40,"enemies":"2 Thieves","floor":19,"turns":4},{"damage":34,"enemies":"3 Cultists","floor":21,"turns":5},{"damage":0,"enemies":"Chosen and Byrds","floor":22,"turns":4},{"damage":26,"enemies":"Snecko","floor":24,"turns":4},{"damage":10,"enemies":"Snake Plant","floor":29,"turns":3},{"damage":66,"enemies":"Collector","floor":33,"turns":6},{"damage":6,"enemies":"Orb Walker","floor":35,"turns":2},{"damage":12,"enemies":"3 Darklings","floor":36,"turns":3},{"damage":31,"enemies":"Mind Bloom Boss Battle","floor":37,"turns":4},{"damage":23,"enemies":"Jaw Worm Horde","floor":44,"turns":3},{"damage":27,"enemies":"Sphere and 2 Shapes","floor":46,"turns":4},{"damage":38,"enemies":"Maw","floor":48,"turns":5},{"damage":144,"enemies":"Time Eater","floor":50,"turns":8}],"seed_played":"-8811057352904008478","potions_obtained":[{"floor":3,"key":"EssenceOfSteel"},{"floor":11,"key":"LiquidMemories"},{"floor":12,"key":"sneckomod:MuddlingPotion"},{"floor":18,"key":"SneckoOil"},{"floor":19,"key":"hexamod:SoulburnPotion"},{"floor":21,"key":"Swift Potion"},{"floor":24,"key":"Block Potion"},{"floor":35,"key":"Ancient Potion"},{"floor":36,"key":"Swift Potion"},{"floor":44,"key":"Weak Potion"},{"floor":46,"key":"Regen Potion"},{"floor":48,"key":"GamblersBrew"}],"is_trial":false,"path_per_floor":["M","$","M","?","M","R","?","$","T","R","E","M","M","M","R","B",null,"M","M","$","M","M","R","M","R","T","?","?","M","R","$","R","B",null,"M","M","?","$","?","R","?","R","T","M","?","M","R","M","R","B"],"character_chosen":"THE_SILENT","items_purchased":["StoneCalendar","Singing Bowl","Caltrops","Deadly Poison","DollysMirror","Deadly Poison","Bane","Magnetism","Paper Crane","Ornamental Fan","Vajra","Lee\u0027s Waffle","TwistedFunnel","Accuracy","Blade Dance","MealTicket","Pen Nib","Snake Skull","Whetstone","ClockworkSouvenir","Terror","Footwork","Poisoned Stab","Bandage Up"],"campfire_rested":9,"item_purchase_floors":[2,2,2,2,2,8,8,8,8,8,20,20,31,31,31,31,31,38,38,38,38,38,38,38],"current_hp_per_floor":[70,70,63,45,35,56,56,56,56,56,35,33,25,23,44,16,72,62,22,79,45,45,68,42,65,65,65,51,41,66,66,84,20,86,82,70,41,56,91,125,125,125,125,108,110,85,124,102,133,0,0],"gold":47893,"neow_bonus":"RANDOM_COMMON_RELIC","is_daily":false,"chose_seed":false,"campfire_upgraded":1,"win_rate":0.0,"timestamp":1611378182,"path_taken":["M","$","M","?","M","R","?","?","T","R","E","M","M","M","R","BOSS","M","M","$","M","M","R","M","R","T","?","?","M","R","$","R","BOSS","M","M","?","$","?","R","?","R","T","M","?","?","R","M","R","BOSS"],"items_purchased_type":["Relic","Relic","Card","Card","Relic","Card","Card","Card","Relic","Relic","Relic","Relic","Relic","Card","Card","Relic","Relic","Relic","Relic","Relic","Card","Card","Card","Card"],"build_version":"2020-12-22","purchased_purges":5,"victory":false,"max_hp_per_floor":[70,70,70,70,70,70,70,70,70,70,70,70,70,70,70,72,72,72,72,79,79,79,79,79,79,79,79,84,84,84,84,84,86,86,88,88,90,90,125,125,125,125,125,127,129,131,131,133,133,133,133],"card_choices":[{"not_picked":["Quick Slash","Endless Agony"],"picked":"Poisoned Stab","floor":1},{"not_picked":["Slice","Choke"],"picked":"Blade Dance","floor":3},{"not_picked":["Choke","Eviscerate"],"picked":"Slice","floor":5},{"not_picked":["Blur","Bane"],"picked":"Deadly Poison","floor":11},{"not_picked":["Finisher","Crippling Poison"],"picked":"Infinite Blades","floor":12},{"not_picked":["Dodge and Roll","Doppelganger"],"picked":"Poisoned Stab","floor":13},{"not_picked":["Dash","Backflip"],"picked":"Tactician","floor":14},{"not_picked":["A Thousand Cuts","Glass Knife","Phantasmal Killer"],"picked":"Singing Bowl","floor":16},{"not_picked":["Dagger Spray","Dagger Throw+1"],"picked":"Outmaneuver+1","floor":18},{"not_picked":["Blade Dance","Flying Knee"],"picked":"Backstab+1","floor":19},{"not_picked":["Predator","All Out Attack"],"picked":"Deflect","floor":21},{"not_picked":["Glass Knife","Deadly Poison+1"],"picked":"Catalyst","floor":22},{"not_picked":["Deadly Poison","Flying Knee"],"picked":"Footwork","floor":24},{"not_picked":["Bane","Prepared"],"picked":"Slice","floor":29},{"not_picked":["Die Die Die","Adrenaline","Night Terror"],"picked":"Singing Bowl","floor":33},{"not_picked":["Prepared+1","Dagger Throw+1","Well Laid Plans"],"picked":"Singing Bowl","floor":35},{"not_picked":["Acrobatics+1","Quick Slash+1"],"picked":"Catalyst+1","floor":36},{"not_picked":["Acrobatics+1","Slice","Dodge and Roll"],"picked":"Singing Bowl","floor":37},{"not_picked":["Masterful Stab","Bullet Time","Quick Slash"],"picked":"Singing Bowl","floor":44},{"not_picked":["Forethought","Transmutation","Purity"],"picked":"Singing Bowl","floor":45},{"not_picked":["Flechettes+1","Riddle With Holes+1","Deflect"],"picked":"Singing Bowl","floor":46},{"not_picked":["Reflex+1","Cloak And Dagger","Acrobatics+1"],"picked":"Singing Bowl","floor":48}],"player_experience":111729,"relics_obtained":[{"floor":11,"key":"Gremlin Horn"},{"floor":26,"key":"TungstenRod"},{"floor":37,"key":"Ginger"},{"floor":43,"key":"White Beast Statue"}],"event_choices":[{"damage_healed":0,"gold_gain":0,"player_choice":"Success","damage_taken":18,"relics_obtained":["MawBank"],"max_hp_gain":0,"max_hp_loss":0,"event_name":"Scrap Ooze","floor":4,"gold_loss":0},{"damage_healed":0,"gold_gain":0,"player_choice":"Ignored","damage_taken":0,"max_hp_gain":0,"max_hp_loss":0,"event_name":"Golden Wing","floor":7,"gold_loss":0},{"damage_healed":0,"gold_gain":0,"player_choice":"Read","damage_taken":0,"max_hp_gain":0,"max_hp_loss":0,"event_name":"The Library","floor":27,"gold_loss":0,"cards_obtained":["Accuracy"]},{"damage_healed":0,"gold_gain":0,"player_choice":"Shed Blood","damage_taken":20,"max_hp_gain":5,"max_hp_loss":0,"event_name":"Forgotten Altar","floor":28,"gold_loss":0},{"damage_healed":0,"gold_gain":0,"player_choice":"Fight","damage_taken":0,"max_hp_gain":0,"max_hp_loss":0,"event_name":"MindBloom","floor":37,"gold_loss":0},{"cards_removed":["Defend_G"],"damage_healed":0,"gold_gain":0,"player_choice":"Removed Skill","damage_taken":0,"max_hp_gain":0,"max_hp_loss":0,"event_name":"Falling","floor":41,"gold_loss":0},{"damage_healed":0,"gold_gain":0,"player_choice":"Memory 1","damage_taken":0,"max_hp_gain":0,"max_hp_loss":0,"event_name":"SensoryStone","floor":45,"gold_loss":0}],"is_beta":false,"boss_relics":[{"not_picked":["Runic Dome","Velvet Choker"],"picked":"bronze:MakeshiftBattery"},{"not_picked":["expansioncontent:StudyCardRelic","Tiny House"],"picked":"WristBlade"}],"items_purged_floors":[2,8,20,31,38],"is_endless":false,"potions_floor_spawned":[3,11,12,18,19,21,24,35,36,44,46,48],"killed_by":"Time Eater","ascension_level":1}}