{"host":"lnt5dzsuhru0aonl","time":1611412003,"event":{"mods":["2.2 Compatiblity","BaseMod","Colored Map","Colored Powertips","DeckTracker","Keyboard Shortcuts","Minty Spire (QoL Compilation)","Permanent Neow","Rare Cards Sparkle","StSLib","SuperFastMode","everything is the same but u backflip on backflip"],"gold_per_floor":[114,114,189,200,32,32,58,58,58,58,86,97,114,28,28,101,101,116,116,41,61,72,72,122,122,122,22,38,38,38,50,50,129,129,141,141,155,155,202,232,248,248,299,330,330,256,296,23,23,23,23],"floor_reached":50,"language":"KOR","playtime":1028,"items_purged":["Decay","Strike_B","Defend_B"],"score":1168,"play_id":"20dd5399-b092-4759-aa1b-04f1d15df197","local_time":"20210123232643","is_ascension_mode":true,"campfire_choices":[{"data":"Defragment","floor":6.0,"key":"SMITH"},{"data":"Zap","floor":8.0,"key":"SMITH"},{"data":"Dualcast","floor":10.0,"key":"SMITH"},{"data":"Biased Cognition","floor":15.0,"key":"SMITH"},{"data":"Conserve Battery","floor":23.0,"key":"SMITH"},{"floor":25.0,"key":"REST"},{"data":"Electrodynamics","floor":29.0,"key":"SMITH"},{"floor":32.0,"key":"REST"},{"data":"Capacitor","floor":42.0,"key":"SMITH"},{"data":"Thunder Strike","floor":45.0,"key":"SMITH"},{"data":"Undo","floor":49.0,"key":"SMITH"}],"circlet_count":0,"master_deck":["AscendersBane","Strike_B+1","Defend_B","Defend_B","Zap+1","Dualcast+1","Ball Lightning+1","Defragment+1","Biased Cognition+1","CurseOfTheBell","Conserve Battery+1","Electrodynamics+1","Thunder Strike+1","Chaos+1","Redo+1","Cold Snap+1","Glacier+1","Capacitor+1","Defragment","Undo+1","Capacitor+1","Rebound"],"relics":["Cracked Core","NeowsBlessing","ClockworkSouvenir","Pear","Singing Bowl","HornCleat","Calling Bell","Juzu Bracelet","Meat on the Bone","Mango","Tiny Chest","Astrolabe","Smiling Mask","The Courier","Strawberry","Incense Burner","Bag of Marbles","CeramicFish","DollysMirror"],"acts_visited":["Exordium","TheCity","TheBeyond"],"potions_floor_usage":[50],"damage_taken":[{"damage":0.0,"enemies":"Small Slimes","floor":1.0,"turns":1.0},{"damage":0.0,"enemies":"2 Louse","floor":4.0,"turns":1.0},{"damage":0.0,"enemies":"3 Sentries","floor":7.0,"turns":1.0},{"damage":13.0,"enemies":"Lagavulin","floor":11.0,"turns":7.0},{"damage":7.0,"enemies":"Jaw Worm","floor":12.0,"turns":2.0},{"damage":6.0,"enemies":"Looter","floor":13.0,"turns":2.0},{"damage":19.0,"enemies":"The Guardian","floor":16.0,"turns":9.0},{"damage":45.0,"enemies":"2 Thieves","floor":18.0,"turns":4.0},{"damage":15.0,"enemies":"Spheric Guardian","floor":21.0,"turns":4.0},{"damage":3.0,"enemies":"Snake Plant","floor":22.0,"turns":3.0},{"damage":28.0,"enemies":"Cultist and Chosen","floor":28.0,"turns":6.0},{"damage":0.0,"enemies":"Chosen and Byrds","floor":31.0,"turns":3.0},{"damage":42.0,"enemies":"Collector","floor":33.0,"turns":8.0},{"damage":0.0,"enemies":"Orb Walker","floor":35.0,"turns":3.0},{"damage":17.0,"enemies":"3 Darklings","floor":37.0,"turns":4.0},{"damage":21.0,"enemies":"Nemesis","floor":40.0,"turns":11.0},{"damage":5.0,"enemies":"Sphere and 2 Shapes","floor":41.0,"turns":4.0},{"damage":25.0,"enemies":"Giant Head","floor":44.0,"turns":8.0},{"damage":35.0,"enemies":"Nemesis","floor":47.0,"turns":7.0},{"damage":49,"enemies":"Awakened One","floor":50,"turns":3}],"seed_played":"-2491470883682711411","potions_obtained":[{"floor":13.0,"key":"SkillPotion"},{"floor":16.0,"key":"Dexterity Potion"},{"floor":21.0,"key":"GamblersBrew"},{"floor":22.0,"key":"Dexterity Potion"},{"floor":40.0,"key":"Explosive Potion"},{"floor":44.0,"key":"FocusPotion"}],"is_trial":false,"path_per_floor":["M","?","?","M","$","R","E","R","T","R","E","M","M","$","R","B",null,"M","?","$","M","M","R","?","R","T","$","M","R","?","M","R","B",null,"M","?","M","?","T","E","M","R","T","E","R","?","E","$","R","B"],"character_chosen":"DEFECT","items_purchased":["ClockworkSouvenir","Biased Cognition","DollysMirror","Fruit Juice","Rebound"],"campfire_rested":2,"item_purchase_floors":[5,14,48,48,48],"current_hp_per_floor":[64,43,32,32,32,32,42,42,42,42,31,26,22,22,22,5,82,49,49,49,48,59,59,59,91,91,91,63,63,31,45,79,49,98,98,94,77,77,77,68,65,65,72,61,61,61,38,43,43,0,0],"gold":23,"neow_bonus":"THREE_ENEMY_KILL","is_daily":false,"chose_seed":false,"campfire_upgraded":9,"win_rate":0.0,"timestamp":1611412003,"path_taken":["M","?","?","M","?","R","E","R","T","R","E","M","M","$","R","BOSS","M","?","?","M","M","R","?","R","T","$","M","R","?","M","R","BOSS","M","?","M","?","?","E","M","R","T","E","R","?","E","?","R","BOSS"],"items_purchased_type":["Relic","Card","Relic","Potion","Card"],"build_version":"2020-12-22","purchased_purges":3,"victory":false,"max_hp_per_floor":[71,71,71,71,71,71,81,81,81,81,83,85,87,87,87,89,103,103,103,103,105,107,107,107,107,107,107,107,107,112,114,114,114,114,114,120,120,120,120,120,122,122,129,131,131,131,131,136,136,136,136],"card_choices":[{"not_picked":["Stack","Beam Cell"],"picked":"Ball Lightning","floor":1.0},{"not_picked":["Storm","Beam Cell"],"picked":"Defragment","floor":4.0},{"not_picked":["Recycle","White Noise"],"picked":"Conserve Battery","floor":7.0},{"not_picked":["Barrage","Conserve Battery","Rebound"],"picked":"Singing Bowl","floor":11.0},{"not_picked":["Go for the Eyes","Redo","Rebound"],"picked":"Singing Bowl","floor":12.0},{"not_picked":["Hologram","Ball Lightning","Go for the Eyes"],"picked":"Singing Bowl","floor":13.0},{"not_picked":["Hyperbeam","Meteor Strike","Amplify"],"picked":"Singing Bowl","floor":16.0},{"not_picked":["Genetic Algorithm","Sweeping Beam"],"picked":"Conserve Battery+1","floor":18.0},{"not_picked":["Fusion","Streamline","Turbo"],"picked":"Singing Bowl","floor":21.0},{"not_picked":["FTL","Turbo","Sunder"],"picked":"Singing Bowl","floor":22.0},{"not_picked":["Consume","Coolheaded"],"picked":"Electrodynamics","floor":28.0},{"not_picked":["Gash+1","White Noise","Ball Lightning"],"picked":"Singing Bowl","floor":31.0},{"not_picked":["Biased Cognition","Multi-Cast"],"picked":"Thunder Strike","floor":33.0},{"not_picked":["Compile Driver+1","Rebound"],"picked":"Glacier+1","floor":35.0},{"not_picked":["Dark Shackles","Flash of Steel","HandOfGreed"],"picked":"Singing Bowl","floor":36.0},{"not_picked":["Swift Strike","Flash of Steel","Forethought"],"picked":"Singing Bowl","floor":36.0},{"not_picked":["Swift Strike","Jack Of All Trades","Mind Blast"],"picked":"Singing Bowl","floor":36.0},{"not_picked":["Rebound","Turbo"],"picked":"Capacitor","floor":37.0},{"not_picked":["Coolheaded","BootSequence"],"picked":"Defragment","floor":40.0},{"not_picked":["Doom and Gloom","Redo+1","Beam Cell"],"picked":"Singing Bowl","floor":41.0},{"not_picked":["Aggregate","Conserve Battery","Beam Cell"],"picked":"Singing Bowl","floor":44.0},{"not_picked":["Sweeping Beam","Conserve Battery"],"picked":"Undo","floor":47.0}],"player_experience":735428,"relics_obtained":[{"floor":7.0,"key":"Pear"},{"floor":9.0,"key":"Singing Bowl"},{"floor":11.0,"key":"HornCleat"},{"floor":17.0,"key":"Juzu Bracelet"},{"floor":17.0,"key":"Meat on the Bone"},{"floor":17.0,"key":"Mango"},{"floor":26.0,"key":"Tiny Chest"},{"floor":39.0,"key":"Smiling Mask"},{"floor":40.0,"key":"The Courier"},{"floor":43.0,"key":"Strawberry"},{"floor":44.0,"key":"Incense Burner"},{"floor":47.0,"key":"CeramicFish"}],"event_choices":[{"damage_healed":0.0,"max_hp_gain":0.0,"max_hp_loss":0.0,"gold_gain":0.0,"event_name":"Shining Light","player_choice":"Entered Light","floor":2.0,"gold_loss":0.0,"damage_taken":21.0,"cards_upgraded":["Ball Lightning","Strike_B"]},{"damage_healed":0.0,"max_hp_gain":0.0,"max_hp_loss":0.0,"gold_gain":75.0,"event_name":"World of Goop","player_choice":"Gather Gold","floor":3.0,"gold_loss":0.0,"damage_taken":11.0},{"damage_healed":0.0,"max_hp_gain":0.0,"max_hp_loss":0.0,"gold_gain":0.0,"event_name":"Wheel of Change","player_choice":"Cursed","floor":19.0,"gold_loss":0.0,"damage_taken":0.0,"cards_obtained":["Decay"]},{"damage_healed":0.0,"max_hp_gain":0.0,"max_hp_loss":0.0,"gold_gain":50.0,"event_name":"Nest","player_choice":"Stole From Cult","floor":24.0,"gold_loss":0.0,"damage_taken":0.0},{"damage_healed":0.0,"max_hp_gain":5.0,"max_hp_loss":0.0,"gold_gain":0.0,"event_name":"Forgotten Altar","player_choice":"Shed Blood","floor":30.0,"gold_loss":0.0,"damage_taken":37.0},{"damage_healed":0.0,"max_hp_gain":0.0,"max_hp_loss":0.0,"gold_gain":0.0,"event_name":"SensoryStone","player_choice":"Memory 3","floor":36.0,"gold_loss":0.0,"damage_taken":10.0},{"cards_removed":["Conserve Battery"],"damage_healed":0.0,"max_hp_gain":0.0,"max_hp_loss":0.0,"gold_gain":0.0,"event_name":"Falling","player_choice":"Removed Skill","floor":38.0,"gold_loss":0.0,"damage_taken":0.0},{"damage_healed":0.0,"max_hp_gain":0.0,"max_hp_loss":0.0,"gold_gain":0.0,"event_name":"WeMeetAgain","player_choice":"Paid Gold","floor":46.0,"gold_loss":74.0,"damage_taken":0.0,"relics_obtained":["Bag of Marbles"]}],"is_beta":false,"boss_relics":[{"not_picked":["SacredBark","Runic Pyramid"],"picked":"Calling Bell"},{"not_picked":["FrozenCore","Nuclear Battery"],"picked":"Astrolabe"}],"items_purged_floors":[20,27,48],"is_endless":false,"potions_floor_spawned":[13,16,21,22,31,40,44,47],"killed_by":"Awakened One","ascension_level":20}}