{"host":"sr8h12zimc8zi8zs","time":1611394803,"event":{"mods":["100% Spire Juice","2.2 Compatiblity","AchievementEnabler","BaseMod","CapriCore","GifTheSpireLib","Minty Spire (QoL Compilation)","Permanent Neow","StSLib"],"gold_per_floor":[119,119,119,119,9,42,42,62,62,74,74,91,91,111,111,96,96,112,127,7,22,22,50,67,82,82,101,119,119,119,133,133,233,113,129,129,9,26,26,26,0,0,23,23,23,39,59,75,75,95,95,95,21,51,51,51],"floor_reached":55,"language":"KOR","playtime":5066,"items_purged":[],"score":693,"play_id":"d0b5cb53-2832-4202-9ffa-8a021462ceff","local_time":"20210123184003","is_ascension_mode":false,"campfire_choices":[{"data":"Moonworks:TacticalRetreat","floor":7.0,"key":"SMITH"},{"floor":11.0,"key":"RECALL"},{"data":"Moonworks:HolyNight","floor":13.0,"key":"SMITH"},{"data":"Moonworks:AwakeningOfTalent","floor":15.0,"key":"SMITH"},{"floor":29.0,"key":"REST"},{"data":"Moonworks:AccelHyper","floor":32.0,"key":"SMITH"},{"data":"Moonworks:Wanted","floor":40.0,"key":"SMITH"},{"data":"Moonworks:Ambush","floor":45.0,"key":"SMITH"},{"data":"Moonworks:SakisCookie","floor":49.0,"key":"SMITH"},{"data":"Moonworks:BeyondHell","floor":52.0,"key":"SMITH"}],"circlet_count":0,"master_deck":["Moonworks:Strike","Moonworks:Strike","Moonworks:Strike+1","Moonworks:Strike","Moonworks:Defend","Moonworks:Defend","Moonworks:Defend","Moonworks:Defend","Moonworks:Ambush+1","Moonworks:DeployBits","Moonworks:TacticalRetreat+1","Moonworks:HolyNight+1","Moonworks:SakisCookie+1","Moonworks:AccelHyper+1","Moonworks:AwakeningOfTalent+1","Moonworks:Wanted+1","Moonworks:BeyondHell+1","Moonworks:ScrambledEve+1","Moonworks:RagingMadness+1","Moonworks:NicePresent","Moonworks:DeployBits+1","Moonworks:BindingChains+1","Moonworks:BindingChains+1","CurseOfTheBell","Moonworks:ImOnFire+1","Finesse","Moonworks:FinalSurgery+1","Moonworks:LulusLuckyEgg+1","Moonworks:ImOnFire+1","Moonworks:MeltingMemories"],"relics":["Moonworks:BrokenBomb","Moonworks:Homemark","Toy Ornithopter","Question Card","Pear","Busted Crown","Boot","Calling Bell","Pantograph","Dream Catcher","Turnip","Red Mask","Omamori","Eternal Feather"],"acts_visited":["Exordium","TheCity","TheBeyond","TheEnding"],"potions_floor_usage":[55,55,55],"damage_taken":[{"damage":3.0,"enemies":"2 Louse","floor":1.0,"turns":4.0},{"damage":1.0,"enemies":"Jaw Worm","floor":5.0,"turns":4.0},{"damage":13.0,"enemies":"Gremlin Nob","floor":6.0,"turns":4.0},{"damage":0.0,"enemies":"Cultist","floor":8.0,"turns":4.0},{"damage":4.0,"enemies":"Blue Slaver","floor":10.0,"turns":4.0},{"damage":4.0,"enemies":"Gremlin Gang","floor":12.0,"turns":6.0},{"damage":3.0,"enemies":"Exordium Wildlife","floor":14.0,"turns":6.0},{"damage":41.0,"enemies":"Slime Boss","floor":16.0,"turns":12.0},{"damage":0.0,"enemies":"Chosen","floor":18.0,"turns":4.0},{"damage":0.0,"enemies":"Shell Parasite","floor":19.0,"turns":5.0},{"damage":6.0,"enemies":"Centurion and Healer","floor":21.0,"turns":5.0},{"damage":27.0,"enemies":"Gremlin Leader","floor":23.0,"turns":4.0},{"damage":0.0,"enemies":"Snecko","floor":24.0,"turns":6.0},{"damage":13.0,"enemies":"Sentry and Sphere","floor":25.0,"turns":4.0},{"damage":9.0,"enemies":"Shelled Parasite and Fungi","floor":27.0,"turns":3.0},{"damage":16.0,"enemies":"Centurion and Healer","floor":28.0,"turns":8.0},{"damage":0.0,"enemies":"Cultist and Chosen","floor":31.0,"turns":4.0},{"damage":17.0,"enemies":"Automaton","floor":33.0,"turns":10.0},{"damage":4.0,"enemies":"3 Darklings","floor":35.0,"turns":5.0},{"damage":15.0,"enemies":"Orb Walker","floor":38.0,"turns":4.0},{"damage":8.0,"enemies":"Spire Growth","floor":46.0,"turns":5.0},{"damage":0.0,"enemies":"Sphere and 2 Shapes","floor":47.0,"turns":5.0},{"damage":8.0,"enemies":"Writhing Mass","floor":48.0,"turns":5.0},{"damage":85.0,"enemies":"Donu and Deca","floor":50.0,"turns":10.0},{"damage":43.0,"enemies":"Shield and Spear","floor":54.0,"turns":9.0},{"damage":104,"enemies":"The Heart","floor":55,"turns":6}],"seed_played":"256949440977515805","potions_obtained":[{"floor":5.0,"key":"EssenceOfSteel"},{"floor":10.0,"key":"Swift Potion"},{"floor":12.0,"key":"BlessingOfTheForge"},{"floor":16.0,"key":"BlessingOfTheForge"},{"floor":19.0,"key":"Fire Potion"},{"floor":21.0,"key":"DuplicationPotion"},{"floor":25.0,"key":"SpeedPotion"},{"floor":27.0,"key":"Strength Potion"},{"floor":31.0,"key":"Fire Potion"},{"floor":35.0,"key":"ColorlessPotion"},{"floor":46.0,"key":"Explosive Potion"},{"floor":48.0,"key":"LiquidBronze"}],"is_trial":false,"path_per_floor":["M","?","?","?","M","E","R","M","T","M","R","M","R","M","R","B",null,"M","M","?","M","$","E","M","M","T","M","M","R","?","M","R","B",null,"M","?","$","M","$","R","?","?","T","?","R","M","M","M","R","B",null,"R","$","E","B"],"character_chosen":"THE_STARBREAKER","items_purchased":["DuplicationPotion"],"campfire_rested":1,"item_purchase_floors":[53],"current_hp_per_floor":[57,45,45,45,44,36,36,36,46,42,42,40,40,37,37,8,70,70,70,63,57,57,37,37,29,29,25,9,30,17,22,22,17,75,71,66,66,53,53,53,53,53,53,85,85,79,79,73,73,8,85,85,85,45,0,0],"gold":51,"neow_bonus":"RANDOM_COMMON_RELIC","is_daily":false,"chose_seed":false,"campfire_upgraded":8,"win_rate":0.0,"timestamp":1611394803,"path_taken":["M","?","?","?","M","E","R","M","T","?","R","M","R","M","R","BOSS","M","M","?","M","$","E","?","M","T","M","M","R","?","M","R","BOSS","M","?","$","M","$","R","?","?","T","?","R","M","M","M","R","BOSS","R","$","E","BOSS"],"items_purchased_type":["Potion"],"build_version":"2020-12-22","purchased_purges":0,"victory":false,"max_hp_per_floor":[60,60,60,60,60,60,60,60,70,70,70,70,70,70,70,70,70,70,70,70,70,70,70,70,70,70,70,70,70,75,75,75,75,75,75,75,75,75,75,75,75,75,75,85,85,85,85,85,85,85,85,85,85,85,85,85],"card_choices":[{"not_picked":["Moonworks:CloudOfSeagulls","Moonworks:BigMagnum"],"picked":"Moonworks:DeployBits","floor":1.0},{"not_picked":["Moonworks:BigMagnum","Moonworks:IndiscriminateFireSupport","Moonworks:TreasureThief"],"picked":"SKIP","floor":5.0},{"not_picked":["Moonworks:BigMagnum","Moonworks:IndiscriminateFireSupport","Moonworks:TreasureThief"],"picked":"SKIP","floor":5.0},{"not_picked":["Moonworks:MiracleWalker","Moonworks:IndiscriminateFireSupport"],"picked":"Moonworks:TacticalRetreat","floor":6.0},{"not_picked":["Moonworks:Dash","Moonworks:CookingTime","Moonworks:Assault"],"picked":"Moonworks:HolyNight","floor":8.0},{"not_picked":["Moonworks:DeployBits","Moonworks:FinalSurgery","Moonworks:LulusLuckyEgg"],"picked":"Moonworks:SakisCookie","floor":10.0},{"not_picked":["Moonworks:DeployBits","Moonworks:IndiscriminateFireSupport","Moonworks:NicePresent"],"picked":"Moonworks:AccelHyper","floor":12.0},{"not_picked":["Moonworks:BigMagnum","Moonworks:AngelHand","Moonworks:DeployBits"],"picked":"Moonworks:AwakeningOfTalent","floor":14.0},{"not_picked":["Moonworks:PlushieMaster","Moonworks:ShieldCounter","Moonworks:StarBlastingFuse"],"picked":"Moonworks:Wanted","floor":16.0},{"not_picked":["Moonworks:SakisCookie"],"picked":"Moonworks:BeyondHell","floor":18.0},{"not_picked":["Moonworks:Assault"],"picked":"Moonworks:ScrambledEve+1","floor":19.0},{"not_picked":["Moonworks:ImmovableObject"],"picked":"Moonworks:RagingMadness+1","floor":21.0},{"not_picked":["Moonworks:CloudOfSeagulls"],"picked":"Moonworks:NicePresent","floor":23.0},{"not_picked":["Moonworks:SweetBattle","Moonworks:BigMagnum"],"picked":"SKIP","floor":24.0},{"not_picked":["Moonworks:Poppoformation"],"picked":"Moonworks:DeployBits+1","floor":25.0},{"not_picked":["Moonworks:JonathanRush","Moonworks:SweetBattle"],"picked":"SKIP","floor":27.0},{"not_picked":["Moonworks:ImOnFire"],"picked":"Moonworks:BindingChains+1","floor":28.0},{"not_picked":["Moonworks:MixPhenomenon"],"picked":"Moonworks:BindingChains+1","floor":31.0},{"not_picked":["Moonworks:Accelerator"],"picked":"Moonworks:CrystalBarrier","floor":33.0},{"not_picked":["Moonworks:EvilSpyWorkPreparation+1"],"picked":"Moonworks:ImOnFire+1","floor":35.0},{"not_picked":["Trip"],"picked":"Finesse","floor":36.0},{"not_picked":["Moonworks:Assault+1"],"picked":"Moonworks:FinalSurgery+1","floor":38.0},{"not_picked":["Moonworks:BigMagnum"],"picked":"Moonworks:LulusLuckyEgg+1","floor":46.0},{"not_picked":["Moonworks:BigBangBell","Moonworks:Assault"],"picked":"SKIP","floor":47.0},{"not_picked":["Moonworks:IndiscriminateFireSupport"],"picked":"Moonworks:ImOnFire+1","floor":48.0},{"not_picked":["Moonworks:BeyondHell"],"picked":"Moonworks:MeltingMemories","floor":54.0}],"player_experience":137858,"relics_obtained":[{"floor":6.0,"key":"Question Card"},{"floor":9.0,"key":"Pear"},{"floor":23.0,"key":"Boot"},{"floor":34.0,"key":"Pantograph"},{"floor":34.0,"key":"Dream Catcher"},{"floor":34.0,"key":"Turnip"},{"floor":43.0,"key":"Omamori"},{"floor":54.0,"key":"Eternal Feather"}],"event_choices":[{"damage_healed":0.0,"max_hp_gain":0.0,"max_hp_loss":0.0,"gold_gain":0.0,"event_name":"Shining Light","player_choice":"Entered Light","floor":2.0,"gold_loss":0.0,"damage_taken":12.0,"cards_upgraded":["Moonworks:LongDistanceShot","Moonworks:Strike"]},{"damage_healed":0.0,"max_hp_gain":0.0,"max_hp_loss":0.0,"gold_gain":0.0,"event_name":"Scrap Ooze","player_choice":"Fled","floor":3.0,"gold_loss":0.0,"damage_taken":0.0},{"damage_healed":0.0,"max_hp_gain":0.0,"max_hp_loss":0.0,"gold_gain":0.0,"event_name":"Match and Keep!","player_choice":"0 cards matched","floor":4.0,"gold_loss":0.0,"damage_taken":0.0,"cards_obtained":[]},{"damage_healed":0.0,"max_hp_gain":0.0,"max_hp_loss":0.0,"gold_gain":0.0,"event_name":"Wheel of Change","player_choice":"Damaged","floor":20.0,"gold_loss":0.0,"damage_taken":7.0},{"damage_healed":0.0,"max_hp_gain":5.0,"max_hp_loss":0.0,"gold_gain":0.0,"event_name":"Forgotten Altar","player_choice":"Shed Blood","floor":30.0,"gold_loss":0.0,"damage_taken":18.0},{"damage_healed":0.0,"max_hp_gain":0.0,"max_hp_loss":0.0,"gold_gain":0.0,"event_name":"SensoryStone","player_choice":"Memory 2","floor":36.0,"gold_loss":0.0,"damage_taken":5.0},{"damage_healed":0.0,"max_hp_gain":0.0,"max_hp_loss":0.0,"gold_gain":0.0,"event_name":"Tomb of Lord Red Mask","player_choice":"Paid","floor":41.0,"gold_loss":26.0,"damage_taken":0.0,"relics_obtained":["Red Mask"]},{"cards_removed":["Moonworks:LongDistanceShot"],"damage_healed":0.0,"max_hp_gain":0.0,"max_hp_loss":0.0,"gold_gain":0.0,"event_name":"Falling","player_choice":"Removed Attack","floor":42.0,"gold_loss":0.0,"damage_taken":0.0},{"cards_removed":["Moonworks:CrystalBarrier"],"damage_healed":22.0,"max_hp_gain":10.0,"max_hp_loss":0.0,"gold_gain":0.0,"event_name":"Bonfire Elementals","player_choice":"Offered Rare","floor":44.0,"gold_loss":0.0,"damage_taken":0.0}],"is_beta":false,"boss_relics":[{"not_picked":["Sozu","Runic Dome"],"picked":"Busted Crown"},{"not_picked":["Snecko Eye","Empty Cage"],"picked":"Calling Bell"}],"items_purged_floors":[],"is_endless":false,"potions_floor_spawned":[5,10,12,16,19,21,25,27,31,35,46,48],"killed_by":"The Heart","ascension_level":0}}