{"host":"pf47v7h0307523iy","time":1611399156,"event":{"mods":["BaseMod","Minty Spire (QoL Compilation)","Relic Stats"],"gold_per_floor":[115,115,130,130,148,148,167,167,167,185,205,205,205,205],"floor_reached":13,"language":"ENG","playtime":1155,"items_purged":[],"score":154,"play_id":"b8cd76ea-ebdb-4856-acb8-9fdcf68984ad","local_time":"20210123125236","is_ascension_mode":true,"campfire_choices":[{"data":"Crippling Poison","floor":6,"key":"SMITH"},{"data":"Venomology","floor":8,"key":"SMITH"},{"data":"Well Laid Plans","floor":12,"key":"SMITH"}],"circlet_count":0,"master_deck":["AscendersBane","Strike_G","Strike_G","Strike_G","Strike_G","Defend_G","Defend_G","Defend_G","Defend_G","Defend_G","Survivor","Neutralize","Venomology+1","Poisoned Stab","Heel Hook","Crippling Poison+1","PiercingWail","Well Laid Plans+1"],"relics":["Ring of the Snake","The Specimen","Ginger"],"acts_visited":["Exordium"],"potions_floor_usage":[5,7,10,10,11,13,13],"damage_taken":[{"damage":2,"enemies":"Jaw Worm","floor":1,"turns":7},{"damage":9,"enemies":"2 Louse","floor":3,"turns":4},{"damage":0,"enemies":"Cultist","floor":5,"turns":4},{"damage":3,"enemies":"2 Fungi Beasts","floor":7,"turns":3},{"damage":0,"enemies":"Looter","floor":10,"turns":3},{"damage":0,"enemies":"Blue Slaver","floor":11,"turns":3},{"damage":28,"enemies":"Gremlin Nob","floor":13,"turns":4}],"seed_played":"2897315426258562936","potions_obtained":[{"floor":3,"key":"LiquidMemories"},{"floor":10,"key":"LiquidMemories"}],"is_trial":false,"path_per_floor":["M","?","M","?","M","R","M","R","T","M","M","R","E"],"character_chosen":"THE_SILENT","items_purchased":[],"campfire_rested":0,"item_purchase_floors":[],"current_hp_per_floor":[42,37,28,28,28,28,25,25,25,25,25,25,0,0],"gold":205,"neow_bonus":"THREE_RARE_CARDS","is_daily":false,"chose_seed":false,"campfire_upgraded":3,"win_rate":0.0,"timestamp":1611399156,"path_taken":["M","?","M","?","M","R","?","R","T","M","M","R","E"],"items_purchased_type":[],"build_version":"2020-12-22","purchased_purges":0,"victory":false,"max_hp_per_floor":[66,66,66,66,66,66,66,66,66,66,66,66,66,66],"relic_stats":{"counters":[7,28],"Ginger":[2],"obtain_stats":[{"The Specimen":2,"Ginger":9,"Ring of the Snake":0},{"The Specimen":1,"Ginger":4,"Ring of the Snake":0},{"The Specimen":7,"Ginger":18,"Ring of the Snake":0}],"Ring of the Snake":[14]},"card_choices":[{"not_picked":["Doppelganger","Tools of the Trade"],"picked":"Venomology","floor":0},{"not_picked":["Terror","Slice"],"picked":"Poisoned Stab","floor":1},{"not_picked":["Slice","Flying Knee"],"picked":"Heel Hook","floor":3},{"not_picked":["Expertise","Prepared"],"picked":"Crippling Poison","floor":5},{"not_picked":["Dodge and Roll","Outmaneuver"],"picked":"PiercingWail","floor":7},{"not_picked":["All Out Attack","Acrobatics"],"picked":"Well Laid Plans","floor":10},{"not_picked":["Slice","Acrobatics","Deflect"],"picked":"SKIP","floor":11}],"player_experience":1676996,"relics_obtained":[{"floor":9,"key":"Ginger"}],"event_choices":[{"damage_healed":0,"gold_gain":0,"player_choice":"Success","damage_taken":5,"relics_obtained":["The Specimen"],"max_hp_gain":0,"max_hp_loss":0,"event_name":"Scrap Ooze","floor":2,"gold_loss":0},{"cards_removed":["Strike_G"],"damage_healed":0,"gold_gain":0,"player_choice":"Purged","damage_taken":0,"max_hp_gain":0,"max_hp_loss":0,"event_name":"Purifier","floor":4,"gold_loss":0}],"is_beta":false,"boss_relics":[],"items_purged_floors":[],"is_endless":false,"potions_floor_spawned":[3,5,10],"killed_by":"Gremlin Nob","ascension_level":20}}