{"host":"928gv66myv2vlnsd","time":1611364029,"event":{"mods":["BaseMod","Minty Spire (QoL Compilation)","StSLib"],"gold_per_floor":[110,124,124,68,68,111,132,132,132,132,132],"floor_reached":10,"language":"ENG","playtime":317,"items_purged":[],"score":129,"play_id":"aa97ac6b-6b1b-4900-97c5-e5206aa26bdb","local_time":"20210122200709","is_ascension_mode":true,"campfire_choices":[{"floor":8,"key":"REST"}],"circlet_count":0,"master_deck":["AscendersBane","Strike_R","Strike_R","Strike_R","Strike_R","Strike_R","Defend_R","Defend_R","Defend_R+1","Defend_R+1","Bash","Pommel Strike","True Grit+1","Sword Boomerang","Cleave","Injury","Combust"],"relics":["Burning Blood","Prayer Wheel","Golden Idol","Ornamental Fan","War Paint"],"acts_visited":["Exordium"],"potions_floor_usage":[10],"damage_taken":[{"damage":2,"enemies":"2 Louse","floor":1,"turns":4},{"damage":14,"enemies":"Jaw Worm","floor":2,"turns":4},{"damage":56,"enemies":"Gremlin Nob","floor":6,"turns":5},{"damage":7,"enemies":"Small Slimes","floor":7,"turns":4},{"damage":33,"enemies":"3 Sentries","floor":10,"turns":5}],"seed_played":"-690793873377360552","potions_obtained":[{"floor":1,"key":"Swift Potion"},{"floor":6,"key":"Strength Potion"}],"is_trial":false,"path_per_floor":["M","M","?","$","?","E","M","R","T","E"],"character_chosen":"IRONCLAD","items_purchased":["Cleave"],"campfire_rested":1,"item_purchase_floors":[4],"current_hp_per_floor":[68,60,60,60,60,10,9,29,29,0,0],"gold":132,"neow_bonus":"ONE_RARE_RELIC","is_daily":false,"chose_seed":false,"campfire_upgraded":0,"win_rate":0.0,"timestamp":1611364029,"path_taken":["M","M","?","$","?","E","M","R","T","E"],"items_purchased_type":["Card"],"build_version":"2020-12-22","purchased_purges":0,"victory":false,"max_hp_per_floor":[68,68,68,68,68,68,68,68,68,68,68],"card_choices":[{"not_picked":["Metallicize","Power Through"],"picked":"Pommel Strike","floor":1},{"not_picked":["Wild Strike","Armaments","Flex"],"picked":"SKIP","floor":1},{"not_picked":["Clothesline","Body Slam"],"picked":"True Grit","floor":2},{"not_picked":["Flex","Blood for Blood"],"picked":"Sword Boomerang","floor":2},{"not_picked":["Dark Embrace","Power Through","Clothesline"],"picked":"SKIP","floor":6},{"not_picked":["True Grit","Wild Strike"],"picked":"Combust","floor":7},{"not_picked":["Infernal Blade","Searing Blow","Body Slam"],"picked":"SKIP","floor":7}],"player_experience":1295289,"relics_obtained":[{"floor":6,"key":"Ornamental Fan"},{"floor":9,"key":"War Paint"}],"event_choices":[{"damage_healed":0,"gold_gain":0,"player_choice":"Grow","damage_taken":0,"max_hp_gain":0,"max_hp_loss":0,"event_name":"Living Wall","floor":3,"gold_loss":0,"cards_upgraded":["True Grit"]},{"damage_healed":0,"gold_gain":0,"player_choice":"Take Wound","damage_taken":0,"relics_obtained":["Golden Idol"],"max_hp_gain":0,"max_hp_loss":0,"event_name":"Golden Idol","floor":5,"gold_loss":0,"cards_obtained":["Injury"]}],"is_beta":false,"boss_relics":[],"items_purged_floors":[],"is_endless":false,"potions_floor_spawned":[1,6],"killed_by":"3 Sentries","ascension_level":19}}