{"host":"iv2h8zsl09h7hn4q","time":1611367742,"event":{"mods":["BaseMod","Downfall","Hero for Fun","Minty Spire (QoL Compilation)","StSLib"],"gold_per_floor":[20,40,40,40,59,75,109,124,124,15,27,27,27,42,42,137,137,156,4,4,21,38,64,64,78,78,93,93,93,112,112,112,213,213,223,233,1,20,20,46,46,72,98,98,129,129,129,140,140,140,140,140,65,91,91],"floor_reached":56,"language":"ENG","playtime":658,"items_purged":["Strike_R"],"score":1659,"play_id":"056a531b-9544-4240-ab0a-6b235cbe9798","local_time":"20210122210902","is_ascension_mode":false,"campfire_choices":[{"floor":13,"key":"RECALL"},{"data":"Wear_Disguise","floor":15,"key":"SMITH"},{"data":"1","floor":24,"key":"LIFT"},{"data":"2","floor":32,"key":"LIFT"},{"data":"3","floor":41,"key":"LIFT"},{"floor":49,"key":"REST"},{"floor":52,"key":"REST"}],"circlet_count":0,"master_deck":["Strike_Y+1","Strike_Y+1","Strike_Y+1","Strike_Y+1","Defend_Y+1","Defend_Y+1","Defend_Y+1","Defend_Y+1","Defend_Y+1","Do_Nothing+1","Yawn+1","Side_Hop+1","Consecutive_Normal_Punch+1","Ignore+1","Wear_Disguise+1","Toss_Stone+1","Serious_Punch+1","Do_Nothing+1","Slimebound:CheckThePlaybook+1","Yawn+1","Consecutive_Normal_Punch+1","Do_Nothing+1","Hip_Strike+1","Get_Hopes_Up+1","Serious_Punch+1","Serious_Punch+1","Panacea+1","Toss_Stone"],"relics":["Cape","Girya","Sozu","Toy Ornithopter","Singing Bowl","Turnip","Nilry\u0027s Codex","Runic Dome","Dream Catcher","War Paint","PreservedInsect","Akabeko","Mark of the Bloom","Pantograph"],"acts_visited":["Exordium","TheCity","TheBeyond","TheEnding"],"potions_floor_usage":[],"damage_taken":[{"damage":0,"enemies":"2 Louse","floor":1,"turns":1},{"damage":0,"enemies":"Cultist","floor":2,"turns":1},{"damage":0,"enemies":"Jaw Worm","floor":5,"turns":1},{"damage":0,"enemies":"3 Louse","floor":6,"turns":2},{"damage":0,"enemies":"3 Sentries","floor":7,"turns":2},{"damage":0,"enemies":"Looter","floor":8,"turns":1},{"damage":0,"enemies":"2 Fungi Beasts","floor":11,"turns":1},{"damage":0,"enemies":"3 Louse","floor":14,"turns":2},{"damage":0,"enemies":"Slime Boss","floor":16,"turns":1},{"damage":0,"enemies":"Spheric Guardian","floor":18,"turns":1},{"damage":0,"enemies":"2 Thieves","floor":21,"turns":1},{"damage":0,"enemies":"Centurion and Healer","floor":22,"turns":1},{"damage":0,"enemies":"Slavers","floor":23,"turns":2},{"damage":0,"enemies":"Chosen and Byrds","floor":25,"turns":1},{"damage":0,"enemies":"Shelled Parasite and Fungi","floor":27,"turns":1},{"damage":0,"enemies":"Snake Plant","floor":30,"turns":1},{"damage":0,"enemies":"Champ","floor":33,"turns":1},{"damage":0,"enemies":"3 Shapes","floor":35,"turns":2},{"damage":0,"enemies":"Orb Walker","floor":36,"turns":1},{"damage":0,"enemies":"Sphere and 2 Shapes","floor":38,"turns":1},{"damage":0,"enemies":"Nemesis","floor":40,"turns":1},{"damage":0,"enemies":"Reptomancer","floor":42,"turns":1},{"damage":0,"enemies":"Nemesis","floor":45,"turns":1},{"damage":0,"enemies":"4 Shapes","floor":48,"turns":2},{"damage":0,"enemies":"Donu and Deca","floor":50,"turns":2},{"damage":0,"enemies":"Shield and Spear","floor":54,"turns":1},{"damage":0,"enemies":"The Heart","floor":55,"turns":1}],"seed_played":"5689845557714446796","potions_obtained":[{"floor":5,"key":"Ancient Potion"},{"floor":8,"key":"LiquidBronze"},{"floor":11,"key":"FearPotion"}],"is_trial":false,"path_per_floor":["M","M","$","?","M","M","E","M","T","$","M","?","R","M","R","B",null,"M","$","?","M","M","E","R","M","T","M","$","?","M","?","R","B",null,"M","M","$","M","?","E","R","E","T","$","E","?","?","M","R","B",null,"R","$","E","B",null],"character_chosen":"OPM","items_purchased":["Wear_Disguise","Toy Ornithopter","Get_Hopes_Up","Serious_Punch","Toss_Stone"],"campfire_rested":2,"item_purchase_floors":[10,19,37,37,53],"current_hp_per_floor":[1098,1098,1098,1098,1098,1098,1098,1098,1098,1098,1098,1098,1098,1098,1098,1098,1098,1098,1098,1098,1098,1098,1100,1100,1102,1102,1104,1104,1104,1106,1106,1106,1106,1106,1108,1110,1110,1110,1114,1116,1116,1116,1116,1116,1118,1118,1118,1118,1118,1118,1118,1118,1118,1118,1118],"gold":91,"neow_bonus":"TEN_PERCENT_HP_BONUS","is_daily":false,"chose_seed":false,"campfire_upgraded":1,"win_rate":0.0,"timestamp":1611367742,"path_taken":["M","M","$","?","M","M","E","M","T","$","?","?","R","M","R","BOSS","M","$","?","M","M","E","R","M","T","M","$","?","M","?","R","BOSS","M","M","$","M","?","E","R","E","T","$","E","?","?","M","R","BOSS","R","$","E","BOSS"],"items_purchased_type":["Card","Relic","Card","Card","Card"],"build_version":"2020-12-22","purchased_purges":1,"victory":true,"max_hp_per_floor":[1098,1098,1098,1098,1098,1098,1098,1098,1098,1098,1098,1098,1098,1098,1098,1098,1098,1098,1098,1098,1098,1098,1100,1100,1102,1102,1104,1104,1104,1106,1106,1106,1106,1106,1108,1110,1110,1110,1114,1116,1116,1116,1116,1116,1118,1118,1118,1120,1122,1122,1122,1124,1124,1126,1126],"card_choices":[{"not_picked":["Hop","Ignore"],"picked":"Consecutive_Normal_Punch","floor":1},{"not_picked":["Normal_Punch","Hop"],"picked":"Do_Nothing","floor":2},{"not_picked":["Do_Nothing","Toss_Stone"],"picked":"Yawn","floor":5},{"not_picked":["Ignore","Hop"],"picked":"Side_Hop","floor":6},{"not_picked":["Hop","Normal_Punch"],"picked":"Consecutive_Normal_Punch","floor":7},{"not_picked":["Hop","Side_Hop"],"picked":"Ignore","floor":8},{"not_picked":["Wear_Disguise","Ignore"],"picked":"Toss_Stone","floor":11},{"not_picked":["Hop","Ignore"],"picked":"Wear_Disguise","floor":14},{"not_picked":["Oh","Serious_Side_Hops"],"picked":"Serious_Punch","floor":16},{"not_picked":["Consecutive_Normal_Punch","Yawn"],"picked":"Do_Nothing+1","floor":18},{"not_picked":["Consecutive_Normal_Punch+1","Ignore","Do_Nothing"],"picked":"SKIP","floor":21},{"not_picked":["Normal_Punch+1","Ignore"],"picked":"Yawn+1","floor":22},{"not_picked":["Hop","Yawn","Ignore"],"picked":"Singing Bowl","floor":23},{"not_picked":["Slap","Consecutive_Normal_Punch","Ignore"],"picked":"Singing Bowl","floor":25},{"not_picked":["Hop","Slap","Normal_Punch"],"picked":"Singing Bowl","floor":27},{"not_picked":["Yawn","Ignore","Wear_Disguise"],"picked":"Singing Bowl","floor":30},{"not_picked":["Terrifying_Presence","Get_Hopes_Up"],"picked":"Hip_Strike","floor":33},{"not_picked":["Ignore+1","Slap","Yawn"],"picked":"Singing Bowl","floor":35},{"not_picked":["Toss_Stone","Yawn","Ignore+1"],"picked":"Singing Bowl","floor":36},{"not_picked":["Consecutive_Normal_Punch+1","Normal_Punch"],"picked":"Serious_Punch","floor":38},{"not_picked":["Forethought","Finesse","Sadistic Nature"],"picked":"Singing Bowl","floor":39},{"not_picked":["Trip","Panache","Finesse"],"picked":"Singing Bowl","floor":39},{"not_picked":["Jack Of All Trades","Trip"],"picked":"Panacea","floor":39},{"not_picked":["Do_Nothing+1","Yawn","Ignore+1"],"picked":"Singing Bowl","floor":40},{"not_picked":["Consecutive_Normal_Punch","Yawn"],"picked":"Hop+1","floor":42},{"not_picked":["Yawn+1","Hip_Strike","Slap+1"],"picked":"Singing Bowl","floor":45},{"not_picked":["Hop+1","Ignore","Consecutive_Normal_Punch+1"],"picked":"Singing Bowl","floor":48},{"not_picked":["Consecutive_Normal_Punch+1","Toss_Stone","Do_Nothing+1"],"picked":"Singing Bowl","floor":49},{"not_picked":["Side_Hop+1","Ignore","Do_Nothing"],"picked":"Singing Bowl","floor":52},{"not_picked":["Side_Hop+1","Hop","Yawn"],"picked":"Singing Bowl","floor":54}],"player_experience":329955,"relics_obtained":[{"floor":7,"key":"Girya"},{"floor":23,"key":"Singing Bowl"},{"floor":26,"key":"Turnip"},{"floor":31,"key":"Nilry\u0027s Codex"},{"floor":40,"key":"Dream Catcher"},{"floor":42,"key":"War Paint"},{"floor":43,"key":"PreservedInsect"},{"floor":45,"key":"Akabeko"},{"floor":54,"key":"Pantograph"}],"event_choices":[{"cards_removed":["Consecutive_Normal_Punch"],"damage_healed":0,"gold_gain":0,"player_choice":"Took Card","damage_taken":0,"max_hp_gain":0,"max_hp_loss":0,"event_name":"NoteForYourself","floor":4,"gold_loss":0,"cards_obtained":["Strike_R"]},{"damage_healed":0,"gold_gain":0,"player_choice":"Entered Light","damage_taken":220,"max_hp_gain":0,"max_hp_loss":0,"event_name":"Shining Light","floor":12,"gold_loss":0,"cards_upgraded":["Defend_Y","Defend_Y"]},{"damage_healed":0,"gold_gain":0,"cards_transformed":["Wear_Disguise","Strike_Y"],"player_choice":"Became Test Subject","damage_taken":0,"max_hp_gain":0,"max_hp_loss":0,"event_name":"Drug Dealer","floor":29,"gold_loss":0,"cards_obtained":["Consecutive_Normal_Punch","Do_Nothing"]},{"damage_healed":0,"gold_gain":0,"player_choice":"Obtained Book","damage_taken":16,"max_hp_gain":0,"max_hp_loss":0,"event_name":"Cursed Tome","floor":31,"gold_loss":0},{"damage_healed":0,"gold_gain":0,"player_choice":"Memory 3","damage_taken":10,"max_hp_gain":0,"max_hp_loss":0,"event_name":"SensoryStone","floor":39,"gold_loss":0},{"damage_healed":0,"gold_gain":0,"player_choice":"Upgrade","damage_taken":0,"relics_obtained":["Mark of the Bloom"],"max_hp_gain":0,"max_hp_loss":0,"event_name":"MindBloom","floor":46,"gold_loss":0,"cards_upgraded":["Strike_Y","Strike_Y","Strike_Y","Strike_Y","Defend_Y","Defend_Y","Yawn","Side_Hop","Consecutive_Normal_Punch","Ignore","Toss_Stone","Serious_Punch","Slimebound:CheckThePlaybook","Consecutive_Normal_Punch","Do_Nothing","Hip_Strike","Get_Hopes_Up","Serious_Punch","Serious_Punch","Panacea"]},{"cards_removed":["Hop"],"damage_healed":0,"gold_gain":0,"player_choice":"Removed Skill","damage_taken":0,"max_hp_gain":0,"max_hp_loss":0,"event_name":"Falling","floor":47,"gold_loss":0}],"is_beta":false,"boss_relics":[{"not_picked":["SlaversCollar","Runic Pyramid"],"picked":"Sozu"},{"not_picked":["Snecko Eye","Busted Crown"],"picked":"Runic Dome"}],"items_purged_floors":[10],"is_endless":false,"potions_floor_spawned":[5,8,11,22,23,33,38,40,45,54],"ascension_level":0}}