{"host":"ws4mzzemcqsz5e2k","time":1611407251,"event":{"mods":["Act Like it!","BaseMod","Better Synergies","Colored Powertips","Downfall","Minty Spire (QoL Compilation)","Quick Restart","Relic Stats","StSLib","没有小屋子和绿帽子啦"],"gold_per_floor":[99,109,109,999001,999001,999011,999056,999087,999160,999172,998972,998999,998899,998917,998932,999009,999009,999009,999028,999048,999064,999139,999152,999152,999192,999192,998343,998373,998397,998419,998419,998439,998513,998513,998513,998526,998535,998546,998557,998557,998557,997601,997636,997636,997678,997678,997705,996947,996960,997043,997043,997082,996081,996081,996166,996166,996166,996166],"floor_reached":56,"language":"ZHS","playtime":4914,"items_purged":["bronze:Strike","bronze:Strike","downfall:Bewildered","bronze:Defend","bronze:Defend"],"score":2368,"play_id":"1c47eab2-f38c-4ebe-9bc2-b79432ca573b","local_time":"20210123210731","daily_mods":["Heirloom","downfall:Lament","Elite Swarm","Uncertain Future"],"is_ascension_mode":true,"campfire_choices":[{"floor":1.0,"key":"RECALL"},{"data":"bronze:FindAndReplace","floor":11.0,"key":"SMITH"},{"data":"bronze:Return","floor":13.0,"key":"SMITH"},{"data":"bronze:SpaghettiCode","floor":18.0,"key":"SMITH"},{"data":"bronze:Goto","floor":26.0,"key":"SMITH"},{"data":"bronze:InfiniteLoop","floor":35.0,"key":"SMITH"},{"data":"bronze:Assembly","floor":40.0,"key":"SMITH"},{"data":"bronze:GetLatest","floor":44,"key":"SMITH"},{"data":"bronze:GetLatest","floor":54,"key":"SMITH"}],"circlet_count":0,"master_deck":["AscendersBane","bronze:Replicate","bronze:Goto+1","bronze:Repair","bronze:Return+1","bronze:WhirlingStrike","bronze:SpaghettiCode+1","bronze:FindAndReplace+1","bronze:Assembly+1","bronze:GetLatest+1","bronze:InfiniteLoop+1","bronze:GetLatest+1","bronze:SpaghettiCode+1","bronze:Repair+1","bronze:FineTuning+1","bronze:BuggyMess+1","bronze:FindAndReplace+1","bronze:GetLatest+1","bronze:FineTuning+1","bronze:Verify","bronze:BurnOut","bronze:GetLatest+1","bronze:Turbo+1","bronze:Verify","bronze:FindAndReplace+1"],"relics":["bronze:PlatinumCore","NeowsBlessing","StoneCalendar","TungstenRod","Ice Cream","Medical Kit","sneckomod:BlankCard","downfall:HeartBlessingRed","downfall:HeartBlessingBlue","FossilizedHelix","downfall:HeartBlessingGreen","Toxic Egg 2","CeramicFish","bronze:DonusWashers","Meat on the Bone","Shovel","Slimebound:PreparedRelic","MutagenicStrength","Coffee Dripper","Nunchaku","Mango","Ginger","TheAbacus","Art of War","Torii","InkBottle","Incense Burner","PreservedInsect","Blue Candle","bronze:ProtectiveGoggles","Molten Egg 2","DollysMirror"],"acts_visited":["Exordium","TheCity","TheBeyond","TheEnding"],"potions_floor_usage":[43,45,50,50,55,55],"damage_taken":[{"damage":0.0,"enemies":"Jaw Worm","floor":2.0,"turns":1.0},{"damage":0.0,"enemies":"downfall:FleeingMerchant","floor":4.0,"turns":1.0},{"damage":0.0,"enemies":"2 Louse","floor":6.0,"turns":2.0},{"damage":10.0,"enemies":"Gremlin Nob","floor":8.0,"turns":3.0},{"damage":0.0,"enemies":"Cultist","floor":10.0,"turns":3.0},{"damage":19.0,"enemies":"Lagavulin","floor":12.0,"turns":7.0},{"damage":0.0,"enemies":"Gremlin Gang","floor":14.0,"turns":1.0},{"damage":0.0,"enemies":"Blue Slaver","floor":15.0,"turns":4.0},{"damage":2.0,"enemies":"IC_STATUS_ARCHETYPE","floor":16.0,"turns":4.0},{"damage":0.0,"enemies":"Chosen","floor":19.0,"turns":2.0},{"damage":0.0,"enemies":"3 Cultists","floor":20.0,"turns":3.0},{"damage":0.0,"enemies":"Snecko","floor":21.0,"turns":4.0},{"damage":0.0,"enemies":"Centurion and Healer","floor":23.0,"turns":3.0},{"damage":0.0,"enemies":"Gremlin Leader","floor":25.0,"turns":3.0},{"damage":25.0,"enemies":"Book of Stabbing","floor":28.0,"turns":4.0},{"damage":0.0,"enemies":"Snake Plant","floor":29.0,"turns":3.0},{"damage":11.0,"enemies":"Cultist and Chosen","floor":30.0,"turns":6.0},{"damage":0.0,"enemies":"3 Cultists","floor":32.0,"turns":2.0},{"damage":37.0,"enemies":"SI_MIRROR_ARCHETYPE","floor":33.0,"turns":6.0},{"damage":0.0,"enemies":"3 Darklings","floor":36.0,"turns":3.0},{"damage":6.0,"enemies":"3 Shapes","floor":38.0,"turns":3.0},{"damage":0.0,"enemies":"3 Darklings","floor":39.0,"turns":1.0},{"damage":0,"enemies":"Giant Head","floor":43,"turns":4},{"damage":0,"enemies":"Nemesis","floor":45,"turns":5},{"damage":0,"enemies":"Jaw Worm Horde","floor":47,"turns":1},{"damage":36,"enemies":"4 Shapes","floor":49,"turns":1},{"damage":0,"enemies":"WA_ARCHETYPE_DIVINITY","floor":50,"turns":6},{"damage":0,"enemies":"downfall:CharBossMerchant","floor":52,"turns":5},{"damage":20,"enemies":"downfall:NeowBoss","floor":55,"turns":10},{"damage":124,"enemies":"downfall:NeowBossFinal","floor":56,"turns":5}],"seed_played":"-2319431828940292968","potions_obtained":[{"floor":2.0,"key":"Swift Potion"},{"floor":8.0,"key":"LiquidBronze"},{"floor":12.0,"key":"EntropicBrew"},{"floor":20.0,"key":"Block Potion"},{"floor":29.0,"key":"DistilledChaos"},{"floor":32.0,"key":"Strength Potion"},{"floor":33.0,"key":"bronze:FreeFunctionsPotion"},{"floor":38.0,"key":"AttackPotion"},{"floor":43,"key":"PowerPotion"}],"is_trial":true,"path_per_floor":["R","M","?","$","?","M","T","E","T","M","R","E","R","M","M","B",null,"R","M","M","M","?","M","T","E","R","$","E","M","M","?","M","B",null,"R","M","?","M","M","R","T","$","E","R","E","T","M","$","M","B",null,"E","$","R","B","B"],"character_chosen":"THE_AUTOMATON","items_purchased":["TungstenRod","Ice Cream","Medical Kit","bronze:Return","DuplicationPotion","bronze:DonusWashers","Meat on the Bone","Shovel","Mango","Ginger","TheAbacus","Incense Burner","PreservedInsect","bronze:FineTuning+1","PowerPotion","bronze:ProtectiveGoggles","Molten Egg 2","bronze:GetLatest+1","bronze:Turbo+1","ColorlessPotion","SkillPotion","DollysMirror"],"campfire_rested":0,"item_purchase_floors":[4,4,4,4,4,27,27,27,42,42,42,48,48,48,48,53,53,53,53,53,53,53],"current_hp_per_floor":[57,57,62,62,62,68,68,58,68,75,85,66,66,66,73,71,84,84,84,84,88,88,88,88,88,88,88,70,77,77,77,77,50,79,79,88,88,88,88,88,88,102,102,102,102,102,102,102,66,83,97,102,102,102,82,0,0,0],"gold":996166,"neow_bonus":"","is_daily":false,"chose_seed":false,"campfire_upgraded":8,"win_rate":0.0,"timestamp":1611407251,"path_taken":["R","M","?","$","?","M","T","E","?","M","R","E","R","M","M","BOSS","R","M","M","M","?","M","T","E","R","$","E","?","M","?","M","BOSS","R","M","?","M","M","R","T","?","E","R","E","?","M","$","M","BOSS","E","$","R","BOSS","BOSS"],"items_purchased_type":["Relic","Relic","Relic","Card","Potion","Relic","Relic","Relic","Relic","Relic","Relic","Relic","Relic","Card","Potion","Relic","Relic","Card","Card","Potion","Potion","Relic"],"build_version":"2020-12-22","purchased_purges":5,"victory":false,"max_hp_per_floor":[63,63,68,68,68,68,68,68,78,78,88,88,88,88,88,88,88,88,88,88,88,88,88,88,88,88,88,88,88,88,88,88,88,88,88,88,88,88,88,88,88,102,102,102,102,102,102,102,102,102,102,102,102,102,102,102,102,102],"relic_stats":{"Torii":0,"counters":[30,106],"CeramicFish":126,"Blue Candle":[7],"StoneCalendar":[52],"PreservedInsect":120,"Ginger":[16],"Medical Kit":[38],"Nunchaku":[17],"Shovel":0,"TheAbacus":[96],"Art of War":[2],"obtain_stats":[{"Ice Cream":4,"bronze:PlatinumCore":17,"bronze:BronzeCore":0,"Torii":45,"sneckomod:BlankCard":8,"CeramicFish":25,"StoneCalendar":0,"downfall:HeartBlessingGreen":13,"Mango":42,"Incense Burner":48,"Ginger":42,"Nunchaku":41,"Shovel":27,"TheAbacus":42,"downfall:HeartBlessingBlue":11,"DollysMirror":53,"Toxic Egg 2":24,"InkBottle":46,"bronze:DonusWashers":27,"Pear":9,"NeowsBlessing":0,"downfall:HeartBlessingRed":11,"Blue Candle":52,"PreservedInsect":48,"Medical Kit":4,"bronze:ProtectiveGoggles":53,"MutagenicStrength":31,"Molten Egg 2":53,"Slimebound:PreparedRelic":28,"Coffee Dripper":34,"Art of War":43,"TungstenRod":4,"FossilizedHelix":12,"Meat on the Bone":27},{"Ice Cream":2,"bronze:PlatinumCore":9,"bronze:BronzeCore":0,"Torii":24,"sneckomod:BlankCard":4,"CeramicFish":14,"StoneCalendar":0,"downfall:HeartBlessingGreen":6,"Mango":22,"Incense Burner":25,"Ginger":22,"Nunchaku":22,"Shovel":14,"TheAbacus":22,"downfall:HeartBlessingBlue":5,"DollysMirror":28,"Toxic Egg 2":13,"InkBottle":24,"bronze:DonusWashers":14,"Pear":4,"NeowsBlessing":0,"downfall:HeartBlessingRed":5,"Blue Candle":28,"PreservedInsect":25,"Medical Kit":2,"bronze:ProtectiveGoggles":28,"MutagenicStrength":17,"Molten Egg 2":28,"Slimebound:PreparedRelic":15,"Coffee Dripper":19,"Art of War":23,"TungstenRod":2,"FossilizedHelix":6,"Meat on the Bone":14},{"Ice Cream":2,"bronze:PlatinumCore":26,"bronze:BronzeCore":0,"Torii":78,"sneckomod:BlankCard":7,"CeramicFish":41,"StoneCalendar":0,"downfall:HeartBlessingGreen":17,"Mango":69,"Incense Burner":79,"Ginger":69,"Nunchaku":69,"Shovel":41,"TheAbacus":69,"downfall:HeartBlessingBlue":10,"DollysMirror":91,"Toxic Egg 2":38,"InkBottle":78,"bronze:DonusWashers":41,"Pear":7,"NeowsBlessing":0,"downfall:HeartBlessingRed":10,"Blue Candle":91,"PreservedInsect":79,"Medical Kit":2,"bronze:ProtectiveGoggles":91,"MutagenicStrength":54,"Molten Egg 2":91,"Slimebound:PreparedRelic":45,"Coffee Dripper":62,"Art of War":73,"TungstenRod":2,"FossilizedHelix":17,"Meat on the Bone":41}],"TungstenRod":34,"InkBottle":[29],"Meat on the Bone":0},"card_choices":[{"not_picked":["bronze:FollowUp","bronze:CutThrough","bronze:Shield"],"picked":"SKIP","floor":2.0},{"not_picked":["bronze:Overload","bronze:DelayedGuard"],"picked":"bronze:Repair","floor":4.0},{"not_picked":["bronze:WhirlingStrike","bronze:BuggyMess"],"picked":"bronze:SpaghettiCode","floor":6.0},{"not_picked":["bronze:Mutator","bronze:SpaghettiCode"],"picked":"bronze:FindAndReplace","floor":8.0},{"not_picked":["bronze:CutThrough","bronze:OilSpill","bronze:ForceShield"],"picked":"SKIP","floor":10.0},{"not_picked":["bronze:SpaghettiCode","bronze:ThunderWave"],"picked":"bronze:Assembly","floor":12.0},{"not_picked":["bronze:OilSpill","bronze:Constructor","bronze:Iterate"],"picked":"SKIP","floor":14.0},{"not_picked":["bronze:WhirlingStrike","bronze:DigitalCarnage"],"picked":"bronze:GetLatest","floor":15.0},{"not_picked":["bronze:HardenedForm","bronze:BurnOut"],"picked":"bronze:InfiniteLoop","floor":16.0},{"not_picked":["bronze:Invalidate","bronze:DelayedGuard","bronze:DelayedSlice"],"picked":"SKIP","floor":19.0},{"not_picked":["bronze:Frontload+1","bronze:Fortify","bronze:ChosenStrike"],"picked":"SKIP","floor":20.0},{"not_picked":["bronze:Invalidate","bronze:Constructor"],"picked":"bronze:GetLatest","floor":21.0},{"not_picked":["bronze:Overheat","bronze:Shield","bronze:Turbo"],"picked":"SKIP","floor":23.0},{"not_picked":["bronze:Break","bronze:HyperBeam"],"picked":"bronze:SpaghettiCode+1","floor":25.0},{"not_picked":["bronze:Virus","bronze:SpaghettiCode+1","bronze:Format+1"],"picked":"SKIP","floor":28.0},{"not_picked":["bronze:FollowUp","bronze:WildBeam"],"picked":"bronze:Repair+1","floor":29.0},{"not_picked":["bronze:WhirlingStrike","bronze:CutThrough"],"picked":"bronze:FineTuning+1","floor":30.0},{"not_picked":["bronze:FollowUp","bronze:CutThrough+1"],"picked":"bronze:BuggyMess+1","floor":32.0},{"not_picked":["bronze:ForLoop+1","bronze:WhirlingStrike","bronze:BuggyMess+1"],"picked":"SKIP","floor":36.0},{"not_picked":["bronze:BugBarrage","bronze:BuggyMess+1","bronze:OilSpill"],"picked":"SKIP","floor":38.0},{"not_picked":["bronze:Philosophize+1","bronze:Overheat","bronze:ForceShield+1"],"picked":"SKIP","floor":39.0},{"not_picked":["bronze:HardenedForm","bronze:Virus","bronze:CleanCode"],"picked":"SKIP","floor":43},{"not_picked":["bronze:Format+1","bronze:Virus"],"picked":"bronze:FindAndReplace+1","floor":45},{"not_picked":["bronze:WhirlingStrike","bronze:Invalidate+1"],"picked":"bronze:GetLatest+1","floor":47},{"not_picked":["bronze:Boost+1","bronze:BitShift+1","bronze:Branch"],"picked":"SKIP","floor":49},{"not_picked":["bronze:ShipIt","bronze:InfiniteLoop"],"picked":"bronze:Verify","floor":50},{"not_picked":["bronze:HyperBeam","bronze:Assembly+1"],"picked":"bronze:BurnOut","floor":52},{"not_picked":["bronze:InfiniteLoop+1","bronze:Break+1"],"picked":"bronze:FindAndReplace+1","floor":55}],"player_experience":1654372,"relics_obtained":[{"floor":8.0,"key":"sneckomod:BlankCard"},{"floor":9.0,"key":"Pear"},{"floor":12.0,"key":"FossilizedHelix"},{"floor":24.0,"key":"Toxic Egg 2"},{"floor":25.0,"key":"CeramicFish"},{"floor":28.0,"key":"Slimebound:PreparedRelic"},{"floor":41.0,"key":"Nunchaku"},{"floor":43,"key":"Art of War"},{"floor":45,"key":"Torii"},{"floor":46,"key":"InkBottle"},{"floor":52,"key":"Blue Candle"}],"event_choices":[{"damage_healed":0.0,"max_hp_gain":5.0,"max_hp_loss":0.0,"gold_gain":0.0,"event_name":"Big Fish","player_choice":"Donut","floor":3.0,"gold_loss":0.0,"damage_taken":0.0},{"damage_healed":0.0,"max_hp_gain":0.0,"max_hp_loss":0.0,"gold_gain":0.0,"event_name":"Drug Dealer","player_choice":"Inject Mutagens","floor":31.0,"gold_loss":0.0,"damage_taken":0.0,"relics_obtained":["MutagenicStrength"]}],"is_beta":false,"boss_relics":[{"not_picked":["Runic Pyramid","Fusion Hammer"],"picked":"bronze:PlatinumCore"},{"not_picked":["Runic Dome","SlaversCollar"],"picked":"Coffee Dripper"}],"items_purged_floors":[4,27,42,48,53],"is_endless":true,"potions_floor_spawned":[2,8,12,20,29,32,33,38,39,43],"killed_by":"downfall:NeowBossFinal","ascension_level":20}}