{"host":"c3lc60y5x60jlt1y","time":1611397770,"event":{"mods":["AchievementEnabler","BaseMod","Bestiary","Colored Map","Minty Spire (QoL Compilation)","Quick Restart","StSLib","ojb\u0027s Info Mod"],"gold_per_floor":[117,134,134,134,153,153,28,53,127,159,177,195,212,212,212],"floor_reached":14,"language":"ENG","playtime":884,"items_purged":["Defend_B"],"score":189,"play_id":"74f48af8-3666-46bd-b325-ff36e4e56972","local_time":"20210123122930","is_ascension_mode":true,"campfire_choices":[{"data":"Echo Form","floor":6.0,"key":"SMITH"}],"circlet_count":0,"master_deck":["AscendersBane","Strike_B","Strike_B","Strike_B","Defend_B","Defend_B","Defend_B","Zap","Dualcast","Echo Form+1","Undo","Compile Driver","Capacitor","Turbo","Fusion","Hologram","Leap","Coolheaded"],"relics":["Cracked Core","Potion Belt","Cables","Vajra"],"acts_visited":["Exordium"],"potions_floor_usage":[12,12,12],"damage_taken":[{"damage":4.0,"enemies":"Jaw Worm","floor":1.0,"turns":5.0},{"damage":1.0,"enemies":"2 Louse","floor":2.0,"turns":4.0},{"damage":2.0,"enemies":"Cultist","floor":5.0,"turns":4.0},{"damage":25.0,"enemies":"3 Sentries","floor":8.0,"turns":13.0},{"damage":4.0,"enemies":"Lagavulin","floor":10.0,"turns":9.0},{"damage":18.0,"enemies":"3 Louse","floor":11.0,"turns":3.0},{"damage":1,"enemies":"Lots of Slimes","floor":12,"turns":3},{"damage":0,"enemies":"Blue Slaver","floor":13,"turns":4},{"damage":3,"enemies":"3 Sentries","floor":14,"turns":2}],"seed_played":"5236911566270932410","potions_obtained":[{"floor":1.0,"key":"Swift Potion"},{"floor":4.0,"key":"FearPotion"},{"floor":10.0,"key":"Strength Potion"},{"floor":11.0,"key":"SneckoOil"}],"is_trial":false,"path_per_floor":["M","M","?","?","M","R","$","E","T","E","M","M","M","E"],"character_chosen":"DEFECT","items_purchased":["Turbo"],"campfire_rested":0,"item_purchase_floors":[7],"current_hp_per_floor":[60,59,52,52,50,50,50,25,25,21,3,2,2,0,0],"gold":212,"neow_bonus":"THREE_RARE_CARDS","is_daily":false,"chose_seed":false,"campfire_upgraded":1,"win_rate":0.0,"timestamp":1611397770,"path_taken":["M","M","?","?","M","R","$","E","T","E","?","M","M","E"],"items_purchased_type":["Card"],"build_version":"2020-12-22","purchased_purges":1,"victory":false,"max_hp_per_floor":[64,64,64,64,64,64,64,64,64,64,64,64,64,64,64],"card_choices":[{"not_picked":["Seek","Creative AI"],"picked":"Echo Form","floor":0.0},{"not_picked":["Redo","Barrage"],"picked":"Undo","floor":1.0},{"not_picked":["Sweeping Beam","Doom and Gloom"],"picked":"Compile Driver","floor":2.0},{"not_picked":["Rebound","Steam"],"picked":"Capacitor","floor":5.0},{"not_picked":["Auto Shields","Heatsinks"],"picked":"Fusion","floor":8.0},{"not_picked":["Cold Snap","Steam"],"picked":"Hologram","floor":10.0},{"not_picked":["Compile Driver","Redo","Sweeping Beam"],"picked":"SKIP","floor":11.0},{"not_picked":["Turbo","Cold Snap"],"picked":"Leap","floor":12},{"not_picked":["Fission","Conserve Battery"],"picked":"Coolheaded","floor":13}],"player_experience":8419747,"relics_obtained":[{"floor":8.0,"key":"Potion Belt"},{"floor":9.0,"key":"Cables"},{"floor":10.0,"key":"Vajra"}],"event_choices":[{"cards_removed":["Strike_B"],"damage_healed":0.0,"max_hp_gain":0.0,"max_hp_loss":0.0,"gold_gain":0.0,"event_name":"Golden Wing","player_choice":"Card Removal","floor":3.0,"gold_loss":0.0,"damage_taken":7.0},{"damage_healed":0.0,"max_hp_gain":0.0,"max_hp_loss":0.0,"gold_gain":0.0,"event_name":"Lab","player_choice":"Got Potions","floor":4.0,"gold_loss":0.0,"damage_taken":0.0}],"is_beta":false,"boss_relics":[],"items_purged_floors":[7],"is_endless":false,"potions_floor_spawned":[1,5,10,11],"killed_by":"3 Sentries","ascension_level":17}}