{"host":"9tzam4717zt8ei1o","time":1611396130,"event":{"mods":["BaseMod","Colored Map","Keyboard Shortcuts","Minty Spire (QoL Compilation)","Quick Restart","StSLib","SuperFastMode"],"gold_per_floor":[110,110,385,402,71,71,86,86,86,104,121,134,86,114,114,215,265,284,89,89,105,26,26,26,55,123,123,134,165,165,90,90,191,191,201,247,260,278,278,313,313,343,343,243,243,243,257,274,274,274,274,274,119,147,147],"floor_reached":56,"language":"KOR","playtime":1759,"items_purged":["Regret","Strike_G"],"score":1905,"play_id":"e74de24c-5430-4fed-b089-32ae69739ddb","local_time":"20210123190210","is_ascension_mode":true,"campfire_choices":[{"data":"Eviscerate","floor":6.0,"key":"SMITH"},{"data":"Noxious Fumes","floor":8.0,"key":"SMITH"},{"data":"Prepared","floor":15.0,"key":"SMITH"},{"data":"A Thousand Cuts","floor":23.0,"key":"SMITH"},{"data":"Tactician","floor":27.0,"key":"SMITH"},{"data":"Envenom","floor":32.0,"key":"SMITH"},{"data":"Adrenaline","floor":41.0,"key":"SMITH"},{"data":"Acrobatics","floor":46.0,"key":"SMITH"},{"floor":49,"key":"RECALL"},{"data":"Reflex","floor":52,"key":"SMITH"}],"circlet_count":0,"master_deck":["AscendersBane","Defend_G","Defend_G","Defend_G+1","Defend_G","Defend_G","Survivor","Neutralize","Adrenaline+1","Noxious Fumes+1","Eviscerate+1","Escape Plan","Blade Dance","Prepared+1","Infinite Blades","Adrenaline","Acrobatics+1","Blur","A Thousand Cuts+1","Tactician+1","Envenom+1","Eviscerate","Prepared+1","Reflex+1","Acrobatics+1","Dodge and Roll+1","Acrobatics+1"],"relics":["Ring of the Snake","Kunai","Eternal Feather","Pantograph","Potion Belt","Tiny House","Paper Crane","Red Mask","SlaversCollar","Gambling Chip","Blue Candle","Toy Ornithopter","Strawberry","Medical Kit","Boot"],"acts_visited":["Exordium","TheCity","TheBeyond","TheEnding"],"potions_floor_usage":[55,55,55,55,55],"damage_taken":[{"damage":0.0,"enemies":"Small Slimes","floor":1.0,"turns":3.0},{"damage":5.0,"enemies":"Cultist","floor":4.0,"turns":6.0},{"damage":0.0,"enemies":"2 Louse","floor":7.0,"turns":2.0},{"damage":14.0,"enemies":"Gremlin Gang","floor":10.0,"turns":5.0},{"damage":4.0,"enemies":"2 Fungi Beasts","floor":11.0,"turns":3.0},{"damage":4.0,"enemies":"3 Louse","floor":12.0,"turns":3.0},{"damage":14.0,"enemies":"Lagavulin","floor":14.0,"turns":6.0},{"damage":18.0,"enemies":"Hexaghost","floor":16.0,"turns":9.0},{"damage":3.0,"enemies":"Chosen","floor":18.0,"turns":4.0},{"damage":11.0,"enemies":"2 Thieves","floor":21.0,"turns":3.0},{"damage":0.0,"enemies":"Gremlin Leader","floor":25.0,"turns":7.0},{"damage":0.0,"enemies":"Centurion and Healer","floor":28.0,"turns":5.0},{"damage":23.0,"enemies":"Masked Bandits","floor":29.0,"turns":4.0},{"damage":38.0,"enemies":"Champ","floor":33.0,"turns":11.0},{"damage":0.0,"enemies":"3 Shapes","floor":35.0,"turns":5.0},{"damage":26.0,"enemies":"2 Orb Walkers","floor":36.0,"turns":4.0},{"damage":19.0,"enemies":"Orb Walker","floor":37.0,"turns":4.0},{"damage":0.0,"enemies":"3 Darklings","floor":38.0,"turns":3.0},{"damage":14.0,"enemies":"Reptomancer","floor":40.0,"turns":4.0},{"damage":0.0,"enemies":"Giant Head","floor":42.0,"turns":5.0},{"damage":11.0,"enemies":"Nemesis","floor":45.0,"turns":4.0},{"damage":1.0,"enemies":"Sphere and 2 Shapes","floor":47.0,"turns":2.0},{"damage":4,"enemies":"Writhing Mass","floor":48,"turns":6},{"damage":0,"enemies":"Donu and Deca","floor":50,"turns":3},{"damage":13,"enemies":"Shield and Spear","floor":54,"turns":3},{"damage":26,"enemies":"The Heart","floor":55,"turns":4}],"seed_played":"4027919427188029238","potions_obtained":[{"floor":1.0,"key":"SneckoOil"},{"floor":10.0,"key":"SteroidPotion"},{"floor":11.0,"key":"Dexterity Potion"},{"floor":14.0,"key":"AttackPotion"},{"floor":17.0,"key":"ColorlessPotion"},{"floor":28.0,"key":"PowerPotion"},{"floor":37.0,"key":"SmokeBomb"},{"floor":48,"key":"DuplicationPotion"},{"floor":54,"key":"EssenceOfSteel"}],"is_trial":false,"path_per_floor":["M","?","?","M","$","R","M","R","T","M","M","M","$","E","R","B",null,"M","$","?","M","$","R","?","E","T","R","M","?","?","?","R","B",null,"M","?","M","M","?","E","R","E","T","$","E","R","M","M","R","B",null,"R","$","E","B",null],"character_chosen":"THE_SILENT","items_purchased":["Eternal Feather","Prepared","Acrobatics","Blur","A Thousand Cuts","Tactician","Medical Kit"],"campfire_rested":0,"item_purchase_floors":[5,13,19,19,19,22,53],"current_hp_per_floor":[63,45,45,40,40,49,49,58,58,44,40,36,36,22,31,38,67,64,64,64,53,53,65,65,65,65,75,75,52,52,52,64,37,66,66,40,21,21,21,7,22,22,29,29,23,38,37,33,48,73,80,82,82,69,56],"gold":147,"neow_bonus":"TRANSFORM_CARD","is_daily":false,"chose_seed":false,"campfire_upgraded":9,"win_rate":0.0,"timestamp":1611396130,"path_taken":["M","?","?","M","$","R","M","R","T","M","M","?","$","E","R","BOSS","M","$","?","M","$","R","?","E","T","R","?","?","?","?","R","BOSS","M","?","M","M","?","E","R","E","T","$","E","R","M","?","R","BOSS","R","$","E","BOSS"],"items_purchased_type":["Relic","Card","Card","Card","Card","Card","Relic"],"build_version":"2020-12-22","purchased_purges":2,"victory":true,"max_hp_per_floor":[70,70,70,70,70,70,70,70,70,70,70,70,70,70,70,70,75,75,75,75,75,75,75,75,75,75,75,75,75,75,75,75,75,75,75,75,75,75,75,75,75,75,82,82,82,82,82,82,82,82,82,82,82,82,82],"card_choices":[{"not_picked":["Leg Sweep","Deflect"],"picked":"Noxious Fumes","floor":1.0},{"not_picked":["Dagger Spray","Poisoned Stab"],"picked":"Eviscerate","floor":4.0},{"not_picked":["Riddle With Holes","Blur"],"picked":"Escape Plan","floor":7.0},{"not_picked":["Outmaneuver","Corpse Explosion","Deadly Poison"],"picked":"SKIP","floor":10.0},{"not_picked":["Endless Agony","Cloak And Dagger"],"picked":"Blade Dance","floor":11.0},{"not_picked":["Noxious Fumes","PiercingWail","Distraction"],"picked":"SKIP","floor":12.0},{"not_picked":["Bane","Deadly Poison"],"picked":"Infinite Blades","floor":14.0},{"not_picked":["Unload","Corpse Explosion"],"picked":"Adrenaline","floor":16.0},{"not_picked":["Blade Dance","Masterful Stab","Prepared"],"picked":"SKIP","floor":18.0},{"not_picked":["Poisoned Stab","Backflip","Expertise"],"picked":"SKIP","floor":21.0},{"not_picked":["Poisoned Stab","Underhanded Strike","Dash"],"picked":"SKIP","floor":25.0},{"not_picked":["Flying Knee","Dodge and Roll"],"picked":"Envenom","floor":28.0},{"not_picked":["Concentrate+1","Poisoned Stab+1"],"picked":"Prepared+1","floor":35.0},{"not_picked":["Dagger Spray+1","Poisoned Stab+1"],"picked":"Reflex","floor":37.0},{"not_picked":["Terror+1","Slice"],"picked":"Acrobatics+1","floor":38.0},{"not_picked":["Sucker Punch","Flying Knee+1","Finisher+1"],"picked":"SKIP","floor":40.0},{"not_picked":["Doppelganger","Night Terror"],"picked":"Dodge and Roll+1","floor":42.0},{"not_picked":["Cloak And Dagger","Blade Dance+1","Prepared"],"picked":"SKIP","floor":47.0},{"not_picked":["Footwork","PiercingWail+1"],"picked":"Acrobatics+1","floor":48},{"not_picked":["Well Laid Plans","Crippling Poison","Deflect"],"picked":"SKIP","floor":54}],"player_experience":99275,"relics_obtained":[{"floor":9.0,"key":"Pantograph"},{"floor":14.0,"key":"Potion Belt"},{"floor":25.0,"key":"Paper Crane"},{"floor":29.0,"key":"Red Mask"},{"floor":36.0,"key":"Gambling Chip"},{"floor":40.0,"key":"Blue Candle"},{"floor":42.0,"key":"Toy Ornithopter"},{"floor":43.0,"key":"Strawberry"},{"floor":54,"key":"Boot"}],"event_choices":[{"damage_healed":0.0,"max_hp_gain":0.0,"max_hp_loss":0.0,"gold_gain":0.0,"event_name":"Scrap Ooze","player_choice":"Success","floor":2.0,"gold_loss":0.0,"damage_taken":18.0,"relics_obtained":["Kunai"]},{"damage_healed":0.0,"max_hp_gain":0.0,"max_hp_loss":0.0,"gold_gain":275.0,"event_name":"Golden Shrine","player_choice":"Desecrate","floor":3.0,"gold_loss":0.0,"damage_taken":0.0,"cards_obtained":["Regret"]},{"damage_healed":0.0,"max_hp_gain":0.0,"max_hp_loss":0.0,"gold_gain":0.0,"event_name":"The Mausoleum","player_choice":"Ignored","floor":20.0,"gold_loss":0.0,"damage_taken":0.0},{"cards_removed":["Strike_G"],"damage_healed":0.0,"max_hp_gain":0.0,"max_hp_loss":0.0,"gold_gain":0.0,"event_name":"Purifier","player_choice":"Purged","floor":24.0,"gold_loss":0.0,"damage_taken":0.0},{"damage_healed":0.0,"max_hp_gain":0.0,"max_hp_loss":0.0,"gold_gain":0.0,"event_name":"Masked Bandits","player_choice":"Fought Bandits","floor":29.0,"gold_loss":0.0,"damage_taken":0.0},{"damage_healed":0.0,"max_hp_gain":0.0,"max_hp_loss":0.0,"gold_gain":0.0,"event_name":"The Library","player_choice":"Read","floor":30.0,"gold_loss":0.0,"damage_taken":0.0,"cards_obtained":["Eviscerate"]},{"cards_removed":["Strike_G"],"damage_healed":0.0,"max_hp_gain":0.0,"max_hp_loss":0.0,"gold_gain":0.0,"event_name":"Beggar","player_choice":"Gave Gold","floor":31.0,"gold_loss":75.0,"damage_taken":0.0},{"damage_healed":0.0,"max_hp_gain":0.0,"max_hp_loss":0.0,"gold_gain":0.0,"event_name":"Mysterious Sphere","player_choice":"Fight","floor":36.0,"gold_loss":0.0,"damage_taken":0.0},{"cards_removed":["Strike_G"],"damage_healed":0.0,"max_hp_gain":0.0,"max_hp_loss":0.0,"gold_gain":0.0,"event_name":"Purifier","player_choice":"Purged","floor":39.0,"gold_loss":0.0,"damage_taken":0.0}],"is_beta":false,"boss_relics":[{"not_picked":["Cursed Key","Ectoplasm"],"picked":"Tiny House"},{"not_picked":["SacredBark","Philosopher\u0027s Stone"],"picked":"SlaversCollar"}],"items_purged_floors":[5,44],"is_endless":false,"potions_floor_spawned":[1,10,11,14,28,37,45,48,54],"ascension_level":10}}