{"host":"0rxdudjy6rylha1k","time":1611418503,"event":{"mods":["Aspiration","BaseMod","Colored Map","Colored Powertips","Downfall","Highlight Path","Hubris","Minty Spire (QoL Compilation)","StSLib"],"gold_per_floor":[99,112,262,262,262,162,162,162,35,67,82,82,94,52,66,170,170,170,182,182,182,201,214,237,255,155,173,173,198,198,216,226,328,328,228,245,265,265,279,279,279,279,316,339,339,359,372,404,435,435,435,435],"floor_reached":50,"language":"ENG","playtime":5378,"items_purged":["Guardian:Strike_Guardian"],"score":495,"play_id":"64c5bb58-8d6a-40ea-89bf-e421d795fb89","local_time":"20210123091503","is_ascension_mode":false,"campfire_choices":[{"floor":1.0,"key":"RECALL"},{"floor":6.0,"key":"REST"},{"data":"Guardian:TwinSlam","floor":8.0,"key":"SMITH"},{"floor":12.0,"key":"REST"},{"data":"Guardian:RefractedBeam","floor":18.0,"key":"SMITH"},{"data":"Guardian:CompilePackage","floor":26,"key":"SMITH"},{"data":"Guardian:StasisStrike","floor":35,"key":"SMITH"},{"data":"Guardian:RefractedBeam+1","floor":42,"key":"SMITH"},{"data":"Guardian:BronzeArmor","floor":45,"key":"SMITH"}],"circlet_count":0,"master_deck":["Guardian:Strike_Guardian","Guardian:Strike_Guardian","Guardian:Strike_Guardian","Guardian:Defend_Guardian","Guardian:Defend_Guardian","Guardian:Defend_Guardian","Guardian:CurlUp","Guardian:TwinSlam+1","Guardian:PiercingHide","downfall:Icky","Guardian:RefractedBeam+2","Guardian:CompilePackage+1","Guardian:FuturePlans","Guardian:BronzeArmor+1","Guardian:ArmoredProtocol","Guardian:PiercingHide","Guardian:DecasProtection","Guardian:Harden","Guardian:ExploitGems","Guardian:VentSteam","Guardian:SpikerProtocol","Guardian:StasisStrike+1","Guardian:GemFinder","hubris:Envy","downfall:Bewildered","Guardian:Recover+1","Guardian:Gem_Cyan","Guardian:Gem_Crimson","Guardian:SpikerProtocol","Guardian:Gem_Cyan"],"relics":["Guardian:ModeShifter","Guardian:PocketSentry","downfall:HeartBlessingRed","Boot","The Courier","aspiration:SecretTechniqueScroll","downfall:HeartBlessingBlue","Bag of Preparation","hubris:ToyBattleship","Cursed Key","downfall:HeartBlessingGreen","MealTicket","CeramicFish"],"acts_visited":["Exordium","TheCity","TheBeyond"],"potions_floor_usage":[25,29,36,43,44],"damage_taken":[{"damage":10.0,"enemies":"Cultist","floor":2.0,"turns":4.0},{"damage":0.0,"enemies":"downfall:FleeingMerchant","floor":9.0,"turns":4.0},{"damage":16.0,"enemies":"Lagavulin","floor":10.0,"turns":8.0},{"damage":1.0,"enemies":"2 Louse","floor":11.0,"turns":2.0},{"damage":0.0,"enemies":"Jaw Worm","floor":13.0,"turns":2.0},{"damage":5.0,"enemies":"downfall:FleeingMerchant","floor":14.0,"turns":4.0},{"damage":0.0,"enemies":"3 Louse","floor":15.0,"turns":2.0},{"damage":15.0,"enemies":"WA_ARCHETYPE_RETAIN","floor":16.0,"turns":7.0},{"damage":10.0,"enemies":"Shell Parasite","floor":19.0,"turns":3.0},{"damage":0.0,"enemies":"Chosen","floor":22.0,"turns":4.0},{"damage":4.0,"enemies":"Centurion and Healer","floor":23.0,"turns":6.0},{"damage":10,"enemies":"Snecko","floor":25,"turns":5},{"damage":0,"enemies":"Chosen and Byrds","floor":27,"turns":4},{"damage":3,"enemies":"Book of Stabbing","floor":29,"turns":5},{"damage":0,"enemies":"Snake Plant","floor":31,"turns":3},{"damage":3,"enemies":"Shelled Parasite and Fungi","floor":32,"turns":4},{"damage":1,"enemies":"SI_MIRROR_ARCHETYPE","floor":33,"turns":13},{"damage":0,"enemies":"Orb Walker","floor":36,"turns":3},{"damage":0,"enemies":"3 Shapes","floor":37,"turns":3},{"damage":0,"enemies":"Maw","floor":39,"turns":8},{"damage":6,"enemies":"Spire Growth","floor":43,"turns":4},{"damage":0,"enemies":"3 Darklings","floor":44,"turns":6},{"damage":7,"enemies":"Transient","floor":46,"turns":5},{"damage":0,"enemies":"Spire Growth","floor":47,"turns":3},{"damage":4,"enemies":"4 Shapes","floor":48,"turns":9},{"damage":0,"enemies":"3 Darklings","floor":49,"turns":5},{"damage":143,"enemies":"IC_BLOCK_ARCHETYPE","floor":50,"turns":11}],"seed_played":"-1775152019957423161","potions_obtained":[{"floor":11.0,"key":"BlessingOfTheForge"},{"floor":19.0,"key":"Guardian:StasisDiscoveryPotion"},{"floor":25,"key":"CultistPotion"},{"floor":32,"key":"Fire Potion"},{"floor":33,"key":"FairyPotion"},{"floor":39,"key":"Fire Potion"},{"floor":43,"key":"BlessingOfTheForge"},{"floor":47,"key":"sneckomod:MuddlingPotion"}],"is_trial":false,"path_per_floor":["R","M","?","?","?","R","T","R","$","E","M","R","M","$","M","B",null,"R","M","?","$","M","M","T","M","R","M","?","E","T","M","M","B",null,"R","M","M","?","M","T","T","R","M","M","R","M","M","M","M","B"],"character_chosen":"GUARDIAN","items_purchased":["Guardian:RefractedBeam","Guardian:FuturePlans"],"campfire_rested":2,"item_purchase_floors":[9,14],"current_hp_per_floor":[72,62,62,44,44,72,72,72,72,56,55,83,83,78,78,63,96,96,86,86,86,86,82,82,72,82,82,82,79,79,79,76,75,106,106,106,106,106,106,106,106,106,100,100,100,93,93,89,89,0,0,0],"gold":435,"neow_bonus":"TWENTY_PERCENT_HP_BONUS","is_daily":false,"chose_seed":false,"campfire_upgraded":6,"win_rate":0.0,"timestamp":1611418503,"path_taken":["R","M","?","?","?","R","T","R","?","E","M","R","?","$","M","BOSS","R","M","?","?","M","M","T","?","R","M","?","E","?","M","M","BOSS","R","?","M","?","M","?","T","R","?","M","R","M","M","M","M","BOSS"],"items_purchased_type":["Card","Card"],"build_version":"2020-12-22","purchased_purges":1,"victory":false,"max_hp_per_floor":[96,96,96,96,96,96,96,96,96,96,96,96,96,96,96,96,96,96,96,96,96,96,96,96,96,106,106,106,106,106,106,106,106,106,106,106,106,106,106,106,106,106,106,106,106,106,106,106,106,106,106,106],"card_choices":[{"not_picked":["Guardian:TemporalShield","Guardian:Gem_Cyan"],"picked":"Guardian:PiercingHide","floor":2.0},{"not_picked":["Guardian:ShieldSpikes","Guardian:PrismaticBeam"],"picked":"Guardian:Gem_Purple","floor":9.0},{"not_picked":["Guardian:Recover","Guardian:RollAttack"],"picked":"Guardian:Gem_Orange","floor":10.0},{"not_picked":["Guardian:TemporalShield","Guardian:Gem_Red","Guardian:Gem_Lightblue"],"picked":"SKIP","floor":11.0},{"not_picked":["Guardian:Planning","Guardian:BronzeOrb","Guardian:WalkerClaw"],"picked":"SKIP","floor":13.0},{"not_picked":["Guardian:Gem_Lightblue","Guardian:TemporalShield"],"picked":"Guardian:CompilePackage","floor":14.0},{"not_picked":["Guardian:Gem_Purple","Guardian:Gem_Green"],"picked":"Guardian:BronzeArmor","floor":15.0},{"not_picked":["Guardian:HyperBeam_Guardian","Guardian:GemFire"],"picked":"Guardian:Gem_Orange","floor":16.0},{"not_picked":["Guardian:Incinerate","Guardian:Gem_Green"],"picked":"Guardian:ArmoredProtocol","floor":19.0},{"not_picked":["Guardian:ChargeCore+1","Guardian:Gem_Green"],"picked":"Guardian:DecasProtection","floor":22.0},{"not_picked":["Guardian:CrystalBeam","Guardian:TemporalShield","Guardian:TemporalStrike"],"picked":"SKIP","floor":23.0},{"not_picked":["Guardian:Gem_Blue","Guardian:FuturePlans+1"],"picked":"Guardian:Harden","floor":25},{"not_picked":["Guardian:ChargeUp","Guardian:Gem_Cyan"],"picked":"Guardian:ExploitGems","floor":27},{"not_picked":["Guardian:GuardianWhirl+1","Guardian:ShieldSpikes","Guardian:CrystalBeam+1"],"picked":"SKIP","floor":29},{"not_picked":["Guardian:BronzeOrb","Guardian:ChargeCore"],"picked":"Guardian:VentSteam","floor":31},{"not_picked":["Guardian:Incinerate","Guardian:Gem_Red"],"picked":"Guardian:SpikerProtocol","floor":32},{"not_picked":["Guardian:GatlingBeam","Guardian:StasisField"],"picked":"Guardian:StasisStrike","floor":33},{"not_picked":["Guardian:Incinerate","Guardian:ChargeCore+1"],"picked":"Guardian:Gem_Red","floor":36},{"not_picked":["Guardian:Planning+1","Guardian:CrystalBeam+1","Guardian:TemporalShield+1"],"picked":"SKIP","floor":37},{"not_picked":["Guardian:RollAttack","Guardian:DonusPower"],"picked":"Guardian:GemFinder","floor":39},{"not_picked":["Guardian:Gem_Green","Guardian:Gem_Lightblue"],"picked":"Guardian:Gem_Red","floor":43},{"not_picked":["Guardian:Harden+1","Guardian:PrismaticBarrier+1"],"picked":"Guardian:Recover+1","floor":43},{"not_picked":["Guardian:Gem_Lightblue","Guardian:Gem_Green"],"picked":"Guardian:Gem_Red","floor":44},{"not_picked":["Guardian:Reroute","Guardian:WalkerClaw","Guardian:VentSteam"],"picked":"SKIP","floor":44},{"not_picked":["Guardian:Incinerate","Guardian:GemFire","Guardian:Gem_Green"],"picked":"SKIP","floor":46},{"not_picked":["Guardian:Reroute","Guardian:PolyBeam","Guardian:WalkerClaw"],"picked":"SKIP","floor":47},{"not_picked":["Guardian:Gem_Lightblue","Guardian:Gem_Green"],"picked":"Guardian:Gem_Cyan","floor":48},{"not_picked":["Guardian:Suspension","Guardian:ShieldCharger+1"],"picked":"Guardian:Gem_Crimson","floor":48},{"not_picked":["Guardian:GuardianWhirl","Guardian:Reroute+1"],"picked":"Guardian:SpikerProtocol","floor":49},{"not_picked":["Guardian:Gem_Red","Guardian:Gem_Lightblue"],"picked":"Guardian:Gem_Cyan","floor":49}],"player_experience":2666107,"relics_obtained":[{"floor":7.0,"key":"Boot"},{"floor":10.0,"key":"The Courier"},{"floor":29,"key":"Bag of Preparation"},{"floor":30,"key":"hubris:ToyBattleship"},{"floor":40,"key":"MealTicket"},{"floor":41,"key":"CeramicFish"}],"event_choices":[{"damage_healed":0.0,"max_hp_gain":0.0,"max_hp_loss":0.0,"gold_gain":0.0,"event_name":"Scrap Ooze","player_choice":"Success","floor":4.0,"gold_loss":0.0,"damage_taken":18.0,"relics_obtained":["Guardian:PocketSentry"]},{"cards_removed":["Guardian:Defend_Guardian"],"damage_healed":0,"gold_gain":0,"player_choice":"Removed Skill","damage_taken":0,"max_hp_gain":0,"max_hp_loss":0,"event_name":"Falling","floor":38,"gold_loss":0}],"is_beta":false,"boss_relics":[{"not_picked":["hubris:GrandSneckoEye","hubris:TerracottaHorce"],"picked":"aspiration:SecretTechniqueScroll"},{"not_picked":["aspiration:FutureDiary","Fusion Hammer"],"picked":"Cursed Key"}],"items_purged_floors":[9],"is_endless":false,"potions_floor_spawned":[11,19,25,32,33,39,43,47],"killed_by":"IC_BLOCK_ARCHETYPE","ascension_level":0}}