{"host":"tcdxiwht2vajk3tk","time":1611366490,"event":{"mods":["AchievementEnabler","BaseMod","Beaked The Cultist","Colored Powertips","Conspire","Defuse TimeMaze Blight","Downfall","Halation","Hermit","Hubris","Infinite Spire","Lobotomy","LobotomyExtend","Minty Spire (QoL Compilation)","Replay The Spire","Shop Mod","StSLib","The Cursed","The Disciple","vexMod"],"gold_per_floor":[99,119,131,147,147,247,247,266,266,81,81,95,123,28,42,42,42,42],"floor_reached":16,"language":"ENG","playtime":2634,"items_purged":[],"score":107,"play_id":"4be60b17-5ce8-4c0d-8cf1-7bb2d47930a3","local_time":"20210122204810","is_ascension_mode":true,"campfire_choices":[{"data":"champ:Taunt","floor":1.0,"key":"SMITH"},{"floor":9.0,"key":"REST"},{"data":"Mind Blast","floor":11.0,"key":"SMITH"}],"circlet_count":0,"master_deck":["champ:Strike","champ:Strike","champ:Strike","champ:Strike","champ:Defend","champ:Defend","champ:Defend","champ:Defend","champ:Execute","champ:Taunt+1","Mind Blast+1","champ:Shatter","champ:DeathBlow","champ:Lariat","champ:FlashCut","champ:EndlessRage","champ:BerserkerStyle","champ:Backstep","champ:ViciousMockery","champ:CrookedStrike","champ:IronFortress","champ:DefensiveShout"],"relics":["champ:ChampionCrown","LetterFromLob","conspire:Dentures","MerchantsRug","Gremlin Horn"],"acts_visited":["Exordium"],"potions_floor_usage":[15,16],"damage_taken":[{"damage":17.0,"enemies":"Small Slimes","floor":2.0,"turns":4.0},{"damage":21.0,"enemies":"Jaw Worm","floor":3.0,"turns":4.0},{"damage":51.0,"enemies":"infinitespire:Voidling","floor":4.0,"turns":4.0},{"damage":23.0,"enemies":"Large Slime","floor":8.0,"turns":8.0},{"damage":10.0,"enemies":"downfall:FleeingMerchant","floor":10.0,"turns":4.0},{"damage":15.0,"enemies":"Gremlin Gang","floor":12.0,"turns":4.0},{"damage":58,"enemies":"Gremlin Nob","floor":13,"turns":5},{"damage":30,"enemies":"downfall:FleeingMerchant","floor":14,"turns":4},{"damage":17,"enemies":"Exordium Thugs","floor":15,"turns":5},{"damage":9,"enemies":"SI_SHIV_ARCHETYPE","floor":16,"turns":5}],"seed_played":"222204743701170209","potions_obtained":[{"floor":8.0,"key":"Ancient Potion"},{"floor":13,"key":"DuplicationPotion"},{"floor":15,"key":"Guardian:BlockOnCardUsePotion"}],"is_trial":false,"path_per_floor":["R","M","M","M","?","?","T","M","R","$","R","M","E","$","M","B"],"character_chosen":"THE_CHAMP","items_purchased":["MerchantsRug","champ:BerserkerStyle","champ:IronFortress"],"campfire_rested":1,"item_purchase_floors":[10,10,14],"current_hp_per_floor":[90,83,82,61,61,61,61,58,85,85,85,80,32,22,5,0,0,0],"gold":42,"neow_bonus":"RANDOM_COLORLESS","is_daily":false,"chose_seed":false,"campfire_upgraded":2,"win_rate":0.0,"timestamp":1611366490,"path_taken":["R","M","M","M","?","?","T","?","R","$","R","M","E","$","M","BOSS"],"items_purchased_type":["Relic","Card","Card"],"build_version":"2020-12-22","purchased_purges":0,"victory":false,"max_hp_per_floor":[90,90,90,90,90,90,90,90,90,90,90,90,90,90,90,90,90,90],"card_choices":[{"not_picked":["ReplayTheSpireMod:Private Reserves","hubris:Ssssneak"],"picked":"Mind Blast","floor":0.0},{"not_picked":["champ:FlashCut","champ:CalledShot"],"picked":"champ:Shatter","floor":2.0},{"not_picked":["champ:RisingSlash","champ:GutPunch"],"picked":"champ:DeathBlow","floor":3.0},{"not_picked":["champ:Backstep","champ:DeathBlow"],"picked":"champ:Lariat","floor":4.0},{"not_picked":["champ:BladeFlurry","champ:Circumvent"],"picked":"champ:FlashCut","floor":8.0},{"not_picked":["champ:PerfectedStrike","champ:BringItOn"],"picked":"champ:EndlessRage","floor":10.0},{"not_picked":["champ:ShieldSigil","champ:Haymaker"],"picked":"champ:Backstep","floor":12.0},{"not_picked":["champ:FanOfKnives","champ:Circumvent"],"picked":"champ:ViciousMockery","floor":13},{"not_picked":["champ:ShieldSigil","champ:Lariat"],"picked":"champ:CrookedStrike","floor":14},{"not_picked":["champ:RageSigil","champ:BladeFlurry"],"picked":"champ:DefensiveShout","floor":15}],"player_experience":1614877,"relics_obtained":[{"floor":2.0,"key":"LetterFromLob"},{"floor":7.0,"key":"conspire:Dentures"},{"floor":13,"key":"Gremlin Horn"}],"event_choices":[],"is_beta":false,"boss_relics":[],"items_purged_floors":[],"is_endless":false,"potions_floor_spawned":[8,13,15],"killed_by":"SI_SHIV_ARCHETYPE","ascension_level":1}}