{"host":"qmnyg5dk1o6rw6mz","time":1611391958,"event":{"mods":["100% Spire Juice","2.2 Compatiblity","AchievementEnabler","Act Like it!","Arknights The Spire","Aspiration","Astrologer","BaseMod","CapriCore","Challenge The Spire","ChefMod","Colored Map","Colored Powertips","Conjunction","Conspire","Decade(王小明)","DeckTracker","Defuse TimeMaze Blight","Disable Question Mark Monsters","Energized Spire","Friendly Minions","Gensokyo","GifTheSpireLib","Hermit","Highlight Path","HololiveMod","HornydragonMod","Hubris","Jedi Mod","Koishi","KomeijiMod","Lobotomy","LobotomyExtend","Marisa（霧雨　魔理沙）","Minty Spire (QoL Compilation)","Pale of the Ancients","Permanent Neow","Prisma Mod","Quick Restart","Reimu（博???）","Replay The Spire","Robot Space Explorer","SIMod","StSLib","The Alterego","The Bug Knight","The Cursed","The Dragon Tamer","The Gatherer","The Immortal","The Marked","The Mystic","The Poker Player","The Runesmith","The Senshi","The Showman","Unceasing Turn Reminder","WarShipGirlsR/??少女R mod","Wide Potions","Youmu（魂魄妖?）","Yuri Mod","Yuyuko","vexMod"],"gold_per_floor":[275,289,259,271,286,317,331,365,365,365,393,405,405,486,486,605,605,605,605,605],"floor_reached":18,"language":"ZHS","playtime":1150,"items_purged":[],"score":207,"play_id":"2a7728d5-7418-40b0-841d-68054082d739","local_time":"20210123165238","is_ascension_mode":false,"metric_token":4055,"campfire_choices":[{"data":"DTMod:Harmonize","floor":10,"key":"SMITH"}],"dtmod_dragon_data":[50,50,3,-1,14,0],"circlet_count":0,"master_deck":["DTMod:Strike","DTMod:Strike","DTMod:Strike","DTMod:Strike","DTMod:DoubleHit","DTMod:TargetDefense","DTMod:TargetDefense","DTMod:TargetDefense","DTMod:TargetDefense","DTMod:SwitchingTactic","CENSORED","DTMod:Hide","Alriune","DTMod:Feint","DTMod:FierySynthesis","DTMod:Harmonize+1","DTMod:Astonish","DTMod:Training","DTMod:TauntingStrike+1","DTMod:Harmonize","DTMod:DarkBreath+1","DTMod:Outburst"],"relics":["DTMod:PactStone","CogitoBucket","LetterFromLob","jedi:heavyjacket","BackwardClock","Molten Egg 2","Shuriken","hubris:SphereOfDissonance","Golden Idol","Kunai","SacredBark"],"acts_visited":["Exordium","TheCity"],"potions_floor_usage":[6,6,7,11,14,14,16,16,16],"damage_taken":[{"damage":6,"enemies":"Jaw Worm","floor":1,"turns":3},{"damage":0,"enemies":"Cultist","floor":2,"turns":5},{"damage":0,"enemies":"Small Slimes","floor":4,"turns":4},{"damage":3,"enemies":"3 Louse","floor":5,"turns":4},{"damage":0,"enemies":"3 Sentries","floor":6,"turns":3},{"damage":67,"enemies":"Blue Slaver","floor":7,"turns":9},{"damage":18,"enemies":"Gremlin Nob","floor":8,"turns":5},{"damage":6,"enemies":"3 Sentries","floor":11,"turns":7},{"damage":0,"enemies":"Gremlin Gang","floor":12,"turns":4},{"damage":0,"enemies":"Lagavulin Event","floor":14,"turns":2},{"damage":34,"enemies":"The Guardian","floor":16,"turns":6},{"damage":63,"enemies":"Spheric Guardian","floor":18,"turns":5}],"seed_played":"2409559750860524700","potions_obtained":[{"floor":1,"key":"SpeedPotion"},{"floor":3,"key":"jedi:holywater"},{"floor":3,"key":"jedi:wingpotion"},{"floor":7,"key":"jedi:hoardpotion"},{"floor":11,"key":"ZuzhouPotion:ReiMu"},{"floor":12,"key":"SteroidPotion"},{"floor":14,"key":"Languid Potion"},{"floor":15,"key":"RedTea"}],"is_trial":false,"path_per_floor":["M","M","?","M","M","E","M","E","T","R","E","M","?","?","R_BF","B",null,"M"],"character_chosen":"THE_DT","items_purchased":[],"campfire_rested":0,"item_purchase_floors":[],"current_hp_per_floor":[39,45,45,45,43,43,23,35,35,35,44,44,33,33,33,34,45,7,7,7],"gold":605,"neow_bonus":"","is_daily":false,"chose_seed":false,"campfire_upgraded":1,"win_rate":0.0,"timestamp":1611391958,"path_taken":["M","M","?","M","M","E","M","E","T","R","E","?","?","?","R_BF","BOSS","M"],"items_purchased_type":[],"build_version":"2020-12-22","purchased_purges":0,"victory":false,"max_hp_per_floor":[45,45,45,45,45,45,45,45,45,45,45,45,45,45,45,45,45,45,45,45],"card_choices":[{"not_picked":["Wellcheers","MHz"],"picked":"CENSORED","floor":1},{"not_picked":["DTMod:Punisher","DTMod:BuildUp"],"picked":"DTMod:Hide","floor":1},{"not_picked":["UniverseFragment","QueenBee","MHz"],"picked":"Singing Bowl","floor":2},{"not_picked":["LongBird","WallGazer"],"picked":"Alriune","floor":2},{"not_picked":["DTMod:BlazingStrike","DTMod:DeepFocus"],"picked":"DTMod:Feint","floor":2},{"not_picked":["CherryBlossoms","MeatLantern","Murderer"],"picked":"Singing Bowl","floor":4},{"not_picked":["DTMod:RecklessFlurry","DTMod:Weaken"],"picked":"DTMod:FierySynthesis","floor":4},{"not_picked":["Woodsman","Murderer","Wellcheers"],"picked":"Singing Bowl","floor":5},{"not_picked":["DTMod:CleansingStrike","DTMod:Weaken"],"picked":"DTMod:Harmonize","floor":5},{"not_picked":["CrumblingArmor","UniverseFragment","Porccubus"],"picked":"Singing Bowl","floor":6},{"not_picked":["DTMod:Overwhelm","DTMod:MagicField","DTMod:BizarreTactic"],"picked":"SKIP","floor":6},{"not_picked":["DTMod:WarmUp","DTMod:Punisher"],"picked":"DTMod:Astonish","floor":7},{"not_picked":["BeautyBeast","BigBadWolf","MHz"],"picked":"Singing Bowl","floor":7},{"not_picked":["DTMod:Conduct","DTMod:BizarreTactic"],"picked":"DTMod:Training","floor":8},{"not_picked":["OldLady","BeautyBeast","CrumblingArmor"],"picked":"Singing Bowl","floor":8},{"not_picked":["DTMod:BlazingStrike+1","DTMod:StarRain+1"],"picked":"DTMod:TauntingStrike+1","floor":11},{"not_picked":["UniverseFragment","DreamingCurrent","SnowQueen"],"picked":"Singing Bowl","floor":12},{"not_picked":["DTMod:BurningEnergy","DTMod:FlameSlash+1"],"picked":"DTMod:Harmonize","floor":12},{"not_picked":["DTMod:Haste","DTMod:Punisher+1"],"picked":"DTMod:DarkBreath+1","floor":14},{"not_picked":["DTMod:Harmonize","DTMod:Safeguard"],"picked":"DTMod:Outburst","floor":16}],"player_experience":217508,"relics_obtained":[{"floor":5,"key":"LetterFromLob"},{"floor":6,"key":"jedi:heavyjacket"},{"floor":8,"key":"Molten Egg 2"},{"floor":9,"key":"Shuriken"},{"floor":11,"key":"hubris:SphereOfDissonance"}],"event_choices":[{"damage_healed":0,"gold_gain":0,"player_choice":"Bought 2 Potions","damage_taken":0,"max_hp_gain":0,"max_hp_loss":0,"event_name":"The Woman in Blue","floor":3,"gold_loss":0},{"damage_healed":0,"gold_gain":0,"player_choice":"Take Damage","damage_taken":11,"relics_obtained":["Golden Idol"],"max_hp_gain":0,"max_hp_loss":0,"event_name":"Golden Idol","floor":13,"gold_loss":0},{"damage_healed":0,"gold_gain":0,"player_choice":"Searched \u00273\u0027 times","damage_taken":0,"relics_obtained":["Kunai"],"max_hp_gain":0,"max_hp_loss":0,"event_name":"Dead Adventurer","floor":14,"gold_loss":0}],"is_beta":false,"boss_relics":[{"not_picked":["ReplayTheSpireMod:DimensionalGlitch","DTMod:TheChair"],"picked":"SacredBark"}],"items_purged_floors":[],"is_endless":false,"potions_floor_spawned":[1,5,7,11,12,14],"killed_by":"Spheric Guardian","ascension_level":0}}