{"host":"zx7wygemkkdud4lm","time":1611441290,"event":{"mods":["2.2 Compatiblity","AchievementEnabler","BaseMod","Better Match","Better Note","Better Skull","BetterRewards","Block Reminder","Colored Map","Downfall","Emptier Cage","Googly Eyes","Jorbs\u0027s Wanderer Trilogy","Minty Spire (QoL Compilation)","Prisma Mod","Relic Stats","Spicy Shops","StSLib","Transform Curses","Yuri Mod","everything is the same but u backflip on backflip"],"gold_per_floor":[114,132,132,7,24,59,84,113,138,138,171,185,185,165,165,268,268,287,29,29,29,41,71,71,71,71,104,123,139,170,189,189,291,291,307,46,60,79,129,156,156,189,214,232,263,277,277,126,126,126,126,126,50,80,80],"floor_reached":56,"language":"ENG","playtime":3773,"items_purged":["yuri:yuriStrike","yuri:yuriStrike","yuri:yuriDefend","yuri:yuriStrike"],"score":1909,"play_id":"00deb142-16b3-4c66-9748-a843ab90977f","local_time":"20210123163450","is_ascension_mode":true,"campfire_choices":[{"data":"yuri:NerfBat","floor":13,"key":"SMITH"},{"data":"yuri:MultiDip","floor":15,"key":"SMITH"},{"data":"yuri:NoEscape","floor":24,"key":"SMITH"},{"data":"yuri:DuplicateCode","floor":32,"key":"SMITH"},{"floor":41,"key":"RECALL"},{"data":"yuri:NerfBat","floor":47,"key":"SMITH"},{"data":"yuri:Virus","floor":49,"key":"SMITH"},{"data":"yuri:SturdyUniform","floor":52,"key":"SMITH"}],"circlet_count":0,"master_deck":["yuri:yuriStrike+1","yuri:yuriStrike+1","yuri:yuriDefend","yuri:yuriDefend","yuri:yuriDefend","yuri:yuriDefend","yuri:Oolong","yuri:yuriStab","yuri:Virus+1","yuri:NerfBat+1","yuri:MultiDip+1","yuri:SturdyUniform+1","yuri:NoEscape+1","yuri:DuplicateCode+1","yuri:CalmingAura+1","yuri:DebugCard+1","yuri:BlackTea+1","yuri:Torment+1","yuri:DejaVu+1","yuri:yuriQuickStrike+1","yuri:NerfBat+1"],"relics":["yuri:yuriKnife","Vajra","HornCleat","Oddly Smooth Stone","Bronze Scales","Pear","Strawberry","Bag of Marbles","Philosopher\u0027s Stone","Toxic Egg 2","MutagenicStrength","Regal Pillow","Shuriken","Anchor","Darkstone Periapt","SlaversCollar","Mango","Centennial Puzzle","Blood Vial","Potion Belt","InkBottle","ClockworkSouvenir","Pantograph"],"acts_visited":["Exordium","TheCity","TheBeyond","TheEnding"],"potions_floor_usage":[8,23,28,30,50,55,55,55,55,55],"damage_taken":[{"damage":2,"enemies":"Cultist","floor":1,"turns":3},{"damage":6,"enemies":"2 Louse","floor":2,"turns":3},{"damage":0,"enemies":"Jaw Worm","floor":5,"turns":4},{"damage":11,"enemies":"Lagavulin","floor":6,"turns":8},{"damage":9,"enemies":"3 Sentries","floor":8,"turns":5},{"damage":3,"enemies":"Gremlin Nob","floor":11,"turns":4},{"damage":0,"enemies":"Exordium Wildlife","floor":12,"turns":3},{"damage":17,"enemies":"Slime Boss","floor":16,"turns":9},{"damage":0,"enemies":"3 Byrds","floor":18,"turns":2},{"damage":0,"enemies":"Spheric Guardian","floor":22,"turns":2},{"damage":9,"enemies":"Slavers","floor":23,"turns":4},{"damage":3,"enemies":"Gremlin Leader","floor":27,"turns":6},{"damage":0,"enemies":"Snake Plant","floor":28,"turns":3},{"damage":14,"enemies":"Snecko","floor":29,"turns":4},{"damage":4,"enemies":"Book of Stabbing","floor":30,"turns":5},{"damage":0,"enemies":"Shelled Parasite and Fungi","floor":31,"turns":4},{"damage":29,"enemies":"Collector","floor":33,"turns":7},{"damage":0,"enemies":"3 Darklings","floor":35,"turns":4},{"damage":0,"enemies":"Orb Walker","floor":37,"turns":3},{"damage":0,"enemies":"3 Darklings","floor":38,"turns":2},{"damage":0,"enemies":"Mind Bloom Boss Battle","floor":39,"turns":5},{"damage":2,"enemies":"Giant Head","floor":40,"turns":4},{"damage":11,"enemies":"Nemesis","floor":42,"turns":3},{"damage":0,"enemies":"Jaw Worm Horde","floor":44,"turns":1},{"damage":0,"enemies":"Giant Head","floor":45,"turns":6},{"damage":2,"enemies":"Writhing Mass","floor":46,"turns":5},{"damage":0,"enemies":"Awakened One","floor":50,"turns":7},{"damage":0,"enemies":"Shield and Spear","floor":54,"turns":5},{"damage":0,"enemies":"The Heart","floor":55,"turns":10}],"seed_played":"-6168956541388826362","potions_obtained":[{"floor":1,"key":"Fire Potion"},{"floor":2,"key":"SpeedPotion"},{"floor":6,"key":"hexamod:SoulburnPotion"},{"floor":8,"key":"PowerPotion"},{"floor":18,"key":"SteroidPotion"},{"floor":23,"key":"EssenceOfSteel"},{"floor":31,"key":"DuplicationPotion"},{"floor":33,"key":"DistilledChaos"},{"floor":39,"key":"DistilledChaos"},{"floor":44,"key":"Dexterity Potion"},{"floor":46,"key":"SteroidPotion"},{"floor":54,"key":"DistilledChaos"}],"is_trial":false,"path_per_floor":["M","M","?","$","M","E","T","E","T","$","E","M","R","?","R","B",null,"M","$","?","?","M","E","R","$","T","E","M","M","E","M","R","B",null,"M","$","M","M","?","E","R","E","T","M","E","M","R","$","R","B",null,"R","$","E","B",null],"character_chosen":"YURI","items_purchased":["Vajra","HornCleat","yuri:Virus","yuri:NerfBat","Oddly Smooth Stone","Toxic Egg 2","yuri:DejaVu+1","ClockworkSouvenir","LiquidMemories"],"campfire_rested":0,"item_purchase_floors":[0,0,0,0,0,19,36,48,53],"current_hp_per_floor":[46,44,28,28,32,25,25,30,37,37,38,42,42,42,42,29,97,97,97,97,97,97,88,88,88,88,89,93,83,83,91,91,66,97,97,97,97,97,111,109,109,100,100,102,108,109,109,109,109,111,111,111,111,111,111],"gold":80,"neow_bonus":"","is_daily":false,"chose_seed":false,"campfire_upgraded":7,"win_rate":0.0,"timestamp":1611441290,"path_taken":["M","?","?","$","M","E","?","E","T","?","E","M","R","?","R","BOSS","M","?","?","?","M","E","R","$","T","E","M","M","E","M","R","BOSS","M","$","M","M","?","E","R","E","T","M","E","M","R","$","R","BOSS","R","$","E","BOSS"],"items_purchased_type":["Relic","Relic","Card","Card","Relic","Relic","Card","Relic","Potion"],"build_version":"2020-12-22","purchased_purges":4,"victory":true,"max_hp_per_floor":[80,80,80,80,80,80,80,90,97,97,97,97,97,97,97,97,97,97,97,97,97,97,97,97,97,97,97,97,97,97,97,97,97,97,97,97,97,97,111,111,111,111,111,111,111,111,111,111,111,111,111,111,111,111,111],"relic_stats":{"Darkstone Periapt":0,"Blood Vial":48,"Regal Pillow":0,"Centennial Puzzle":[6],"counters":[91,430],"Shuriken":[33],"Bronze Scales":[389],"Pantograph":0,"obtain_stats":[{"Calipers":47,"CeramicFish":8,"Vajra":20,"downfall:HeartBlessingGreen":35,"Boot":38,"Blood Vial":24,"Centennial Puzzle":40,"HornCleat":0,"Sundial":3,"Strawberry":9,"MealTicket":0,"Philosopher\u0027s Stone":34,"Kunai":41,"Toxic Egg 2":31,"hexamod:SpiritBrand":0,"Pear":8,"Happy Flower":23,"Blue Candle":25,"hexamod:TheBrokenSeal":38,"Oddly Smooth Stone":0,"downfall:HeartsMalice":0,"Eternal Feather":20,"Letter Opener":20,"Akabeko":28,"SlaversCollar":34,"Shuriken":26,"Bronze Scales":6,"MutagenicStrength":21,"Pandora\u0027s Box":17,"Molten Egg 2":24,"Meat on the Bone":14,"Darkstone Periapt":30,"Regal Pillow":41,"SacredBark":17,"Mango":0,"Juzu Bracelet":40,"ClockworkSouvenir":48,"Dream Catcher":26,"Matryoshka":10,"downfall:HeartBlessingBlue":26,"Pantograph":7,"Chemical X":45,"InkBottle":45,"Potion Belt":43,"downfall:HeartBlessingRed":18,"The Courier":48,"PreservedInsect":0,"Omamori":44,"Frozen Egg 2":27,"Mercury Hourglass":43,"Anchor":27,"Ornamental Fan":43,"Art of War":8,"Bag of Marbles":54,"Membership Card":0,"Bottled Lightning":42,"yuri:PortableGlitches":20,"hexamod:IceCube":34},{"Calipers":58,"CeramicFish":4,"Vajra":44,"downfall:HeartBlessingGreen":23,"Boot":24,"Blood Vial":15,"Centennial Puzzle":84,"HornCleat":62,"Sundial":1,"Strawberry":67,"MealTicket":32,"Philosopher\u0027s Stone":51,"Kunai":26,"Toxic Egg 2":50,"hexamod:SpiritBrand":0,"Pear":67,"Happy Flower":15,"Blue Candle":16,"hexamod:TheBrokenSeal":24,"Oddly Smooth Stone":62,"downfall:HeartsMalice":0,"Eternal Feather":13,"Letter Opener":44,"Akabeko":48,"SlaversCollar":79,"Shuriken":73,"Bronze Scales":66,"MutagenicStrength":71,"Pandora\u0027s Box":43,"Molten Egg 2":47,"Meat on the Bone":42,"Darkstone Periapt":77,"Regal Pillow":26,"SacredBark":11,"Mango":32,"Juzu Bracelet":55,"ClockworkSouvenir":88,"Dream Catcher":47,"Matryoshka":6,"downfall:HeartBlessingBlue":16,"Pantograph":3,"Chemical X":28,"InkBottle":87,"Potion Belt":85,"downfall:HeartBlessingRed":11,"The Courier":30,"PreservedInsect":32,"Omamori":57,"Frozen Egg 2":17,"Mercury Hourglass":27,"Anchor":74,"Ornamental Fan":56,"Art of War":38,"Bag of Marbles":61,"Membership Card":32,"Bottled Lightning":56,"yuri:PortableGlitches":44,"hexamod:IceCube":23},{"Calipers":273,"CeramicFish":9,"Vajra":225,"downfall:HeartBlessingGreen":119,"Boot":130,"Blood Vial":67,"Centennial Puzzle":393,"HornCleat":299,"Sundial":1,"Strawberry":322,"MealTicket":172,"Philosopher\u0027s Stone":252,"Kunai":139,"Toxic Egg 2":244,"hexamod:SpiritBrand":0,"Pear":322,"Happy Flower":67,"Blue Candle":73,"hexamod:TheBrokenSeal":124,"Oddly Smooth Stone":299,"downfall:HeartsMalice":0,"Eternal Feather":57,"Letter Opener":225,"Akabeko":238,"SlaversCollar":375,"Shuriken":346,"Bronze Scales":317,"MutagenicStrength":340,"Pandora\u0027s Box":221,"Molten Egg 2":235,"Meat on the Bone":214,"Darkstone Periapt":364,"Regal Pillow":139,"SacredBark":46,"Mango":172,"Juzu Bracelet":264,"ClockworkSouvenir":408,"Dream Catcher":235,"Matryoshka":20,"downfall:HeartBlessingBlue":73,"Pantograph":5,"Chemical X":148,"InkBottle":403,"Potion Belt":396,"downfall:HeartBlessingRed":46,"The Courier":158,"PreservedInsect":172,"Omamori":269,"Frozen Egg 2":79,"Mercury Hourglass":144,"Anchor":352,"Ornamental Fan":267,"Art of War":198,"Bag of Marbles":289,"Membership Card":172,"Bottled Lightning":267,"yuri:PortableGlitches":225,"hexamod:IceCube":119}],"InkBottle":[14]},"card_choices":[{"not_picked":["yuri:ThrowBook","yuri:CalmingAura"],"picked":"yuri:MultiDip","floor":1},{"not_picked":["yuri:Spin","yuri:WickedSlash","yuri:InsanityDefense"],"picked":"SKIP","floor":2},{"not_picked":["yuri:HeavierStrike","yuri:DebugCard","yuri:BookBlue"],"picked":"SKIP","floor":5},{"not_picked":["yuri:InsanityDefense","yuri:Parry"],"picked":"yuri:SturdyUniform","floor":6},{"not_picked":["yuri:HoldBack","yuri:TPose"],"picked":"yuri:NoEscape","floor":8},{"not_picked":["yuri:ThrowBook","yuri:AdaptiveAI","yuri:Stare"],"picked":"SKIP","floor":11},{"not_picked":["yuri:yuriHeavyStrike","yuri:Stare","yuri:TPose"],"picked":"SKIP","floor":12},{"not_picked":["yuri:MagneticKnives","yuri:GlitchRemove"],"picked":"yuri:DuplicateCode","floor":16},{"not_picked":["yuri:HoldBack+1","yuri:HeavierStrike","yuri:DeepBreathing"],"picked":"SKIP","floor":18},{"not_picked":["yuri:Stalk+1","yuri:Skip+1","yuri:ChibiInvasion+1"],"picked":"SKIP","floor":22},{"not_picked":["yuri:GreenTea+1","yuri:Stalk+1"],"picked":"yuri:CalmingAura+1","floor":23},{"not_picked":["yuri:RepairCode+1","yuri:RecklessStrike+1","yuri:Skip+1"],"picked":"SKIP","floor":27},{"not_picked":["yuri:SturdyUniform","yuri:WickedSlash"],"picked":"yuri:DebugCard+1","floor":28},{"not_picked":["yuri:TPose+1","yuri:Stare+1"],"picked":"yuri:BlackTea+1","floor":29},{"not_picked":["yuri:DebugCard+1","yuri:AdaptiveAI+1","yuri:WickedSlash"],"picked":"SKIP","floor":30},{"not_picked":["yuri:ChibiInvasion","yuri:RepairCode+1","yuri:Skip+1"],"picked":"SKIP","floor":31},{"not_picked":["yuri:MirrorInsanity+1","yuri:GlitchRemove"],"picked":"yuri:Torment+1","floor":33},{"not_picked":["yuri:BookGreen+1","yuri:WickedSlash","yuri:Stalk+1"],"picked":"SKIP","floor":35},{"not_picked":["yuri:ReloadGame+1","yuri:DeepBreathing+1","yuri:ThornRemove+1"],"picked":"SKIP","floor":37},{"not_picked":["yuri:HoldBack","yuri:BookPurple+1"],"picked":"yuri:yuriQuickStrike+1","floor":38},{"not_picked":["yuri:HeavierStrike","yuri:ChibiInvasion+1","yuri:RecklessStrike+1"],"picked":"SKIP","floor":40},{"not_picked":["yuri:HeavierStrike","yuri:ChibiInvasion+1","yuri:RecklessStrike+1"],"picked":"SKIP","floor":40},{"not_picked":["yuri:yuriHeavyStrike+1","yuri:StealPen"],"picked":"yuri:NerfBat","floor":42},{"not_picked":["yuri:SturdyUniform","yuri:CalmingAura+1","yuri:GlitchedStrike+1"],"picked":"SKIP","floor":44},{"not_picked":["yuri:Spin+1","yuri:RepairCode+1","yuri:GlitchedStrike+1"],"picked":"SKIP","floor":45},{"not_picked":["yuri:TeaSet+1","yuri:DebugCard+1","yuri:yuriQuickStrike"],"picked":"SKIP","floor":46},{"not_picked":["yuri:SturdyUniform","yuri:TPose+1","yuri:RemoveSafetyChecks"],"picked":"SKIP","floor":54}],"player_experience":274548,"relics_obtained":[{"floor":6,"key":"Bronze Scales"},{"floor":8,"key":"Pear"},{"floor":9,"key":"Strawberry"},{"floor":11,"key":"Bag of Marbles"},{"floor":23,"key":"Regal Pillow"},{"floor":26,"key":"Shuriken"},{"floor":27,"key":"Anchor"},{"floor":30,"key":"Darkstone Periapt"},{"floor":39,"key":"Mango"},{"floor":40,"key":"Centennial Puzzle"},{"floor":42,"key":"Blood Vial"},{"floor":43,"key":"Potion Belt"},{"floor":45,"key":"InkBottle"},{"floor":54,"key":"Pantograph"}],"event_choices":[{"damage_healed":0,"gold_gain":0,"player_choice":"Entered Light","damage_taken":16,"max_hp_gain":0,"max_hp_loss":0,"event_name":"Shining Light","floor":3,"gold_loss":0,"cards_upgraded":["yuri:yuriStrike","yuri:yuriStrike"]},{"damage_healed":0,"gold_gain":0,"player_choice":"Bought 1 Potion","damage_taken":0,"max_hp_gain":0,"max_hp_loss":0,"event_name":"The Woman in Blue","floor":14,"gold_loss":0},{"damage_healed":0,"gold_gain":0,"player_choice":"Inject Mutagens","damage_taken":0,"relics_obtained":["MutagenicStrength"],"max_hp_gain":0,"max_hp_loss":0,"event_name":"Drug Dealer","floor":21,"gold_loss":0},{"damage_healed":0,"gold_gain":0,"player_choice":"Fight","damage_taken":0,"max_hp_gain":0,"max_hp_loss":0,"event_name":"MindBloom","floor":39,"gold_loss":0}],"is_beta":false,"boss_relics":[{"not_picked":["Astrolabe","yuri:PortraitOfMarkov"],"picked":"Philosopher\u0027s Stone"},{"not_picked":["Black Star","Cursed Key"],"picked":"SlaversCollar"}],"items_purged_floors":[0,0,4,36],"is_endless":false,"potions_floor_spawned":[1,2,6,8,18,22,23,31,33,38,39,40,44,46,54],"ascension_level":2}}