{"host":"xjs3b8lu14idcd3l","time":1611405169,"event":{"mods":["Act Like it!","BaseMod","CapriCore","Friendly Minions","Gensokyo","Kiyohime£®«Âºß£©","Koishi","Marisa£®ÏF”Í°°ƒß¿Ì…≥£©","Minty Spire (QoL Compilation)","Prisma Mod","Reimu£®≤©¿ˆ¡È√Œ£©","Remilia£®¿Ÿ√◊¿Ú—«£©","Replay The Spire","StSLib","The Administrix","The Immortal","The Servant 0.9.4","Youmu£®ªÍ∆«—˝√Œ£©","Yuyuko"],"gold_per_floor":[40,40,120,22,40,75,95,121,148,177,5,5,19,54,54,156,156,168,168,168,178,196,229,229,263,263,143,154,182,0,11,11,109,109,122,1,1,1,20,20,47,62,62,95,106,121,138,170,170,170],"floor_reached":51,"language":"ZHS","playtime":3377,"items_purged":["Defend_Lin:ReiMu"],"score":950,"play_id":"0580f11e-6e7e-4f48-92c8-5ad2a0bd0f68","local_time":"20210123203249","is_ascension_mode":false,"campfire_choices":[{"floor":15,"key":"DIG"},{"floor":32,"key":"DIG"},{"floor":40,"key":"DIG"},{"floor":49,"key":"DIG"}],"circlet_count":0,"master_deck":["Strike_Lin:ReiMu","Strike_Lin:ReiMu","Strike_Lin:ReiMu","Strike_Lin:ReiMu+1","Defend_Lin:ReiMu","Defend_Lin:ReiMu","Defend_Lin:ReiMu","Stagnation:ReiMu","AirStrike:ReiMu","Amulet:ReiMu","KamiRite:ReiMu","TakeOff:ReiMu","SubAcupoint:ReiMu","PrayRite:ReiMu","MikOfLucky:ReiMu","Forethought","PrayRite:ReiMu","Gensokyo:ManorOfTheDishes","Embodiment","OctopathBindingBorder2:ReiMu","Revelation:ReiMu","FoulBorder2:ReiMu","Revelation:ReiMu","ShadowOfCrow2:ReiMu+1","RainPray2:ReiMu+1","InherentArray:ReiMu+1"],"relics":["FlyPower:ReiMu","Happy Flower","Strawberry","MealTicket","Replay:Wax Seal","SkyOrb:ReiMu","Toy Ornithopter","Shovel","Bow_fan:ReiMu","Busted Crown","Gensokyo:ConquerorOfFear","Iron Hammer","Mirror","Gensokyo:SpiderMask","StoneCalendar","Nunchaku","SacredBark","ReplayTheSpireMod:Shallot","Smiling Mask","Blood Vial","Meat on the Bone","Calipers","Gremlin Horn","Letter Opener","Onion Ring"],"acts_visited":["Gensokyo:Gensokyo","Gensokyo:Gensokyoer","Gensokyo:Gensokyoest"],"potions_floor_usage":[6,8,14,16,23,25,25,31,33,33,41,50,50,50],"damage_taken":[{"damage":0,"enemies":"Gensokyo:3_Fairies","floor":1,"turns":4},{"damage":2,"enemies":"Gensokyo:Python","floor":5,"turns":3},{"damage":54,"enemies":"Gensokyo:Cirno","floor":6,"turns":10},{"damage":0,"enemies":"Gensokyo:2_Kodama","floor":7,"turns":5},{"damage":4,"enemies":"Gensokyo:Mamizou","floor":8,"turns":6},{"damage":6,"enemies":"Gensokyo:Cirno","floor":10,"turns":9},{"damage":4,"enemies":"Gensokyo:Gryphon_and_Rabbit","floor":13,"turns":4},{"damage":0,"enemies":"Gensokyo:Mamizou","floor":14,"turns":8},{"damage":13,"enemies":"Gensokyo:Reimu","floor":16,"turns":9},{"damage":8,"enemies":"Gensokyo:3_Dogs","floor":18,"turns":4},{"damage":2,"enemies":"Gensokyo:2_Gloops","floor":21,"turns":7},{"damage":19,"enemies":"Gensokyo:Mirror_and_Dog","floor":22,"turns":4},{"damage":16,"enemies":"Gensokyo:Reisen","floor":23,"turns":6},{"damage":8,"enemies":"Gensokyo:Koishi","floor":25,"turns":7},{"damage":11,"enemies":"Gensokyo:Monolith_and_Dog","floor":28,"turns":5},{"damage":14,"enemies":"Gensokyo:Reisen","floor":29,"turns":8},{"damage":0,"enemies":"Gensokyo:Slime_Group","floor":31,"turns":5},{"damage":2,"enemies":"Gensokyo:Eternal_Rivals","floor":33,"turns":8},{"damage":4,"enemies":"Gensokyo:3_Bats","floor":35,"turns":4},{"damage":6,"enemies":"Gensokyo:3_Boulders","floor":39,"turns":6},{"damage":14,"enemies":"Gensokyo:Kasen","floor":41,"turns":7},{"damage":0,"enemies":"Gensokyo:Sharpion","floor":42,"turns":6},{"damage":0,"enemies":"Gensokyo:Doremy","floor":44,"turns":6},{"damage":0,"enemies":"Gensokyo:4_Bats","floor":45,"turns":4},{"damage":5,"enemies":"Gensokyo:Rafflesia","floor":46,"turns":5},{"damage":0,"enemies":"Gensokyo:3_Boulders","floor":47,"turns":4},{"damage":11,"enemies":"Gensokyo:Marisa","floor":48,"turns":6},{"damage":0,"enemies":"Gensokyo:Yuyuko","floor":50,"turns":7}],"seed_played":"8824500672149954158","potions_obtained":[{"floor":1,"key":"Milkshake"},{"floor":7,"key":"BottledKami:ReiMu"},{"floor":10,"key":"Adrenaline Potion"},{"floor":13,"key":"Explosive Potion"},{"floor":18,"key":"Doom Potion"},{"floor":22,"key":"FearPotion"},{"floor":23,"key":"BlessingOfTheForge"},{"floor":29,"key":"Dexterity Potion"},{"floor":33,"key":"SteroidPotion"},{"floor":35,"key":"Swift Potion"},{"floor":39,"key":"Dexterity Potion"},{"floor":44,"key":"Venom Potion"},{"floor":45,"key":"PowerPotion"}],"is_trial":false,"path_per_floor":["M","?","?","COS","M","E","M","E","T","E","$","?","M","E","R","B",null,"M","?","?","M","M","E","?","E","T","?","M","E","$","M","R","B",null,"M","COS","?","?","M","R","E","M","T","E","M","M","M","E","R","B",null],"character_chosen":"REIMU","items_purchased":["Forethought","OctopathBindingBorder2:ReiMu","PinkPotion:ReiMu","Block Potion"],"campfire_rested":0,"item_purchase_floors":[11,30,30,30],"current_hp_per_floor":[65,65,65,65,63,16,16,12,12,6,21,43,39,44,44,36,72,64,64,64,62,43,32,32,34,34,34,23,9,24,29,29,37,65,61,61,61,61,55,55,46,46,46,48,50,47,49,40,40,40],"gold":170,"neow_bonus":"RANDOM_EVENT","is_daily":false,"chose_seed":false,"campfire_upgraded":0,"win_rate":0.0,"timestamp":1611405169,"path_taken":["M","?","?","COS","M","E","M","E","T","E","$","?","?","E","R","BOSS","M","?","?","M","M","E","?","E","T","?","M","E","$","?","R","BOSS","M","COS","?","?","M","R","E","?","T","E","M","M","M","E","R","BOSS"],"items_purchased_type":["Card","Card","Potion","Potion"],"build_version":"2020-12-22","purchased_purges":1,"victory":true,"max_hp_per_floor":[65,65,65,65,65,72,72,72,72,72,72,72,72,72,72,72,72,72,65,65,65,65,65,65,65,65,65,65,65,65,65,65,65,65,65,65,65,65,65,65,65,65,65,65,65,65,65,65,65,65],"card_choices":[{"not_picked":["BarrageOfMoneybags:ReiMu","Crusade:ReiMu"],"picked":"AirStrike:ReiMu","floor":1},{"not_picked":["SafetyPray:ReiMu","TightArray:ReiMu"],"picked":"Amulet:ReiMu","floor":5},{"not_picked":["HakureiPhantom:ReiMu","CeremonyResonance:ReiMu"],"picked":"KamiRite:ReiMu","floor":6},{"not_picked":["Crusade:ReiMu","PassingAway:ReiMu"],"picked":"TakeOff:ReiMu","floor":6},{"not_picked":["OrbThrow:ReiMu","MikOfLucky:ReiMu"],"picked":"SubAcupoint:ReiMu","floor":7},{"not_picked":["SpreadBorder2:ReiMu","Crusade:ReiMu"],"picked":"PrayRite:ReiMu","floor":8},{"not_picked":["SpringWay:ReiMu","EmergencyTakeOff:ReiMu"],"picked":"MikOfLucky:ReiMu","floor":10},{"not_picked":["KamiSacrifice:ReiMu","TightArray:ReiMu","Crusade:ReiMu"],"picked":"SKIP","floor":13},{"not_picked":["EmergencyTakeOff:ReiMu","CareerPray:ReiMu","LearningPray:ReiMu"],"picked":"SKIP","floor":14},{"not_picked":["YinYang:ReiMu","Shading:ReiMu"],"picked":"PrayRite:ReiMu","floor":16},{"not_picked":["Meditation:ReiMu+1"],"picked":"SKIP","floor":18},{"not_picked":[],"picked":"Gensokyo:ManorOfTheDishes","floor":19},{"not_picked":["DoubleButterfly:ReiMu+1"],"picked":"SKIP","floor":21},{"not_picked":[],"picked":"InherentArray:ReiMu+1","floor":22},{"not_picked":["EmergencyTakeOff:ReiMu"],"picked":"SKIP","floor":23},{"not_picked":["OrbThrow:ReiMu"],"picked":"SKIP","floor":25},{"not_picked":["PhosphorusFlame:ReiMu"],"picked":"SKIP","floor":28},{"not_picked":["TightArray:ReiMu"],"picked":"SKIP","floor":29},{"not_picked":[],"picked":"Revelation:ReiMu","floor":31},{"not_picked":[],"picked":"FoulBorder2:ReiMu","floor":35},{"not_picked":[],"picked":"Revelation:ReiMu","floor":39},{"not_picked":[],"picked":"ShadowOfCrow2:ReiMu+1","floor":41},{"not_picked":["Amulet:ReiMu+1"],"picked":"SKIP","floor":42},{"not_picked":["MountainWay:ReiMu"],"picked":"SKIP","floor":44},{"not_picked":[],"picked":"RainPray2:ReiMu+1","floor":45},{"not_picked":[],"picked":"InherentArray:ReiMu+1","floor":46},{"not_picked":["CollectionFlower2:ReiMu+1"],"picked":"SKIP","floor":47},{"not_picked":["CollectionFlower2:ReiMu+1"],"picked":"SKIP","floor":47},{"not_picked":["SubcavityInstant:ReiMu+1"],"picked":"SKIP","floor":48}],"player_experience":174248,"relics_obtained":[{"floor":6,"key":"Strawberry"},{"floor":8,"key":"Replay:Wax Seal"},{"floor":9,"key":"SkyOrb:ReiMu"},{"floor":10,"key":"Toy Ornithopter"},{"floor":14,"key":"Shovel"},{"floor":15,"key":"Bow_fan:ReiMu"},{"floor":21,"key":"Gensokyo:ConquerorOfFear"},{"floor":23,"key":"Iron Hammer"},{"floor":25,"key":"Mirror"},{"floor":29,"key":"StoneCalendar"},{"floor":32,"key":"Nunchaku"},{"floor":40,"key":"ReplayTheSpireMod:Shallot"},{"floor":41,"key":"Smiling Mask"},{"floor":43,"key":"Meat on the Bone"},{"floor":44,"key":"Gremlin Horn"},{"floor":48,"key":"Letter Opener"},{"floor":49,"key":"Onion Ring"}],"event_choices":[],"is_beta":false,"boss_relics":[{"not_picked":["Snecko Eye","Runic Dome"],"picked":"Busted Crown"},{"not_picked":["Kintsugi","Fusion Hammer"],"picked":"SacredBark"}],"items_purged_floors":[11],"is_endless":false,"potions_floor_spawned":[1,7,10,13,18,22,23,29,33,35,39,44,45],"ascension_level":0}}