{"host":"8i58hvcssdezoe94","time":1611424339,"event":{"mods":["Act Like it!","BaseMod","Colored Map","Conspire","Downfall","Gensokyo","Good Game Mod","KinomotoSakuraMod(木之本樱)","Marisa（F雨　魔理沙）","Minty Spire (QoL Compilation)","Quick Restart","Remilia（蕾米莉亚）","Replay The Spire","StSLib","The Bug Knight","The Construct","The Cursed","The Hierophant","The Jungle","The Servant 0.9.4"],"gold_per_floor":[119,19,33,44,57,73,98,98,123,158,175,41,41,121,121,223,223,233,244,244,254,274,274,274],"floor_reached":23,"language":"ZHS","playtime":1393,"items_purged":[],"score":230,"play_id":"882a423a-727f-47e7-bab7-41907dbc3398","local_time":"20210124015219","is_ascension_mode":false,"campfire_choices":[{"data":"Slimebound:MassFeed","floor":8.0,"key":"SMITH"},{"floor":13.0,"key":"RECALL"},{"floor":15.0,"key":"REST"}],"circlet_count":0,"master_deck":["Strike_R","Strike_R","Strike_R","Strike_R","Strike_R","Defend_R","Defend_R","Defend_R","Defend_R","Bash","Slimebound:MassFeed+1","Pommel Strike","Combust","Ghostly Armor","ReplayTheSpireMod:Stacked","Power Through","Anger","Impervious","Armaments","Hemogenesis","Fiend Fire","Body Slam","Cleave","True Grit","conspire:Charge"],"relics":["Burning Blood","REME:ComplimentaryCards","NeowsBlessing","Quantum Egg","ReplayTheSpireMod:Spearhead","HollowMod:PaleOreRelic","ReplayTheSpireMod:Lightbulb","conspire:SpecialSausage","WingedGreaves"],"acts_visited":["Gensokyo:Gensokyo","TheCity"],"potions_floor_usage":[],"damage_taken":[{"damage":0.0,"enemies":"Gensokyo:Python","floor":1.0,"turns":1.0},{"damage":0.0,"enemies":"Gensokyo:Gryphon","floor":3.0,"turns":2.0},{"damage":0.0,"enemies":"Gensokyo:2_Kodama","floor":4.0,"turns":2.0},{"damage":9.0,"enemies":"Gensokyo:Kitsune","floor":5.0,"turns":4.0},{"damage":20.0,"enemies":"Gensokyo:Python_and_Kodama","floor":6.0,"turns":8.0},{"damage":10.0,"enemies":"Gensokyo:Cirno","floor":7.0,"turns":4.0},{"damage":30.0,"enemies":"Gensokyo:Aya","floor":10.0,"turns":7.0},{"damage":9.0,"enemies":"Gensokyo:2_Rabbits","floor":11.0,"turns":4.0},{"damage":56.0,"enemies":"Gensokyo:Reimu","floor":16.0,"turns":16.0},{"damage":35,"enemies":"Shell Parasite","floor":18,"turns":9},{"damage":16,"enemies":"Cultist and Chosen","floor":19,"turns":7},{"damage":52,"enemies":"Sentry and Sphere","floor":21,"turns":9},{"damage":12,"enemies":"conspire:HollyBat","floor":22,"turns":8},{"damage":25,"enemies":"Centurion and Healer","floor":23,"turns":6}],"seed_played":"1229280658011493252","potions_obtained":[{"floor":3.0,"key":"SpeedPotion"},{"floor":5.0,"key":"Fire Potion"},{"floor":6.0,"key":"Slimebound:ThreeZeroPotion"},{"floor":7.0,"key":"champ:CounterPotion"}],"is_trial":false,"path_per_floor":["M","?","M","M","M","M","E","R","T","E","M","COS","R","?","R","B",null,"M","M","?","M","M","M"],"character_chosen":"IRONCLAD","items_purchased":[],"campfire_rested":1,"item_purchase_floors":[],"current_hp_per_floor":[83,83,86,92,89,78,74,74,74,50,51,51,51,51,80,30,99,70,60,60,18,17,0,0],"gold":274,"neow_bonus":"THREE_ENEMY_KILL","is_daily":false,"chose_seed":false,"campfire_upgraded":1,"win_rate":0.0,"timestamp":1611424339,"path_taken":["M","?","M","M","M","M","E","R","T","E","M","COS","R","?","R","BOSS","M","M","?","?","M","M"],"items_purchased_type":[],"build_version":"2020-12-22","purchased_purges":0,"victory":false,"max_hp_per_floor":[83,83,86,92,92,95,95,95,95,95,99,99,99,99,99,99,99,99,99,99,103,103,103,103],"card_choices":[{"not_picked":["Run Through","Havoc"],"picked":"Pommel Strike","floor":1.0},{"not_picked":["ReplayTheSpireMod:Corrosion Curse","Heavy Blade"],"picked":"Combust","floor":3.0},{"not_picked":["Perfected Strike","Iron Wave"],"picked":"Ghostly Armor","floor":4.0},{"not_picked":["Iron Wave","Wild Strike"],"picked":"ReplayTheSpireMod:Stacked","floor":5.0},{"not_picked":["Clothesline","Barricade"],"picked":"Power Through","floor":6.0},{"not_picked":["Rupture","Sword Boomerang"],"picked":"Anger","floor":7.0},{"not_picked":["Dropkick","Carnage"],"picked":"Impervious","floor":10.0},{"not_picked":["Sword Boomerang","Seeing Red"],"picked":"Armaments","floor":11.0},{"not_picked":["Offering","Exhume"],"picked":"Hemogenesis","floor":16.0},{"not_picked":["Brutality","Corruption"],"picked":"Fiend Fire","floor":18},{"not_picked":["Shrug It Off+1","Sword Boomerang"],"picked":"Body Slam","floor":18},{"not_picked":["Wild Strike+1","Havoc"],"picked":"Cleave","floor":19},{"not_picked":["ReplayReversal","Body Slam"],"picked":"True Grit","floor":21},{"not_picked":["Heavy Blade","Intimidate"],"picked":"conspire:Charge","floor":22}],"player_experience":52806,"relics_obtained":[{"floor":7.0,"key":"ReplayTheSpireMod:Spearhead"},{"floor":9.0,"key":"HollowMod:PaleOreRelic"},{"floor":10.0,"key":"ReplayTheSpireMod:Lightbulb"}],"event_choices":[{"damage_healed":0,"gold_gain":0,"player_choice":"Ignored","damage_taken":0,"max_hp_gain":0,"max_hp_loss":0,"event_name":"Transmorgrifier","floor":20,"gold_loss":0}],"is_beta":false,"boss_relics":[{"not_picked":["Painkiller Herb","Ectoplasm"],"picked":"conspire:SpecialSausage"}],"items_purged_floors":[],"is_endless":false,"potions_floor_spawned":[3,5,6,7,11,16,21],"killed_by":"Centurion and Healer","ascension_level":0}}