{"host":"n4fty02wqqi95laq","time":1611405518,"event":{"mods":["BaseMod","Highlight Path","Minty Spire (QoL Compilation)","Quick Restart","Rare Cards Sparkle","StSLib"],"gold_per_floor":[116,136,155,155,155,155,166,180,206,143,159,159,191,201,201,305,305,318,318,338,369,126,159,159,159,159,159,159,34,45,45,45,148,198,208,208,224,237,251,251,282,292,319,96,96,114,134,159,159,159],"floor_reached":51,"language":"ZHS","playtime":1306,"items_purged":["Pain","Defend_P","Defend_P","Defend_P"],"score":904,"play_id":"4676db7e-a687-4195-8876-940c4e59e04d","local_time":"20210123203838","is_ascension_mode":false,"campfire_choices":[{"data":"Eruption","floor":6.0,"key":"SMITH"},{"data":"Crescendo","floor":12.0,"key":"SMITH"},{"data":"CrushJoints","floor":15.0,"key":"SMITH"},{"data":"Prostrate","floor":24.0,"key":"SMITH"},{"data":"1","floor":28.0,"key":"LIFT"},{"data":"2","floor":32.0,"key":"LIFT"},{"data":"3","floor":40.0,"key":"LIFT"},{"data":"Prostrate","floor":45.0,"key":"SMITH"},{"data":"BowlingBash","floor":49,"key":"SMITH"}],"circlet_count":0,"master_deck":["Strike_P","Strike_P+1","Strike_P","Strike_P","Defend_P+1","Eruption+1","Vigilance","CurseOfTheBell","Crescendo+1","Consecrate","BowlingBash+1","Prostrate+1","EmptyFist","CrushJoints+1","FlurryOfBlows","Ghostly+1","Ghostly","Ghostly+1","Ghostly","Ghostly","Evaluate+1","CutThroughFate+1","Prostrate+1","Evaluate+1","Prostrate+1","Halt+1","BowlingBash+1"],"relics":["Calling Bell","Lizard Tail","Meat on the Bone","Centennial Puzzle","WarpedTongs","MawBank","Potion Belt","Philosopher\u0027s Stone","Red Mask","Medical Kit","Omamori","MutagenicStrength","Girya","Nunchaku","Tiny House","Regal Pillow","Pear","Akabeko","Strawberry"],"acts_visited":["TheCity","TheBeyond"],"potions_floor_usage":[50,50,50,50],"damage_taken":[{"damage":7.0,"enemies":"Cultist","floor":1.0,"turns":3.0},{"damage":0.0,"enemies":"Small Slimes","floor":2.0,"turns":3.0},{"damage":0.0,"enemies":"2 Louse","floor":3.0,"turns":2.0},{"damage":2.0,"enemies":"Blue Slaver","floor":7.0,"turns":2.0},{"damage":2.0,"enemies":"Looter","floor":8.0,"turns":3.0},{"damage":0.0,"enemies":"3 Louse","floor":11.0,"turns":2.0},{"damage":0.0,"enemies":"Gremlin Nob","floor":13.0,"turns":2.0},{"damage":2.0,"enemies":"Exordium Thugs","floor":14.0,"turns":2.0},{"damage":34.0,"enemies":"Hexaghost","floor":16.0,"turns":8.0},{"damage":5.0,"enemies":"2 Thieves","floor":18.0,"turns":2.0},{"damage":7.0,"enemies":"3 Byrds","floor":20.0,"turns":5.0},{"damage":2.0,"enemies":"Masked Bandits","floor":21.0,"turns":4.0},{"damage":14.0,"enemies":"Book of Stabbing","floor":23.0,"turns":6.0},{"damage":2.0,"enemies":"Shelled Parasite and Fungi","floor":30.0,"turns":3.0},{"damage":1.0,"enemies":"Collector","floor":33.0,"turns":7.0},{"damage":0.0,"enemies":"Orb Walker","floor":35.0,"turns":2.0},{"damage":1.0,"enemies":"3 Shapes","floor":37.0,"turns":4.0},{"damage":0.0,"enemies":"3 Darklings","floor":38.0,"turns":5.0},{"damage":1.0,"enemies":"Writhing Mass","floor":39.0,"turns":4.0},{"damage":1.0,"enemies":"Reptomancer","floor":41.0,"turns":4.0},{"damage":1.0,"enemies":"Sphere and 2 Shapes","floor":42.0,"turns":4.0},{"damage":5.0,"enemies":"4 Shapes","floor":46.0,"turns":2.0},{"damage":4,"enemies":"3 Darklings","floor":47,"turns":3},{"damage":0,"enemies":"Giant Head","floor":48,"turns":6},{"damage":0,"enemies":"Donu and Deca","floor":50,"turns":8}],"seed_played":"8185283358232032557","potions_obtained":[{"floor":3.0,"key":"DistilledChaos"},{"floor":8.0,"key":"StancePotion"},{"floor":11.0,"key":"BottledMiracle"},{"floor":13.0,"key":"Explosive Potion"},{"floor":16.0,"key":"Regen Potion"},{"floor":20.0,"key":"Fire Potion"},{"floor":21.0,"key":"Weak Potion"},{"floor":30.0,"key":"BottledMiracle"},{"floor":34.0,"key":"BlessingOfTheForge"},{"floor":42.0,"key":"DuplicationPotion"},{"floor":46.0,"key":"Dexterity Potion"}],"is_trial":false,"path_per_floor":["M","M","M","?","?","R","M","M","T","$","M","R","E","M","R","B",null,"M","?","M","?","$","E","R","?","T","?","R","$","M","T","R","B",null,"M","?","M","M","M","R","E","M","T","$","R","M","M","E","R","B",null],"character_chosen":"WATCHER","items_purchased":["Medical Kit","GamblersBrew"],"campfire_rested":0,"item_purchase_floors":[22,44],"current_hp_per_floor":[65,65,65,51,51,51,49,47,47,47,47,47,47,45,45,23,72,67,36,29,27,27,27,27,27,27,27,27,27,25,25,25,24,41,41,41,40,40,39,39,48,47,47,47,47,42,38,45,45,45],"gold":159,"neow_bonus":"BOSS_RELIC","is_daily":false,"chose_seed":false,"campfire_upgraded":6,"win_rate":0.0,"timestamp":1611405518,"path_taken":["M","?","M","?","?","R","?","M","T","$","?","R","E","M","R","BOSS","M","?","M","?","$","E","R","?","T","?","R","$","?","?","R","BOSS","M","?","M","M","M","R","E","M","T","$","R","M","M","E","R","BOSS"],"items_purchased_type":["Relic","Potion"],"build_version":"2020-12-22","purchased_purges":4,"victory":true,"max_hp_per_floor":[72,72,72,72,72,72,72,72,72,72,72,72,72,72,72,72,72,72,36,36,36,36,36,36,36,36,36,36,36,36,36,36,36,41,41,41,41,41,41,41,51,51,51,51,51,51,51,58,58,58],"card_choices":[{"not_picked":["Wallop","CarveReality"],"picked":"Crescendo","floor":1.0},{"not_picked":["FlyingSleeves","Protect"],"picked":"Consecrate","floor":2.0},{"not_picked":["CutThroughFate","CrushJoints"],"picked":"BowlingBash","floor":3.0},{"not_picked":["Perseverance","Swivel"],"picked":"Prostrate","floor":7.0},{"not_picked":["Crescendo","SandsOfTime","Prostrate"],"picked":"SKIP","floor":8.0},{"not_picked":["Crescendo","SandsOfTime","Prostrate"],"picked":"SKIP","floor":8.0},{"not_picked":["Fasting2","Consecrate","Wish"],"picked":"SKIP","floor":11.0},{"not_picked":["DevaForm","BowlingBash"],"picked":"EmptyFist","floor":13.0},{"not_picked":["Halt","EmptyBody"],"picked":"CrushJoints","floor":14.0},{"not_picked":["FlyingSleeves","Evaluate"],"picked":"FlurryOfBlows","floor":18.0},{"not_picked":["CutThroughFate","FlyingSleeves"],"picked":"Evaluate+1","floor":20.0},{"not_picked":["BowlingBash","Protect"],"picked":"CutThroughFate+1","floor":23.0},{"not_picked":["BowlingBash","Consecrate","Meditate+1"],"picked":"SKIP","floor":30.0},{"not_picked":["FlyingSleeves+1","JustLucky"],"picked":"Prostrate","floor":34.0},{"not_picked":["WheelKick","Protect"],"picked":"Evaluate+1","floor":35.0},{"not_picked":["WheelKick+1","Worship+1","LikeWater+1"],"picked":"SKIP","floor":37.0},{"not_picked":["Weave+1","WreathOfFlame","Fasting2"],"picked":"SKIP","floor":38.0},{"not_picked":["MentalFortress+1","EmptyBody","Devotion"],"picked":"SKIP","floor":39.0},{"not_picked":["Tantrum+1","BattleHymn","CrushJoints+1"],"picked":"SKIP","floor":41.0},{"not_picked":["SandsOfTime","CutThroughFate+1","Tantrum"],"picked":"SKIP","floor":42.0},{"not_picked":["Worship+1","DeceiveReality+1"],"picked":"Prostrate+1","floor":46.0},{"not_picked":["JustLucky","WheelKick+1"],"picked":"Halt+1","floor":47},{"not_picked":["JustLucky","Conclude"],"picked":"BowlingBash+1","floor":48}],"player_experience":685478,"relics_obtained":[{"floor":0.0,"key":"Lizard Tail"},{"floor":0.0,"key":"Meat on the Bone"},{"floor":0.0,"key":"Centennial Puzzle"},{"floor":9.0,"key":"MawBank"},{"floor":13.0,"key":"Potion Belt"},{"floor":21.0,"key":"Red Mask"},{"floor":23.0,"key":"Omamori"},{"floor":26.0,"key":"Girya"},{"floor":31.0,"key":"Nunchaku"},{"floor":41.0,"key":"Pear"},{"floor":43.0,"key":"Akabeko"},{"floor":48,"key":"Strawberry"}],"event_choices":[{"damage_healed":0.0,"max_hp_gain":0.0,"max_hp_loss":0.0,"gold_gain":0.0,"event_name":"Shining Light","player_choice":"Entered Light","floor":4.0,"gold_loss":0.0,"damage_taken":14.0,"cards_upgraded":["Strike_P","Defend_P"]},{"damage_healed":0.0,"max_hp_gain":0.0,"max_hp_loss":0.0,"gold_gain":0.0,"event_name":"Accursed Blacksmith","player_choice":"Rummage","floor":5.0,"gold_loss":0.0,"damage_taken":0.0,"relics_obtained":["WarpedTongs"],"cards_obtained":["Pain"]},{"damage_healed":0.0,"max_hp_gain":0.0,"max_hp_loss":36.0,"gold_gain":0.0,"event_name":"Ghosts","player_choice":"Became a Ghost","floor":19.0,"gold_loss":0.0,"damage_taken":0.0,"cards_obtained":["Ghostly","Ghostly","Ghostly","Ghostly","Ghostly"]},{"damage_healed":0.0,"max_hp_gain":0.0,"max_hp_loss":0.0,"gold_gain":0.0,"event_name":"Masked Bandits","player_choice":"Fought Bandits","floor":21.0,"gold_loss":0.0,"damage_taken":0.0},{"damage_healed":0.0,"max_hp_gain":0.0,"max_hp_loss":0.0,"gold_gain":0.0,"event_name":"Drug Dealer","player_choice":"Inject Mutagens","floor":25.0,"gold_loss":0.0,"damage_taken":0.0,"relics_obtained":["MutagenicStrength"]},{"damage_healed":0.0,"max_hp_gain":0.0,"max_hp_loss":0.0,"gold_gain":0.0,"event_name":"Upgrade Shrine","player_choice":"Upgraded","floor":27.0,"gold_loss":0.0,"damage_taken":0.0,"cards_upgraded":["Ghostly"]},{"damage_healed":0.0,"max_hp_gain":0.0,"max_hp_loss":0.0,"gold_gain":0.0,"event_name":"WeMeetAgain","player_choice":"Gave Potion","floor":36.0,"gold_loss":0.0,"damage_taken":0.0,"relics_obtained":["Regal Pillow"]}],"is_beta":false,"boss_relics":[{"not_picked":["Fusion Hammer","Snecko Eye"],"picked":"Philosopher\u0027s Stone"},{"not_picked":["Velvet Choker","Astrolabe"],"picked":"Tiny House"}],"items_purged_floors":[10,22,29,44],"is_endless":false,"potions_floor_spawned":[3,8,11,13,16,20,21,30,35,42,46],"ascension_level":0}}