{"host":"8dhn6p16jorj0i1s","time":1611418144,"event":{"mods":["BaseMod","Colored Map","DeckTracker","Highlight Path","Minty Spire (QoL Compilation)","Permanent Neow","Quick Restart"],"gold_per_floor":[114,0,15,15,29,29,29,58,58,58,58,58,391,409,409,504,504,519,539,539,31,51,51,80,80,80,99,125,125,154,154,154,255,255,274,274,286,306,80,80,112,112,139,174,74,84,99,111,111,111,111,111,43,77,77],"floor_reached":56,"language":"ENG","playtime":3464,"items_purged":["Strike_R","Pain"],"score":1825,"play_id":"69ee1882-5ee9-4a83-b132-9c8faf34e8e9","local_time":"20210123170904","is_ascension_mode":true,"campfire_choices":[{"data":"Bash","floor":6.0,"key":"SMITH"},{"data":"Fire Breathing","floor":10.0,"key":"SMITH"},{"data":"Evolve","floor":11.0,"key":"SMITH"},{"data":"Wild Strike","floor":12.0,"key":"SMITH"},{"data":"Combust","floor":15.0,"key":"SMITH"},{"data":"Feel No Pain","floor":23.0,"key":"SMITH"},{"floor":25,"key":"REST"},{"data":"Body Slam","floor":29,"key":"SMITH"},{"data":"Dark Embrace","floor":32,"key":"SMITH"},{"data":"Juggernaut","floor":40,"key":"SMITH"},{"data":"Offering","floor":42,"key":"SMITH"},{"floor":49,"key":"RECALL"},{"data":"Second Wind","floor":52,"key":"SMITH"}],"circlet_count":0,"master_deck":["Strike_R","Defend_R","Defend_R","Defend_R","Defend_R","Bash+1","Wild Strike+1","Fire Breathing+1","Regret","Evolve+1","Offering+1","Impervious","Combust+1","Immolate","Body Slam+1","Wild Strike","Battle Trance","Dark Embrace+1","Feel No Pain+1","Second Wind+1","Ghostly Armor","Juggernaut+1","Burning Pact+1","Feel No Pain","Clumsy","Sentinel+1","Entrench+1","Dual Wield+1","Power Through","Sever Soul+1"],"relics":["Burning Blood","Gambling Chip","White Beast Statue","Bottled Tornado","WingedGreaves","Old Coin","Mark of Pain","Lizard Tail","Medical Kit","Vajra","Self Forming Clay","Strawberry","Art of War","Nilry\u0027s Codex","Cursed Key","WarpedTongs","Anchor","Oddly Smooth Stone","Potion Belt","HornCleat"],"acts_visited":["Exordium","TheCity","TheBeyond","TheEnding"],"potions_floor_usage":[24,28,30,30,33,33,38,44,46,48,50,54,55,55],"damage_taken":[{"damage":6.0,"enemies":"Cultist","floor":1.0,"turns":3.0},{"damage":6.0,"enemies":"Jaw Worm","floor":3.0,"turns":4.0},{"damage":16.0,"enemies":"Small Slimes","floor":5.0,"turns":4.0},{"damage":19.0,"enemies":"Lagavulin","floor":8.0,"turns":7.0},{"damage":6.0,"enemies":"Gremlin Nob","floor":13.0,"turns":2.0},{"damage":6.0,"enemies":"Gremlin Gang","floor":14.0,"turns":2.0},{"damage":34.0,"enemies":"Hexaghost","floor":16.0,"turns":5.0},{"damage":17.0,"enemies":"Shell Parasite","floor":18.0,"turns":2.0},{"damage":7.0,"enemies":"Spheric Guardian","floor":19.0,"turns":2.0},{"damage":17.0,"enemies":"Shelled Parasite and Fungi","floor":22.0,"turns":3.0},{"damage":29,"enemies":"Book of Stabbing","floor":24,"turns":4},{"damage":6,"enemies":"3 Cultists","floor":27,"turns":2},{"damage":8,"enemies":"Gremlin Leader","floor":28,"turns":4},{"damage":7,"enemies":"Book of Stabbing","floor":30,"turns":2},{"damage":23,"enemies":"Collector","floor":33,"turns":5},{"damage":6,"enemies":"3 Darklings","floor":35,"turns":2},{"damage":14,"enemies":"Orb Walker","floor":37,"turns":3},{"damage":10,"enemies":"Writhing Mass","floor":38,"turns":3},{"damage":13,"enemies":"Reptomancer","floor":41,"turns":3},{"damage":14,"enemies":"Giant Head","floor":44,"turns":5},{"damage":0,"enemies":"3 Darklings","floor":46,"turns":2},{"damage":6,"enemies":"Sphere and 2 Shapes","floor":47,"turns":2},{"damage":15,"enemies":"4 Shapes","floor":48,"turns":2},{"damage":12,"enemies":"Donu and Deca","floor":50,"turns":2},{"damage":6,"enemies":"Shield and Spear","floor":54,"turns":3},{"damage":13,"enemies":"The Heart","floor":55,"turns":4}],"seed_played":"-7471412823569165611","potions_obtained":[{"floor":3.0,"key":"Block Potion"},{"floor":5.0,"key":"ColorlessPotion"},{"floor":8.0,"key":"Weak Potion"},{"floor":13.0,"key":"SpeedPotion"},{"floor":14.0,"key":"DuplicationPotion"},{"floor":16.0,"key":"SpeedPotion"},{"floor":18.0,"key":"ElixirPotion"},{"floor":19.0,"key":"ColorlessPotion"},{"floor":22.0,"key":"Explosive Potion"},{"floor":24,"key":"DistilledChaos"},{"floor":27,"key":"Energy Potion"},{"floor":28,"key":"Dexterity Potion"},{"floor":30,"key":"Block Potion"},{"floor":33,"key":"Explosive Potion"},{"floor":35,"key":"Block Potion"},{"floor":37,"key":"Weak Potion"},{"floor":38,"key":"DistilledChaos"},{"floor":41,"key":"HeartOfIron"},{"floor":44,"key":"BlessingOfTheForge"},{"floor":46,"key":"BlessingOfTheForge"},{"floor":47,"key":"SmokeBomb"},{"floor":48,"key":"SkillPotion"},{"floor":54,"key":"EssenceOfSteel"}],"is_trial":false,"path_per_floor":["M","$","M","?","M","R","?","E","T","R","R","R","E","M","R","B",null,"M","M","?","$","M","R","E","R","T","M","E","R","E","?","R","B",null,"M","?","M","M","$","R","E","R","T","E","$","M","M","M","R","B",null,"R","$","E","B",null],"character_chosen":"IRONCLAD","items_purchased":["Fire Breathing","Lizard Tail","Medical Kit","Dark Embrace","Feel No Pain","Anchor","Power Through"],"campfire_rested":1,"item_purchase_floors":[2,21,21,21,39,39,53],"current_hp_per_floor":[72,72,72,72,62,62,55,42,42,42,42,42,42,42,42,14,58,47,46,46,46,35,35,12,33,33,33,38,38,37,21,21,44,70,70,70,62,58,58,58,51,51,51,43,43,49,49,40,40,34,68,68,68,68,61],"gold":77,"neow_bonus":"ONE_RARE_RELIC","is_daily":false,"chose_seed":false,"campfire_upgraded":11,"win_rate":0.0,"timestamp":1611418144,"path_taken":["M","$","M","?","M","R","?","E","T","R","R","R","E","M","R","BOSS","M","M","?","$","M","R","E","R","T","M","E","R","E","?","R","BOSS","M","?","M","M","$","R","E","R","T","E","$","M","M","M","R","BOSS","R","$","E","BOSS"],"items_purchased_type":["Card","Relic","Relic","Card","Card","Relic","Card"],"build_version":"2020-12-22","purchased_purges":2,"victory":true,"max_hp_per_floor":[72,72,72,72,72,72,72,72,72,72,72,72,72,72,72,72,72,72,72,72,72,72,72,72,72,72,72,79,79,79,79,79,79,79,79,79,79,79,79,79,79,79,79,79,79,79,79,79,79,79,79,79,79,79,79],"card_choices":[{"not_picked":["Shrug It Off","Havoc"],"picked":"Wild Strike","floor":1.0},{"not_picked":["Perfected Strike","Shrug It Off","Flex"],"picked":"SKIP","floor":3.0},{"not_picked":["Clothesline","Flex"],"picked":"Evolve","floor":5.0},{"not_picked":["Perfected Strike","Sword Boomerang"],"picked":"Offering","floor":8.0},{"not_picked":["Inflame","Pommel Strike"],"picked":"Impervious","floor":13.0},{"not_picked":["Armaments","Clash"],"picked":"Combust","floor":14.0},{"not_picked":["Berserk","Impervious"],"picked":"Immolate","floor":16.0},{"not_picked":["Heavy Blade","Spot Weakness"],"picked":"Body Slam","floor":18.0},{"not_picked":["Evolve","Iron Wave","Thunderclap"],"picked":"SKIP","floor":19.0},{"not_picked":["True Grit+1","Iron Wave+1"],"picked":"Feel No Pain","floor":22.0},{"not_picked":["Spot Weakness+1","Armaments","Intimidate"],"picked":"SKIP","floor":24},{"not_picked":["Perfected Strike","Blood for Blood"],"picked":"Second Wind","floor":27},{"not_picked":["Inflame","Anger"],"picked":"Ghostly Armor","floor":28},{"not_picked":["Headbutt","True Grit","Dual Wield"],"picked":"SKIP","floor":30},{"not_picked":["Impervious","Offering"],"picked":"Juggernaut","floor":33},{"not_picked":["Rage+1","Anger+1","Metallicize"],"picked":"SKIP","floor":35},{"not_picked":["Clash","True Grit+1"],"picked":"Burning Pact+1","floor":37},{"not_picked":["Havoc+1","Flame Barrier","Infernal Blade+1"],"picked":"SKIP","floor":38},{"not_picked":["Armaments","Clothesline+1","Inflame+1"],"picked":"SKIP","floor":41},{"not_picked":["Headbutt+1","Twin Strike"],"picked":"Sentinel+1","floor":44},{"not_picked":["Uppercut","Body Slam"],"picked":"Entrench+1","floor":46},{"not_picked":["Headbutt","Wild Strike+1"],"picked":"Dual Wield+1","floor":47},{"not_picked":["Double Tap","Havoc+1","Armaments+1"],"picked":"SKIP","floor":48},{"not_picked":["Shrug It Off","Burning Pact"],"picked":"Sever Soul+1","floor":54}],"player_experience":454937,"relics_obtained":[{"floor":8.0,"key":"Bottled Tornado"},{"floor":9.0,"key":"WingedGreaves"},{"floor":13.0,"key":"Old Coin"},{"floor":24,"key":"Vajra"},{"floor":26,"key":"Self Forming Clay"},{"floor":28,"key":"Strawberry"},{"floor":30,"key":"Art of War"},{"floor":31,"key":"Nilry\u0027s Codex"},{"floor":41,"key":"Oddly Smooth Stone"},{"floor":44,"key":"Potion Belt"},{"floor":54,"key":"HornCleat"}],"event_choices":[{"damage_healed":0.0,"max_hp_gain":0.0,"max_hp_loss":0.0,"gold_gain":0.0,"event_name":"Big Fish","player_choice":"Box","floor":4.0,"gold_loss":0.0,"damage_taken":0.0,"relics_obtained":["White Beast Statue"],"cards_obtained":["Regret"]},{"cards_removed":["Strike_R"],"damage_healed":0.0,"max_hp_gain":0.0,"max_hp_loss":0.0,"gold_gain":0.0,"event_name":"Golden Wing","player_choice":"Card Removal","floor":7.0,"gold_loss":0.0,"damage_taken":7.0},{"damage_healed":0.0,"max_hp_gain":0.0,"max_hp_loss":0.0,"gold_gain":0.0,"cards_transformed":["Strike_R","Strike_R"],"event_name":"Drug Dealer","player_choice":"Became Test Subject","floor":20.0,"gold_loss":0.0,"damage_taken":0.0,"cards_obtained":["Wild Strike","Battle Trance"]},{"damage_healed":0,"gold_gain":0,"player_choice":"Obtained Book","damage_taken":16,"max_hp_gain":0,"max_hp_loss":0,"event_name":"Cursed Tome","floor":31,"gold_loss":0},{"damage_healed":0,"gold_gain":0,"player_choice":"Rummage","damage_taken":0,"relics_obtained":["WarpedTongs"],"max_hp_gain":0,"max_hp_loss":0,"event_name":"Accursed Blacksmith","floor":36,"gold_loss":0,"cards_obtained":["Pain"]}],"is_beta":false,"boss_relics":[{"not_picked":["Ectoplasm","Busted Crown"],"picked":"Mark of Pain"},{"not_picked":["Runic Pyramid","Pandora\u0027s Box"],"picked":"Cursed Key"}],"items_purged_floors":[2,45],"is_endless":false,"potions_floor_spawned":[3,5,8,13,14,16,18,19,22,24,27,28,30,33,35,37,38,41,44,46,47,48,54],"ascension_level":7}}