{"host":"w4b7hmige5bnqipq","time":1611405236,"event":{"mods":["2.2 Compatiblity","BaseMod","Colored Map","DeckTracker","Keyboard Shortcuts","Minty Spire (QoL Compilation)","Permanent Neow","Rare Cards Sparkle","SuperFastMode","everything is the same but u backflip on backflip","slay the spire mod where everything is the same but ironclad has a cowboy hat"],"gold_per_floor":[119,134,134,149,169,169,183,216,216,236,266,266,299,315,315,392,392,364,203,118,137,137,137,137,165,192,204,204],"floor_reached":27,"language":"KOR","playtime":681,"items_purged":["Strike_R"],"score":486,"play_id":"ea7c0ae6-92ba-4fcd-81f6-7e29051f0fe0","local_time":"20210123213356","is_ascension_mode":true,"campfire_choices":[{"data":"Blood for Blood","floor":6,"key":"SMITH"},{"data":"Berserk","floor":15,"key":"SMITH"},{"data":"Limit Break","floor":23,"key":"SMITH"}],"circlet_count":0,"master_deck":["AscendersBane","Strike_R","Strike_R","Strike_R","Defend_R","Defend_R","Defend_R","Defend_R","Bash","Reaper","Anger","Evolve","Blood for Blood+1","Sword Boomerang","Shrug It Off","Berserk+1","Spot Weakness","Inflame","Limit Break+1","Shrug It Off","Disarm","Writhe"],"relics":["Burning Blood","Pantograph","Odd Mushroom","Bag of Preparation","Mark of Pain","Self Forming Clay","CaptainsWheel","Mercury Hourglass","MawBank"],"acts_visited":["Exordium","TheCity"],"potions_floor_usage":[7,8,18,25,27],"damage_taken":[{"damage":9,"enemies":"Jaw Worm","floor":1,"turns":5},{"damage":8,"enemies":"Cultist","floor":2,"turns":5},{"damage":1,"enemies":"2 Louse","floor":4,"turns":3},{"damage":17,"enemies":"Looter","floor":5,"turns":4},{"damage":26,"enemies":"Exordium Wildlife","floor":7,"turns":4},{"damage":22,"enemies":"3 Sentries","floor":8,"turns":6},{"damage":8,"enemies":"Blue Slaver","floor":10,"turns":3},{"damage":25,"enemies":"The Mushroom Lair","floor":11,"turns":3},{"damage":27,"enemies":"Lagavulin","floor":13,"turns":7},{"damage":9,"enemies":"Looter","floor":14,"turns":3},{"damage":33,"enemies":"Slime Boss","floor":16,"turns":6},{"damage":31,"enemies":"2 Thieves","floor":18,"turns":4},{"damage":7,"enemies":"Chosen","floor":21,"turns":5},{"damage":29,"enemies":"Book of Stabbing","floor":25,"turns":5},{"damage":54,"enemies":"Gremlin Leader","floor":27,"turns":6}],"seed_played":"776047257151903762","potions_obtained":[{"floor":1,"key":"Energy Potion"},{"floor":2,"key":"BloodPotion"},{"floor":7,"key":"DistilledChaos"},{"floor":8,"key":"LiquidBronze"},{"floor":25,"key":"Weak Potion"}],"is_trial":false,"path_per_floor":["M","M","?","M","M","R","M","E","T","M","?","?","E","M","R","B",null,"M","$","?","M","?","R","?","E","T","E"],"character_chosen":"IRONCLAD","items_purchased":["Disarm"],"campfire_rested":0,"item_purchase_floors":[19],"current_hp_per_floor":[71,73,73,75,64,64,67,63,63,61,42,42,28,25,25,23,62,47,47,47,59,59,59,59,47,47,0,0],"gold":204,"neow_bonus":"ONE_RANDOM_RARE_CARD","is_daily":false,"chose_seed":false,"campfire_upgraded":3,"win_rate":0.0,"timestamp":1611405236,"path_taken":["M","M","?","?","M","R","M","E","T","?","?","?","E","M","R","BOSS","M","$","?","M","?","R","?","E","T","E"],"items_purchased_type":["Card"],"build_version":"2020-12-22","purchased_purges":1,"victory":false,"max_hp_per_floor":[75,75,75,75,75,75,75,75,75,75,75,75,75,75,75,75,75,75,75,75,75,75,75,75,75,75,75,75],"card_choices":[{"not_picked":["Rupture","Havoc","Sever Soul"],"picked":"SKIP","floor":1},{"not_picked":["Warcry","Perfected Strike"],"picked":"Anger","floor":2},{"not_picked":["Searing Blow","Flame Barrier"],"picked":"Blood for Blood","floor":4},{"not_picked":["Anger","Cleave"],"picked":"Sword Boomerang","floor":5},{"not_picked":["Heavy Blade","Feel No Pain"],"picked":"Shrug It Off","floor":7},{"not_picked":["Sword Boomerang","Clash"],"picked":"Berserk","floor":8},{"not_picked":["Combust","Twin Strike"],"picked":"Spot Weakness","floor":10},{"not_picked":["Entrench","Intimidate"],"picked":"Inflame","floor":13},{"not_picked":["Cleave","Heavy Blade","Headbutt"],"picked":"SKIP","floor":14},{"not_picked":["Immolate","Juggernaut"],"picked":"Limit Break","floor":16},{"not_picked":["Whirlwind","Metallicize"],"picked":"Shrug It Off","floor":18},{"not_picked":["Armaments","Clash","Combust+1"],"picked":"SKIP","floor":21},{"not_picked":["Brutality","Anger","Carnage"],"picked":"SKIP","floor":25}],"player_experience":575323,"relics_obtained":[{"floor":8,"key":"Pantograph"},{"floor":11,"key":"Odd Mushroom"},{"floor":13,"key":"Bag of Preparation"},{"floor":25,"key":"Mercury Hourglass"},{"floor":26,"key":"MawBank"}],"event_choices":[{"damage_healed":0,"gold_gain":0,"cards_transformed":["Strike_R"],"player_choice":"Transformed","damage_taken":0,"max_hp_gain":0,"max_hp_loss":0,"event_name":"Transmorgrifier","floor":3,"gold_loss":0,"cards_obtained":["Evolve"]},{"damage_healed":0,"gold_gain":0,"player_choice":"Fought Mushrooms","damage_taken":0,"max_hp_gain":0,"max_hp_loss":0,"event_name":"Mushrooms","floor":11,"gold_loss":0},{"damage_healed":0,"gold_gain":0,"player_choice":"Ignored","damage_taken":0,"max_hp_gain":0,"max_hp_loss":0,"event_name":"Liars Game","floor":12,"gold_loss":0},{"damage_healed":0,"gold_gain":0,"player_choice":"Obtained Relic","damage_taken":0,"relics_obtained":["Self Forming Clay"],"max_hp_gain":0,"max_hp_loss":0,"event_name":"Addict","floor":20,"gold_loss":85},{"damage_healed":0,"gold_gain":0,"player_choice":"Ignored","damage_taken":0,"max_hp_gain":0,"max_hp_loss":0,"event_name":"Vampires","floor":22,"gold_loss":0},{"damage_healed":0,"gold_gain":0,"player_choice":"Opened","damage_taken":0,"relics_obtained":["CaptainsWheel"],"max_hp_gain":0,"max_hp_loss":0,"event_name":"The Mausoleum","floor":24,"gold_loss":0,"cards_obtained":["Writhe"]}],"is_beta":false,"boss_relics":[{"not_picked":["Runic Pyramid","Busted Crown"],"picked":"Mark of Pain"}],"items_purged_floors":[19],"is_endless":false,"potions_floor_spawned":[1,2,7,8,25],"killed_by":"Gremlin Leader","ascension_level":20}}