{"host":"ph0jbnuejdorxbrg","time":1611443779,"event":{"mods":["AchievementEnabler","BaseMod","Block Reminder","Minty Spire (QoL Compilation)","Permanent Neow","Quick Restart","Rare Cards Sparkle","Synergy Search"],"gold_per_floor":[369,369,369,388,0,31,45,45,45,77,77,77,77],"floor_reached":12,"language":"ENG","playtime":692,"items_purged":["Regret"],"score":129,"play_id":"bd14da7c-7f55-458f-b67b-45c7bf5242b6","local_time":"20210123181619","is_ascension_mode":true,"campfire_choices":[{"floor":8,"key":"REST"},{"floor":11,"key":"REST"}],"circlet_count":0,"master_deck":["AscendersBane","Strike_R","Strike_R","Strike_R","Strike_R+1","Strike_R","Defend_R+1","Defend_R","Defend_R","Defend_R","Bash","Disarm","Fire Breathing","Wild Strike","Inflame","Flex"],"relics":["Burning Blood","Pantograph","Thread and Needle","Toy Ornithopter","Ornamental Fan","Singing Bowl"],"acts_visited":["Exordium"],"potions_floor_usage":[6],"damage_taken":[{"damage":11,"enemies":"Jaw Worm","floor":1,"turns":5},{"damage":2,"enemies":"Small Slimes","floor":4,"turns":4},{"damage":38,"enemies":"Lagavulin","floor":6,"turns":8},{"damage":2,"enemies":"Cultist","floor":7,"turns":3},{"damage":33,"enemies":"3 Sentries","floor":10,"turns":7},{"damage":26,"enemies":"Gremlin Nob","floor":12,"turns":4}],"seed_played":"5060486245661635322","potions_obtained":[{"floor":1,"key":"SpeedPotion"},{"floor":4,"key":"LiquidBronze"}],"is_trial":false,"path_per_floor":["M","?","?","M","$","E","M","R","T","E","R","E"],"character_chosen":"IRONCLAD","items_purchased":["Thread and Needle"],"campfire_rested":2,"item_purchase_floors":[5],"current_hp_per_floor":[67,53,53,57,57,25,29,50,50,23,44,18,18],"gold":77,"neow_bonus":"TWO_FIFTY_GOLD","is_daily":false,"chose_seed":false,"campfire_upgraded":0,"win_rate":0.0,"timestamp":1611443779,"path_taken":["M","?","?","M","$","E","M","R","T","E","R","E"],"items_purchased_type":["Relic"],"build_version":"2020-12-22","purchased_purges":1,"victory":false,"max_hp_per_floor":[72,72,72,72,72,72,72,72,72,72,72,72,72],"card_choices":[{"not_picked":["Infernal Blade","Armaments"],"picked":"Disarm","floor":1},{"not_picked":["Perfected Strike","Whirlwind"],"picked":"Fire Breathing","floor":4},{"not_picked":["Twin Strike","Shrug It Off"],"picked":"Wild Strike","floor":6},{"not_picked":["Second Wind","Rampage"],"picked":"Inflame","floor":7},{"not_picked":["Rage","Perfected Strike"],"picked":"Flex","floor":10}],"player_experience":114230,"relics_obtained":[{"floor":6,"key":"Toy Ornithopter"},{"floor":9,"key":"Ornamental Fan"},{"floor":10,"key":"Singing Bowl"}],"event_choices":[{"damage_healed":0,"gold_gain":0,"player_choice":"Entered Light","damage_taken":14,"max_hp_gain":0,"max_hp_loss":0,"event_name":"Shining Light","floor":2,"gold_loss":0,"cards_upgraded":["Strike_R","Defend_R"]},{"damage_healed":0,"gold_gain":0,"player_choice":"Box","damage_taken":0,"relics_obtained":["Pantograph"],"max_hp_gain":0,"max_hp_loss":0,"event_name":"Big Fish","floor":3,"gold_loss":0,"cards_obtained":["Regret"]}],"is_beta":false,"boss_relics":[],"items_purged_floors":[5],"is_endless":false,"potions_floor_spawned":[1,4],"killed_by":"Gremlin Nob","ascension_level":10}}