{"host":"fevvm7bbzuh4s1jc","time":1611444699,"event":{"mods":["BaseMod","Highlight Path","Minty Spire (QoL Compilation)","Relic Stats"],"gold_per_floor":[116,133,144,161,178,178,12,12,12,12,42,42,42,55,55,132,132,147,165,80,100,100,100,128,146,173,173,198,213,213,226,226,304,304,316,316,341,360,376,405,166,196,222,253,277,277,314,337,337,337,337,337,337,39,66,66],"floor_reached":57,"language":"ENG","playtime":4287,"items_purged":["Strike_B","Strike_B"],"score":3024,"play_id":"bb87b9d3-071b-4778-a4c9-24ee3f3677d3","local_time":"20210123183139","is_ascension_mode":true,"campfire_choices":[{"data":"Defragment","floor":6.0,"key":"SMITH"},{"floor":8.0,"key":"REST"},{"data":"Static Discharge","floor":12.0,"key":"SMITH"},{"data":"Tempest","floor":15.0,"key":"SMITH"},{"data":"Seek","floor":23,"key":"SMITH"},{"floor":27,"key":"REST"},{"data":"Defragment","floor":30,"key":"SMITH"},{"floor":32,"key":"REST"},{"data":"Seek","floor":46,"key":"SMITH"},{"floor":49,"key":"RECALL"},{"data":"Defragment","floor":53,"key":"SMITH"}],"circlet_count":0,"master_deck":["AscendersBane","Strike_B","Defend_B","Defend_B","Defend_B","Defend_B","Zap","Dualcast","CurseOfTheBell","Rip and Tear","Static Discharge+1","Rip and Tear","Glacier","Defragment+1","Glacier","Tempest+1","Electrodynamics","Aggregate+1","Seek+1","Capacitor+1","Coolheaded+1","Self Repair","Seek+1","Defragment+1","Seek","Recycle","Compile Driver+1","Doom and Gloom+1","Chill+1","Coolheaded+1","Defragment+1","Heatsinks","Machine Learning","Lockon+1"],"relics":["Calling Bell","DataDisk","Singing Bowl","Girya","Strawberry","Ice Cream","Dead Branch","Inserter","Prayer Wheel","MealTicket","Lantern","Matryoshka","Nuclear Battery","Gambling Chip","Molten Egg 2","CaptainsWheel","Vajra","Happy Flower","Toy Ornithopter","Pen Nib","Mummified Hand","Oddly Smooth Stone","CeramicFish","Nunchaku"],"acts_visited":["Exordium","TheCity","TheBeyond","TheEnding"],"potions_floor_usage":[28,28,31,32,40,44,50,56],"damage_taken":[{"damage":7.0,"enemies":"Cultist","floor":1.0,"turns":4.0},{"damage":16.0,"enemies":"Small Slimes","floor":2.0,"turns":3.0},{"damage":3.0,"enemies":"2 Louse","floor":3.0,"turns":2.0},{"damage":15.0,"enemies":"Large Slime","floor":4.0,"turns":4.0},{"damage":8.0,"enemies":"Red Slaver","floor":5.0,"turns":4.0},{"damage":24.0,"enemies":"3 Sentries","floor":11.0,"turns":7.0},{"damage":2.0,"enemies":"3 Louse","floor":14.0,"turns":6.0},{"damage":8.0,"enemies":"Hexaghost","floor":16.0,"turns":8.0},{"damage":3.0,"enemies":"Shell Parasite","floor":18.0,"turns":8.0},{"damage":8,"enemies":"Chosen","floor":19,"turns":9},{"damage":0,"enemies":"Snecko","floor":21,"turns":7},{"damage":38,"enemies":"Gremlin Leader","floor":24,"turns":7},{"damage":11,"enemies":"Centurion and Healer","floor":25,"turns":5},{"damage":14,"enemies":"Book of Stabbing","floor":28,"turns":2},{"damage":0,"enemies":"Cultist and Chosen","floor":29,"turns":5},{"damage":8,"enemies":"Snake Plant","floor":31,"turns":4},{"damage":22,"enemies":"Collector","floor":33,"turns":9},{"damage":8,"enemies":"3 Darklings","floor":35,"turns":4},{"damage":0,"enemies":"Mind Bloom Boss Battle","floor":37,"turns":8},{"damage":3,"enemies":"3 Shapes","floor":38,"turns":4},{"damage":0,"enemies":"3 Darklings","floor":39,"turns":3},{"damage":0,"enemies":"Reptomancer","floor":40,"turns":6},{"damage":0,"enemies":"Nemesis","floor":42,"turns":7},{"damage":19,"enemies":"Reptomancer","floor":44,"turns":4},{"damage":32,"enemies":"Nemesis","floor":47,"turns":5},{"damage":0,"enemies":"4 Shapes","floor":48,"turns":2},{"damage":13,"enemies":"Awakened One","floor":50,"turns":21},{"damage":3,"enemies":"Donu and Deca","floor":51,"turns":4},{"damage":0,"enemies":"Shield and Spear","floor":55,"turns":3},{"damage":42,"enemies":"The Heart","floor":56,"turns":7}],"seed_played":"5717304317450063410","potions_obtained":[{"floor":2.0,"key":"SneckoOil"},{"floor":3.0,"key":"DistilledChaos"},{"floor":5.0,"key":"Explosive Potion"},{"floor":16.0,"key":"Energy Potion"},{"floor":18.0,"key":"PowerPotion"},{"floor":28,"key":"Fruit Juice"},{"floor":29,"key":"FearPotion"},{"floor":33,"key":"Dexterity Potion"},{"floor":35,"key":"FocusPotion"},{"floor":39,"key":"Swift Potion"},{"floor":40,"key":"SneckoOil"},{"floor":44,"key":"EssenceOfDarkness"}],"is_trial":false,"path_per_floor":["M","M","M","M","M","R","$","R","T","$","E","R","?","M","R","B",null,"M","M","?","M","?","R","E","M","T","R","E","M","R","M","R","B",null,"M","T","?","M","M","E","$","E","T","E","T","R","E","M","R","B","B",null,"R","$","E","B",null],"character_chosen":"DEFECT","items_purchased":["Strawberry","Happy Flower","Machine Learning","Lockon+1"],"campfire_rested":3,"item_purchase_floors":[7,41,54,54],"current_hp_per_floor":[57,41,38,23,15,15,22,45,45,45,21,21,21,19,19,11,61,58,52,52,52,52,52,14,3,3,27,15,24,24,23,54,41,79,75,75,82,88,99,101,101,101,101,84,84,84,59,68,68,67,71,97,97,105,107,77],"gold":66,"neow_bonus":"BOSS_RELIC","is_daily":false,"chose_seed":false,"campfire_upgraded":7,"win_rate":0.0,"timestamp":1611444699,"path_taken":["M","M","M","M","M","R","?","R","T","$","E","R","?","M","R","BOSS","M","M","?","M","?","R","E","M","T","R","E","M","R","M","R","BOSS","M","?","?","M","M","E","$","E","T","E","?","R","E","M","R","BOSS","BOSS","R","$","E","BOSS"],"items_purchased_type":["Relic","Relic","Card","Card"],"build_version":"2020-12-22","purchased_purges":2,"victory":true,"max_hp_per_floor":[71,71,71,71,71,71,78,78,78,78,78,78,78,78,78,78,78,78,80,80,80,80,80,80,80,80,80,82,84,84,84,89,91,91,95,95,95,97,101,101,101,101,101,103,103,103,103,105,105,105,105,105,105,105,107,107],"relic_stats":{"Inserter":[60],"Singing Bowl":24,"Happy Flower":[17],"counters":[30,172],"Dead Branch":[146],"CeramicFish":36,"Pen Nib":[7],"Nunchaku":[1],"Mummified Hand":[70],"Gambling Chip":[41],"Prayer Wheel":8,"MealTicket":8,"obtain_stats":[{"Ice Cream":9,"Lantern":26,"Singing Bowl":0,"CeramicFish":47,"Vajra":40,"Nunchaku":55,"Matryoshka":28,"Mummified Hand":44,"Strawberry":7,"Gambling Chip":36,"Prayer Wheel":20,"MealTicket":24,"Cracked Core":0,"Girya":0,"Inserter":17,"Happy Flower":41,"Dead Branch":11,"Oddly Smooth Stone":45,"Pen Nib":43,"Nuclear Battery":34,"Calling Bell":0,"DataDisk":0,"CaptainsWheel":37,"Molten Egg 2":36,"Toy Ornithopter":42},{"Ice Cream":5,"Lantern":13,"Singing Bowl":0,"CeramicFish":25,"Vajra":22,"Nunchaku":29,"Matryoshka":14,"Mummified Hand":24,"Strawberry":5,"Gambling Chip":18,"Prayer Wheel":10,"MealTicket":12,"Cracked Core":0,"Girya":0,"Inserter":8,"Happy Flower":22,"Dead Branch":6,"Oddly Smooth Stone":24,"Pen Nib":23,"Nuclear Battery":17,"Calling Bell":0,"DataDisk":0,"CaptainsWheel":19,"Molten Egg 2":18,"Toy Ornithopter":23},{"Ice Cream":17,"Lantern":74,"Singing Bowl":0,"CeramicFish":135,"Vajra":119,"Nunchaku":165,"Matryoshka":76,"Mummified Hand":130,"Strawberry":17,"Gambling Chip":98,"Prayer Wheel":55,"MealTicket":69,"Cracked Core":0,"Girya":0,"Inserter":38,"Happy Flower":119,"Dead Branch":24,"Oddly Smooth Stone":130,"Pen Nib":126,"Nuclear Battery":94,"Calling Bell":0,"DataDisk":0,"CaptainsWheel":106,"Molten Egg 2":98,"Toy Ornithopter":126}],"Toy Ornithopter":10},"card_choices":[{"not_picked":["Turbo","Beam Cell"],"picked":"Rip and Tear","floor":1.0},{"not_picked":["Leap","Rebound"],"picked":"Static Discharge","floor":2.0},{"not_picked":["Stack","Auto Shields"],"picked":"Rip and Tear","floor":3.0},{"not_picked":["Turbo","Undo"],"picked":"Glacier","floor":4.0},{"not_picked":["Glacier","Darkness"],"picked":"Defragment","floor":5.0},{"not_picked":["Hyperbeam","Sunder"],"picked":"Glacier","floor":11.0},{"not_picked":["Blizzard","Sweeping Beam"],"picked":"Tempest","floor":14.0},{"not_picked":["Meteor Strike","Thunder Strike"],"picked":"Electrodynamics","floor":16.0},{"not_picked":["Hologram","Compile Driver+1"],"picked":"Aggregate","floor":18.0},{"not_picked":["Go for the Eyes","Stack","Compile Driver"],"picked":"Singing Bowl","floor":19},{"not_picked":["Leap+1","Redo"],"picked":"Seek","floor":21},{"not_picked":["Redo+1","Steam"],"picked":"Capacitor+1","floor":21},{"not_picked":["Rebound","Gash"],"picked":"Coolheaded+1","floor":24},{"not_picked":["Cold Snap","Gash"],"picked":"Self Repair","floor":25},{"not_picked":["Compile Driver","Beam Cell"],"picked":"Seek","floor":25},{"not_picked":["Rebound","Coolheaded","Beam Cell"],"picked":"Singing Bowl","floor":28},{"not_picked":["Rebound+1","Beam Cell","Ball Lightning"],"picked":"Singing Bowl","floor":29},{"not_picked":["Glacier","Genetic Algorithm"],"picked":"Defragment","floor":29},{"not_picked":["Redo","Auto Shields"],"picked":"Seek","floor":31},{"not_picked":["Self Repair","Scrape"],"picked":"Recycle","floor":31},{"not_picked":["Buffer","Thunder Strike","Multi-Cast"],"picked":"Singing Bowl","floor":33},{"not_picked":["Beam Cell","Gash","Hologram"],"picked":"Singing Bowl","floor":35},{"not_picked":["Static Discharge","Beam Cell","Turbo"],"picked":"Singing Bowl","floor":35},{"not_picked":["Hologram","Cold Snap+1"],"picked":"Compile Driver+1","floor":37},{"not_picked":["Force Field+1","Rainbow","Steam Power"],"picked":"Singing Bowl","floor":38},{"not_picked":["Steam Power","Chaos+1"],"picked":"Doom and Gloom+1","floor":38},{"not_picked":["Barrage+1","Streamline+1","Rebound+1"],"picked":"Singing Bowl","floor":39},{"not_picked":["Blizzard+1","Cold Snap+1","Turbo+1"],"picked":"Singing Bowl","floor":39},{"not_picked":["Hologram+1","Blizzard+1"],"picked":"Chill+1","floor":40},{"not_picked":["Sweeping Beam+1","Streamline+1"],"picked":"Coolheaded+1","floor":42},{"not_picked":["Self Repair","Ball Lightning+1","Reinforced Body"],"picked":"Singing Bowl","floor":44},{"not_picked":["Streamline+1","Cold Snap+1"],"picked":"Defragment","floor":47},{"not_picked":["Cold Snap+1","Tempest","Blizzard+1"],"picked":"Singing Bowl","floor":48},{"not_picked":["Stack","Gash+1"],"picked":"Heatsinks","floor":48},{"not_picked":["Stack+1","Turbo","Buffer"],"picked":"Singing Bowl","floor":55}],"player_experience":2735821,"relics_obtained":[{"floor":0.0,"key":"DataDisk"},{"floor":0.0,"key":"Singing Bowl"},{"floor":0.0,"key":"Girya"},{"floor":9.0,"key":"Ice Cream"},{"floor":11.0,"key":"Dead Branch"},{"floor":24,"key":"MealTicket"},{"floor":26,"key":"Lantern"},{"floor":28,"key":"Matryoshka"},{"floor":36,"key":"Gambling Chip"},{"floor":36,"key":"Molten Egg 2"},{"floor":37,"key":"CaptainsWheel"},{"floor":40,"key":"Vajra"},{"floor":42,"key":"Toy Ornithopter"},{"floor":43,"key":"Pen Nib"},{"floor":44,"key":"Mummified Hand"},{"floor":45,"key":"Oddly Smooth Stone"},{"floor":47,"key":"CeramicFish"},{"floor":55,"key":"Nunchaku"}],"event_choices":[{"cards_removed":["Strike_B"],"damage_healed":0.0,"max_hp_gain":0.0,"max_hp_loss":0.0,"gold_gain":0.0,"event_name":"Living Wall","player_choice":"Forget","floor":13.0,"gold_loss":0.0,"damage_taken":0.0},{"damage_healed":0,"gold_gain":0,"player_choice":"Obtained Relic","damage_taken":0,"relics_obtained":["Prayer Wheel"],"max_hp_gain":0,"max_hp_loss":0,"event_name":"Addict","floor":20,"gold_loss":85},{"damage_healed":0,"gold_gain":0,"player_choice":"Upgraded","damage_taken":0,"max_hp_gain":0,"max_hp_loss":0,"event_name":"Upgrade Shrine","floor":22,"gold_loss":0,"cards_upgraded":["Aggregate"]},{"damage_healed":0,"gold_gain":0,"player_choice":"Fight","damage_taken":0,"max_hp_gain":0,"max_hp_loss":0,"event_name":"MindBloom","floor":37,"gold_loss":0}],"is_beta":false,"boss_relics":[{"not_picked":["Astrolabe","Ectoplasm"],"picked":"Inserter"},{"not_picked":["Black Star","SacredBark"],"picked":"Nuclear Battery"}],"items_purged_floors":[41,54],"is_endless":false,"potions_floor_spawned":[2,3,5,16,18,24,28,29,33,35,39,40,44],"ascension_level":20}}