{"host":"slngz8sobihb8iwl","time":1611374548,"event":{"mods":["2.2 Compatiblity","Act Like it!","BaseMod","Chen","Colored Powertips","Downfall","Elementarium","Gensokyo","GifTheSpireLib","Hallownest","Hermit","Marisa????????","Menagerie","Minty Spire (QoL Compilation)","Permanent Neow","Random Character Button","Rare Cards Sparkle","Relic Filter","Robot Space Explorer","Spire Arcade","StSLib","SuperFastMode","Td1madao Mod","The Bug Knight","The Gatherer","The Hierophant","The Marked","The Runesmith","Unceasing Turn Reminder"],"gold_per_floor":[109,122,185,198,49,84,31,47,101,101,101,117,117,133,133,230,230,250,31,51,51,63,63,80,80,107,107,126,126,126,226,226,324,324,337,337,337,354,33,68,68,68,68,97,97,115,115,115,115,115],"floor_reached":51,"language":"ENG","playtime":3503,"items_purged":["Slimebound:Split","Slimebound:SplitSpecialist"],"score":763,"play_id":"8657b3d4-2bed-40cd-a19e-54251b311237","local_time":"20210122230228","is_ascension_mode":true,"campfire_choices":[{"data":"Slimebound:LevelUp","floor":11.0,"key":"SMITH"},{"data":"Slimebound:LeadByExample","floor":13.0,"key":"SMITH"},{"data":"Slimebound:Darklings","floor":15.0,"key":"SMITH"},{"data":"Slimebound:RallyTheTroops","floor":23.0,"key":"SMITH"},{"floor":25.0,"key":"REST"},{"data":"Slimebound:LeadByExample","floor":27.0,"key":"SMITH"},{"floor":32.0,"key":"REST"},{"data":"Slimebound:Darklings","floor":41.0,"key":"SMITH"},{"data":"Slimebound:DouseInSlime","floor":45.0,"key":"SMITH"},{"data":"Slimebound:RainOfGoop","floor":47.0,"key":"SMITH"},{"floor":49.0,"key":"REST"}],"circlet_count":0,"master_deck":["Slimebound:Strike_Slimebound","Slimebound:Strike_Slimebound","Slimebound:Tackle","Slimebound:Defend_Slimebound","Slimebound:Defend_Slimebound+1","Slimebound:Defend_Slimebound","Slimebound:Defend_Slimebound","Slimebound:CorrosiveSpit","Slimebound:RainOfGoop","Slimebound:Nibble","Slimebound:LevelUp+1","Slimebound:RollThrough","Slimebound:LeadByExample+1","Slimebound:Darklings+1","Slimebound:Nibble","Slimebound:LevelUp+1","Slimebound:RallyTheTroops+1","Slimebound:GoopSpray+1","Slimebound:Replication","Slimebound:Schlurp+1","Slimebound:LeadByExample+1","Decay","Slimebound:Darklings+1","Slimebound:SlimeBrawl+1","Slimebound:DouseInSlime+1","Slimebound:LeadByExample+1","Slimebound:MegaLick","Slimebound:RainOfGoop+1","Slimebound:GrowthPunch"],"relics":["Slimebound:AbsorbEndCombatUpgraded","Boot","Regal Pillow","Du-Vu Doll","Bronze Scales","Blood Vial","PreservedInsect","MutagenicStrength","downfall:ExtraCursedKey","Lee\u0027s Waffle","Lizard Tail","War Paint","Dream Catcher"],"acts_visited":["Exordium","TheCity","TheBeyond"],"potions_floor_usage":[50,50],"damage_taken":[{"damage":1.0,"enemies":"Cultist","floor":1.0,"turns":3.0},{"damage":4.0,"enemies":"2 Louse","floor":2.0,"turns":3.0},{"damage":5.0,"enemies":"Small Slimes","floor":4.0,"turns":4.0},{"damage":26.0,"enemies":"3 Sentries","floor":6.0,"turns":8.0},{"damage":8.0,"enemies":"2 Fungi Beasts","floor":8.0,"turns":3.0},{"damage":6.0,"enemies":"Looter","floor":12.0,"turns":3.0},{"damage":9.0,"enemies":"Blue Slaver","floor":14.0,"turns":3.0},{"damage":17.0,"enemies":"Hexaghost","floor":16.0,"turns":5.0},{"damage":10.0,"enemies":"3 Byrds","floor":18.0,"turns":3.0},{"damage":21.0,"enemies":"Snake Plant","floor":20.0,"turns":3.0},{"damage":16.0,"enemies":"Shelled Parasite and Fungi","floor":22.0,"turns":3.0},{"damage":18.0,"enemies":"Sentry and Sphere","floor":24.0,"turns":4.0},{"damage":15.0,"enemies":"Snake Plant","floor":28.0,"turns":2.0},{"damage":10.0,"enemies":"Collector","floor":33.0,"turns":5.0},{"damage":12.0,"enemies":"3 Shapes","floor":35.0,"turns":4.0},{"damage":17.0,"enemies":"Orb Walker","floor":38.0,"turns":4.0},{"damage":0.0,"enemies":"HollowMod:StalkingDevout","floor":40.0,"turns":4.0},{"damage":0.0,"enemies":"Nemesis","floor":44.0,"turns":3.0},{"damage":28.0,"enemies":"Maw","floor":46.0,"turns":5.0},{"damage":76,"enemies":"Awakened One","floor":50,"turns":9}],"seed_played":"1824119411318190289","potions_obtained":[{"floor":2.0,"key":"ColorlessPotion"},{"floor":4.0,"key":"Block Potion"},{"floor":14.0,"key":"Dexterity Potion"},{"floor":22.0,"key":"SkillPotion"},{"floor":35.0,"key":"LiquidMemories"},{"floor":38.0,"key":"CultistPotion"}],"is_trial":false,"path_per_floor":["M","M","?","M","$","E","$","M","T","?","R","M","R","M","R","B",null,"M","$","M","?","M","R","M","R","T","R","M","?","?","?","R","B",null,"M","?","?","M","$","E","R","$","T","E","R","M","R","?","R","B",null],"character_chosen":"SLIMEBOUND","items_purchased":["Regal Pillow","Slimebound:RollThrough","Blood Vial","Lee\u0027s Waffle","Slimebound:DouseInSlime"],"campfire_rested":3,"item_purchase_floors":[5,7,19,39,39],"current_hp_per_floor":[64,64,64,65,65,41,41,37,37,37,37,35,35,30,30,17,65,58,58,45,45,31,31,18,52,52,52,42,42,42,42,65,58,65,59,59,59,47,72,72,72,72,72,72,72,44,44,44,72,4],"gold":115,"neow_bonus":"RANDOM_COMMON_RELIC","is_daily":false,"chose_seed":false,"campfire_upgraded":8,"win_rate":0.0,"timestamp":1611374548,"path_taken":["M","?","?","M","$","E","$","M","T","?","R","M","R","M","R","BOSS","M","$","M","?","?","R","M","R","T","R","M","?","?","?","R","BOSS","M","?","?","M","$","E","R","$","T","E","R","M","R","?","R","BOSS"],"items_purchased_type":["Relic","Card","Relic","Relic","Card"],"build_version":"2020-12-22","purchased_purges":2,"victory":true,"max_hp_per_floor":[65,65,65,65,65,65,65,65,65,65,65,65,65,65,65,65,65,65,65,65,65,65,65,65,65,65,65,65,65,65,65,65,65,65,65,65,65,65,72,72,72,72,72,72,72,72,72,72,72,72],"card_choices":[{"not_picked":["Slimebound:FinishingTackle","Slimebound:ViciousTackle"],"picked":"Slimebound:RainOfGoop","floor":1.0},{"not_picked":["Slimebound:SamplingLick","Slimebound:BestDefense"],"picked":"Slimebound:SplitSpecialist","floor":2.0},{"not_picked":["Slimebound:SpikyOuterGoop","Slimebound:Prepare"],"picked":"Slimebound:Nibble","floor":4.0},{"not_picked":["Slimebound:RollThrough","Slimebound:WasteNot"],"picked":"Slimebound:LevelUp","floor":6.0},{"not_picked":["Slimebound:SlimeSpikes","Slimebound:LeechEnergy"],"picked":"Slimebound:LeadByExample","floor":8.0},{"not_picked":["Slimebound:BestDefense","Slimebound:DisruptingSlam"],"picked":"Slimebound:Nibble","floor":12.0},{"not_picked":["Slimebound:Recollect","Slimebound:Gluttony"],"picked":"Slimebound:LevelUp","floor":14.0},{"not_picked":["Slimebound:OneTwoCombo","Slimebound:MinionMaster"],"picked":"Slimebound:RallyTheTroops","floor":16.0},{"not_picked":["Slimebound:Schlurp","Slimebound:SpikyOuterGoop"],"picked":"Slimebound:GoopSpray+1","floor":18.0},{"not_picked":["Slimebound:Dissolve","Slimebound:RainOfGoop"],"picked":"Slimebound:Replication","floor":20.0},{"not_picked":["Slimebound:PressTheAttack+1","Slimebound:SpikyOuterGoop"],"picked":"Slimebound:Schlurp","floor":22.0},{"not_picked":["Slimebound:SplitSpecialist","Slimebound:GoopSpray"],"picked":"Slimebound:LeadByExample","floor":24.0},{"not_picked":["Slimebound:GoopTackle","Slimebound:ProtectTheBoss","Slimebound:LeechingTouch"],"picked":"SKIP","floor":28.0},{"not_picked":["Slimebound:MassRepurpose","Slimebound:MassFeed"],"picked":"Slimebound:Darklings","floor":33.0},{"not_picked":["Slimebound:FinishingTackle","Slimebound:Prepare","Slimebound:LeechingTouch+1"],"picked":"SKIP","floor":35.0},{"not_picked":["Slimebound:GoopTackle","Slimebound:RejuvenatingLick"],"picked":"Slimebound:SlimeBrawl+1","floor":38.0},{"not_picked":["Slimebound:FinishingTackle+1","Slimebound:RainOfGoop"],"picked":"Slimebound:LeadByExample+1","floor":40.0},{"not_picked":["Slimebound:LeechingTouch","Slimebound:MassRepurpose"],"picked":"Slimebound:MegaLick","floor":44.0},{"not_picked":["Slimebound:Grow+1","Slimebound:ComboTackle+1"],"picked":"Slimebound:RainOfGoop","floor":46.0},{"not_picked":["Slimebound:FinishingTackle+1","Slimebound:SamplingLick"],"picked":"Slimebound:GrowthPunch","floor":49.0}],"player_experience":412784,"relics_obtained":[{"floor":6.0,"key":"Du-Vu Doll"},{"floor":9.0,"key":"Bronze Scales"},{"floor":26.0,"key":"PreservedInsect"},{"floor":40.0,"key":"Lizard Tail"},{"floor":44.0,"key":"War Paint"}],"event_choices":[{"damage_healed":0.0,"max_hp_gain":0.0,"max_hp_loss":0.0,"gold_gain":63.0,"event_name":"Golden Wing","player_choice":"Gained Gold","floor":3.0,"gold_loss":0.0,"damage_taken":0.0},{"damage_healed":0.0,"max_hp_gain":0.0,"max_hp_loss":0.0,"gold_gain":0.0,"cards_transformed":["Slimebound:Strike_Slimebound"],"event_name":"Transmorgrifier","player_choice":"Transformed","floor":10.0,"gold_loss":0.0,"damage_taken":0.0,"cards_obtained":["Slimebound:Darklings"]},{"damage_healed":0.0,"max_hp_gain":0.0,"max_hp_loss":0.0,"gold_gain":0.0,"event_name":"Upgrade Shrine","player_choice":"Upgraded","floor":21.0,"gold_loss":0.0,"damage_taken":0.0,"cards_upgraded":["Slimebound:LevelUp"]},{"damage_healed":0.0,"max_hp_gain":0.0,"max_hp_loss":0.0,"gold_gain":0.0,"event_name":"Drug Dealer","player_choice":"Inject Mutagens","floor":29.0,"gold_loss":0.0,"damage_taken":0.0,"relics_obtained":["MutagenicStrength"]},{"damage_healed":0.0,"max_hp_gain":0.0,"max_hp_loss":0.0,"gold_gain":0.0,"event_name":"Ghosts","player_choice":"Ignored","floor":30.0,"gold_loss":0.0,"damage_taken":0.0},{"damage_healed":0.0,"max_hp_gain":0.0,"max_hp_loss":0.0,"gold_gain":0.0,"event_name":"Tomb of Lord Red Mask","player_choice":"Ignored","floor":36.0,"gold_loss":0.0,"damage_taken":0.0},{"damage_healed":0.0,"max_hp_gain":0.0,"max_hp_loss":0.0,"gold_gain":0.0,"event_name":"Mysterious Sphere","player_choice":"Ignored","floor":37.0,"gold_loss":0.0,"damage_taken":0.0}],"is_beta":false,"boss_relics":[{"not_picked":["Black Star","Ectoplasm"],"picked":"Slimebound:AbsorbEndCombatUpgraded"},{"not_picked":["Runic Dome","Runesmith:UraniumAnvil","bronze:MakeshiftBattery"]}],"items_purged_floors":[19,39],"is_endless":false,"potions_floor_spawned":[2,4,14,22,28,35,38],"ascension_level":1}}