{"host":"y1oqg7uy0jc6f5mb","time":1611422182,"event":{"mods":["BaseMod","Better Altar","Better Match","Better Note","Better Sensory Stone","Better Skull","Better Third Choice","BetterRewards","Block Reminder","Colored Map","Colored Powertips","Custom Start","DeckTracker","Displayed Cursed Tome","Highlight Path","Ironclad Rager","Minty Spire (QoL Compilation)","Permanent Neow","Quick Restart","Relic Sorter","Relic Stats","Shop Mod","StSLib"],"gold_per_floor":[18,18,31,47,64,64,23,23,23,57,67,82,82,98,98,197,197,214,246,257,38,49,49,68,68,68,103,113,113,143,143,143,238,238,257,268,129,351,403,403,423,451,451,0,0,0,29,41,41,41],"floor_reached":51,"language":"ENG","playtime":4098,"items_purged":["Normality","Streamline","Zap"],"score":874,"play_id":"6e342146-7316-49d6-a5a0-a99f6c65329f","local_time":"20210124011622","is_ascension_mode":true,"campfire_choices":[{"data":"Fusion","floor":6.0,"key":"SMITH"},{"data":"Static Discharge","floor":8.0,"key":"SMITH"},{"data":"ICR:FrostFall","floor":13.0,"key":"SMITH"},{"floor":15.0,"key":"REST"},{"data":"ICR:Cyclone","floor":23.0,"key":"SMITH"},{"data":"Dualcast","floor":25.0,"key":"SMITH"},{"floor":29.0,"key":"REST"},{"data":"Creative AI","floor":32.0,"key":"SMITH"},{"floor":40.0,"key":"REST"},{"floor":46.0,"key":"RECALL"},{"data":"Blizzard","floor":49.0,"key":"SMITH"}],"circlet_count":0,"master_deck":["Dualcast+1","Ball Lightning","Cold Snap","Ball Lightning","Cold Snap","Leap","Leap","Leap","Leap","Sweeping Beam","Fusion+1","Blizzard+1","Static Discharge+1","Steam Power+1","ICR:FrostFall+1","Coolheaded+1","Force Field+1","ICR:Cyclone+1","Chaos+1","Skim+1","Self Repair","Double Energy+1","Chill+1","Capacitor+1","Creative AI+1","Undo+1","Finesse+1","Secret Technique+1","Multi-Cast+1","Double Energy+1","Force Field+1","Recycle+1","Glacier+1","Recycle+1","Consume+1","Defragment+1","Conserve Battery+1","Fusion+1","Stack+1"],"relics":["Cracked Core","Toxic Egg 2","Gremlin Horn","Sozu","Red Mask","Juzu Bracelet","Shuriken","Question Card","Unceasing Top","Nuclear Battery","Du-Vu Doll","Blood Vial","Ice Cream","Bag of Preparation","Prayer Wheel"],"acts_visited":["Exordium","TheCity","TheBeyond"],"potions_floor_usage":[50],"damage_taken":[{"damage":0.0,"enemies":"Cultist","floor":1.0,"turns":2.0},{"damage":1.0,"enemies":"Small Slimes","floor":3.0,"turns":2.0},{"damage":0.0,"enemies":"2 Louse","floor":4.0,"turns":3.0},{"damage":0.0,"enemies":"Blue Slaver","floor":5.0,"turns":3.0},{"damage":14.0,"enemies":"3 Sentries","floor":10.0,"turns":6.0},{"damage":14.0,"enemies":"Exordium Thugs","floor":11.0,"turns":4.0},{"damage":1.0,"enemies":"Gremlin Gang","floor":12.0,"turns":4.0},{"damage":4.0,"enemies":"3 Louse","floor":14.0,"turns":2.0},{"damage":14.0,"enemies":"The Guardian","floor":16.0,"turns":9.0},{"damage":9.0,"enemies":"3 Byrds","floor":18.0,"turns":4.0},{"damage":14.0,"enemies":"Masked Bandits","floor":19.0,"turns":4.0},{"damage":3.0,"enemies":"Shell Parasite","floor":20.0,"turns":5.0},{"damage":7.0,"enemies":"Snake Plant","floor":22.0,"turns":4.0},{"damage":3.0,"enemies":"Chosen and Byrds","floor":24.0,"turns":5.0},{"damage":11.0,"enemies":"Slavers","floor":27.0,"turns":5.0},{"damage":20.0,"enemies":"Shelled Parasite and Fungi","floor":28.0,"turns":5.0},{"damage":11.0,"enemies":"Book of Stabbing","floor":30.0,"turns":6.0},{"damage":0.0,"enemies":"Automaton","floor":33.0,"turns":9.0},{"damage":10.0,"enemies":"Orb Walker","floor":35.0,"turns":5.0},{"damage":2.0,"enemies":"3 Shapes","floor":36.0,"turns":4.0},{"damage":44.0,"enemies":"2 Orb Walkers","floor":39.0,"turns":5.0},{"damage":6.0,"enemies":"Jaw Worm Horde","floor":41.0,"turns":4.0},{"damage":25.0,"enemies":"Nemesis","floor":42.0,"turns":9.0},{"damage":0.0,"enemies":"Reptomancer","floor":47.0,"turns":6.0},{"damage":0.0,"enemies":"Sphere and 2 Shapes","floor":48.0,"turns":6.0},{"damage":12,"enemies":"Time Eater","floor":50,"turns":11}],"seed_played":"6031885372495634112","potions_obtained":[{"floor":5.0,"key":"LiquidBronze"},{"floor":10.0,"key":"Dexterity Potion"},{"floor":11.0,"key":"Regen Potion"},{"floor":14.0,"key":"LiquidMemories"},{"floor":16.0,"key":"SkillPotion"}],"is_trial":false,"path_per_floor":["M","$","M","M","M","R","$","R","T","E","M","M","R","M","R","B",null,"M","?","M","$","M","R","M","R","T","E","M","R","E","?","R","B",null,"M","M","$","?","?","R","M","E","T","$","?","R","E","M","R","B",null],"character_chosen":"DEFECT","items_purchased":["Static Discharge","Juzu Bracelet","Recycle+1","Consume+1","Bag of Preparation","Defragment","Conserve Battery+1"],"campfire_rested":3,"item_purchase_floors":[7,21,37,44,44,44,44],"current_hp_per_floor":[50,50,49,49,49,49,49,49,49,35,21,32,32,28,48,34,68,59,45,42,42,42,42,46,46,46,42,29,49,45,45,45,52,68,65,68,68,68,31,51,52,34,34,34,34,34,43,52,52,49],"gold":41,"neow_bonus":"DEFECT_STORMLORD","is_daily":false,"chose_seed":false,"campfire_upgraded":7,"win_rate":0.0,"timestamp":1611422182,"path_taken":["M","$","M","M","M","R","?","R","T","E","M","M","R","M","R","BOSS","M","?","M","$","M","R","M","R","T","E","M","R","E","?","R","BOSS","M","M","$","?","?","R","M","E","T","$","?","R","E","M","R","BOSS"],"items_purchased_type":["Card","Relic","Card","Card","Relic","Card","Card"],"build_version":"2020-12-22","purchased_purges":3,"victory":true,"max_hp_per_floor":[68,68,68,68,68,68,68,68,68,68,68,68,68,68,68,68,68,68,68,68,68,68,68,68,68,68,68,68,68,68,68,68,68,68,68,68,68,68,68,68,68,68,68,68,68,68,68,68,68,68],"relic_stats":{"Sozu":9,"Blood Vial":6,"Gremlin Horn":[26,26],"counters":[26,130],"Shuriken":[9],"Prayer Wheel":1,"Juzu Bracelet":0,"Bag of Preparation":[6],"Question Card":13,"obtain_stats":[{"Ice Cream":43,"Gremlin Horn":10,"Juzu Bracelet":21,"Bag of Preparation":44,"Question Card":27,"Nuclear Battery":34,"Sozu":17,"Du-Vu Doll":39,"Blood Vial":42,"Shuriken":26,"Prayer Wheel":47,"Red Mask":19,"Toxic Egg 2":9,"Cracked Core":0,"Unceasing Top":30},{"Ice Cream":23,"Gremlin Horn":5,"Juzu Bracelet":12,"Bag of Preparation":23,"Question Card":15,"Nuclear Battery":18,"Sozu":9,"Du-Vu Doll":21,"Blood Vial":23,"Shuriken":14,"Prayer Wheel":24,"Red Mask":11,"Toxic Egg 2":4,"Cracked Core":0,"Unceasing Top":17},{"Ice Cream":107,"Gremlin Horn":16,"Juzu Bracelet":48,"Bag of Preparation":107,"Question Card":61,"Nuclear Battery":81,"Sozu":35,"Du-Vu Doll":94,"Blood Vial":107,"Shuriken":56,"Prayer Wheel":113,"Red Mask":43,"Toxic Egg 2":10,"Cracked Core":0,"Unceasing Top":72}],"Unceasing Top":[7]},"card_choices":[{"not_picked":["Ball Lightning","Turbo"],"picked":"Sweeping Beam","floor":1.0},{"not_picked":["Reprogram","Conserve Battery"],"picked":"Fusion","floor":3.0},{"not_picked":["Rebound","Scrape"],"picked":"Blizzard","floor":4.0},{"not_picked":["Reprogram","Barrage"],"picked":"Streamline","floor":5.0},{"not_picked":["Sweeping Beam","Consume+1"],"picked":"Steam Power+1","floor":10.0},{"not_picked":["FTL","Storm"],"picked":"ICR:FrostFall","floor":11.0},{"not_picked":["Static Discharge","Turbo+1"],"picked":"Coolheaded+1","floor":12.0},{"not_picked":["Melter","Gash"],"picked":"Force Field+1","floor":14.0},{"not_picked":["Thunder Strike","Creative AI"],"picked":"ICR:Cyclone","floor":16.0},{"not_picked":["Stack+1","Streamline"],"picked":"Chaos+1","floor":18.0},{"not_picked":["Sweeping Beam","Melter"],"picked":"Skim+1","floor":19.0},{"not_picked":["Streamline+1","Ball Lightning"],"picked":"Self Repair","floor":20.0},{"not_picked":["Go for the Eyes","Storm+1"],"picked":"Double Energy+1","floor":22.0},{"not_picked":["Blizzard","Steam+1"],"picked":"Chill+1","floor":24.0},{"not_picked":["Go for the Eyes","Coolheaded+1"],"picked":"Capacitor+1","floor":27.0},{"not_picked":["Storm","Ball Lightning+1","Compile Driver"],"picked":"Creative AI","floor":28.0},{"not_picked":["Storm","Melter","Steam+1"],"picked":"Undo+1","floor":30.0},{"not_picked":["Master of Strategy+1","Discovery+1","Secret Technique+1"],"picked":"Finesse+1","floor":31.0},{"not_picked":["Panacea+1","Impatience+1","Dark Shackles+1"],"picked":"Secret Technique+1","floor":31.0},{"not_picked":["Biased Cognition","Core Surge","Echo Form"],"picked":"Multi-Cast+1","floor":33.0},{"not_picked":["Rebound+1","Cold Snap+1","Stack+1"],"picked":"Double Energy+1","floor":35.0},{"not_picked":["Compile Driver+1","ICR:FrostFall","BootSequence+1"],"picked":"Force Field+1","floor":36.0},{"not_picked":["Rebound+1","Barrage","Recycle+1"],"picked":"Glacier+1","floor":41.0},{"not_picked":["Barrage+1","Multi-Cast+1","Skim+1"],"picked":"Recycle+1","floor":42.0},{"not_picked":["Beam Cell","Ball Lightning","Recycle+1"],"picked":"Fusion+1","floor":47.0},{"not_picked":["Go for the Eyes","Leap+1","Sweeping Beam+1"],"picked":"Stack+1","floor":48.0},{"not_picked":["Blizzard","Undo+1","White Noise+1","Heatsinks+1"],"picked":"SKIP","floor":48.0}],"player_experience":156065,"relics_obtained":[{"floor":9.0,"key":"Toxic Egg 2"},{"floor":10.0,"key":"Gremlin Horn"},{"floor":19.0,"key":"Red Mask"},{"floor":26.0,"key":"Shuriken"},{"floor":27.0,"key":"Question Card"},{"floor":30.0,"key":"Unceasing Top"},{"floor":39.0,"key":"Du-Vu Doll"},{"floor":42.0,"key":"Blood Vial"},{"floor":43.0,"key":"Ice Cream"},{"floor":47.0,"key":"Prayer Wheel"}],"event_choices":[{"damage_healed":0.0,"max_hp_gain":0.0,"max_hp_loss":0.0,"gold_gain":0.0,"event_name":"Masked Bandits","player_choice":"Fought Bandits","floor":19.0,"gold_loss":0.0,"damage_taken":0.0},{"damage_healed":0.0,"max_hp_gain":0.0,"max_hp_loss":0.0,"gold_gain":2.0,"event_name":"betterStone:BetterStone","player_choice":"1","floor":31.0,"gold_loss":0.0,"damage_taken":0.0},{"damage_healed":0.0,"max_hp_gain":0.0,"max_hp_loss":0.0,"gold_gain":222.0,"event_name":"Tomb of Lord Red Mask","player_choice":"Wore Mask","floor":38.0,"gold_loss":0.0,"damage_taken":0.0},{"damage_healed":0.0,"max_hp_gain":0.0,"max_hp_loss":0.0,"gold_gain":0.0,"event_name":"Mysterious Sphere","player_choice":"Fight","floor":39.0,"gold_loss":0.0,"damage_taken":0.0},{"damage_healed":0.0,"max_hp_gain":0.0,"max_hp_loss":0.0,"gold_gain":0.0,"event_name":"Accursed Blacksmith","player_choice":"Forge","floor":45.0,"gold_loss":0.0,"damage_taken":0.0,"cards_upgraded":["Defragment"]}],"is_beta":false,"boss_relics":[{"not_picked":["Fusion Hammer","Pandora\u0027s Box"],"picked":"Sozu"},{"not_picked":["Snecko Eye","Coffee Dripper"],"picked":"Nuclear Battery"}],"items_purged_floors":[21,37,44],"is_endless":false,"potions_floor_spawned":[5,10,11,14,16,18,19,20,24,30,36,39,42,47],"ascension_level":2}}