{"host":"79kl9rvhjzhuunbo","time":1611421394,"event":{"mods":["AchievementEnabler","BaseMod","Colored Powertips","Defuse TimeMaze Blight","Friendly Minions","Highlight Path","Minty Spire (QoL Compilation)","Permanent Neow","Quick Restart","Random Character Button","Relic Sorter","StSLib","SuperFastMode","Synergy Search","Unceasing Turn Reminder"],"gold_per_floor":[110,127,127,145,164,164,194,194,221,232,307,307,307,30,30,158,158,171,195,195,120,141,141,181,181,181,215,215,238,258,70,70,199,199,217,61,61,84,102,102,126,170,170,206,206,53,53,418,418,418,418,418,28,71,71,71],"floor_reached":55,"language":"ENG","playtime":2926,"items_purged":["Strike_G+1","Strike_G+1"],"score":838,"play_id":"8dfb4d66-8331-4715-92ad-a3802d69b42e","local_time":"20210123180314","is_ascension_mode":false,"campfire_choices":[{"data":"Cloak And Dagger","floor":6.0,"key":"SMITH"},{"data":"Cloak And Dagger","floor":8.0,"key":"SMITH"},{"floor":15.0,"key":"RECALL"},{"floor":23.0,"key":"REST"},{"floor":25.0,"key":"REST"},{"floor":32.0,"key":"REST"},{"floor":40.0,"key":"DIG"},{"floor":47.0,"key":"DIG"},{"floor":49.0,"key":"REST"},{"floor":52.0,"key":"DIG"}],"circlet_count":0,"master_deck":["Strike_G+1","Defend_G+1","Defend_G+1","Defend_G+1","Defend_G+1","Defend_G+1","Survivor","Neutralize","Deflect","Cloak And Dagger+1","Slice","Cloak And Dagger+1","Corpse Explosion","Blade Dance+1","Footwork","Cloak And Dagger+1","Envenom","Cloak And Dagger","Accuracy","PiercingWail+1","Calculated Gamble","Footwork","Blade Dance","Mayhem","Die Die Die","CurseOfTheBell","Noxious Fumes+1","Footwork","Slice+1","Deflect+1","PiercingWail+1","Escape Plan","Terror+1","Cloak And Dagger","Noxious Fumes","Malaise","Outmaneuver"],"relics":["WristBlade","GremlinMask","Anchor","Golden Idol","Lee\u0027s Waffle","Fusion Hammer","MealTicket","Shuriken","Strawberry","Calling Bell","Ancient Tea Set","Molten Egg 2","Shovel","PreservedInsect","Pen Nib","Bottled Flame","War Paint","Bronze Scales","Omamori","Old Coin","Ornamental Fan","Snake Skull"],"acts_visited":["Exordium","TheCity","TheBeyond","TheEnding"],"potions_floor_usage":[55,55,55],"damage_taken":[{"damage":0.0,"enemies":"Small Slimes","floor":1.0,"turns":5.0},{"damage":5.0,"enemies":"Cultist","floor":2.0,"turns":4.0},{"damage":0.0,"enemies":"2 Louse","floor":4.0,"turns":2.0},{"damage":2.0,"enemies":"2 Fungi Beasts","floor":5.0,"turns":5.0},{"damage":18.0,"enemies":"Gremlin Nob","floor":7.0,"turns":4.0},{"damage":0.0,"enemies":"3 Louse","floor":10.0,"turns":2.0},{"damage":29.0,"enemies":"The Guardian","floor":16.0,"turns":14.0},{"damage":0.0,"enemies":"3 Byrds","floor":18.0,"turns":3.0},{"damage":4.0,"enemies":"2 Thieves","floor":19.0,"turns":4.0},{"damage":12.0,"enemies":"Snake Plant","floor":22.0,"turns":5.0},{"damage":6.0,"enemies":"Slavers","floor":24.0,"turns":6.0},{"damage":8.0,"enemies":"Book of Stabbing","floor":27.0,"turns":5.0},{"damage":2.0,"enemies":"Snecko","floor":29.0,"turns":5.0},{"damage":0.0,"enemies":"Centurion and Healer","floor":30.0,"turns":3.0},{"damage":4.0,"enemies":"Champ","floor":33.0,"turns":9.0},{"damage":6.0,"enemies":"3 Shapes","floor":35.0,"turns":5.0},{"damage":21.0,"enemies":"3 Darklings","floor":38.0,"turns":3.0},{"damage":0.0,"enemies":"Sphere and 2 Shapes","floor":39.0,"turns":3.0},{"damage":16.0,"enemies":"Jaw Worm Horde","floor":41.0,"turns":6.0},{"damage":3.0,"enemies":"Giant Head","floor":42.0,"turns":7.0},{"damage":0.0,"enemies":"Reptomancer","floor":44.0,"turns":5.0},{"damage":3.0,"enemies":"2 Orb Walkers","floor":48.0,"turns":2.0},{"damage":43.0,"enemies":"Donu and Deca","floor":50.0,"turns":7.0},{"damage":13.0,"enemies":"Shield and Spear","floor":54.0,"turns":5.0},{"damage":73,"enemies":"The Heart","floor":55,"turns":5}],"seed_played":"8043411116031773566","potions_obtained":[{"floor":5.0,"key":"Poison Potion"},{"floor":7.0,"key":"Poison Potion"},{"floor":10.0,"key":"Fire Potion"},{"floor":16.0,"key":"Dexterity Potion"},{"floor":19.0,"key":"DistilledChaos"},{"floor":27.0,"key":"Ancient Potion"},{"floor":29.0,"key":"ColorlessPotion"},{"floor":39.0,"key":"SpeedPotion"},{"floor":41.0,"key":"CunningPotion"},{"floor":44.0,"key":"Block Potion"},{"floor":48.0,"key":"AttackPotion"}],"is_trial":false,"path_per_floor":["M","M","?","M","M","R","E","R","T","M","?","?","?","$","R","B",null,"M","M","?","?","M","R","E","R","T","E","?","M","M","$","R","B",null,"M","$","?","M","M","R","M","E","T","E","?","$","R","?","R","B",null,"R","$","E","B"],"character_chosen":"THE_SILENT","items_purchased":["Lee\u0027s Waffle","Footwork","Cloak And Dagger","Mayhem","Footwork","Bronze Scales","Noxious Fumes","Malaise","SkillPotion"],"campfire_rested":4,"item_purchase_floors":[14,14,14,31,36,46,53,53,53],"current_hp_per_floor":[70,65,65,65,63,63,45,45,45,45,34,17,10,77,77,48,77,77,73,73,73,61,77,71,77,77,76,76,74,74,84,84,80,84,78,84,84,63,63,63,47,44,44,44,44,59,59,56,81,38,84,84,84,71,0,0],"gold":71,"neow_bonus":"BOSS_RELIC","is_daily":false,"chose_seed":false,"campfire_upgraded":2,"win_rate":0.0,"timestamp":1611421394,"path_taken":["M","M","?","M","M","R","E","R","T","?","?","?","?","$","R","BOSS","M","M","?","?","M","R","E","R","T","E","?","?","M","$","R","BOSS","M","?","?","M","?","R","M","E","T","E","?","$","R","?","R","BOSS","R","$","E","BOSS"],"items_purchased_type":["Relic","Card","Card","Card","Card","Relic","Card","Card","Potion"],"build_version":"2020-12-22","purchased_purges":2,"victory":false,"max_hp_per_floor":[70,70,70,70,70,70,70,70,70,70,70,70,70,77,77,77,77,77,77,77,77,77,77,77,77,77,84,84,84,84,84,84,84,84,84,84,84,84,84,84,84,84,84,84,84,84,84,84,84,84,84,84,84,84,84,84],"card_choices":[{"not_picked":["Sucker Punch","Crippling Poison"],"picked":"Deflect","floor":1.0},{"not_picked":["Endless Agony","Outmaneuver"],"picked":"Cloak And Dagger","floor":2.0},{"not_picked":["Dagger Spray","Predator"],"picked":"Slice","floor":4.0},{"not_picked":["Skewer","Acrobatics"],"picked":"Cloak And Dagger","floor":5.0},{"not_picked":["Outmaneuver","Underhanded Strike"],"picked":"Corpse Explosion","floor":7.0},{"not_picked":["Bouncing Flask","Outmaneuver"],"picked":"Blade Dance","floor":10.0},{"not_picked":["Grand Finale","Die Die Die"],"picked":"Envenom","floor":16.0},{"not_picked":["Deadly Poison","Skewer"],"picked":"Cloak And Dagger","floor":18.0},{"not_picked":["Dagger Throw","Underhanded Strike+1","Sucker Punch"],"picked":"SKIP","floor":19.0},{"not_picked":["Prepared","Riddle With Holes+1"],"picked":"Accuracy","floor":22.0},{"not_picked":["Setup","Poisoned Stab"],"picked":"PiercingWail+1","floor":24.0},{"not_picked":["Bane+1","Doppelganger"],"picked":"Calculated Gamble","floor":27.0},{"not_picked":["Backstab","Deflect+1"],"picked":"Blade Dance","floor":29.0},{"not_picked":["Predator","Heel Hook","Finisher"],"picked":"SKIP","floor":30.0},{"not_picked":["Phantasmal Killer","Doppelganger"],"picked":"Die Die Die","floor":33.0},{"not_picked":["Prepared+1","Backflip+1"],"picked":"Noxious Fumes","floor":35.0},{"not_picked":["Well Laid Plans","Acrobatics+1"],"picked":"Slice+1","floor":38.0},{"not_picked":["PiercingWail","Acrobatics+1"],"picked":"Deflect+1","floor":39.0},{"not_picked":["Predator+1","Flying Knee+1"],"picked":"PiercingWail+1","floor":41.0},{"not_picked":["Skewer+1","Burst"],"picked":"Escape Plan","floor":42.0},{"not_picked":["Bane+1","Quick Slash+1"],"picked":"Terror+1","floor":44.0},{"not_picked":["Flechettes+1","Backflip"],"picked":"Cloak And Dagger","floor":48.0},{"not_picked":["Dodge and Roll","Prepared"],"picked":"Outmaneuver","floor":54.0}],"player_experience":272124,"relics_obtained":[{"floor":7.0,"key":"Anchor"},{"floor":24.0,"key":"MealTicket"},{"floor":26.0,"key":"Shuriken"},{"floor":27.0,"key":"Strawberry"},{"floor":34.0,"key":"Ancient Tea Set"},{"floor":34.0,"key":"Molten Egg 2"},{"floor":34.0,"key":"Shovel"},{"floor":40.0,"key":"PreservedInsect"},{"floor":42.0,"key":"Pen Nib"},{"floor":43.0,"key":"Bottled Flame"},{"floor":44.0,"key":"War Paint"},{"floor":47.0,"key":"Omamori"},{"floor":48.0,"key":"Old Coin"},{"floor":52.0,"key":"Ornamental Fan"},{"floor":54.0,"key":"Snake Skull"}],"event_choices":[{"damage_healed":0.0,"max_hp_gain":0.0,"max_hp_loss":0.0,"gold_gain":0.0,"event_name":"FaceTrader","player_choice":"Trade","floor":3.0,"gold_loss":0.0,"damage_taken":0.0,"relics_obtained":["GremlinMask"]},{"damage_healed":0.0,"max_hp_gain":0.0,"max_hp_loss":0.0,"gold_gain":75.0,"event_name":"World of Goop","player_choice":"Gather Gold","floor":11.0,"gold_loss":0.0,"damage_taken":11.0},{"damage_healed":0.0,"max_hp_gain":0.0,"max_hp_loss":0.0,"gold_gain":0.0,"event_name":"Golden Idol","player_choice":"Take Damage","floor":12.0,"gold_loss":0.0,"damage_taken":17.0,"relics_obtained":["Golden Idol"]},{"cards_removed":["Strike_G"],"damage_healed":0.0,"max_hp_gain":0.0,"max_hp_loss":0.0,"gold_gain":0.0,"event_name":"Golden Wing","player_choice":"Card Removal","floor":13.0,"gold_loss":0.0,"damage_taken":7.0},{"damage_healed":0.0,"max_hp_gain":0.0,"max_hp_loss":0.0,"gold_gain":0.0,"event_name":"Back to Basics","player_choice":"Simplicity","floor":20.0,"gold_loss":0.0,"damage_taken":0.0,"cards_upgraded":["Strike_G","Strike_G","Strike_G","Strike_G","Defend_G","Defend_G","Defend_G","Defend_G","Defend_G"]},{"cards_removed":["Strike_G"],"damage_healed":0.0,"max_hp_gain":0.0,"max_hp_loss":0.0,"gold_gain":0.0,"event_name":"Beggar","player_choice":"Gave Gold","floor":21.0,"gold_loss":75.0,"damage_taken":0.0},{"damage_healed":0.0,"max_hp_gain":0.0,"max_hp_loss":0.0,"gold_gain":0.0,"event_name":"Duplicator","player_choice":"Copied","floor":28.0,"gold_loss":0.0,"damage_taken":0.0,"cards_obtained":["Footwork"]},{"damage_healed":0.0,"max_hp_gain":0.0,"max_hp_loss":0.0,"gold_gain":0.0,"event_name":"Upgrade Shrine","player_choice":"Upgraded","floor":37.0,"gold_loss":0.0,"damage_taken":0.0,"cards_upgraded":["Noxious Fumes"]},{"damage_healed":0.0,"max_hp_gain":0.0,"max_hp_loss":0.0,"gold_gain":0.0,"event_name":"Tomb of Lord Red Mask","player_choice":"Ignored","floor":45.0,"gold_loss":0.0,"damage_taken":0.0},{"damage_healed":0.0,"max_hp_gain":0.0,"max_hp_loss":0.0,"gold_gain":0.0,"event_name":"Mysterious Sphere","player_choice":"Fight","floor":48.0,"gold_loss":0.0,"damage_taken":0.0}],"is_beta":false,"boss_relics":[{"not_picked":["Coffee Dripper","Runic Dome"],"picked":"Fusion Hammer"},{"not_picked":["SlaversCollar","Philosopher\u0027s Stone"],"picked":"Calling Bell"}],"items_purged_floors":[36,53],"is_endless":false,"potions_floor_spawned":[5,7,10,16,19,27,29,39,41,44,48],"killed_by":"The Heart","ascension_level":0}}