{"host":"y1oqg7uy0jc6f5mb","time":1611430912,"event":{"mods":["BaseMod","Better Altar","Better Match","Better Note","Better Sensory Stone","Better Skull","Better Third Choice","BetterRewards","Block Reminder","Colored Map","Colored Powertips","Custom Start","DeckTracker","Displayed Cursed Tome","Highlight Path","Ironclad Rager","Minty Spire (QoL Compilation)","Permanent Neow","Quick Restart","Relic Sorter","Relic Stats","Shop Mod","StSLib"],"gold_per_floor":[117,117,127,140,140,140,157,182,182,182,182,213,227,28,28,133,133,153,143,161,174,174,174,20,20,20,51,51,51,51,51],"floor_reached":30,"language":"ENG","playtime":1821,"items_purged":["Defend_B"],"score":412,"play_id":"34660d56-e893-4f7f-948c-7bdf6ef0d919","local_time":"20210124034152","is_ascension_mode":true,"campfire_choices":[{"data":"Malaise","floor":6.0,"key":"SMITH"},{"floor":10.0,"key":"REST"},{"floor":15.0,"key":"REST"},{"data":"Reinforced Body","floor":23.0,"key":"SMITH"},{"data":"Capacitor","floor":25.0,"key":"SMITH"},{"data":"Coolheaded","floor":29.0,"key":"SMITH"}],"circlet_count":0,"master_deck":["Strike_B","Strike_B","Defend_B","Defend_B","Defend_B","Zap","Dualcast","Conserve Battery","Reinforced Body+1","Seek","Malaise+1","Conserve Battery","Defragment","Chill","Thunder Strike","Sweeping Beam","Redo+1","Ball Lightning","Coolheaded+1","Capacitor+1"],"relics":["Cracked Core","Bronze Scales","Boot","InkBottle","Shuriken","Bag of Preparation","Happy Flower","Coffee Dripper","Bottled Flame","Omamori"],"acts_visited":["Exordium","TheCity"],"potions_floor_usage":[],"damage_taken":[{"damage":0.0,"enemies":"Small Slimes","floor":1.0,"turns":2.0},{"damage":4.0,"enemies":"2 Louse","floor":3.0,"turns":2.0},{"damage":0.0,"enemies":"Jaw Worm","floor":4.0,"turns":3.0},{"damage":4.0,"enemies":"3 Louse","floor":7.0,"turns":2.0},{"damage":18.0,"enemies":"3 Sentries","floor":8.0,"turns":9.0},{"damage":2.0,"enemies":"Lagavulin","floor":12.0,"turns":9.0},{"damage":17.0,"enemies":"Lots of Slimes","floor":13.0,"turns":4.0},{"damage":7.0,"enemies":"Slime Boss","floor":16.0,"turns":8.0},{"damage":19.0,"enemies":"Spheric Guardian","floor":18.0,"turns":5.0},{"damage":2.0,"enemies":"2 Thieves","floor":19.0,"turns":5.0},{"damage":21.0,"enemies":"Snake Plant","floor":20.0,"turns":4.0},{"damage":14.0,"enemies":"Centurion and Healer","floor":21.0,"turns":8.0},{"damage":25.0,"enemies":"Slavers","floor":27.0,"turns":6.0},{"damage":5,"enemies":"3 Cultists","floor":30,"turns":3}],"seed_played":"-5339498349075174658","potions_obtained":[{"floor":3.0,"key":"SpeedPotion"},{"floor":12.0,"key":"EssenceOfSteel"},{"floor":13.0,"key":"Fruit Juice"},{"floor":18.0,"key":"GamblersBrew"},{"floor":21.0,"key":"SteroidPotion"}],"is_trial":false,"path_per_floor":["M","?","M","M","?","R","M","E","T","R","?","E","M","$","R","B",null,"M","M","M","M","?","R","$","R","T","E","$","R","M"],"character_chosen":"DEFECT","items_purchased":["Bronze Scales","Happy Flower","PowerPotion","Capacitor"],"campfire_rested":2,"item_purchase_floors":[0,14,14,24],"current_hp_per_floor":[75,80,76,76,67,67,63,45,45,69,62,60,43,48,73,66,85,66,64,43,29,29,29,29,29,29,4,4,4,0,0],"gold":51,"neow_bonus":"","is_daily":false,"chose_seed":false,"campfire_upgraded":4,"win_rate":0.0,"timestamp":1611430912,"path_taken":["M","?","M","M","?","R","M","E","T","R","?","E","?","$","R","BOSS","M","M","M","M","?","R","$","R","T","E","$","R","?"],"items_purchased_type":["Relic","Relic","Potion","Card"],"build_version":"2020-12-22","purchased_purges":1,"victory":false,"max_hp_per_floor":[75,80,80,80,80,80,80,80,80,80,80,80,80,85,85,85,85,85,85,85,85,85,85,85,85,85,85,85,85,85,85],"relic_stats":{"Happy Flower":[13],"counters":[29,164],"Shuriken":[2],"Bronze Scales":[183],"Bag of Preparation":[16],"Boot":[8],"obtain_stats":[{"Potion Belt":28,"MerchantsRug":28,"Tiny House":17,"Happy Flower":14,"Oddly Smooth Stone":26,"The Courier":9,"Omamori":28,"Bag of Preparation":12,"Whetstone":24,"MawBank":9,"Boot":5,"White Beast Statue":26,"Cables":28,"Anchor":11,"Bottled Flame":26,"Matryoshka":7,"Shuriken":9,"Pantograph":22,"Bronze Scales":0,"Tiny Chest":31,"Coffee Dripper":17,"Cracked Core":0,"InkBottle":8},{"Potion Belt":12,"MerchantsRug":12,"Tiny House":8,"Happy Flower":22,"Oddly Smooth Stone":11,"The Courier":4,"Omamori":12,"Bag of Preparation":21,"Whetstone":11,"MawBank":4,"Boot":18,"White Beast Statue":11,"Cables":12,"Anchor":5,"Bottled Flame":27,"Matryoshka":4,"Shuriken":20,"Pantograph":10,"Bronze Scales":15,"Tiny Chest":14,"Coffee Dripper":23,"Cracked Core":0,"InkBottle":20},{"Potion Belt":64,"MerchantsRug":64,"Tiny House":41,"Happy Flower":125,"Oddly Smooth Stone":57,"The Courier":16,"Omamori":64,"Bag of Preparation":121,"Whetstone":57,"MawBank":16,"Boot":101,"White Beast Statue":57,"Cables":64,"Anchor":20,"Bottled Flame":155,"Matryoshka":16,"Shuriken":112,"Pantograph":51,"Bronze Scales":94,"Tiny Chest":80,"Coffee Dripper":133,"Cracked Core":0,"InkBottle":112}],"InkBottle":[17]},"card_choices":[{"not_picked":["Sweeping Beam","Ball Lightning"],"picked":"Conserve Battery","floor":1.0},{"not_picked":["Redo","Go for the Eyes"],"picked":"Reinforced Body","floor":3.0},{"not_picked":["Compile Driver","Redo"],"picked":"Seek","floor":4.0},{"not_picked":["Gash","Scrape"],"picked":"Conserve Battery","floor":7.0},{"not_picked":["Lockon","Steam"],"picked":"Hyperbeam","floor":8.0},{"not_picked":["Stack","Gash"],"picked":"Defragment","floor":12.0},{"not_picked":["Stack","Blizzard"],"picked":"Chill","floor":13.0},{"not_picked":["All For One","Core Surge"],"picked":"Thunder Strike","floor":16.0},{"not_picked":["Rip and Tear","Leap"],"picked":"Sweeping Beam","floor":18.0},{"not_picked":["Aggregate","Leap"],"picked":"Redo+1","floor":19.0},{"not_picked":["Rip and Tear","Sweeping Beam"],"picked":"Ball Lightning","floor":20.0},{"not_picked":["Steam","Streamline"],"picked":"Coolheaded","floor":21.0},{"not_picked":["Gash","BootSequence","Rebound"],"picked":"SKIP","floor":27.0}],"player_experience":164730,"relics_obtained":[{"floor":8.0,"key":"InkBottle"},{"floor":9.0,"key":"Shuriken"},{"floor":12.0,"key":"Bag of Preparation"},{"floor":26.0,"key":"Bottled Flame"},{"floor":27.0,"key":"Omamori"}],"event_choices":[{"damage_healed":0.0,"max_hp_gain":5.0,"max_hp_loss":0.0,"gold_gain":0.0,"event_name":"Big Fish","player_choice":"Donut","floor":2.0,"gold_loss":0.0,"damage_taken":0.0},{"cards_removed":["Strike_B"],"damage_healed":0.0,"max_hp_gain":0.0,"max_hp_loss":0.0,"gold_gain":0.0,"event_name":"Golden Wing","player_choice":"Card Removal","floor":11.0,"gold_loss":0.0,"damage_taken":7.0},{"cards_removed":["Strike_B"],"damage_healed":0.0,"max_hp_gain":0.0,"max_hp_loss":0.0,"gold_gain":0.0,"event_name":"Purifier","player_choice":"Purged","floor":22.0,"gold_loss":0.0,"damage_taken":0.0}],"is_beta":false,"boss_relics":[{"not_picked":["Snecko Eye","Philosopher\u0027s Stone"],"picked":"Coffee Dripper"}],"items_purged_floors":[24],"is_endless":false,"potions_floor_spawned":[3,12,13,18,21],"killed_by":"3 Cultists","ascension_level":3}}