{"host":"n0aqkby80ppfgdru","time":1611434753,"event":{"mods":["BaseMod","Minty Spire (QoL Compilation)","Permanent Neow","Quick Restart"],"gold_per_floor":[111,111,36,136,150,175,186,197,197,197,272,272,335,353,353,457,457,475,503,503,514,534,534,549,549,620,620,638,649,649,649,649,649,649],"floor_reached":33,"language":"ENG","playtime":1292,"items_purged":["Berserk"],"score":247,"play_id":"28c2009f-3044-4979-b830-c12a3a78751e","local_time":"20210123154553","is_ascension_mode":false,"campfire_choices":[{"data":"True Grit","floor":10,"key":"SMITH"},{"floor":12,"key":"REST"},{"floor":15,"key":"REST"},{"floor":23,"key":"REST"},{"data":"Shrug It Off","floor":25,"key":"SMITH"},{"data":"1","floor":27,"key":"LIFT"},{"data":"2","floor":30,"key":"LIFT"},{"floor":32,"key":"REST"}],"circlet_count":0,"master_deck":["Bash","Metallicize","Blood for Blood","Carnage","Thunderclap","True Grit+1","Entrench","Sever Soul","Dropkick","Shrug It Off+1","Necronomicurse"],"relics":["Pandora\u0027s Box","Blue Candle","Lizard Tail","Girya","Sozu","Red Mask","Eternal Feather","Necronomicon"],"acts_visited":["Exordium","TheCity"],"potions_floor_usage":[6,16,19],"damage_taken":[{"damage":2.0,"enemies":"2 Louse","floor":1.0,"turns":3.0},{"damage":0.0,"enemies":"Small Slimes","floor":5.0,"turns":4.0},{"damage":41,"enemies":"3 Sentries","floor":6,"turns":9},{"damage":3,"enemies":"Cultist","floor":7,"turns":3},{"damage":10,"enemies":"Gremlin Gang","floor":8,"turns":4},{"damage":36,"enemies":"3 Sentries","floor":13,"turns":9},{"damage":12,"enemies":"Blue Slaver","floor":14,"turns":2},{"damage":14,"enemies":"Hexaghost","floor":16,"turns":9},{"damage":5,"enemies":"Chosen","floor":18,"turns":5},{"damage":7,"enemies":"Masked Bandits","floor":19,"turns":3},{"damage":0,"enemies":"3 Byrds","floor":21,"turns":5},{"damage":21,"enemies":"Shelled Parasite and Fungi","floor":22,"turns":6},{"damage":0,"enemies":"Snecko","floor":24,"turns":4},{"damage":9,"enemies":"Centurion and Healer","floor":28,"turns":7},{"damage":13,"enemies":"3 Cultists","floor":29,"turns":5},{"damage":0,"enemies":"Champ","floor":33,"turns":1}],"seed_played":"-4658505911943956829","potions_obtained":[{"floor":1.0,"key":"FearPotion"},{"floor":5.0,"key":"Regen Potion"},{"floor":6,"key":"Weak Potion"},{"floor":13,"key":"Explosive Potion"}],"is_trial":false,"path_per_floor":["M","?","$","?","M","E","M","M","T","R","?","R","?","M","R","B",null,"M","?","?","M","M","R","M","R","T","R","M","M","R","?","R","B"],"character_chosen":"IRONCLAD","items_purchased":[],"campfire_rested":4,"item_purchase_floors":[],"current_hp_per_floor":[78,78,78,78,78,52,49,39,39,39,28,52,16,4,28,14,80,75,68,68,68,47,71,71,71,71,77,68,55,61,45,75,75,75],"gold":649,"neow_bonus":"BOSS_RELIC","is_daily":false,"chose_seed":false,"campfire_upgraded":2,"win_rate":0.0,"timestamp":1611434753,"path_taken":["M","?","$","?","?","E","?","M","T","R","?","R","?","M","R","BOSS","M","?","?","M","?","R","M","R","T","R","M","M","R","?","R","BOSS"],"items_purchased_type":[],"build_version":"2020-12-22","purchased_purges":1,"victory":false,"max_hp_per_floor":[80,80,80,80,80,80,80,80,80,80,80,80,80,80,80,80,80,80,80,80,80,80,80,80,80,80,80,80,80,80,80,80,80,80],"card_choices":[{"not_picked":["Rupture","Cleave","Pommel Strike"],"picked":"SKIP","floor":1.0},{"not_picked":["Headbutt","Armaments"],"picked":"Dropkick","floor":5.0},{"not_picked":["Bloodletting","Body Slam","Armaments"],"picked":"SKIP","floor":6},{"not_picked":["Sword Boomerang","Flex","Reckless Charge"],"picked":"SKIP","floor":7},{"not_picked":["Headbutt","Wild Strike","Anger"],"picked":"SKIP","floor":8},{"not_picked":["Sword Boomerang","Perfected Strike","Clash"],"picked":"SKIP","floor":14},{"not_picked":["Armaments","Cleave","Combust"],"picked":"SKIP","floor":18},{"not_picked":["Intimidate+1","Battle Trance","Havoc+1"],"picked":"SKIP","floor":21},{"not_picked":["Clash","Armaments","Heavy Blade"],"picked":"SKIP","floor":22},{"not_picked":["Headbutt","Heavy Blade+1"],"picked":"Shrug It Off","floor":24},{"not_picked":["Pummel","Sword Boomerang","Havoc"],"picked":"SKIP","floor":28},{"not_picked":["Flex","Fire Breathing+1","Twin Strike"],"picked":"SKIP","floor":29}],"player_experience":1260965,"relics_obtained":[{"floor":6,"key":"Blue Candle"},{"floor":9,"key":"Lizard Tail"},{"floor":19,"key":"Red Mask"},{"floor":26,"key":"Eternal Feather"},{"floor":31,"key":"Necronomicon"}],"event_choices":[{"damage_healed":0.0,"max_hp_gain":0.0,"max_hp_loss":0.0,"gold_gain":0.0,"event_name":"Liars Game","player_choice":"Ignored","floor":2.0,"gold_loss":0.0,"damage_taken":0.0},{"damage_healed":0.0,"max_hp_gain":0.0,"max_hp_loss":0.0,"gold_gain":100.0,"event_name":"Golden Shrine","player_choice":"Pray","floor":4.0,"gold_loss":0.0,"damage_taken":0.0},{"damage_healed":0,"gold_gain":75,"player_choice":"Gather Gold","damage_taken":11,"max_hp_gain":0,"max_hp_loss":0,"event_name":"World of Goop","floor":11,"gold_loss":0},{"damage_healed":0,"gold_gain":30,"player_choice":"Searched \u00273\u0027 times","damage_taken":0,"relics_obtained":["Girya"],"max_hp_gain":0,"max_hp_loss":0,"event_name":"Dead Adventurer","floor":13,"gold_loss":0},{"damage_healed":0,"gold_gain":0,"player_choice":"Fought Bandits","damage_taken":0,"max_hp_gain":0,"max_hp_loss":0,"event_name":"Masked Bandits","floor":19,"gold_loss":0},{"cards_removed":["Searing Blow"],"damage_healed":0,"gold_gain":0,"player_choice":"Purged","damage_taken":0,"max_hp_gain":0,"max_hp_loss":0,"event_name":"Purifier","floor":20,"gold_loss":0},{"damage_healed":0,"gold_gain":0,"player_choice":"Obtained Book","damage_taken":16,"max_hp_gain":0,"max_hp_loss":0,"event_name":"Cursed Tome","floor":31,"gold_loss":0}],"is_beta":false,"boss_relics":[{"not_picked":["Snecko Eye","Ectoplasm"],"picked":"Sozu"}],"items_purged_floors":[3],"is_endless":false,"potions_floor_spawned":[1,5,6,13,19,24,28],"killed_by":"Champ","ascension_level":0}}