{"host":"qhhcmep1unj6mpf7","time":1611404090,"event":{"mods":["2.2 Compatiblity","AchievementEnabler","BaseMod","Colored Map","DeckTracker","Highlight Path","Keyboard Shortcuts","Minty Spire (QoL Compilation)","Permanent Neow","Quick Restart","Random Character Button","StSLib","SuperFastMode","everything is the same but u backflip on backflip"],"gold_per_floor":[159,209,248,299,337,337,337],"floor_reached":6,"language":"KOR","playtime":199,"items_purged":[],"score":68,"play_id":"ab1bd959-7244-4e32-ab85-c8a8219a54a2","local_time":"20210123211450","is_ascension_mode":true,"campfire_choices":[],"circlet_count":0,"master_deck":["AscendersBane","Strike_R","Strike_R","Strike_R","Strike_R","Strike_R","Defend_R","Defend_R","Defend_R","Defend_R","Bash","HandOfGreed","Fire Breathing","Body Slam","Seeing Red"],"relics":["Burning Blood"],"acts_visited":["Exordium"],"potions_floor_usage":[],"damage_taken":[{"damage":0,"enemies":"2 Louse","floor":1,"turns":4},{"damage":9,"enemies":"Small Slimes","floor":2,"turns":3},{"damage":8,"enemies":"Jaw Worm","floor":3,"turns":4},{"damage":11,"enemies":"Exordium Wildlife","floor":4,"turns":5},{"damage":27,"enemies":"Blue Slaver","floor":5,"turns":6},{"damage":25,"enemies":"3 Sentries","floor":6,"turns":4}],"seed_played":"979412930415448243","potions_obtained":[],"is_trial":false,"path_per_floor":["M","M","M","M","M","E"],"character_chosen":"IRONCLAD","items_purchased":[],"campfire_rested":0,"item_purchase_floors":[],"current_hp_per_floor":[56,53,51,46,25,0,0],"gold":337,"neow_bonus":"RANDOM_COLORLESS_2","is_daily":false,"chose_seed":false,"campfire_upgraded":0,"win_rate":0.0,"timestamp":1611404090,"path_taken":["M","M","M","M","M","E"],"items_purchased_type":[],"build_version":"2020-12-22","purchased_purges":0,"victory":false,"max_hp_per_floor":[75,75,75,75,75,75,75],"card_choices":[{"not_picked":["Apotheosis","Magnetism"],"picked":"HandOfGreed","floor":0},{"not_picked":["Heavy Blade","Twin Strike"],"picked":"Fire Breathing","floor":1},{"not_picked":["Cleave","Clothesline"],"picked":"Body Slam","floor":2},{"not_picked":["Perfected Strike","Flex","Havoc"],"picked":"SKIP","floor":3},{"not_picked":["Carnage","Twin Strike"],"picked":"Seeing Red","floor":4},{"not_picked":["Headbutt","Flex","Cleave"],"picked":"SKIP","floor":5}],"player_experience":77719,"relics_obtained":[],"event_choices":[],"is_beta":false,"boss_relics":[],"items_purged_floors":[],"is_endless":false,"potions_floor_spawned":[],"killed_by":"3 Sentries","ascension_level":14}}