{"host":"takgv9cv6xf64vhq","time":1611411947,"event":{"mods":["BaseMod","Colored Powertips","Downfall","Marisa£®ÏF”Í°°ƒß¿Ì…≥£©","Minty Spire (QoL Compilation)","Replay The Spire","StSLib","The Cursed"],"gold_per_floor":[112,123,138,154,166,176,176,193,216,236,248,173,173,188,188,188,188],"floor_reached":16,"language":"ZHS","playtime":794,"items_purged":["Feel No Pain+1"],"score":100,"play_id":"13f5ad39-e539-476f-b8ee-53254b0a11fe","local_time":"20210123222547","is_ascension_mode":false,"campfire_choices":[{"data":"Armaments","floor":7.0,"key":"SMITH"}],"circlet_count":0,"master_deck":["Strike_R","Defend_R","Defend_R","Defend_R","Defend_R","Bash","Rupture+1","Pommel Strike+1","Replay:Undeath\u0027s Touch","Heavy Blade","Demonic Infusion","ReplayTheSpireMod:LeadingStrike","Ghostly Armor","Armaments+1","Headbutt","Cleave","ReplayTheSpireMod:Limb From Limb","Flame Barrier","Amnesia"],"relics":["Astrolabe","Bag of Preparation","Ring of Searing","Ring of Hypnosis"],"acts_visited":["Exordium"],"potions_floor_usage":[16],"damage_taken":[{"damage":1.0,"enemies":"Cultist","floor":1.0,"turns":3.0},{"damage":16.0,"enemies":"Jaw Worm","floor":2.0,"turns":4.0},{"damage":0.0,"enemies":"2 Louse","floor":3.0,"turns":4.0},{"damage":15.0,"enemies":"Looter","floor":4.0,"turns":4.0},{"damage":4.0,"enemies":"2 Fungi Beasts","floor":5.0,"turns":4.0},{"damage":16.0,"enemies":"Blue Slaver","floor":6.0,"turns":6.0},{"damage":0.0,"enemies":"Lots of Slimes","floor":8.0,"turns":1.0},{"damage":9.0,"enemies":"Large Slime","floor":10.0,"turns":8.0},{"damage":2.0,"enemies":"2 Fungi Beasts","floor":11.0,"turns":5.0},{"damage":8.0,"enemies":"Gremlin Gang","floor":14.0,"turns":4.0},{"damage":25,"enemies":"Slime Boss","floor":16,"turns":6}],"seed_played":"6193514182668192942","potions_obtained":[{"floor":2.0,"key":"Cursed Concoction"},{"floor":4.0,"key":"Block Potion"},{"floor":5.0,"key":"Regen Potion"},{"floor":6.0,"key":"Explosive Potion"},{"floor":14.0,"key":"SmokeBomb"}],"is_trial":false,"path_per_floor":["M","M","M","M","M","M","R","M","T","M","M","$","?","M","R","B"],"character_chosen":"IRONCLAD","items_purchased":[],"campfire_rested":0,"item_purchase_floors":[],"current_hp_per_floor":[79,63,63,48,44,28,28,28,28,34,32,32,25,17,17,0,0],"gold":188,"neow_bonus":"BOSS_RELIC","is_daily":false,"chose_seed":false,"campfire_upgraded":1,"win_rate":0.0,"timestamp":1611411947,"path_taken":["M","M","M","?","M","M","R","?","T","M","M","$","?","M","R","BOSS"],"items_purchased_type":[],"build_version":"2020-12-22","purchased_purges":1,"victory":false,"max_hp_per_floor":[80,80,80,80,80,80,80,80,80,80,80,80,80,80,80,80,80],"card_choices":[{"not_picked":["Anger","Perfected Strike"],"picked":"Replay:Undeath\u0027s Touch","floor":1.0},{"not_picked":["ReplayTheSpireMod:Strike From Hell","Iron Wave"],"picked":"Heavy Blade","floor":2.0},{"not_picked":["Heavy Blade","Seeing Red"],"picked":"Demonic Infusion","floor":3.0},{"not_picked":["Dark Embrace","Anger"],"picked":"ReplayTheSpireMod:LeadingStrike","floor":4.0},{"not_picked":["Perfected Strike","Shrug It Off"],"picked":"Ghostly Armor","floor":5.0},{"not_picked":["Flex","Sword Boomerang"],"picked":"Armaments","floor":6.0},{"not_picked":["Perfected Strike","Anger"],"picked":"Headbutt","floor":8.0},{"not_picked":["Twin Strike","True Grit"],"picked":"Cleave","floor":10.0},{"not_picked":["Bloodletting","Replay:Undeath\u0027s Touch"],"picked":"ReplayTheSpireMod:Limb From Limb","floor":11.0},{"not_picked":["Flex","Dual Wield"],"picked":"Flame Barrier","floor":14.0}],"player_experience":28520,"relics_obtained":[{"floor":9.0,"key":"Bag of Preparation"},{"floor":15.0,"key":"Ring of Searing"},{"floor":15.0,"key":"Ring of Hypnosis"}],"event_choices":[{"cards_removed":["Strike_R"],"damage_healed":0.0,"max_hp_gain":0.0,"max_hp_loss":0.0,"gold_gain":0.0,"event_name":"Golden Wing","player_choice":"Card Removal","floor":13.0,"gold_loss":0.0,"damage_taken":7.0}],"is_beta":false,"boss_relics":[],"items_purged_floors":[12],"is_endless":false,"potions_floor_spawned":[2,4,5,6,14],"killed_by":"Slime Boss","ascension_level":0}}