{"host":"avq773cl9g5msfol","time":1611389998,"event":{"mods":["100% Spire Juice","AchievementEnabler","Act Like it!","Ascension Unlocker","Aspiration","Astrologer","Bard","Bartender","BaseMod","Better Altar","Better Third Choice","BetterRewards","CapriCore","ChefMod","Colored Map","Colored Powertips","Conspire","Dio Mod","Downfall","Elementarium","Energized Spire","Gensokyo","GifTheSpireLib","GungeonMod","Hallownest","Hermit","Highlight Path","Hubris","Humility","Infinite Spire","Jorbs\u0027s Wanderer Trilogy","Koishi","Magitek Elite","Marisa????????","Marked Mod","Menagerie","Minty Spire (QoL Compilation)","Pale of the Ancients","Potionbrewer","Quarter Circle Forward PUNCH!","Rare Cards Sparkle","Reimu??????","Relic Stats","Remilia??????","Replay The Spire","SacredBarkPlus","Shade Mod","Somnambulant","Spicy Shops","Spire Arcade","StSLib","The Administrix","The Blue Laboratory","The Bug Knight","The Construct","The Cursed","The Disciple","The Dragon Tamer","The Exalted","The Hayseed","The Hierophant","The Immortal","The Marked","The Mystic","The Problem Sleuth","The Runesmith","The Senshi","The Vixen","The Wild Card","TheFirefly","Wandering Minibosses","vexMod"],"gold_per_floor":[99,112,112,122,141,166,166,197,197,215,215,248,248,275,291,369,369,369,383,400,400,428,462,513,513,513,525,109,109,109,140,160,233,233,133,143,103,121,139,139,139,139,164,196,240,240,271,271,287,287,287,322,217,217,217,197],"floor_reached":57,"language":"ENG","playtime":6097,"items_purged":["Injury"],"score":3074,"play_id":"0c0bf512-280c-4c22-a570-e026d193747b","local_time":"20210123151958","is_ascension_mode":true,"campfire_choices":[{"data":"Guardian:GemFinder","floor":1.0,"key":"SMITH"},{"floor":9.0,"key":"REST"},{"floor":13.0,"key":"REST"},{"floor":18.0,"key":"DIG"},{"floor":30.0,"key":"RECALL"},{"floor":35.0,"key":"REST"},{"floor":54,"key":"REST"}],"circlet_count":0,"master_deck":["AscendersBane","Guardian:CurlUp+1","Guardian:TwinSlam+1","Guardian:ShieldSpikes+1","Guardian:StasisEngine+1","Guardian:GemFinder+1","Guardian:DonusPower+1","Guardian:FastForward+1","Guardian:WalkerClaw+1","Guardian:BronzeArmor+1","Guardian:GatlingBeam+1","Guardian:Gem_Red","Guardian:PrismaticBeam+1","Guardian:PiercingHide+1","Guardian:Gem_Cyan","Guardian:Gem_Green","Guardian:CrystalBeam+1","Guardian:Gem_Cyan","Guardian:Gem_Red","Guardian:CrystalBeam+1","Guardian:Gem_Crimson","Guardian:Gem_Cyan","Guardian:RevengeProtocol+1","Guardian:Gem_Crimson","Guardian:Gem_Red","Guardian:PrismaticBeam+1","Guardian:Gem_Cyan","Guardian:Gem_Red","Guardian:TimeSifter+1","Guardian:Gem_Cyan","Guardian:RollAttack+1","infinitespire:TheBestDefense+1","Guardian:TemporalShield+1","Guardian:Orbwalk+1","expansioncontent:StudyTheSpire+1","Guardian:ConstructionForm+1","Guardian:Suspension+1","Guardian:Gem_Cyan","Guardian:Gem_Cyan","Guardian:Gem_Lightblue","Guardian:Gem_Cyan","Guardian:FierceBash+1","Guardian:StasisField+1","expansioncontent:PrepareCrush+1","Guardian:BodySlam+1","Guardian:Preprogram+1","Guardian:Gem_Cyan","Guardian:Gem_Red","Guardian:ArmoredProtocol+1","Guardian:Gem_Cyan","infinitespire:SevenWalls+1","Guardian:VentSteam+1","Guardian:Gem_Cyan","Guardian:VentSteam+1","Guardian:Incinerate+1"],"relics":["Guardian:ModeShifter","Toxic Egg 2","Molten Egg 2","hubris:Towel","Quantum Egg","wanderingMiniBosses:ThiefScarf","Bird Faced Urn","Frozen Egg 2","infinitespire:FocusingShard","Runesmith:AutoHammer","energizedSpire:RedRose","vexMod:ScavengeHelm","WingedGreaves","qcfpunch:Red_Headband","Akabeko","Black Star","vexMod:PaidLearning","Darkstone Periapt","Empty Cage","DemoMod:GlassGuonStoneRelic","Replay:Rubber Ducky","AntiCross","Gem_Box","downfall:HeartBlessingRed","downfall:HeartBlessingBlue","downfall:HeartBlessingGreen","Oddly Smooth Stone","Vajra","Guardian:BottledStasis","infinitespire:Satchel","hubris:PeanutButter","Guardian:DefensiveModeMoreBlock","Bromod:ArcaneAvenger","DemoMod:WhiteGuonStone","qcfpunch:Red_Beret","vexMod:TanglingVine","Guardian:StasisCodex","Onion Ring","qcfpunch:Not_Strongest_Fighting_Style_Guidebook","qcfpunch:Red_Cyclone_Teachings","hubris:ToyBattleship","qcfpunch:Spiky_Bracers"],"acts_visited":["Exordium","Hallownest:CityofTears","Gensokyo:Gensokyoest","TheEnding"],"potions_floor_usage":[39,44,44,44,44,44,44,52,52,52,55,55,56],"damage_taken":[{"damage":8.0,"enemies":"conspire:RoseBush","floor":2.0,"turns":3.0},{"damage":12.0,"enemies":"Small Slimes","floor":4.0,"turns":3.0},{"damage":0.0,"enemies":"Cultist","floor":5.0,"turns":4.0},{"damage":10.0,"enemies":"2 Fungi Beasts","floor":6.0,"turns":3.0},{"damage":15.0,"enemies":"3 Sentries","floor":8.0,"turns":12.0},{"damage":0.0,"enemies":"3 Louse","floor":10.0,"turns":3.0},{"damage":0.0,"enemies":"HollowMod:MossKnight","floor":12.0,"turns":7.0},{"damage":0.0,"enemies":"3 Sentries","floor":14.0,"turns":6.0},{"damage":0.0,"enemies":"Exordium Wildlife","floor":15.0,"turns":3.0},{"damage":3.0,"enemies":"WA_ARCHETYPE_RETAIN","floor":16.0,"turns":3.0},{"damage":2.0,"enemies":"Hallownest:3_Youths","floor":19.0,"turns":3.0},{"damage":5.0,"enemies":"Hallownest:2_Mistakes","floor":20.0,"turns":6.0},{"damage":12.0,"enemies":"Hallownest:3_Mistakes","floor":22.0,"turns":7.0},{"damage":0.0,"enemies":"Hallownest:eliteWatcherKnight","floor":23.0,"turns":10.0},{"damage":14.0,"enemies":"Hallownest:monsterShrumalOgre","floor":27.0,"turns":5.0},{"damage":3.0,"enemies":"downfall:FleeingMerchant","floor":28.0,"turns":4.0},{"damage":1.0,"enemies":"Hallownest:Nosk","floor":31.0,"turns":7.0},{"damage":0.0,"enemies":"Hallownest:monsterMisterMushroom","floor":32.0,"turns":3.0},{"damage":0.0,"enemies":"SI_MIRROR_ARCHETYPE","floor":33.0,"turns":7.0},{"damage":0,"enemies":"Gensokyo:3_Boulders","floor":36,"turns":2},{"damage":0,"enemies":"downfall:FleeingMerchant","floor":37,"turns":4},{"damage":0,"enemies":"Gensokyo:3_Bats","floor":38,"turns":3},{"damage":2,"enemies":"Gensokyo:Sharpion","floor":39,"turns":2},{"damage":0,"enemies":"Gensokyo:Dusk_and_Dawn","floor":40,"turns":3},{"damage":0,"enemies":"Gensokyo:Marisa","floor":43,"turns":4},{"damage":0,"enemies":"Nightmare","floor":44,"turns":5},{"damage":0,"enemies":"Gensokyo:Marisa","floor":47,"turns":2},{"damage":0,"enemies":"Gensokyo:AtlasGolem","floor":49,"turns":4},{"damage":0,"enemies":"IC_BLOCK_ARCHETYPE","floor":50,"turns":5},{"damage":0,"enemies":"downfall:CharBossMerchant","floor":52,"turns":3},{"damage":0,"enemies":"downfall:NeowBoss","floor":55,"turns":6},{"damage":0,"enemies":"downfall:NeowBossFinal","floor":56,"turns":9}],"seed_played":"7441902967939321146","potions_obtained":[{"floor":5.0,"key":"potionbrewer:NoxiousPotion"},{"floor":8.0,"key":"potionbrewer:NoxiousPotion"},{"floor":10.0,"key":"Adrenaline Potion"},{"floor":14.0,"key":"potionbrewer:ToxicPotion"},{"floor":15.0,"key":"SteroidPotion"},{"floor":23.0,"key":"potionbrewer:DiscountPotion"},{"floor":32.0,"key":"potionbrewer:FreezingPotion"},{"floor":33.0,"key":"Regen Potion"},{"floor":40,"key":"blueLaboratory:AbyssPotion"},{"floor":48,"key":"PowerPotion"}],"is_trial":false,"path_per_floor":["R","M","?","M","M","M","T","E","R","M","?","E","R","E","M","B",null,"R_BF","M","M","?","M","E","T","AVR","R","M","$","?","R","E","M","B",null,"R","M","$","M","M","M","T","R","E","NM","?","AVR","E","?","M","B",null,"E","$","R","B","B",null],"character_chosen":"GUARDIAN","items_purchased":["Guardian:Orbwalk+1","expansioncontent:StudyTheSpire","Oddly Smooth Stone","Vajra","Guardian:BottledStasis","infinitespire:Satchel","expansioncontent:PrepareCrush","qcfpunch:Spiky_Bracers","Guardian:Incinerate+1"],"campfire_rested":4,"item_purchase_floors":[28,28,37,37,37,37,37,53,53],"current_hp_per_floor":[65,57,57,45,45,35,35,20,41,43,43,49,70,72,72,69,71,71,69,68,72,66,72,72,72,72,62,65,83,83,90,90,90,90,100,100,100,100,98,100,100,100,100,100,100,100,100,100,100,100,100,100,100,100,100,100],"gold":197,"neow_bonus":"UPGRADE_CARD","is_daily":false,"chose_seed":false,"campfire_upgraded":1,"win_rate":0.0,"timestamp":1611389998,"path_taken":["R","M","?","M","M","M","T","E","R","M","?","E","R","E","M","BOSS","R_BF","M","M","?","M","E","T","AVR","R","?","$","?","R","E","M","BOSS","R","M","$","M","M","M","T","R","E","NM","?","AVR","E","?","M","BOSS","E","$","R","BOSS","BOSS"],"items_purchased_type":["Card","Card","Relic","Relic","Relic","Relic","Card","Relic","Card"],"build_version":"2020-12-22","purchased_purges":1,"victory":true,"max_hp_per_floor":[72,72,72,72,72,72,72,72,72,72,72,72,72,72,72,72,72,72,72,72,72,72,72,72,72,72,72,72,90,90,90,90,90,90,100,100,100,100,100,100,100,100,100,100,100,100,100,100,100,100,100,100,100,100,100,100],"relic_stats":{"Darkstone Periapt":18,"counters":[32,149],"Bird Faced Urn":[45],"Black Star":5,"obtain_stats":[{"Calipers":32,"Runesmith:Locket":32,"Vajra":37,"downfall:HeartBlessingGreen":35,"DemoMod:GlassGuonStoneRelic":4,"Ginger":12,"qcfpunch:Red_Beret":44,"vexMod:TanglingVine":46,"HollowMod:StagPassRelic":36,"DemoMod:SuperHotWatch":37,"Guardian:PickAxe":56,"HornCleat":43,"hubris:HerbalPaste":43,"HandDrill":20,"Toxic Egg 2":0,"qcfpunch:Red_Cyclone_Teachings":52,"Guardian:DefensiveModeMoreBlock":43,"Guardian:BottledStasis":37,"hubris:Teleporter":14,"construct:RocketBooster":23,"wanderingMiniBosses:ThiefScarf":5,"vexMod:ScavengeHelm":18,"Counterbalance":6,"Choco_Feather":8,"Guardian:ModeShifter":0,"Oddly Smooth Stone":37,"Eternal Feather":31,"vexMod:PaidLearning":25,"Akabeko":24,"potionbrewer:Torch":27,"SlaversCollar":15,"OrangePellets":23,"qcfpunch:School_Backpack":36,"infinitespire:Broken Mirror":44,"Bird Faced Urn":8,"Bronze Scales":38,"Molten Egg 2":0,"Pandora\u0027s Box":0,"hubris:PeanutButter":41,"Onion Ring":47,"hubris:TenFootPole":10,"hubris:ToyBattleship":16,"Black Star":25,"Bromod:ArcaneFury":20,"Darkstone Periapt":22,"Bromod:ArcaneAvenger":43,"qcfpunch:Spiky_Bracers":53,"theSenshi:SuperSailorFukuRelic":40,"Regal Pillow":55,"Singing Bowl":49,"qcfpunch:Not_Strongest_Fighting_Style_Guidebook":47,"Guardian:StasisCodex":19,"DemoMod:WhiteGuonStone":44,"Replay:Mystery Machine":56,"vexMod:Spyglass":15,"Empty Cage":29,"Smiling Mask":37,"Replay:Rubber Ducky":31,"Dream Catcher":27,"Shovel":14,"Mummified Hand":10,"downfall:HeartBlessingBlue":35,"AntiCross":31,"qcfpunch:Wrestler\u0027s_Cloak":12,"WingedGreaves":18,"Bromod:ArcaneGuardian":28,"DemoMod:JetPack":49,"energizedSpire:RedRose":17,"qcfpunch:Army_Boots":38,"Bromod:ArcaneGrace":31,"downfall:HeartBlessingRed":35,"DemoMod:MemoryAlloy":33,"Quantum Egg":4,"vexMod:ConsolationPrize":6,"Thread and Needle":55,"infinitespire:FocusingShard":12,"PreservedInsect":39,"The Courier":40,"Omamori":47,"hubris:Towel":3,"Frozen Egg 2":11,"Strange Spoon":16,"vexMod:BarristanHead":50,"infinitespire:Satchel":37,"Bromod:ArcaneBarrier":8,"qcfpunch:Red_Headband":23,"Bag of Marbles":28,"Runesmith:AutoHammer":14,"Membership Card":19,"Gem_Box":34,"TungstenRod":33,"DemoMod:VorpalBullet":44,"infinitespire:Midas Blood":22},{"Calipers":17,"Runesmith:Locket":17,"Vajra":21,"downfall:HeartBlessingGreen":19,"DemoMod:GlassGuonStoneRelic":2,"Ginger":6,"qcfpunch:Red_Beret":26,"vexMod:TanglingVine":26,"HollowMod:StagPassRelic":19,"DemoMod:SuperHotWatch":20,"Guardian:PickAxe":31,"HornCleat":24,"hubris:HerbalPaste":24,"HandDrill":11,"Toxic Egg 2":0,"qcfpunch:Red_Cyclone_Teachings":30,"Guardian:DefensiveModeMoreBlock":25,"Guardian:BottledStasis":21,"hubris:Teleporter":7,"construct:RocketBooster":13,"wanderingMiniBosses:ThiefScarf":3,"vexMod:ScavengeHelm":10,"Counterbalance":3,"Choco_Feather":4,"Guardian:ModeShifter":0,"Oddly Smooth Stone":21,"Eternal Feather":16,"vexMod:PaidLearning":14,"Akabeko":14,"potionbrewer:Torch":14,"SlaversCollar":8,"OrangePellets":13,"qcfpunch:School_Backpack":19,"infinitespire:Broken Mirror":25,"Bird Faced Urn":5,"Bronze Scales":21,"Molten Egg 2":0,"Pandora\u0027s Box":0,"hubris:PeanutButter":24,"Onion Ring":27,"hubris:TenFootPole":5,"hubris:ToyBattleship":9,"Black Star":14,"Bromod:ArcaneFury":11,"Darkstone Periapt":12,"Bromod:ArcaneAvenger":25,"qcfpunch:Spiky_Bracers":30,"theSenshi:SuperSailorFukuRelic":23,"Regal Pillow":30,"Singing Bowl":27,"qcfpunch:Not_Strongest_Fighting_Style_Guidebook":27,"Guardian:StasisCodex":10,"DemoMod:WhiteGuonStone":26,"Replay:Mystery Machine":31,"vexMod:Spyglass":8,"Empty Cage":16,"Smiling Mask":20,"Replay:Rubber Ducky":17,"Dream Catcher":14,"Shovel":7,"Mummified Hand":5,"downfall:HeartBlessingBlue":19,"AntiCross":17,"qcfpunch:Wrestler\u0027s_Cloak":6,"WingedGreaves":10,"Bromod:ArcaneGuardian":15,"DemoMod:JetPack":27,"energizedSpire:RedRose":10,"qcfpunch:Army_Boots":21,"Bromod:ArcaneGrace":16,"downfall:HeartBlessingRed":19,"DemoMod:MemoryAlloy":18,"Quantum Egg":2,"vexMod:ConsolationPrize":3,"Thread and Needle":30,"infinitespire:FocusingShard":7,"PreservedInsect":22,"The Courier":23,"Omamori":26,"hubris:Towel":1,"Frozen Egg 2":6,"Strange Spoon":9,"vexMod:BarristanHead":28,"infinitespire:Satchel":21,"Bromod:ArcaneBarrier":4,"qcfpunch:Red_Headband":14,"Bag of Marbles":15,"Runesmith:AutoHammer":8,"Membership Card":10,"Gem_Box":19,"TungstenRod":18,"DemoMod:VorpalBullet":25,"infinitespire:Midas Blood":12},{"Calipers":89,"Runesmith:Locket":89,"Vajra":105,"downfall:HeartBlessingGreen":99,"DemoMod:GlassGuonStoneRelic":6,"Ginger":28,"qcfpunch:Red_Beret":121,"vexMod:TanglingVine":121,"HollowMod:StagPassRelic":99,"DemoMod:SuperHotWatch":101,"Guardian:PickAxe":140,"HornCleat":113,"hubris:HerbalPaste":113,"HandDrill":50,"Toxic Egg 2":0,"qcfpunch:Red_Cyclone_Teachings":134,"Guardian:DefensiveModeMoreBlock":117,"Guardian:BottledStasis":105,"hubris:Teleporter":35,"construct:RocketBooster":63,"wanderingMiniBosses:ThiefScarf":10,"vexMod:ScavengeHelm":47,"Counterbalance":10,"Choco_Feather":13,"Guardian:ModeShifter":0,"Oddly Smooth Stone":105,"Eternal Feather":82,"vexMod:PaidLearning":73,"Akabeko":73,"potionbrewer:Torch":73,"SlaversCollar":41,"OrangePellets":63,"qcfpunch:School_Backpack":99,"infinitespire:Broken Mirror":117,"Bird Faced Urn":25,"Bronze Scales":105,"Molten Egg 2":0,"Pandora\u0027s Box":0,"hubris:PeanutButter":113,"Onion Ring":123,"hubris:TenFootPole":25,"hubris:ToyBattleship":44,"Black Star":73,"Bromod:ArcaneFury":50,"Darkstone Periapt":56,"Bromod:ArcaneAvenger":117,"qcfpunch:Spiky_Bracers":134,"theSenshi:SuperSailorFukuRelic":110,"Regal Pillow":134,"Singing Bowl":123,"qcfpunch:Not_Strongest_Fighting_Style_Guidebook":123,"Guardian:StasisCodex":47,"DemoMod:WhiteGuonStone":121,"Replay:Mystery Machine":140,"vexMod:Spyglass":41,"Empty Cage":82,"Smiling Mask":101,"Replay:Rubber Ducky":89,"Dream Catcher":73,"Shovel":35,"Mummified Hand":25,"downfall:HeartBlessingBlue":99,"AntiCross":89,"qcfpunch:Wrestler\u0027s_Cloak":28,"WingedGreaves":47,"Bromod:ArcaneGuardian":78,"DemoMod:JetPack":123,"energizedSpire:RedRose":47,"qcfpunch:Army_Boots":105,"Bromod:ArcaneGrace":82,"downfall:HeartBlessingRed":99,"DemoMod:MemoryAlloy":92,"Quantum Egg":6,"vexMod:ConsolationPrize":10,"Thread and Needle":134,"infinitespire:FocusingShard":35,"PreservedInsect":108,"The Courier":110,"Omamori":121,"hubris:Towel":3,"Frozen Egg 2":28,"Strange Spoon":44,"vexMod:BarristanHead":126,"infinitespire:Satchel":105,"Bromod:ArcaneBarrier":13,"qcfpunch:Red_Headband":73,"Bag of Marbles":78,"Runesmith:AutoHammer":41,"Membership Card":47,"Gem_Box":99,"TungstenRod":92,"DemoMod:VorpalBullet":117,"infinitespire:Midas Blood":56}]},"card_choices":[{"not_picked":["Guardian:Gem_Red","Guardian:Gem_Green"],"picked":"Guardian:Gem_Cyan","floor":2.0},{"not_picked":["Guardian:TemporalStrike+1","Guardian:Emergency+1","Guardian:Incinerate+1"],"picked":"SKIP","floor":2.0},{"not_picked":["Guardian:Gem_Lightblue","Guardian:Gem_Green"],"picked":"Guardian:Gem_Red","floor":4.0},{"not_picked":["Guardian:Gem_Cyan","Guardian:Gem_Lightblue"],"picked":"Guardian:Gem_Green","floor":4.0},{"not_picked":["Guardian:VentSteam+1","Guardian:PrimingBeam+1","Guardian:Reroute+1"],"picked":"SKIP","floor":4.0},{"not_picked":["Guardian:Gem_Red","Guardian:Gem_Lightblue"],"picked":"Guardian:Gem_Cyan","floor":5.0},{"not_picked":["Guardian:Gem_Green","Guardian:Gem_Cyan"],"picked":"Guardian:Gem_Red","floor":5.0},{"not_picked":["Guardian:Gem_Red","Guardian:TemporalShield+1"],"picked":"Guardian:GatlingBeam+1","floor":5.0},{"not_picked":["Guardian:Gem_Red","Guardian:Gem_Cyan"],"picked":"Guardian:Gem_Green","floor":6.0},{"not_picked":["Guardian:Gem_Lightblue","Guardian:Gem_Green"],"picked":"Guardian:Gem_Red","floor":6.0},{"not_picked":["Guardian:Clone+1","Guardian:FloatingOrbs"],"picked":"Guardian:PrismaticBeam+1","floor":6.0},{"not_picked":["Guardian:Gem_Lightblue","Guardian:Gem_Green"],"picked":"Guardian:Gem_Red","floor":8.0},{"not_picked":["Guardian:Gem_Cyan","Guardian:Gem_Red"],"picked":"Guardian:Gem_Green","floor":8.0},{"not_picked":["Guardian:Gem_Green","Guardian:Emergency+1"],"picked":"Guardian:PiercingHide+1","floor":8.0},{"not_picked":["Guardian:Gem_Lightblue","Guardian:Gem_Green"],"picked":"Guardian:Gem_Cyan","floor":10.0},{"not_picked":["Guardian:Gem_Red","Guardian:Gem_Lightblue"],"picked":"Guardian:Gem_Green","floor":10.0},{"not_picked":["Guardian:PrismaticBeam+1","Guardian:DonusPower+1"],"picked":"Guardian:CrystalBeam+1","floor":10.0},{"not_picked":["Guardian:Gem_Green","Guardian:Gem_Red"],"picked":"Guardian:Gem_Cyan","floor":12.0},{"not_picked":["Guardian:Gem_Green","Guardian:Gem_Cyan"],"picked":"Guardian:Gem_Red","floor":12.0},{"not_picked":["Guardian:WalkerClaw+1","Guardian:ArmoredProtocol+1"],"picked":"Guardian:Gem_Fragmented","floor":12.0},{"not_picked":["Guardian:Gem_Green","Guardian:Gem_Lightblue"],"picked":"Guardian:Gem_Cyan","floor":14.0},{"not_picked":["Guardian:Gem_Red","Guardian:Gem_Lightblue"],"picked":"Guardian:Gem_Green","floor":14.0},{"not_picked":["Guardian:TimeBomb+1","Guardian:ChargeCore+1"],"picked":"Guardian:CrystalBeam+1","floor":14.0},{"not_picked":["Guardian:Incinerate+1","Guardian:GuardianWhirl+1"],"picked":"Guardian:Gem_Crimson","floor":15.0},{"not_picked":["Guardian:Gem_Red","Guardian:Gem_Green"],"picked":"Guardian:Gem_Cyan","floor":16.0},{"not_picked":["Guardian:ExploitGems+1","Guardian:Gem_Synthetic"],"picked":"Guardian:RevengeProtocol+1","floor":16.0},{"not_picked":["Guardian:Gem_Green","Guardian:Gem_Red"],"picked":"Guardian:Gem_Cyan","floor":16.0},{"not_picked":["Guardian:Reroute+1","Guardian:Gem_Yellow"],"picked":"Guardian:Gem_Crimson","floor":19.0},{"not_picked":["Guardian:Gem_Green","Guardian:Gem_Cyan"],"picked":"Guardian:Gem_Red","floor":20.0},{"not_picked":["Guardian:BodySlam+1","Guardian:RollAttack+1"],"picked":"Guardian:PrismaticBeam+1","floor":20.0},{"not_picked":["Guardian:Gem_Green","Guardian:Gem_Lightblue"],"picked":"Guardian:Gem_Red","floor":20.0},{"not_picked":["Guardian:Gem_Lightblue","Guardian:Gem_Red"],"picked":"Guardian:Gem_Cyan","floor":22.0},{"not_picked":["Guardian:Gem_Green","Guardian:Gem_Lightblue"],"picked":"Guardian:Gem_Red","floor":22.0},{"not_picked":["Guardian:RollAttack+1","Guardian:Preprogram+1"],"picked":"Guardian:TimeSifter+1","floor":22.0},{"not_picked":["Guardian:Gem_Red","Guardian:Gem_Green"],"picked":"Guardian:Gem_Cyan","floor":23.0},{"not_picked":["Guardian:Gem_Lightblue","Guardian:Gem_Green"],"picked":"Guardian:Gem_Red","floor":23.0},{"not_picked":["Guardian:CrystalBeam+1","Guardian:Incinerate+1"],"picked":"Guardian:RollAttack+1","floor":23.0},{"not_picked":["Guardian:BronzeArmor+1","Guardian:Gem_Lightblue"],"picked":"Guardian:TemporalShield+1","floor":27.0},{"not_picked":["Guardian:Harden+1","Guardian:TemporalShield+1","Guardian:PolyBeam+1"],"picked":"SKIP","floor":28.0},{"not_picked":["Guardian:Gem_Lightblue","Guardian:Gem_Red"],"picked":"Guardian:Gem_Green","floor":31.0},{"not_picked":["Guardian:Gem_Green","Guardian:Gem_Red"],"picked":"Guardian:Gem_Cyan","floor":31.0},{"not_picked":["Guardian:TimeBomb+1","Guardian:Incinerate+1"],"picked":"Guardian:Suspension+1","floor":31.0},{"not_picked":["Guardian:Gem_Green","Guardian:Gem_Lightblue"],"picked":"Guardian:Gem_Cyan","floor":32.0},{"not_picked":["Guardian:Gem_Red","Guardian:Gem_Lightblue"],"picked":"Guardian:Gem_Cyan","floor":32.0},{"not_picked":["Guardian:Preprogram+1","Guardian:RefractedBeam+1","Guardian:BronzeArmor+1"],"picked":"SKIP","floor":32.0},{"not_picked":["Guardian:Gem_Green","Guardian:Gem_Red"],"picked":"Guardian:Gem_Lightblue","floor":33.0},{"not_picked":["Guardian:Gem_Red","Guardian:Gem_Green"],"picked":"Guardian:Gem_Cyan","floor":33.0},{"not_picked":["Guardian:GatlingBeam+1","Guardian:TimeSifter+1"],"picked":"Guardian:FierceBash+1","floor":33.0},{"not_picked":["Guardian:TemporalStrike+1","Guardian:ShieldCharger+1","Guardian:RefractedBeam+1"],"picked":"SKIP","floor":36},{"not_picked":["Guardian:Gem_Lightblue","Guardian:Gem_Green"],"picked":"Guardian:StasisField+1","floor":37},{"not_picked":["Guardian:Reroute+1","Guardian:TemporalStrike+1"],"picked":"Guardian:BodySlam+1","floor":38},{"not_picked":["Guardian:ShieldCharger+1","Guardian:WalkerClaw+1"],"picked":"Guardian:Preprogram+1","floor":39},{"not_picked":["Guardian:Gem_Green","Guardian:Gem_Red"],"picked":"Guardian:Gem_Cyan","floor":40},{"not_picked":["Guardian:Gem_Green","Guardian:Gem_Cyan"],"picked":"Guardian:Gem_Red","floor":40},{"not_picked":["Guardian:TemporalStrike+1","Guardian:CrystalBeam+1","Guardian:MultiBeam+1"],"picked":"SKIP","floor":40},{"not_picked":["Guardian:Gem_Red","Guardian:Emergency+1"],"picked":"Guardian:ArmoredProtocol+1","floor":43},{"not_picked":["Guardian:Gem_Lightblue","Guardian:Gem_Red"],"picked":"Guardian:Gem_Cyan","floor":44},{"not_picked":["Guardian:Gem_Green","Guardian:Gem_Cyan"],"picked":"Guardian:Gem_Lightblue","floor":44},{"not_picked":["Guardian:TemporalShield+1","Guardian:TimeBomb+1","Guardian:ArmoredProtocol+1"],"picked":"SKIP","floor":44},{"not_picked":["Guardian:Repulse+1","Guardian:TemporalShield+1","Guardian:Gem_Cyan"],"picked":"SKIP","floor":47},{"not_picked":["Guardian:GemFire+1","Guardian:GuardianWhirl+1"],"picked":"Guardian:VentSteam+1","floor":49},{"not_picked":["Guardian:Gem_Red","Guardian:Gem_Green"],"picked":"Guardian:Gem_Cyan","floor":52},{"not_picked":["Guardian:Gem_Red","Guardian:Gem_Cyan"],"picked":"Guardian:Gem_Lightblue","floor":52},{"not_picked":["Guardian:Suspension+1","Guardian:Harden+1"],"picked":"Guardian:VentSteam+1","floor":52}],"player_experience":1336377,"relics_obtained":[{"floor":5.0,"key":"wanderingMiniBosses:ThiefScarf"},{"floor":8.0,"key":"Bird Faced Urn"},{"floor":12.0,"key":"infinitespire:FocusingShard"},{"floor":14.0,"key":"Runesmith:AutoHammer"},{"floor":18.0,"key":"vexMod:ScavengeHelm"},{"floor":23.0,"key":"qcfpunch:Red_Headband"},{"floor":24.0,"key":"Akabeko"},{"floor":31.0,"key":"Replay:Rubber Ducky"},{"floor":31.0,"key":"AntiCross"},{"floor":41,"key":"hubris:PeanutButter"},{"floor":43,"key":"Guardian:DefensiveModeMoreBlock"},{"floor":43,"key":"Bromod:ArcaneAvenger"},{"floor":44,"key":"DemoMod:WhiteGuonStone"},{"floor":44,"key":"qcfpunch:Red_Beret"},{"floor":47,"key":"Onion Ring"},{"floor":47,"key":"qcfpunch:Not_Strongest_Fighting_Style_Guidebook"},{"floor":52,"key":"qcfpunch:Red_Cyclone_Teachings"},{"floor":52,"key":"hubris:ToyBattleship"}],"event_choices":[{"damage_healed":0,"gold_gain":44,"player_choice":"Grab what you can","damage_taken":0,"max_hp_gain":0,"max_hp_loss":0,"event_name":"Creature of the Night","floor":45,"gold_loss":0}],"is_beta":false,"boss_relics":[{"not_picked":["Coffee Dripper","Sozu"],"picked":"energizedSpire:RedRose"},{"not_picked":["vexMod:MysteryBossChallenge","aspiration:MobileForge"],"picked":"Gem_Box"}],"items_purged_floors":[25],"is_endless":false,"potions_floor_spawned":[5,6,8,10,14,15,19,23,32,33,36,38,40,47],"ascension_level":20}}