{"host":"t7mx8yfj1no5p62f","time":1611438779,"event":{"mods":["BaseMod","Bestiary","Colored Map","Colored Powertips","Minty Spire (QoL Compilation)","Relic Stats","StSLib","ojb\u0027s Info Mod"],"gold_per_floor":[118,118,130,143,163,163,188,206,233,248,263,289,316,346,346,417,417,436,451,476,493,507,507,507],"floor_reached":23,"language":"ENG","playtime":1601,"items_purged":[],"score":484,"play_id":"022e936c-6aad-4a29-9eff-c79423362ab0","local_time":"20210123165259","is_ascension_mode":true,"campfire_choices":[{"data":"Bouncing Flask","floor":6.0,"key":"SMITH"},{"data":"Well Laid Plans","floor":15.0,"key":"SMITH"}],"circlet_count":0,"master_deck":["AscendersBane","Strike_G","Strike_G","Strike_G","Strike_G","Defend_G","Defend_G","Defend_G","Defend_G","Defend_G","Survivor","Neutralize","Bouncing Flask+1","Expertise","Choke","Acrobatics","Eviscerate","Burst","Well Laid Plans+1","Backflip","Venomology","Acrobatics","Outmaneuver","Leg Sweep","Underhanded Strike","Dash"],"relics":["Snecko Eye","Bag of Marbles","Vajra","Odd Mushroom","Happy Flower","Coffee Dripper","Red Mask"],"acts_visited":["Exordium","TheCity"],"potions_floor_usage":[23,23],"damage_taken":[{"damage":1.0,"enemies":"2 Louse","floor":1.0,"turns":3.0},{"damage":7.0,"enemies":"Jaw Worm","floor":3.0,"turns":5.0},{"damage":0.0,"enemies":"Small Slimes","floor":4.0,"turns":4.0},{"damage":3.0,"enemies":"3 Louse","floor":5.0,"turns":3.0},{"damage":18.0,"enemies":"3 Sentries","floor":7.0,"turns":7.0},{"damage":1.0,"enemies":"Looter","floor":8.0,"turns":2.0},{"damage":0.0,"enemies":"Large Slime","floor":10.0,"turns":3.0},{"damage":4.0,"enemies":"2 Fungi Beasts","floor":11.0,"turns":3.0},{"damage":2.0,"enemies":"Lagavulin","floor":12.0,"turns":3.0},{"damage":12.0,"enemies":"The Mushroom Lair","floor":13.0,"turns":3.0},{"damage":0.0,"enemies":"Gremlin Nob","floor":14.0,"turns":2.0},{"damage":8.0,"enemies":"Hexaghost","floor":16.0,"turns":6.0},{"damage":14.0,"enemies":"Shell Parasite","floor":18.0,"turns":5.0},{"damage":12.0,"enemies":"2 Thieves","floor":19.0,"turns":3.0},{"damage":9.0,"enemies":"Masked Bandits","floor":20.0,"turns":3.0},{"damage":0.0,"enemies":"3 Cultists","floor":21.0,"turns":4.0},{"damage":0.0,"enemies":"Sentry and Sphere","floor":22.0,"turns":3.0},{"damage":18,"enemies":"Book of Stabbing","floor":23,"turns":4}],"seed_played":"-3806818841567176720","potions_obtained":[{"floor":1.0,"key":"Block Potion"},{"floor":5.0,"key":"Fire Potion"},{"floor":8.0,"key":"AttackPotion"},{"floor":12.0,"key":"LiquidMemories"},{"floor":16.0,"key":"GamblersBrew"},{"floor":18.0,"key":"AttackPotion"}],"is_trial":false,"path_per_floor":["M","?","M","M","M","R","E","M","T","M","M","E","?","E","R","B",null,"M","M","?","M","M","E"],"character_chosen":"THE_SILENT","items_purchased":[],"campfire_rested":0,"item_purchase_floors":[],"current_hp_per_floor":[58,58,51,51,48,48,30,29,29,29,25,23,11,11,11,3,50,36,24,15,15,15,0,0],"gold":507,"neow_bonus":"BOSS_RELIC","is_daily":false,"chose_seed":false,"campfire_upgraded":2,"win_rate":0.0,"timestamp":1611438779,"path_taken":["M","?","M","M","M","R","E","M","T","M","M","E","?","E","R","BOSS","M","M","?","M","M","E"],"items_purchased_type":[],"build_version":"2020-12-22","purchased_purges":0,"victory":false,"max_hp_per_floor":[66,66,66,66,66,66,66,66,66,66,66,66,66,66,66,66,66,66,66,66,66,66,66,66],"relic_stats":{"Happy Flower":[9],"counters":[18,66],"Snecko Eye":[137,141,142,123],"obtain_stats":[{"Happy Flower":14,"Snecko Eye":0,"Vajra":12,"Bag of Marbles":7,"Coffee Dripper":17,"Red Mask":20,"Odd Mushroom":13,"Ring of the Snake":0},{"Happy Flower":11,"Snecko Eye":0,"Vajra":9,"Bag of Marbles":5,"Coffee Dripper":12,"Red Mask":15,"Odd Mushroom":10,"Ring of the Snake":0},{"Happy Flower":38,"Snecko Eye":0,"Vajra":33,"Bag of Marbles":22,"Coffee Dripper":44,"Red Mask":55,"Odd Mushroom":36,"Ring of the Snake":0}]},"card_choices":[{"not_picked":["Dagger Throw","Deadly Poison"],"picked":"Bouncing Flask","floor":1.0},{"not_picked":["Masterful Stab","Deflect"],"picked":"Choke","floor":3.0},{"not_picked":["Slice","Blur"],"picked":"Acrobatics","floor":4.0},{"not_picked":["Deflect","Dodge and Roll"],"picked":"Eviscerate","floor":5.0},{"not_picked":["Dodge and Roll","Quick Slash","Prepared"],"picked":"SKIP","floor":7.0},{"not_picked":["Setup","Dagger Throw"],"picked":"Burst","floor":8.0},{"not_picked":["Dodge and Roll","Skewer"],"picked":"Well Laid Plans","floor":10.0},{"not_picked":["Expertise","Cloak And Dagger","Backflip"],"picked":"SKIP","floor":11.0},{"not_picked":["PiercingWail","Infinite Blades","Poisoned Stab"],"picked":"SKIP","floor":12.0},{"not_picked":["Slice","Deadly Poison"],"picked":"Backflip","floor":13.0},{"not_picked":["Flechettes","Blade Dance","Quick Slash"],"picked":"SKIP","floor":14.0},{"not_picked":["After Image","Burst"],"picked":"Venomology","floor":16.0},{"not_picked":["Dodge and Roll","Distraction"],"picked":"Acrobatics","floor":18.0},{"not_picked":["Finisher","Escape Plan"],"picked":"Outmaneuver","floor":19.0},{"not_picked":["Blade Dance","Terror"],"picked":"Leg Sweep","floor":20.0},{"not_picked":["Caltrops","Catalyst"],"picked":"Underhanded Strike","floor":21.0},{"not_picked":["Sucker Punch","Tactician"],"picked":"Dash","floor":22.0}],"player_experience":1840410,"relics_obtained":[{"floor":7.0,"key":"Bag of Marbles"},{"floor":12.0,"key":"Vajra"},{"floor":13.0,"key":"Odd Mushroom"},{"floor":14.0,"key":"Happy Flower"},{"floor":20.0,"key":"Red Mask"}],"event_choices":[{"damage_healed":0.0,"max_hp_gain":0.0,"max_hp_loss":0.0,"gold_gain":0.0,"cards_transformed":["Strike_G"],"event_name":"Living Wall","player_choice":"Change","floor":2.0,"gold_loss":0.0,"damage_taken":0.0,"cards_obtained":["Expertise"]},{"damage_healed":0.0,"max_hp_gain":0.0,"max_hp_loss":0.0,"gold_gain":0.0,"event_name":"Mushrooms","player_choice":"Fought Mushrooms","floor":13.0,"gold_loss":0.0,"damage_taken":0.0},{"damage_healed":0.0,"max_hp_gain":0.0,"max_hp_loss":0.0,"gold_gain":0.0,"event_name":"Masked Bandits","player_choice":"Fought Bandits","floor":20.0,"gold_loss":0.0,"damage_taken":0.0}],"is_beta":false,"boss_relics":[{"not_picked":["Cursed Key","SacredBark"],"picked":"Coffee Dripper"}],"items_purged_floors":[],"is_endless":false,"potions_floor_spawned":[1,5,8,12,16,18,19],"killed_by":"Book of Stabbing","ascension_level":20}}