{"host":"fworv1gvvajf3x0f","time":1611403598,"event":{"mods":["AchievementEnabler","Aspiration","BaseMod","Better Match","Better Note","Better Sensory Stone","Better Third Choice","Better Vampires","Better-Laid Plans","BetterRewards","Colored Map","Colored Powertips","Displayed Cursed Tome","Energized Spire","Good Game Mod","Highlight Path","Infinite Spire","Minty Spire (QoL Compilation)","Poor People Problems","Relic Stats","Replay The Spire","Spicy Shops","StSLib"],"gold_per_floor":[111,128,128,128,141,141,152,177,177,189,212,212,212,231,231,329,329,345,345,54,54,54,54,54],"floor_reached":23,"language":"ZHS","playtime":1582,"items_purged":["Voices"],"score":373,"play_id":"6f1f9a15-92ca-429d-a07d-c77469f03407","local_time":"20210123200638","is_ascension_mode":true,"campfire_choices":[{"data":"Eruption","floor":6,"key":"SMITH"},{"data":"FlurryOfBlows","floor":13,"key":"SMITH"}],"circlet_count":0,"master_deck":["Strike_P","Strike_P","Defend_P","Defend_P","Defend_P","Eruption+1","Vigilance","Conclude","Swivel","ReachHeaven","infinitespire:SevenWalls+1","Noxious Fumes","Catalyst","Endless Agony","FlurryOfBlows+1","Replay:Hum","Vengeance","Establishment","LikeWater","ConjureBlade","Replay:AllIn","Injury","Overencumbered","Replay:ManipulateFuture","Voices","Study","Scrawl"],"relics":["PureWater","REME:ComplimentaryCards","Tiny Chest","Akabeko","MealTicket","Toy Ornithopter","Replay:Ancient Bell","ReplayTheSpireMod:TigerMarble","Blue Candle","Replay:PocketPolymizer","ReplayTheSpireMod:CursedCoin","Pen Nib","aspiration:RitualStick","Smiling Mask"],"acts_visited":["Exordium","TheCity"],"potions_floor_usage":[14,14,23],"damage_taken":[{"damage":0.0,"enemies":"2 Louse","floor":1.0,"turns":1.0},{"damage":19,"enemies":"Jaw Worm","floor":2,"turns":4},{"damage":0,"enemies":"Cultist","floor":5,"turns":3},{"damage":0,"enemies":"2 Fungi Beasts","floor":7,"turns":2},{"damage":11,"enemies":"3 Sentries","floor":8,"turns":3},{"damage":3,"enemies":"3 Louse","floor":10,"turns":2},{"damage":22,"enemies":"Red Slaver","floor":14,"turns":4},{"damage":0,"enemies":"Slime Boss","floor":16,"turns":5},{"damage":16,"enemies":"Shell Parasite","floor":18,"turns":4},{"damage":76,"enemies":"Gremlin Leader","floor":23,"turns":3}],"seed_played":"2079456716636387228","potions_obtained":[{"floor":5,"key":"Strength Potion"},{"floor":8,"key":"PowerPotion"},{"floor":14,"key":"SteroidPotion"},{"floor":16,"key":"Regen Potion"}],"is_trial":false,"path_per_floor":["M","M","?","?","M","R","M","E","T","M","T","?","R","M","R_BF","B",null,"M","?","$","?","T","E"],"character_chosen":"WATCHER","items_purchased":["Tiny Chest","Conclude","ReplayTheSpireMod:CursedCoin","Pen Nib","Study","Scrawl"],"campfire_rested":0,"item_purchase_floors":[0,0,20,20,20,20],"current_hp_per_floor":[72,53,35,35,35,35,35,24,24,21,21,21,21,9,9,9,72,56,56,71,57,57,0,0],"gold":54,"neow_bonus":"","is_daily":false,"chose_seed":false,"campfire_upgraded":2,"win_rate":0.0,"timestamp":1611403598,"path_taken":["M","M","?","?","M","R","?","E","T","M","?","?","R","M","R_BF","BOSS","M","?","$","?","?","E"],"items_purchased_type":["Relic","Card","Relic","Relic","Card","Card"],"build_version":"2020-12-22","purchased_purges":1,"victory":false,"max_hp_per_floor":[72,72,72,72,72,72,72,72,72,72,72,72,72,72,72,72,72,72,72,72,72,72,72,72],"relic_stats":{"counters":[188,771],"Blue Candle":[6],"Tiny Chest":2,"MealTicket":15,"Pen Nib":[0],"Smiling Mask":0,"obtain_stats":[{"Golden Egg":31,"energizedSpire:UnstableMolecules":34,"Vampiric Spirits":29,"Whetstone":6,"Ginger":26,"Boot":40,"aspiration:RitualStick":19,"Ring of Searing":11,"Old Coin":6,"Blood Vial":8,"aspiration:PoetsPen":51,"aspiration:BabyByrd":7,"MealTicket":13,"infinitespire:Golems Mask":7,"Fusion Hammer":17,"HandDrill":0,"Kunai":31,"Pear":54,"Counterbalance":5,"Blue Candle":17,"Velvet Choker":34,"Pen Nib":20,"Replay:Ancient Bell":17,"infinitespire:Magic Flask":10,"Akabeko":29,"aspiration:FrozenJewel":47,"Snecko Scales":29,"infinitespire:Lychee Nut":0,"infinitespire:Broken Mirror":13,"ReplayTheSpireMod:Ring of Collecting":12,"Bird Faced Urn":0,"Snecko Eye":34,"Pandora\u0027s Box":17,"CultistMask":14,"Unceasing Top":0,"energizedSpire:PogoStick":34,"Lantern":9,"King of Hearts":0,"Smiling Mask":7,"Burning Blood":0,"Pet Ghost":9,"Ring of Peace":20,"aspiration:AnachronicSnailShell":46,"Replay:Lucky Slots":24,"WingedGreaves":40,"energizedSpire:HugeHouse":17,"aspiration:FutureDiary":26,"Ring of Panic":11,"Ring of the Snake":0,"NeowsBlessing":0,"Self Forming Clay":9,"Golden Idol":3,"betterThird:NestCultRelic":21,"PreservedInsect":23,"infinitespire:Lucky Rock":20,"MawBank":9,"Ornamental Fan":54,"betterThird:SlimedRelic":4,"Orrery":53,"Art of War":7,"Garlic":12,"Bottled Lightning":26,"Champion Belt":42,"ReplayTheSpireMod:Ring of Challenge":26,"ReplayTheSpireMod:Lightbulb":36,"Toy Ornithopter":28,"infinitespire:Midas Blood":9,"Divine Protection":28,"Calipers":26,"CeramicFish":47,"Vajra":9,"Lizard Tail":9,"Honey Jar":17,"aspiration:ArtOfWarUpgrade":10,"Ring of Hypnosis":12,"Happy Flower":53,"ReplayTheSpireMod:CursedCoin":10,"Dead Branch":27,"aspiration:SeaSaltIceCream":26,"Letter Opener":30,"Replay:Baseball":14,"Shuriken":9,"Bronze Scales":42,"Molten Egg 2":7,"Simple Rune":43,"Onion Ring":46,"infinitespire:EmpoweringShard":19,"ReplayTheSpireMod:TigerMarble":17,"Grinning Jar":0,"Pocketwatch":0,"ReplayFunnel":53,"ReplayTheSpireMod:Ring of Exchange":22,"Snecko Heart":17,"Replay:PocketPolymizer":17,"aspiration:TomeofQuesting":0,"Incense Burner":36,"Empty Cage":17,"PrismaticShard":27,"ReplayTheSpireMod:EnergyBall":27,"Replay:Bandana":10,"energizedSpire:CursedPentagram":17,"Chameleon Ring":23,"Mummified Hand":53,"Pantograph":5,"Tiny Chest":0,"infinitespire:Chaos":0,"Cracked Core":0,"Gremlin Food":36,"energizedSpire:RedRose":17,"aspiration:FetidBarrel":46,"infinitespire:CursedDice":42,"Guide Book":36,"Quantum Egg":2,"infinitespire:EmptyRelic":0,"Odd Mushroom":8,"Orichalcum":0,"Medical Kit":11,"White Beast Statue":0,"Mercury Hourglass":23,"Strange Spoon":31,"REME:ComplimentaryCards":0,"aspiration:WatcherSkillbook":34,"infinitespire:Satchel":12,"Bag of Marbles":41,"Membership Card":0,"PureWater":0,"FossilizedHelix":20},{"Golden Egg":119,"energizedSpire:UnstableMolecules":146,"Vampiric Spirits":35,"Whetstone":57,"Ginger":142,"Boot":148,"aspiration:RitualStick":62,"Ring of Searing":82,"Old Coin":132,"Blood Vial":133,"aspiration:PoetsPen":46,"aspiration:BabyByrd":67,"MealTicket":26,"infinitespire:Golems Mask":81,"Fusion Hammer":112,"HandDrill":64,"Kunai":145,"Pear":155,"Counterbalance":131,"Blue Candle":186,"Velvet Choker":94,"Pen Nib":187,"Replay:Ancient Bell":186,"infinitespire:Magic Flask":23,"Akabeko":13,"aspiration:FrozenJewel":44,"Snecko Scales":35,"infinitespire:Lychee Nut":156,"infinitespire:Broken Mirror":173,"ReplayTheSpireMod:Ring of Collecting":6,"Bird Faced Urn":53,"Snecko Eye":120,"Pandora\u0027s Box":73,"CultistMask":6,"Unceasing Top":18,"energizedSpire:PogoStick":14,"Lantern":159,"King of Hearts":104,"Smiling Mask":23,"Burning Blood":0,"Pet Ghost":133,"Ring of Peace":9,"aspiration:AnachronicSnailShell":126,"Replay:Lucky Slots":77,"WingedGreaves":97,"energizedSpire:HugeHouse":61,"aspiration:FutureDiary":12,"Ring of Panic":82,"Ring of the Snake":0,"NeowsBlessing":0,"Self Forming Clay":53,"Golden Idol":166,"betterThird:NestCultRelic":76,"PreservedInsect":88,"infinitespire:Lucky Rock":9,"MawBank":169,"Ornamental Fan":103,"betterThird:SlimedRelic":131,"Orrery":154,"Art of War":53,"Garlic":83,"Bottled Lightning":90,"Champion Belt":98,"ReplayTheSpireMod:Ring of Challenge":12,"ReplayTheSpireMod:Lightbulb":95,"Toy Ornithopter":117,"infinitespire:Midas Blood":23,"Divine Protection":13,"Calipers":33,"CeramicFish":152,"Vajra":107,"Lizard Tail":5,"Honey Jar":137,"aspiration:ArtOfWarUpgrade":53,"Ring of Hypnosis":6,"Happy Flower":154,"ReplayTheSpireMod:CursedCoin":23,"Dead Branch":143,"aspiration:SeaSaltIceCream":12,"Letter Opener":92,"Replay:Baseball":162,"Shuriken":81,"Bronze Scales":149,"Molten Egg 2":4,"Simple Rune":124,"Onion Ring":126,"infinitespire:EmpoweringShard":113,"ReplayTheSpireMod:TigerMarble":186,"Grinning Jar":18,"Pocketwatch":47,"ReplayFunnel":102,"ReplayTheSpireMod:Ring of Exchange":30,"Snecko Heart":85,"Replay:PocketPolymizer":186,"aspiration:TomeofQuesting":156,"Incense Burner":39,"Empty Cage":7,"PrismaticShard":12,"ReplayTheSpireMod:EnergyBall":90,"Replay:Bandana":23,"energizedSpire:CursedPentagram":28,"Chameleon Ring":31,"Mummified Hand":154,"Pantograph":167,"Tiny Chest":178,"infinitespire:Chaos":53,"Cracked Core":0,"Gremlin Food":39,"energizedSpire:RedRose":175,"aspiration:FetidBarrel":100,"infinitespire:CursedDice":124,"Guide Book":39,"Quantum Egg":130,"infinitespire:EmptyRelic":53,"Odd Mushroom":68,"Orichalcum":104,"Medical Kit":58,"White Beast Statue":53,"Mercury Hourglass":11,"Strange Spoon":13,"REME:ComplimentaryCards":0,"aspiration:WatcherSkillbook":38,"infinitespire:Satchel":110,"Bag of Marbles":42,"Membership Card":18,"PureWater":53,"FossilizedHelix":138},{"Golden Egg":525,"energizedSpire:UnstableMolecules":633,"Vampiric Spirits":170,"Whetstone":242,"Ginger":617,"Boot":641,"aspiration:RitualStick":272,"Ring of Searing":346,"Old Coin":582,"Blood Vial":585,"aspiration:PoetsPen":208,"aspiration:BabyByrd":291,"MealTicket":124,"infinitespire:Golems Mask":344,"Fusion Hammer":482,"HandDrill":280,"Kunai":626,"Pear":664,"Counterbalance":579,"Blue Candle":764,"Velvet Choker":389,"Pen Nib":768,"Replay:Ancient Bell":764,"infinitespire:Magic Flask":112,"Akabeko":55,"aspiration:FrozenJewel":199,"Snecko Scales":170,"infinitespire:Lychee Nut":665,"infinitespire:Broken Mirror":718,"ReplayTheSpireMod:Ring of Collecting":18,"Bird Faced Urn":233,"Snecko Eye":533,"Pandora\u0027s Box":318,"CultistMask":18,"Unceasing Top":95,"energizedSpire:PogoStick":66,"Lantern":671,"King of Hearts":435,"Smiling Mask":112,"Burning Blood":0,"Pet Ghost":585,"Ring of Peace":38,"aspiration:AnachronicSnailShell":561,"Replay:Lucky Slots":332,"WingedGreaves":399,"energizedSpire:HugeHouse":265,"aspiration:FutureDiary":49,"Ring of Panic":346,"Ring of the Snake":0,"NeowsBlessing":0,"Self Forming Clay":233,"Golden Idol":691,"betterThird:NestCultRelic":327,"PreservedInsect":371,"infinitespire:Lucky Rock":38,"MawBank":701,"Ornamental Fan":428,"betterThird:SlimedRelic":579,"Orrery":662,"Art of War":233,"Garlic":349,"Bottled Lightning":376,"Champion Belt":403,"ReplayTheSpireMod:Ring of Challenge":49,"ReplayTheSpireMod:Lightbulb":391,"Toy Ornithopter":514,"infinitespire:Midas Blood":112,"Divine Protection":55,"Calipers":160,"CeramicFish":655,"Vajra":447,"Lizard Tail":16,"Honey Jar":598,"aspiration:ArtOfWarUpgrade":233,"Ring of Hypnosis":18,"Happy Flower":662,"ReplayTheSpireMod:CursedCoin":112,"Dead Branch":621,"aspiration:SeaSaltIceCream":49,"Letter Opener":381,"Replay:Baseball":676,"Shuriken":344,"Bronze Scales":645,"Molten Egg 2":11,"Simple Rune":551,"Onion Ring":561,"infinitespire:EmpoweringShard":489,"ReplayTheSpireMod:TigerMarble":764,"Grinning Jar":95,"Pocketwatch":209,"ReplayFunnel":422,"ReplayTheSpireMod:Ring of Exchange":147,"Snecko Heart":361,"Replay:PocketPolymizer":764,"aspiration:TomeofQuesting":665,"Incense Burner":184,"Empty Cage":29,"PrismaticShard":49,"ReplayTheSpireMod:EnergyBall":376,"Replay:Bandana":112,"energizedSpire:CursedPentagram":138,"Chameleon Ring":153,"Mummified Hand":662,"Pantograph":695,"Tiny Chest":740,"infinitespire:Chaos":233,"Cracked Core":0,"Gremlin Food":184,"energizedSpire:RedRose":731,"aspiration:FetidBarrel":413,"infinitespire:CursedDice":551,"Guide Book":184,"Quantum Egg":577,"infinitespire:EmptyRelic":233,"Odd Mushroom":295,"Orichalcum":435,"Medical Kit":247,"White Beast Statue":233,"Mercury Hourglass":46,"Strange Spoon":55,"REME:ComplimentaryCards":0,"aspiration:WatcherSkillbook":181,"infinitespire:Satchel":465,"Bag of Marbles":193,"Membership Card":95,"PureWater":233,"FossilizedHelix":601}],"Toy Ornithopter":15,"aspiration:RitualStick":[0]},"card_choices":[{"not_picked":["BowlingBash","FollowUp"],"picked":"Swivel","floor":1.0},{"not_picked":["SandsOfTime","ClearTheMind"],"picked":"ReachHeaven","floor":2},{"not_picked":["infinitespire:Fortify","infinitespire:Execution"],"picked":"infinitespire:SevenWalls","floor":3},{"not_picked":["Prostrate","CutThroughFate"],"picked":"FlurryOfBlows","floor":5},{"not_picked":["BowlingBash","EmptyBody"],"picked":"Replay:Hum","floor":7},{"not_picked":["Evaluate","Replay:Cycle"],"picked":"Vengeance","floor":8},{"not_picked":["Protect","Halt"],"picked":"Establishment","floor":10},{"not_picked":["Nirvana","Sanctity"],"picked":"LikeWater","floor":14},{"not_picked":["Establishment","Wish"],"picked":"Replay:AllIn","floor":16},{"not_picked":["Sickly","CurseOfTheBell"],"picked":"Injury","floor":17},{"not_picked":["Decay","Replay:Hysterical Blindness"],"picked":"Overencumbered","floor":17},{"not_picked":["Looming Evil","Hallucinations"],"picked":"Voices","floor":17},{"not_picked":["LikeWater+1","Sanctity"],"picked":"Replay:ManipulateFuture","floor":18}],"player_experience":296810,"relics_obtained":[{"floor":8,"key":"Akabeko"},{"floor":9,"key":"MealTicket"},{"floor":11,"key":"Toy Ornithopter"},{"floor":22,"key":"Smiling Mask"}],"event_choices":[{"damage_healed":0,"gold_gain":0,"player_choice":"Forge","damage_taken":0,"max_hp_gain":0,"max_hp_loss":0,"event_name":"Accursed Blacksmith","floor":12,"gold_loss":0,"cards_upgraded":["infinitespire:SevenWalls"]},{"damage_healed":0,"gold_gain":0,"player_choice":"Ignored","damage_taken":0,"max_hp_gain":0,"max_hp_loss":0,"event_name":"Vampires","floor":19,"gold_loss":0}],"is_beta":false,"boss_relics":[{"not_picked":["ReplayTheSpireMod:DimensionalGlitch","energizedSpire:EnergizedDie"],"picked":"Replay:Ancient Bell"},{"not_picked":["Simple Rune","Boot"],"picked":"ReplayTheSpireMod:TigerMarble"},{"not_picked":["Replay:WaspNest","infinitespire:CheckeredPen"],"picked":"Blue Candle"},{"not_picked":["Old Coin","Replay:Arrowhead"],"picked":"Replay:PocketPolymizer"}],"items_purged_floors":[20],"is_endless":false,"potions_floor_spawned":[5,8,14,16],"killed_by":"Gremlin Leader","ascension_level":2}}