{"host":"1v94wza6sq30pv3l","time":1611437447,"event":{"mods":["AchievementEnabler","BaseMod","Highlight Path","Minty Spire (QoL Compilation)"],"gold_per_floor":[116,116,133,151,171,171,202,202,202,231,247,247,247,265,265,367,367,384,395,409,429,199,199,232,232,256,276,291,291,291],"floor_reached":29,"language":"ENG","playtime":2067,"items_purged":["Strike_B"],"score":272,"play_id":"01345172-b801-43ee-b270-0e9871e02412","local_time":"20210123163047","is_ascension_mode":true,"campfire_choices":[{"data":"Redo","floor":6,"key":"SMITH"},{"floor":8,"key":"REST"},{"data":"Dualcast","floor":12,"key":"SMITH"},{"floor":15,"key":"REST"},{"data":"Zap","floor":23,"key":"SMITH"},{"floor":25,"key":"REST"},{"floor":29,"key":"REST"}],"circlet_count":0,"master_deck":["Strike_B","Strike_B","Strike_B","Defend_B","Defend_B","Zap+1","Dualcast+1","Barrage","Beam Cell","Redo+1","Go for the Eyes","Conserve Battery","Glacier","Gash","Defragment","Echo Form","Sweeping Beam+1","Hologram+1","Ball Lightning+1","Force Field+1","Leap+1"],"relics":["Runic Pyramid","Matryoshka","Lantern","StoneCalendar","InkBottle","Empty Cage","PreservedInsect","Nunchaku","Sundial"],"acts_visited":["Exordium","TheCity"],"potions_floor_usage":[7,16,21,24],"damage_taken":[{"damage":2,"enemies":"Small Slimes","floor":1,"turns":4},{"damage":3,"enemies":"2 Louse","floor":3,"turns":3},{"damage":6,"enemies":"Jaw Worm","floor":4,"turns":3},{"damage":9,"enemies":"Blue Slaver","floor":5,"turns":4},{"damage":41,"enemies":"Gremlin Nob","floor":7,"turns":5},{"damage":17,"enemies":"Lagavulin","floor":10,"turns":7},{"damage":0,"enemies":"Large Slime","floor":11,"turns":5},{"damage":0,"enemies":"3 Louse","floor":14,"turns":4},{"damage":6,"enemies":"Hexaghost","floor":16,"turns":10},{"damage":2,"enemies":"Chosen","floor":18,"turns":6},{"damage":1,"enemies":"Spheric Guardian","floor":19,"turns":5},{"damage":13,"enemies":"Snecko","floor":20,"turns":7},{"damage":18,"enemies":"Centurion and Healer","floor":21,"turns":5},{"damage":33,"enemies":"Slavers","floor":24,"turns":4},{"damage":35,"enemies":"Shelled Parasite and Fungi","floor":27,"turns":6},{"damage":8,"enemies":"Sentry and Sphere","floor":28,"turns":7}],"seed_played":"-393038698566964127","potions_obtained":[{"floor":1,"key":"FairyPotion"},{"floor":4,"key":"AttackPotion"},{"floor":7,"key":"BlessingOfTheForge"},{"floor":11,"key":"BlessingOfTheForge"},{"floor":16,"key":"SkillPotion"},{"floor":19,"key":"LiquidBronze"},{"floor":28,"key":"SpeedPotion"}],"is_trial":false,"path_per_floor":["M","?","M","M","M","R","E","R","T","E","M","R","?","M","R","B",null,"M","M","M","M","$","R","E","R","T","M","M","R"],"character_chosen":"DEFECT","items_purchased":["PreservedInsect"],"campfire_rested":4,"item_purchase_floors":[22],"current_hp_per_floor":[73,78,75,69,60,60,19,43,43,26,26,26,26,26,50,44,80,78,77,64,46,46,46,13,37,37,2,24,48,48],"gold":291,"neow_bonus":"BOSS_RELIC","is_daily":false,"chose_seed":false,"campfire_upgraded":3,"win_rate":0.0,"timestamp":1611437447,"path_taken":["M","?","M","M","M","R","E","R","T","E","M","R","?","M","R","BOSS","M","M","M","M","$","R","E","R","T","M","M","R"],"items_purchased_type":["Relic"],"build_version":"2020-12-22","purchased_purges":1,"victory":false,"max_hp_per_floor":[75,80,80,80,80,80,80,80,80,80,80,80,80,80,80,80,80,80,80,80,80,80,80,80,80,80,80,80,80,80],"card_choices":[{"not_picked":["Reprogram","Steam Power"],"picked":"Barrage","floor":1},{"not_picked":["Recycle","Tempest"],"picked":"Beam Cell","floor":3},{"not_picked":["Undo","Compile Driver"],"picked":"Redo","floor":4},{"not_picked":["Sweeping Beam","Redo"],"picked":"Go for the Eyes","floor":5},{"not_picked":["All For One","Self Repair"],"picked":"Conserve Battery","floor":7},{"not_picked":["Redo","Storm"],"picked":"Glacier","floor":10},{"not_picked":["Steam Power","Cold Snap"],"picked":"Gash","floor":11},{"not_picked":["Barrage","Go for the Eyes"],"picked":"Defragment","floor":14},{"not_picked":["Seek","Reboot"],"picked":"Echo Form","floor":16},{"not_picked":["Genetic Algorithm","Scrape"],"picked":"Sweeping Beam+1","floor":18},{"not_picked":["Hello World+1","Gash"],"picked":"Hologram+1","floor":19},{"not_picked":["Stack","Hologram+1"],"picked":"Ball Lightning+1","floor":20},{"not_picked":["Reinforced Body","Hologram"],"picked":"Force Field+1","floor":21},{"not_picked":["Static Discharge","Cold Snap"],"picked":"Leap+1","floor":24},{"not_picked":["Stack","Fission","Streamline"],"picked":"SKIP","floor":27},{"not_picked":["Steam+1","Stack+1","Recycle"],"picked":"SKIP","floor":28}],"player_experience":101296,"relics_obtained":[{"floor":7,"key":"Matryoshka"},{"floor":9,"key":"Lantern"},{"floor":9,"key":"StoneCalendar"},{"floor":10,"key":"InkBottle"},{"floor":24,"key":"Nunchaku"},{"floor":26,"key":"Sundial"}],"event_choices":[{"damage_healed":0,"gold_gain":0,"player_choice":"Donut","damage_taken":0,"max_hp_gain":5,"max_hp_loss":0,"event_name":"Big Fish","floor":2,"gold_loss":0},{"damage_healed":0,"gold_gain":0,"player_choice":"Searched \u00270\u0027 times","damage_taken":0,"max_hp_gain":0,"max_hp_loss":0,"event_name":"Dead Adventurer","floor":13,"gold_loss":0}],"is_beta":false,"boss_relics":[{"not_picked":["Velvet Choker","Cursed Key"],"picked":"Empty Cage"}],"items_purged_floors":[22],"is_endless":false,"potions_floor_spawned":[1,4,7,11,16,19,28],"ascension_level":1}}