{"host":"sitjkmnle4og3x94","time":1611383490,"event":{"mods":["ATMod(°¢èªMod)","Act Like it!","BaseMod","Block Reminder","Downfall","Halation","Hubris","Library of Ruina","Library of Ruina Extra","Minty Spire (QoL Compilation)","MostiFishMod","Replay The Spire","StSLib","Waifu the Spire","¡¾ÒÅÎï¿¨ÅÆ¡¿REMEMod"],"gold_per_floor":[115,115,115,115,115,146,146,146,173,193,208,249,249,5,5,95,95,120,45,68,86,109,109,149,149,149,184,205,205,245,261,261,359,359,383,396,396,409,424,462,462,498,551,596,596,616,616,634,634,634,634,634,634,251,294,294],"floor_reached":57,"language":"ZHS","playtime":2463,"items_purged":["LightDefense","Dodge"],"score":2940,"play_id":"dd98f2ab-3624-4240-a48f-321b83180c53","local_time":"20210123143130","is_ascension_mode":true,"campfire_choices":[{"data":"Charge","floor":8.0,"key":"SMITH"},{"data":"AT_ChampionStep","floor":13.0,"key":"SMITH"},{"data":"WillOfThePrescript","floor":15.0,"key":"SMITH"},{"data":"FrontalAssault","floor":23.0,"key":"SMITH"},{"data":"BindingChains","floor":25.0,"key":"SMITH"},{"data":"Quickness","floor":32.0,"key":"SMITH"},{"data":"LeRegole","floor":41,"key":"SMITH"},{"data":"ExtractFuel","floor":45,"key":"SMITH"},{"floor":49,"key":"RECALL"},{"data":"SenseQuarry","floor":53,"key":"SMITH"}],"circlet_count":0,"master_deck":["AscendersBane","UpstandingSlash","Spear_LOR","LevelSlash","LightDefense","FocusSpirit","Charge","AT_ChampionStep+1","Unlock1","RulesOfTheBackstreets","BindingChains+1","LawAndOrder","Observe","GrazeTheGrass","WillOfThePrescript+1","Commandeering","Quickness+1","FrontalAssault+1","Suppress","SenseQuarry+1","ToOvercomeCrisis+1","FlashOfSunup","LeRegole+1","ExtractFuel+1"],"relics":["PageOfLibrarian","AT_ATBox","DaveBox","REME_ComplimentaryCards","EGODaCapo","SynthV:TestCard","halation:StarCompass","ReplayTheSpireMod:Lightbulb","Replay:Mystery Machine","Golden Idol","halation:LettersToHer","Civilization","SlaversCollar","Anchor","halation:SelfBoilingWater","Toy Ornithopter","MutagenicStrength","halation:KoshaPiece","AT_TrinityForce","REME_LimitBreaker","Simple Rune","CeramicFish","hubris:TenFootPole","BargainBundle","Vajra","Kunai","Replay:Baseball"],"acts_visited":["Exordium","TheCity","TheBeyond","TheEnding"],"potions_floor_usage":[54],"damage_taken":[{"damage":0.0,"enemies":"Small Slimes","floor":1.0,"turns":1.0},{"damage":0.0,"enemies":"3 Sentries","floor":6.0,"turns":4.0},{"damage":0.0,"enemies":"Jaw Worm","floor":10.0,"turns":1.0},{"damage":0.0,"enemies":"Cultist","floor":11.0,"turns":1.0},{"damage":0.0,"enemies":"Gremlin Nob","floor":12.0,"turns":2.0},{"damage":0.0,"enemies":"Hexaghost","floor":16.0,"turns":2.0},{"damage":0.0,"enemies":"Chosen","floor":18.0,"turns":2.0},{"damage":0.0,"enemies":"2 Thieves","floor":20.0,"turns":1.0},{"damage":0.0,"enemies":"Chosen and Byrds","floor":21.0,"turns":2.0},{"damage":0.0,"enemies":"Sentry and Sphere","floor":22.0,"turns":1.0},{"damage":0.0,"enemies":"Slavers","floor":24.0,"turns":1.0},{"damage":0.0,"enemies":"Replay:Snechameleon","floor":27.0,"turns":1.0},{"damage":0.0,"enemies":"Snake Plant","floor":28.0,"turns":2.0},{"damage":0.0,"enemies":"REME_1_Revenger","floor":30.0,"turns":1.0},{"damage":0.0,"enemies":"Centurion and Healer","floor":31.0,"turns":1.0},{"damage":0.0,"enemies":"KingOfGreed","floor":33.0,"turns":7.0},{"damage":0.0,"enemies":"Orb Walker","floor":35.0,"turns":1.0},{"damage":0.0,"enemies":"3 Shapes","floor":36.0,"turns":2.0},{"damage":0.0,"enemies":"Sphere and 2 Shapes","floor":38.0,"turns":1.0},{"damage":0.0,"enemies":"Writhing Mass","floor":39.0,"turns":1.0},{"damage":0,"enemies":"R_Hoarder","floor":40,"turns":2},{"damage":0,"enemies":"Reptomancer","floor":42,"turns":1},{"damage":0,"enemies":"R_Hoarder","floor":44,"turns":2},{"damage":0,"enemies":"Maw","floor":46,"turns":1},{"damage":0,"enemies":"Spire Growth","floor":48,"turns":2},{"damage":0,"enemies":"Time Eater","floor":50,"turns":3},{"damage":0,"enemies":"Shield and Spear","floor":55,"turns":1},{"damage":0,"enemies":"The Heart","floor":56,"turns":3}],"seed_played":"8678180546551722544","potions_obtained":[{"floor":1.0,"key":"ColorlessPotion"},{"floor":11.0,"key":"EssenceOfSteel"},{"floor":48,"key":"Milkshake"}],"is_trial":false,"path_per_floor":["M","?","?","?","?","E","?","R","T","M","M","E","R","$","R","B",null,"M","?","M","M","M","R","E","R","T","E","M","?","E","M","R","B",null,"M","M","?","M","M","E","R","E","T","E","R","M","?","M","R","B",null,null,"R","$","E","B",null],"character_chosen":"Librarian","items_purchased":["Civilization","WillOfThePrescript","BargainBundle","Vajra","Kunai","REME_GoldPotion","EntropicBrew"],"campfire_rested":0,"item_purchase_floors":[14,14,54,54,54,54,54],"current_hp_per_floor":[54,54,54,54,21,21,21,21,21,21,21,21,21,21,21,22,70,72,72,76,81,86,86,91,91,91,96,101,101,106,111,111,116,128,133,138,138,143,148,156,156,161,161,166,166,172,172,177,177,182,182,182,182,182,187,192],"gold":294,"neow_bonus":"","is_daily":false,"chose_seed":false,"campfire_upgraded":9,"win_rate":0.0,"timestamp":1611383490,"path_taken":["M","?","?","?","?","E","?","R","T","M","?","E","R","?","R","BOSS","M","?","M","M","M","R","E","R","T","E","M","?","E","M","R","BOSS","M","M","?","?","M","E","R","E","T","E","R","M","?","M","R","BOSS","R","$","E","BOSS"],"items_purchased_type":["Relic","Card","Relic","Relic","Relic","Potion","Potion"],"build_version":"2020-12-22","purchased_purges":2,"victory":true,"max_hp_per_floor":[92,92,92,92,92,92,85,85,85,85,85,85,85,85,85,86,86,88,88,92,97,102,102,107,107,107,112,117,117,122,127,127,132,132,137,142,142,147,152,157,157,162,162,167,167,172,172,177,177,182,182,182,182,182,187,192],"card_choices":[{"not_picked":["UpbeatPerformance","FierceCharge","YoureTooSlow","SmokingPipe","Endure","SpearedSweep","Ripple","ShockRound"],"picked":"RulesOfTheBackstreets","floor":1.0},{"not_picked":["SunsetBlade","FlyingSword","YouOnlyLiveOnce","SnakesPrey","TimeForALittleTest","Rewind","MultiHit","EnergyShield","RepressedFlesh","ShrineToMusic"],"picked":"BindingChains","floor":6.0},{"not_picked":["ToWhereThePrescriptPoints","SinglePointStab","MultiBlock","HardRehearsal","SnakesPrey","EnergyConversion","Standoff","PreemptiveStrike","ClassAndRespect","WaitUp"],"picked":"LawAndOrder","floor":10.0},{"not_picked":["WillOfThePrescript","SnakeSlit","Guardian_lor","Rewind","ClassAndRespect","UnavoidableGaze","SpearedSweep","DesperateStruggle","MultiBlock","BackAttack"],"picked":"Observe","floor":11.0},{"not_picked":["Unlock1","AssaultOrder","DarkCloud","Outburst","HighKick","UpbeatPerformance","EndlessBattle","Wallop_lor","BackAttack","SuppressingShot"],"picked":"GrazeTheGrass","floor":12.0},{"not_picked":["RepressedFlesh","TrashDisposal","SenseQuarry","Castigation"],"picked":"Commandeering","floor":16.0},{"not_picked":["BackstreetsDash","YourShield","Leap_lor","DaringDecision","HiddenBlade","Parry2","FieryWaltz","StrongStrike","BulkyImpact","Ripple"],"picked":"Quickness","floor":18.0},{"not_picked":["StrikeDown","DestructiveImpact","GuidanceOfTheGears","FleetFootsteps","DirtyBlow","SinglePointStab","Unlock1","GreatSerpentsImpact","BoundaryOfDeath","Parry","Reload"],"picked":"SKIP","floor":20.0},{"not_picked":["MultiBlock","WaitUp","Thrust","AsThePrescriptOrders","Standoff","Marionette","Unlock1","ToWhereThePrescriptPoints","Parry2","ElectricShock"],"picked":"FrontalAssault","floor":21.0},{"not_picked":["EnergyShield","DarkCloud","SearingSword","BayonetCombat","Outburst","StrikeDown","Wallop_lor+1","GuardingStance+1","GuidanceOfTheGears","Pound","NightInTheBackstreets"],"picked":"SKIP","floor":22.0},{"not_picked":["SkitterAway","ViolentFlame","StructuralAnalysis","Parry+1","Outburst","InhaleSmoke","Quickness","BayonetCombat","DesperateStruggle","WildCard","HandlingWork"],"picked":"SKIP","floor":24.0},{"not_picked":["FrontalAssault","SunsetBlade","SuppressingShot","MindPrepared","PinpointShot","Multislash","SharpSwipe","PuppetBlockade","FleetFootsteps+1","Laceration","ReadyUp"],"picked":"SKIP","floor":27.0},{"not_picked":["IdentifyWeakpoint","StrongStrike","HandleRequest","DesperateStruggle+1","DarkCloud","PinpointShot+1","FlyingSword","Eliminate","YourShield","MultiBlock","FleetEdge"],"picked":"SKIP","floor":28.0},{"not_picked":["DimensionalRift","StayCalm","Pound","SinglePointStab","FlashingStrike","SnakesPrey","SerpentSwordTechnique","GuidanceOfTheGears","CircusKnives","Reload"],"picked":"Suppress","floor":30.0},{"not_picked":["Overpower","GuidanceOfTheGears","MirageStorm","DirtyBlow","InhaleSmoke","Outburst","BayonetCombat","Retaliate","SparkingSpear+1","HiddenBlade","ToWhereThePrescriptPoints"],"picked":"SKIP","floor":31.0},{"not_picked":["MirageStorm","UnforgettableMelody","FormingStorm","Commandeering"],"picked":"SenseQuarry","floor":33.0},{"not_picked":["Slice_lor","InhaleSmoke","ViolentFlame","Rewind+1","Endure","SinglePointStab","Decapitation","Gamble","GrazeTheGrass","DarkCloud","StrongStrike+1"],"picked":"SKIP","floor":35.0},{"not_picked":["Slice_lor","InhaleSmoke","ViolentFlame","Rewind+1","Endure","SinglePointStab","Decapitation","Gamble","GrazeTheGrass","DarkCloud","StrongStrike+1"],"picked":"SKIP","floor":35.0},{"not_picked":["GuardingStance+1","BackstreetsDash+1","IdentifyWeakpoint","PreemptiveStrike+1","Parry+1","WaitUp","MultiBlock+1","Standoff+1","HandleRequest","DesperateStruggle","FrontalAssault+1"],"picked":"SKIP","floor":36.0},{"not_picked":["EndlessBattle","WildCard","FleetFootsteps","Wallop_lor","PreemptiveStrike","Multislash+1","HandlingWork","Thrust","UnavoidableGaze","EnergyCycle+1"],"picked":"ToOvercomeCrisis+1","floor":38.0},{"not_picked":["AssaultOrder","Parry2+1","Parry","DefenseOrder","InkOver","EnergyCycle","Reload+1","SinglePointStab","ReadyUp","Eliminate"],"picked":"FlashOfSunup","floor":39.0},{"not_picked":["UnavoidableGaze","ProselytesBlade","HiddenBlade+1","Tailoring","EnergyCycle","EnergyStrike","RipSpace","Leap_lor","SinglePointStab","DaringDecision"],"picked":"LeRegole","floor":40},{"not_picked":["RhinoRam","FleetFootsteps+1","ForTheFamily","ShrineToMusic+1","SteelKnuckles","SnakeSlit+1","ToOvercomeCrisis","YouOnlyLiveOnce","YoureAHindrance","SummaryJudgment","KeepItFresh"],"picked":"SKIP","floor":42},{"not_picked":["SilentMist+1","ShockingBlow","QuickAttack","EndlessBattle","Tttonst","SkitterAway","HiddenBlade","Duel_lor+1","StrongStrike","MultiBlock"],"picked":"ExtractFuel","floor":44},{"not_picked":["UpbeatPerformance","ConcentratedFire","FleetEdge","BayonetCombat","HeavyPeaks","TrimTheIngredients","WildCard","Diversion","SturdyDefense+1","VenomousFangs","QuickAttack"],"picked":"SKIP","floor":46},{"not_picked":["DarkCloud","Unlock1","HandleRequest+1","NonstopAssault+1","TieShanKao","FlowOfTheSword","AlloutWar","QuickAttack+1","DefenseOrder+1","GreatSerpentsImpact","NightInTheBackstreets"],"picked":"SKIP","floor":48},{"not_picked":["PuppetBlockade","ProselytesBlade","SearingSword","MultiHit","StrongStrike","Overcharge","BackAttack","BladeWhirl","WillOfThePrescript+1","Guardian_lor+1","Diversion"],"picked":"SKIP","floor":55}],"player_experience":712862,"relics_obtained":[{"floor":1.0,"key":"SynthV:TestCard"},{"floor":6.0,"key":"Replay:Mystery Machine"},{"floor":12.0,"key":"halation:LettersToHer"},{"floor":24.0,"key":"Anchor"},{"floor":26.0,"key":"halation:LettersToHer"},{"floor":26.0,"key":"halation:SelfBoilingWater"},{"floor":27.0,"key":"Toy Ornithopter"},{"floor":30.0,"key":"halation:KoshaPiece"},{"floor":40,"key":"REME_LimitBreaker"},{"floor":42,"key":"Simple Rune"},{"floor":43,"key":"halation:LettersToHer"},{"floor":43,"key":"CeramicFish"},{"floor":44,"key":"hubris:TenFootPole"},{"floor":55,"key":"Replay:Baseball"}],"event_choices":[{"cards_removed":["FocusedStrikes"],"damage_healed":0.0,"max_hp_gain":0.0,"max_hp_loss":0.0,"gold_gain":0.0,"event_name":"Living Wall","player_choice":"Forget","floor":3.0,"gold_loss":0.0,"damage_taken":0.0},{"damage_healed":0.0,"max_hp_gain":0.0,"max_hp_loss":0.0,"gold_gain":0.0,"event_name":"Scrap Ooze","player_choice":"Success","floor":5.0,"gold_loss":0.0,"damage_taken":33.0,"relics_obtained":["ReplayTheSpireMod:Lightbulb"]},{"damage_healed":0.0,"max_hp_gain":0.0,"max_hp_loss":7.0,"gold_gain":0.0,"event_name":"Golden Idol","player_choice":"Lose Max HP","floor":7.0,"gold_loss":0.0,"damage_taken":0.0,"relics_obtained":["Golden Idol"]},{"cards_removed":["LightDefense"],"damage_healed":0.0,"max_hp_gain":0.0,"max_hp_loss":0.0,"gold_gain":0.0,"event_name":"Beggar","player_choice":"Gave Gold","floor":19.0,"gold_loss":75.0,"damage_taken":0.0},{"damage_healed":0.0,"max_hp_gain":0.0,"max_hp_loss":0.0,"gold_gain":0.0,"event_name":"Drug Dealer","player_choice":"Inject Mutagens","floor":29.0,"gold_loss":0.0,"damage_taken":0.0,"relics_obtained":["MutagenicStrength"]},{"damage_healed":0.0,"max_hp_gain":0.0,"max_hp_loss":0.0,"gold_gain":0.0,"event_name":"Duplicator","player_choice":"Ignored","floor":37.0,"gold_loss":0.0,"damage_taken":0.0},{"damage_healed":0,"gold_gain":0,"player_choice":"Forge","damage_taken":0,"max_hp_gain":0,"max_hp_loss":0,"event_name":"Accursed Blacksmith","floor":47,"gold_loss":0,"cards_upgraded":["Charge"]}],"is_beta":false,"boss_relics":[{"not_picked":["Pandora\u0027s Box","hubris:CrackedHourglass"],"picked":"SlaversCollar"},{"not_picked":["Runic Pyramid","AT_MortalBlade"],"picked":"AT_TrinityForce"}],"items_purged_floors":[14,54],"is_endless":false,"potions_floor_spawned":[1,11,16,20,21,27,30,31,36,38,46,48],"ascension_level":14}}