{"host":"vzugls1u57eppbds","time":1611413188,"event":{"mods":["AchievementEnabler","BaseMod","Better Third Choice","Minty Spire (QoL Compilation)","Relic Stats","Shop Mod","StSLib","The IronCluck"],"gold_per_floor":[114,130,150,150,162,162,162,162],"floor_reached":7,"language":"ENG","playtime":241,"items_purged":[],"score":62,"play_id":"5738f6d8-bffc-4a3b-b4a8-b3c54c9ecf92","local_time":"20210123154628","is_ascension_mode":true,"campfire_choices":[{"floor":6,"key":"REST"}],"circlet_count":0,"master_deck":["Strike_R","Strike_R","Strike_R","Strike_R","Strike_R","Defend_R","Defend_R","Defend_R","Defend_R","Bash","Ghostly Armor","Pummel","Disarm"],"relics":["Burning Blood","Centennial Puzzle","CeramicFish"],"acts_visited":["Exordium"],"potions_floor_usage":[5,7],"damage_taken":[{"damage":6,"enemies":"Jaw Worm","floor":1,"turns":4},{"damage":5,"enemies":"Cultist","floor":2,"turns":4},{"damage":1,"enemies":"2 Louse","floor":3,"turns":3},{"damage":25,"enemies":"Exordium Thugs","floor":5,"turns":8},{"damage":25,"enemies":"3 Sentries","floor":7,"turns":6}],"seed_played":"5502093923625040769","potions_obtained":[{"floor":2,"key":"SkillPotion"},{"floor":3,"key":"Strength Potion"}],"is_trial":false,"path_per_floor":["M","M","M","?","M","R","E"],"character_chosen":"IRONCLAD","items_purchased":[],"campfire_rested":1,"item_purchase_floors":[],"current_hp_per_floor":[72,73,78,26,7,31,6,6],"gold":162,"neow_bonus":"RANDOM_COMMON_RELIC","is_daily":false,"chose_seed":false,"campfire_upgraded":0,"win_rate":0.0,"timestamp":1611413188,"path_taken":["M","M","M","?","M","R","E"],"items_purchased_type":[],"build_version":"2020-12-22","purchased_purges":0,"victory":false,"max_hp_per_floor":[80,80,80,80,80,80,80,80],"relic_stats":{"Centennial Puzzle":[15],"counters":[5,25],"CeramicFish":0,"obtain_stats":[{"Centennial Puzzle":0,"CeramicFish":4,"Burning Blood":0},{"Centennial Puzzle":0,"CeramicFish":3,"Burning Blood":0},{"Centennial Puzzle":0,"CeramicFish":11,"Burning Blood":0}],"Burning Blood":24},"card_choices":[{"not_picked":["True Grit","Shrug It Off"],"picked":"Ghostly Armor","floor":1},{"not_picked":["Cleave","Barricade"],"picked":"Pummel","floor":2},{"not_picked":["Armaments","Clothesline"],"picked":"Disarm","floor":3},{"not_picked":["Combust","Heavy Blade","Armaments"],"picked":"SKIP","floor":5}],"player_experience":239662,"relics_obtained":[],"event_choices":[{"damage_healed":0,"gold_gain":1,"player_choice":"Relic ","damage_taken":52,"max_hp_gain":0,"max_hp_loss":0,"event_name":"betterThird:BetterScrap","floor":4,"gold_loss":0,"cards_obtained":["ConjureBlade"]}],"is_beta":false,"boss_relics":[],"items_purged_floors":[],"is_endless":false,"potions_floor_spawned":[2,3],"killed_by":"3 Sentries","ascension_level":9}}