{"host":"h1r1piu2tr2sbwkd","time":1611402239,"event":{"mods":["2.2 Compatiblity","AchievementEnabler","BaseMod","Colored Map","Colored Powertips","Energized Spire","GifTheSpireLib","Hermit","Marisa????????","Minty Spire (QoL Compilation)","Quick Restart","Rare Cards Sparkle","Relic Stats","StSLib","The Cursed","The Disciple","The Hierophant","The Marked","The Runesmith","The Servant 0.9.4"],"gold_per_floor":[118,193,220,35,35,60,60,60,60,73,85,85,85,99,99,99,99],"floor_reached":16,"language":"ENG","playtime":677,"items_purged":[],"score":123,"play_id":"69f588ca-55f4-45e1-ba6d-9fcb999c35ba","local_time":"20210123054359","is_ascension_mode":false,"campfire_choices":[{"floor":8,"key":"RECALL"},{"data":"hermit:Vantage","floor":13,"key":"SMITH"},{"data":"hermit:Defend_Hermit","floor":15,"key":"SMITH"}],"circlet_count":0,"master_deck":["hermit:Strike_Hermit","hermit:Strike_Hermit","hermit:Strike_Hermit","hermit:Strike_Hermit+1","hermit:Defend_Hermit","hermit:Defend_Hermit","hermit:Defend_Hermit","hermit:Defend_Hermit+1","hermit:Snapshot","hermit:Covet","hermit:GhostlyPresence","hermit:EternalForm+1","hermit:Headshot","hermit:GoldenBullet","hermit:Vantage+1","hermit:GoldenBullet"],"relics":["hermit:Momento","NeowsBlessing","Pantograph","Torii"],"acts_visited":["Exordium"],"potions_floor_usage":[7,16],"damage_taken":[{"damage":0,"enemies":"Jaw Worm","floor":1,"turns":1},{"damage":0,"enemies":"3 Sentries","floor":6,"turns":1},{"damage":0,"enemies":"2 Louse","floor":10,"turns":1},{"damage":0,"enemies":"Small Slimes","floor":11,"turns":2},{"damage":1,"enemies":"Blue Slaver","floor":14,"turns":4},{"damage":77,"enemies":"Hexaghost","floor":16,"turns":15}],"seed_played":"4840777778057136582","potions_obtained":[{"floor":1,"key":"AttackPotion"},{"floor":7,"key":"EntropicBrew"},{"floor":7,"key":"DuplicationPotion"},{"floor":7,"key":"Block Potion"},{"floor":14,"key":"hermit:Tonic"}],"is_trial":false,"path_per_floor":["M","?","T","$","?","E","?","R","T","M","M","$","R","M","R","B"],"character_chosen":"HERMIT","items_purchased":["hermit:EternalForm","hermit:Headshot"],"campfire_rested":0,"item_purchase_floors":[4,4],"current_hp_per_floor":[75,64,64,64,49,49,49,49,49,49,49,49,49,48,48,0,0],"gold":99,"neow_bonus":"THREE_ENEMY_KILL","is_daily":false,"chose_seed":false,"campfire_upgraded":2,"win_rate":0.0,"timestamp":1611402239,"path_taken":["M","?","?","$","?","E","?","R","T","M","?","$","R","M","R","BOSS"],"items_purchased_type":["Card","Card"],"build_version":"2020-12-22","purchased_purges":0,"victory":false,"max_hp_per_floor":[75,75,75,75,75,75,75,75,75,75,75,75,75,75,75,75,75],"relic_stats":{"Torii":0,"counters":[6,24],"Pantograph":25,"obtain_stats":[{"NeowsBlessing":0,"Torii":9,"Pantograph":6,"hermit:Momento":0},{"NeowsBlessing":0,"Torii":2,"Pantograph":2,"hermit:Momento":0},{"NeowsBlessing":0,"Torii":2,"Pantograph":2,"hermit:Momento":0}]},"card_choices":[{"not_picked":["hermit:Midnight","hermit:Enervate"],"picked":"hermit:GhostlyPresence","floor":1},{"not_picked":["hermit:GhostlyPresence","hermit:Snipe"],"picked":"hermit:GoldenBullet","floor":6},{"not_picked":["hermit:CalledShot","hermit:Roulette"],"picked":"hermit:Vantage","floor":10},{"not_picked":["hermit:HighCaliber","hermit:Determination","hermit:Feint"],"picked":"SKIP","floor":11},{"not_picked":["hermit:SprayPray","hermit:GhostlyPresence"],"picked":"hermit:GoldenBullet","floor":14}],"player_experience":195583,"relics_obtained":[{"floor":6,"key":"Pantograph"},{"floor":9,"key":"Torii"}],"event_choices":[{"damage_healed":0,"gold_gain":75,"player_choice":"Gather Gold","damage_taken":11,"max_hp_gain":0,"max_hp_loss":0,"event_name":"World of Goop","floor":2,"gold_loss":0},{"damage_healed":0,"gold_gain":0,"player_choice":"Entered Light","damage_taken":15,"max_hp_gain":0,"max_hp_loss":0,"event_name":"Shining Light","floor":5,"gold_loss":0,"cards_upgraded":["hermit:EternalForm","hermit:Strike_Hermit"]},{"damage_healed":0,"gold_gain":0,"player_choice":"Got Potions","damage_taken":0,"max_hp_gain":0,"max_hp_loss":0,"event_name":"Lab","floor":7,"gold_loss":0}],"is_beta":false,"boss_relics":[],"items_purged_floors":[],"is_endless":false,"potions_floor_spawned":[1,14],"killed_by":"Hexaghost","ascension_level":0}}