{"host":"mgcaznjmey5ghza1","time":1611360202,"event":{"mods":["BaseMod","Downfall","Hero for Fun","Minty Spire (QoL Compilation)","Quick Restart","StSLib","The Saiyan"],"gold_per_floor":[93,53,71,246,246,246,196,215,215,290,303,303,303,303],"floor_reached":13,"language":"ENG","playtime":981,"items_purged":[],"score":73,"play_id":"fed04dd4-2543-490f-b033-06e8c7d850ec","local_time":"20210122190322","is_ascension_mode":false,"campfire_choices":[{"data":"Saiyan:Overexert","floor":6,"key":"SMITH"},{"data":"Saiyan:EnergyBlast","floor":12,"key":"SMITH"}],"circlet_count":0,"master_deck":["Saiyan:SAIYA_Strike","Saiyan:SAIYA_Strike","Saiyan:SAIYA_Strike","Saiyan:SAIYA_Strike","Saiyan:SAIYA_Defend","Saiyan:SAIYA_Defend","Saiyan:SAIYA_Defend","Saiyan:SAIYA_Defend","Saiyan:EnergyBlast+1","Saiyan:KaioKen","Saiyan:RuthlessBlow","Saiyan:Overexert+1","Saiyan:DragonRadar","Regret","Saiyan:UltraInstinct","Saiyan:TurtleShell"],"relics":["SaiyanSoul","SaiyanHeart","Eternal Feather","Meat on the Bone"],"acts_visited":["Exordium"],"potions_floor_usage":[8,8,8,13],"damage_taken":[{"damage":0,"enemies":"2 Louse","floor":1,"turns":3},{"damage":0,"enemies":"Cultist","floor":3,"turns":3},{"damage":14,"enemies":"Jaw Worm","floor":8,"turns":6},{"damage":7,"enemies":"Looter","floor":11,"turns":5},{"damage":66,"enemies":"Gremlin Nob","floor":13,"turns":5}],"seed_played":"-5251558325033604635","potions_obtained":[{"floor":2,"key":"LiquidBronze"},{"floor":2,"key":"Fruit Juice"},{"floor":2,"key":"SkillPotion"},{"floor":11,"key":"Block Potion"}],"is_trial":false,"path_per_floor":["M","?","M","?","?","R","?","M","T","?","M","R","E"],"character_chosen":"SAIYAJIN","items_purchased":[],"campfire_rested":0,"item_purchase_floors":[],"current_hp_per_floor":[61,61,61,61,61,61,61,53,53,42,36,45,0,0],"gold":303,"neow_bonus":"","is_daily":false,"chose_seed":false,"campfire_upgraded":2,"win_rate":0.0,"timestamp":1611360202,"path_taken":["M","?","?","?","?","R","?","M","T","?","M","R","E"],"items_purchased_type":[],"build_version":"2020-12-22","purchased_purges":0,"victory":false,"max_hp_per_floor":[61,61,61,61,61,61,61,67,67,67,68,68,68,68],"card_choices":[{"not_picked":["Saiyan:FingerParry","Saiyan:KiExplosion"],"picked":"Saiyan:Overexert","floor":1},{"not_picked":["Saiyan:BurningSoul","Saiyan:BackAttack"],"picked":"Saiyan:DragonRadar","floor":3},{"not_picked":["Saiyan:RemoveWeights","Saiyan:ExpandingShockwave"],"picked":"Saiyan:UltraInstinct","floor":8},{"not_picked":["Saiyan:Scouter","Saiyan:Expend"],"picked":"Saiyan:TurtleShell","floor":11}],"player_experience":1900,"relics_obtained":[{"floor":9,"key":"Meat on the Bone"}],"event_choices":[{"damage_healed":0,"gold_gain":0,"player_choice":"Bought 3 Potions","damage_taken":0,"max_hp_gain":0,"max_hp_loss":0,"event_name":"The Woman in Blue","floor":2,"gold_loss":0},{"damage_healed":0,"gold_gain":175,"player_choice":"AGREE","damage_taken":0,"max_hp_gain":0,"max_hp_loss":0,"event_name":"Liars Game","floor":4,"gold_loss":0,"cards_obtained":["Doubt"]},{"damage_healed":0,"gold_gain":0,"player_choice":"Box","damage_taken":0,"relics_obtained":["Eternal Feather"],"max_hp_gain":0,"max_hp_loss":0,"event_name":"Big Fish","floor":5,"gold_loss":0,"cards_obtained":["Regret"]},{"cards_removed":["Doubt"],"damage_healed":0,"gold_gain":0,"player_choice":"Card Removal","damage_taken":0,"max_hp_gain":0,"max_hp_loss":0,"event_name":"The Cleric","floor":7,"gold_loss":50},{"damage_healed":0,"gold_gain":75,"player_choice":"Gather Gold","damage_taken":11,"max_hp_gain":0,"max_hp_loss":0,"event_name":"World of Goop","floor":10,"gold_loss":0}],"is_beta":false,"boss_relics":[],"items_purged_floors":[],"is_endless":false,"potions_floor_spawned":[11],"killed_by":"Gremlin Nob","ascension_level":0}}