{"host":"8u7tvcybuv0u72fd","time":1611377247,"event":{"mods":["BaseMod","BetterRewards","Colored Map","Colored Powertips","Minty Spire (QoL Compilation)","Quick Restart","Shop Mod"],"gold_per_floor":[115,115,126,126,126,126,26,40,40,83,33,68,91,116,116,246,246,269,287,287,300,300,331,331,349,349,368,109,153,153,174,174,305,305,325,338,42,63,88,88,123,123,156,190,208,208,235,568,568,568,568,568,29,72,72,72],"floor_reached":55,"language":"ENG","playtime":2697,"items_purged":["Strike_R","Injury","Pain"],"score":1024,"play_id":"a1a93b85-6ea2-4326-bbef-c2eb335dfd89","local_time":"20210122234726","is_ascension_mode":false,"campfire_choices":[{"floor":6.0,"key":"REST"},{"data":"Rampage","floor":15.0,"key":"SMITH"},{"data":"Limit Break","floor":24.0,"key":"SMITH"},{"data":"RitualDagger","floor":32.0,"key":"SMITH"},{"floor":40.0,"key":"RECALL"},{"data":"Shrug It Off","floor":42.0,"key":"SMITH"},{"data":"Bash","floor":46.0,"key":"SMITH"},{"data":"Searing Blow+1","floor":49.0,"key":"SMITH"},{"data":"Searing Blow+2","floor":52,"key":"SMITH"}],"circlet_count":0,"master_deck":["Strike_R","Strike_R","Defend_R+1","Defend_R+1","Defend_R","Defend_R","Bash+1","Apotheosis+1","Twin Strike","Dropkick","Rampage+1","Shrug It Off+1","Limit Break+1","Body Slam+1","RitualDagger+1","Doubt","Heavy Blade","Rage","Cleave+1","Feed+1","Iron Wave+1","Disarm+1","Parasite","Searing Blow+3","Dramatic Entrance+1","Hemokinesis+1"],"relics":["Burning Blood","War Paint","Vajra","CaptainsWheel","Lizard Tail","PreservedInsect","Charon\u0027s Ashes","Mango","Blue Candle","Potion Belt","Centennial Puzzle","Cursed Key","Smiling Mask","Singing Bowl","Pantograph","Molten Egg 2","SacredBark","MerchantsRug","Blood Vial","CeramicFish","Oddly Smooth Stone","Toy Ornithopter","Ice Cream"],"acts_visited":["Exordium","TheCity","TheBeyond","TheEnding"],"potions_floor_usage":[50,50,54,55,55,55,55],"damage_taken":[{"damage":0.0,"enemies":"Jaw Worm","floor":1.0,"turns":4.0},{"damage":0.0,"enemies":"Small Slimes","floor":3.0,"turns":4.0},{"damage":0.0,"enemies":"2 Louse","floor":8.0,"turns":1.0},{"damage":2.0,"enemies":"Gremlin Nob","floor":10.0,"turns":3.0},{"damage":10.0,"enemies":"Lagavulin","floor":12.0,"turns":3.0},{"damage":0.0,"enemies":"Large Slime","floor":14.0,"turns":5.0},{"damage":3.0,"enemies":"The Guardian","floor":16.0,"turns":7.0},{"damage":2.0,"enemies":"Spheric Guardian","floor":18.0,"turns":3.0},{"damage":0.0,"enemies":"2 Thieves","floor":19.0,"turns":4.0},{"damage":10.0,"enemies":"Sentry and Sphere","floor":21.0,"turns":5.0},{"damage":4.0,"enemies":"Book of Stabbing","floor":23.0,"turns":3.0},{"damage":6.0,"enemies":"Centurion and Healer","floor":25.0,"turns":3.0},{"damage":3.0,"enemies":"Cultist and Chosen","floor":27.0,"turns":3.0},{"damage":1.0,"enemies":"Gremlin Leader","floor":29.0,"turns":2.0},{"damage":6.0,"enemies":"Shelled Parasite and Fungi","floor":31.0,"turns":4.0},{"damage":60.0,"enemies":"Collector","floor":33.0,"turns":9.0},{"damage":5.0,"enemies":"3 Shapes","floor":35.0,"turns":3.0},{"damage":10.0,"enemies":"Orb Walker","floor":36.0,"turns":2.0},{"damage":0.0,"enemies":"Jaw Worm Horde","floor":38.0,"turns":3.0},{"damage":15.0,"enemies":"Maw","floor":39.0,"turns":6.0},{"damage":20.0,"enemies":"Reptomancer","floor":41.0,"turns":7.0},{"damage":9.0,"enemies":"Writhing Mass","floor":44.0,"turns":4.0},{"damage":7.0,"enemies":"4 Shapes","floor":45.0,"turns":4.0},{"damage":8.0,"enemies":"Jaw Worm Horde","floor":47.0,"turns":4.0},{"damage":47,"enemies":"Awakened One","floor":50,"turns":10},{"damage":8,"enemies":"Shield and Spear","floor":54,"turns":4},{"damage":196,"enemies":"The Heart","floor":55,"turns":11}],"seed_played":"1778656272494434558","potions_obtained":[{"floor":1.0,"key":"AttackPotion"},{"floor":14.0,"key":"Block Potion"},{"floor":18.0,"key":"LiquidBronze"},{"floor":21.0,"key":"Explosive Potion"},{"floor":25.0,"key":"SteroidPotion"},{"floor":31.0,"key":"Weak Potion"},{"floor":33.0,"key":"Energy Potion"},{"floor":38.0,"key":"Swift Potion"},{"floor":39.0,"key":"ColorlessPotion"},{"floor":41.0,"key":"ColorlessPotion"},{"floor":44.0,"key":"DistilledChaos"}],"is_trial":false,"path_per_floor":["M","?","M","?","?","R","$","M","T","E","?","E","T","M","R","B",null,"M","M","?","M","?","E","R","M","T","M","$","E","?","M","R","B",null,"M","M","$","M","M","R","E","R","T","M","M","R","M","?","R","B",null,"R","$","E","B"],"character_chosen":"IRONCLAD","items_purchased":["Apotheosis","War Paint","Vajra","PreservedInsect","Weak Potion","SteroidPotion","Pantograph","MerchantsRug","Blood Vial","Oddly Smooth Stone","Toy Ornithopter","Dramatic Entrance+1","Block Potion","Energy Potion"],"campfire_rested":1,"item_purchase_floors":[0,0,0,0,0,0,28,37,37,53,53,53,53,53],"current_hp_per_floor":[38,35,41,41,41,65,65,71,85,89,89,85,85,91,91,94,94,94,94,94,90,84,86,86,86,86,89,89,94,94,94,94,40,94,100,96,96,102,93,93,83,83,83,84,91,91,95,95,95,75,116,116,116,116,0,0],"gold":72,"neow_bonus":"","is_daily":false,"chose_seed":false,"campfire_upgraded":7,"win_rate":0.0,"timestamp":1611377246,"path_taken":["M","?","M","?","?","R","$","M","T","E","?","E","?","M","R","BOSS","M","M","?","?","?","E","R","M","T","M","$","E","?","M","R","BOSS","M","?","$","M","M","R","E","R","T","M","M","R","M","?","R","BOSS","R","$","E","BOSS"],"items_purchased_type":["Card","Relic","Relic","Relic","Potion","Potion","Relic","Relic","Relic","Relic","Relic","Card","Potion","Potion"],"build_version":"2020-12-22","purchased_purges":3,"victory":false,"max_hp_per_floor":[80,80,80,80,80,80,80,80,94,94,94,94,94,94,94,94,94,94,94,94,94,94,94,94,94,94,94,94,94,94,94,94,94,94,100,100,100,102,102,102,104,104,104,106,112,112,116,116,116,116,116,116,116,116,116,116],"card_choices":[{"not_picked":["Flex","Second Wind","Anger"],"picked":"SKIP","floor":1.0},{"not_picked":["Whirlwind","Second Wind"],"picked":"Twin Strike","floor":3.0},{"not_picked":["Twin Strike","Pommel Strike"],"picked":"Dropkick","floor":8.0},{"not_picked":["Wild Strike","Iron Wave"],"picked":"Rampage","floor":10.0},{"not_picked":["Reaper","Anger"],"picked":"Shrug It Off","floor":12.0},{"not_picked":["Feel No Pain","Whirlwind","Warcry"],"picked":"SKIP","floor":14.0},{"not_picked":["Brutality","Demon Form"],"picked":"Limit Break","floor":16.0},{"not_picked":["Flame Barrier","Combust+1","Power Through+1"],"picked":"SKIP","floor":18.0},{"not_picked":["Blood for Blood","Sentinel","Hemokinesis"],"picked":"SKIP","floor":19.0},{"not_picked":["Burning Pact","Anger"],"picked":"Body Slam+1","floor":21.0},{"not_picked":["Burning Pact","Havoc","Dropkick"],"picked":"SKIP","floor":23.0},{"not_picked":["True Grit","Combust","Perfected Strike"],"picked":"SKIP","floor":25.0},{"not_picked":["Clothesline","Cleave"],"picked":"Heavy Blade","floor":27.0},{"not_picked":["Power Through","Berserk"],"picked":"Rage","floor":29.0},{"not_picked":["True Grit","Shrug It Off"],"picked":"Cleave+1","floor":31.0},{"not_picked":["Bludgeon+1","Corruption"],"picked":"Feed+1","floor":33.0},{"not_picked":["Bloodletting","Hemokinesis+1","Anger+1"],"picked":"Singing Bowl","floor":35.0},{"not_picked":["Havoc+1","Pommel Strike+1"],"picked":"Iron Wave+1","floor":36.0},{"not_picked":["Sever Soul+1","Thunderclap+1","Corruption"],"picked":"Singing Bowl","floor":38.0},{"not_picked":["Second Wind+1","Pommel Strike+1"],"picked":"Disarm+1","floor":39.0},{"not_picked":["Twin Strike+1","Sword Boomerang+1","Clothesline+1"],"picked":"Singing Bowl","floor":41.0},{"not_picked":["Inflame","Cleave+1","Bloodletting+1"],"picked":"Singing Bowl","floor":44.0},{"not_picked":["Reckless Charge+1","Rampage+1","Body Slam+1"],"picked":"Singing Bowl","floor":45.0},{"not_picked":["Wild Strike+1","True Grit"],"picked":"Searing Blow+1","floor":47.0},{"not_picked":["Shrug It Off+1","Heavy Blade+1"],"picked":"Hemokinesis+1","floor":54}],"player_experience":1404180,"relics_obtained":[{"floor":9.0,"key":"Mango"},{"floor":10.0,"key":"Blue Candle"},{"floor":12.0,"key":"Potion Belt"},{"floor":13.0,"key":"Centennial Puzzle"},{"floor":23.0,"key":"Smiling Mask"},{"floor":26.0,"key":"Singing Bowl"},{"floor":29.0,"key":"Molten Egg 2"},{"floor":41.0,"key":"CeramicFish"},{"floor":54,"key":"Ice Cream"}],"event_choices":[{"damage_healed":0.0,"max_hp_gain":0.0,"max_hp_loss":0.0,"gold_gain":0.0,"event_name":"Scrap Ooze","player_choice":"Success","floor":2.0,"gold_loss":0.0,"damage_taken":3.0,"relics_obtained":["Charon\u0027s Ashes"]},{"damage_healed":0.0,"max_hp_gain":0.0,"max_hp_loss":0.0,"gold_gain":0.0,"event_name":"Golden Idol","player_choice":"Take Wound","floor":4.0,"gold_loss":0.0,"damage_taken":0.0,"relics_obtained":["Golden Idol"],"cards_obtained":["Injury"]},{"damage_healed":0.0,"max_hp_gain":0.0,"max_hp_loss":0.0,"gold_gain":0.0,"event_name":"Living Wall","player_choice":"Grow","floor":5.0,"gold_loss":0.0,"damage_taken":0.0,"cards_upgraded":["Apotheosis"]},{"cards_removed":["Strike_R"],"damage_healed":0.0,"max_hp_gain":0.0,"max_hp_loss":0.0,"gold_gain":0.0,"event_name":"The Cleric","player_choice":"Card Removal","floor":11.0,"gold_loss":50.0,"damage_taken":0.0},{"cards_removed":["Strike_R"],"damage_healed":0.0,"max_hp_gain":0.0,"max_hp_loss":0.0,"gold_gain":0.0,"event_name":"Bonfire Elementals","player_choice":"Offered Basic","floor":20.0,"gold_loss":0.0,"damage_taken":0.0},{"damage_healed":0.0,"max_hp_gain":0.0,"max_hp_loss":0.0,"gold_gain":0.0,"event_name":"Nest","player_choice":"Joined the Cult","floor":22.0,"gold_loss":0.0,"damage_taken":6.0,"cards_obtained":["RitualDagger"]},{"damage_healed":0.0,"max_hp_gain":0.0,"max_hp_loss":0.0,"gold_gain":0.0,"event_name":"Transmorgrifier","player_choice":"Ignored","floor":30.0,"gold_loss":0.0,"damage_taken":0.0},{"damage_healed":0.0,"max_hp_gain":0.0,"max_hp_loss":0.0,"gold_gain":333.0,"event_name":"The Moai Head","player_choice":"Gave Idol","floor":48.0,"relics_lost":["Golden Idol"],"gold_loss":0.0,"damage_taken":0.0}],"is_beta":false,"boss_relics":[{"not_picked":["Tiny House","Snecko Eye"],"picked":"Cursed Key"},{"not_picked":["SlaversCollar","Runic Dome"],"picked":"SacredBark"}],"items_purged_floors":[0,7,53],"is_endless":false,"potions_floor_spawned":[1,10,14,18,21,25,31,33,38,39,41,44],"killed_by":"The Heart","ascension_level":0}}