{"host":"swphzoo6hmc78epl","time":1611442465,"event":{"mods":["BaseMod","Highlight Path","Minty Spire (QoL Compilation)","Quick Restart"],"gold_per_floor":[115,133,208,25,200,200,200,150,150,185,11,46,46,78,78,183,183,222,222,222],"floor_reached":19,"language":"ENG","playtime":647,"items_purged":[],"score":259,"play_id":"62fe037e-6903-4f3b-b364-16fe2732e8d8","local_time":"20210123175425","is_ascension_mode":true,"campfire_choices":[{"data":"Mayhem","floor":13,"key":"SMITH"},{"data":"Alpha","floor":15,"key":"SMITH"}],"circlet_count":0,"master_deck":["Strike_P","Strike_P","Strike_P","Strike_P","Defend_P","Defend_P","Defend_P","Defend_P","Eruption","Vigilance","Alpha+1","Protect","CutThroughFate","HandOfGreed","Doubt","CutThroughFate","Mayhem+1","Consecrate","Vault","Sanctity"],"relics":["PureWater","Yang","Blue Candle","Singing Bowl","SlaversCollar"],"acts_visited":["Exordium","TheCity"],"potions_floor_usage":[3],"damage_taken":[{"damage":19,"enemies":"Small Slimes","floor":1,"turns":3},{"damage":0,"enemies":"Jaw Worm","floor":2,"turns":3},{"damage":0,"enemies":"2 Louse","floor":10,"turns":2},{"damage":8,"enemies":"2 Fungi Beasts","floor":12,"turns":5},{"damage":22,"enemies":"Large Slime","floor":14,"turns":5},{"damage":0,"enemies":"Slime Boss","floor":16,"turns":4},{"damage":33,"enemies":"Chosen","floor":18,"turns":7},{"damage":31,"enemies":"Shell Parasite","floor":19,"turns":6}],"seed_played":"3450490417748074705","potions_obtained":[{"floor":1,"key":"Fruit Juice"},{"floor":16,"key":"SmokeBomb"}],"is_trial":false,"path_per_floor":["M","M","?","$","?","T","?","?","T","M","$","M","R","M","R","B",null,"M","M"],"character_chosen":"WATCHER","items_purchased":["HandOfGreed","Mayhem"],"campfire_rested":0,"item_purchase_floors":[4,11],"current_hp_per_floor":[53,53,47,47,47,47,47,47,47,47,47,41,41,19,19,19,64,31,0,0],"gold":222,"neow_bonus":"ONE_RANDOM_RARE_CARD","is_daily":false,"chose_seed":false,"campfire_upgraded":2,"win_rate":0.0,"timestamp":1611442465,"path_taken":["M","M","?","$","?","?","?","?","T","M","?","?","R","M","R","BOSS","M","M"],"items_purchased_type":["Card","Card"],"build_version":"2020-12-22","purchased_purges":0,"victory":false,"max_hp_per_floor":[72,72,77,77,77,77,77,77,77,77,77,79,79,79,79,79,79,79,79,79],"card_choices":[{"not_picked":["WaveOfTheHand","Meditate"],"picked":"Protect","floor":1},{"not_picked":["Perseverance","FlyingSleeves"],"picked":"CutThroughFate","floor":2},{"not_picked":["MentalFortress","FlyingSleeves"],"picked":"CutThroughFate","floor":10},{"not_picked":["Crescendo","ThirdEye","CrushJoints"],"picked":"Singing Bowl","floor":12},{"not_picked":["CrushJoints","Crescendo"],"picked":"Consecrate","floor":14},{"not_picked":["Wish","Scrawl"],"picked":"Vault","floor":16},{"not_picked":["PathToVictory","InnerPeace"],"picked":"Sanctity","floor":18}],"player_experience":815701,"relics_obtained":[{"floor":6,"key":"Yang"},{"floor":9,"key":"Singing Bowl"}],"event_choices":[{"damage_healed":0,"gold_gain":75,"player_choice":"Gather Gold","damage_taken":11,"max_hp_gain":0,"max_hp_loss":0,"event_name":"World of Goop","floor":3,"gold_loss":0},{"damage_healed":0,"gold_gain":175,"player_choice":"AGREE","damage_taken":0,"max_hp_gain":0,"max_hp_loss":0,"event_name":"Liars Game","floor":5,"gold_loss":0,"cards_obtained":["Doubt"]},{"damage_healed":0,"gold_gain":0,"player_choice":"Box","damage_taken":0,"relics_obtained":["Blue Candle"],"max_hp_gain":0,"max_hp_loss":0,"event_name":"Big Fish","floor":7,"gold_loss":0,"cards_obtained":["Regret"]},{"cards_removed":["Regret"],"damage_healed":0,"gold_gain":0,"player_choice":"Card Removal","damage_taken":0,"max_hp_gain":0,"max_hp_loss":0,"event_name":"The Cleric","floor":8,"gold_loss":50}],"is_beta":false,"boss_relics":[{"not_picked":["Philosopher\u0027s Stone","SacredBark"],"picked":"SlaversCollar"}],"items_purged_floors":[],"is_endless":false,"potions_floor_spawned":[1,16],"killed_by":"Shell Parasite","ascension_level":5}}