{"host":"sboty77psj7t2cnn","time":1611394545,"event":{"mods":["Aspiration","BaseMod","Beaked The Cultist","Better Match","Better Vampires","ChefMod","Colored Map","Conspire","Dio Mod","Downfall","Hermit","Hubris","Infinite Spire","Jorbs\u0027s Wanderer Trilogy","Minty Spire (QoL Compilation)","StSLib","The Witch"],"gold_per_floor":[99,274,274,285,304,317,342,367,377,377,13,13,45,65,83,188,188,188,198,210,222,239,239,239,239,253,253,253],"floor_reached":27,"language":"SPA","playtime":2155,"items_purged":["Doubt","beaked:Strike_Y"],"score":252,"play_id":"3a8e1d3c-bf2d-408a-92f7-df600a2aab98","local_time":"20210123033545","is_ascension_mode":false,"campfire_choices":[{"data":"beaked:Ceremony","floor":1,"key":"SMITH"},{"data":"beaked:BraceForImpact","floor":10,"key":"SMITH"},{"floor":18,"key":"RECALL"},{"data":"beaked:BraceForImpact","floor":23,"key":"SMITH"}],"circlet_count":0,"master_deck":["beaked:Strike_Y","beaked:Strike_Y","beaked:Strike_Y","beaked:Strike_Y","beaked:Strike_Y","beaked:Defend_Y","beaked:Defend_Y","beaked:Defend_Y","beaked:Defend_Y","beaked:Ceremony","beaked:Ceremony","beaked:Ceremony+1","beaked:RitualOfBody","beaked:BraceForImpact+1","beaked:DigDeep","beaked:DigDeep","beaked:BraceForImpact","beaked:SacrificialScars","beaked:BraceForImpact+1","beaked:SurvivalInstinct+1"],"relics":["beaked:MendingPlumage","hubris:Icosahedron","Smiling Mask","Oddly Smooth Stone","Thread and Needle","hubris:Reverence","hubris:Backtick","Unceasing Top","Sundial"],"acts_visited":["Exordium","TheCity"],"potions_floor_usage":[8,13,16,26,27],"damage_taken":[{"damage":6,"enemies":"Cultist","floor":4,"turns":4},{"damage":17,"enemies":"Small Slimes","floor":5,"turns":10},{"damage":16,"enemies":"2 Louse","floor":6,"turns":5},{"damage":35,"enemies":"Gremlin Nob","floor":8,"turns":5},{"damage":17,"enemies":"Blue Slaver","floor":9,"turns":16},{"damage":8,"enemies":"downfall:FleeingMerchant","floor":11,"turns":4},{"damage":10,"enemies":"Lagavulin","floor":13,"turns":8},{"damage":10,"enemies":"2 Fungi Beasts","floor":14,"turns":6},{"damage":18,"enemies":"3 Louse","floor":15,"turns":6},{"damage":24,"enemies":"WA_ARCHETYPE_RETAIN","floor":16,"turns":12},{"damage":34,"enemies":"conspire:FuzzyDice","floor":19,"turns":13},{"damage":26,"enemies":"Spheric Guardian","floor":20,"turns":10},{"damage":61,"enemies":"Snake Plant","floor":21,"turns":22},{"damage":21,"enemies":"Centurion and Healer","floor":22,"turns":15},{"damage":114,"enemies":"3 Cultists","floor":26,"turns":10},{"damage":42,"enemies":"Chosen and Byrds","floor":27,"turns":5}],"seed_played":"3292215282001906412","potions_obtained":[{"floor":4,"key":"FairyPotion"},{"floor":5,"key":"GamblersBrew"},{"floor":8,"key":"SpeedPotion"},{"floor":15,"key":"SkillPotion"},{"floor":19,"key":"BlessingOfTheForge"},{"floor":21,"key":"Dexterity Potion"}],"is_trial":false,"path_per_floor":["R","?","?","M","M","M","T","E","M","R","$","?","E","M","M","B",null,"R","M","M","M","M","R","T","AVR","M","M"],"character_chosen":"BEAKED_THE_CULTIST","items_purchased":["Thread and Needle"],"campfire_rested":0,"item_purchase_floors":[11],"current_hp_per_floor":[55,55,55,54,55,48,48,26,53,53,55,60,54,59,57,60,60,60,62,64,64,68,68,68,68,29,0,0],"gold":253,"neow_bonus":"TEN_PERCENT_HP_BONUS","is_daily":false,"chose_seed":false,"campfire_upgraded":3,"win_rate":0.0,"timestamp":1611394545,"path_taken":["R","?","?","M","M","M","T","E","M","R","$","?","E","M","M","BOSS","R","M","M","M","M","R","T","AVR","M","M"],"items_purchased_type":["Relic"],"build_version":"2020-12-22","purchased_purges":2,"victory":false,"max_hp_per_floor":[55,55,55,55,55,55,55,55,55,55,55,60,60,60,60,60,60,60,62,64,66,68,68,68,68,70,72,72],"card_choices":[{"not_picked":["beaked:BarbedWire","beaked:Tweet"],"picked":"beaked:RitualOfBody","floor":4},{"not_picked":["beaked:Tweet","beaked:Cower","beaked:CursingBlood"],"picked":"SKIP","floor":5},{"not_picked":["beaked:Tradeoff","beaked:Replenish"],"picked":"beaked:BraceForImpact","floor":6},{"not_picked":["beaked:SacrificialDive","beaked:SacrificialAttack"],"picked":"beaked:DigDeep","floor":8},{"not_picked":["beaked:Evade","beaked:WindBringer"],"picked":"beaked:DigDeep","floor":9},{"not_picked":["beaked:DarkPact","beaked:Evade","beaked:SacrificialAttack"],"picked":"SKIP","floor":11},{"not_picked":["beaked:HuntressSpirit","beaked:MimicHuntress","beaked:Cower"],"picked":"SKIP","floor":13},{"not_picked":["beaked:HuntressSpirit","beaked:Flinch","beaked:Poke"],"picked":"SKIP","floor":14},{"not_picked":["beaked:Windmill","beaked:Daydream"],"picked":"beaked:BraceForImpact","floor":15},{"not_picked":["beaked:MachineEssence","beaked:WildInstinct"],"picked":"beaked:SacrificialScars","floor":16},{"not_picked":["beaked:Tradeoff+1","beaked:CursingBlood+1"],"picked":"beaked:BraceForImpact","floor":19},{"not_picked":["beaked:Insight+1","beaked:DigDeep","beaked:Foresight"],"picked":"SKIP","floor":20},{"not_picked":["beaked:Hexing","beaked:DigDeep"],"picked":"beaked:SurvivalInstinct+1","floor":21},{"not_picked":["beaked:WarriorEssence+1","beaked:FakeOut","beaked:TuckingFeathers"],"picked":"SKIP","floor":22},{"not_picked":["beaked:Recite","beaked:Brace","beaked:Redirect"],"picked":"SKIP","floor":26}],"player_experience":387196,"relics_obtained":[{"floor":7,"key":"Smiling Mask"},{"floor":8,"key":"Oddly Smooth Stone"},{"floor":13,"key":"hubris:Reverence"}],"event_choices":[{"damage_healed":0,"gold_gain":0,"player_choice":"Donut","damage_taken":0,"max_hp_gain":5,"max_hp_loss":0,"event_name":"Big Fish","floor":12,"gold_loss":0}],"is_beta":false,"boss_relics":[{"not_picked":["Runic Pyramid","Snecko Eye"],"picked":"hubris:Backtick"}],"items_purged_floors":[11,25],"is_endless":false,"potions_floor_spawned":[4,5,8,15,19,21],"killed_by":"Chosen and Byrds","ascension_level":0}}