{"host":"Arid","time":1611432944,"event":{"mods":["AchievementEnabler","BaseMod","Downfall","Hermit","Jorbs\u0027s Wanderer Trilogy","Minty Spire (QoL Compilation)","StSLib"],"gold_per_floor":[199,209,222,222,233,143,143,43,76,96,96,116,33,46,63,163,163,63,75,60,73,73,86,116,116,141,141,141,154,167,67,8,22,126,126,126,139,149,149,164,10,33,67,80,80,130,130,130,159,5,23,23,23,50,2,2,2,2,2,2],"floor_reached":58,"language":"ENG","playtime":4902,"items_purged":["Pain","bronze:Strike"],"score":919,"play_id":"dc5159d5-e09c-4d58-90d2-5a18c60f9843","local_time":"20210123151544","is_ascension_mode":true,"campfire_choices":[{"floor":1.0,"key":"RECALL"},{"floor":8.0,"key":"REST"},{"data":"bronze:Repulsor","floor":18.0,"key":"SMITH"},{"data":"bronze:Mutator","floor":31.0,"key":"SMITH"},{"data":"bronze:Boost","floor":36.0,"key":"SMITH"},{"floor":56,"key":"REST"}],"circlet_count":0,"master_deck":["bronze:Strike","bronze:Defend","bronze:Defend","bronze:Defend","bronze:Defend","bronze:Replicate","bronze:Goto","bronze:WildBeam","bronze:Separator","bronze:Boost+1","bronze:ThunderWave","bronze:Repulsor+1","bronze:Virus+1","bronze:DarkDash+1","bronze:BronzeOrb+1","bronze:Iterate+1","bronze:RecursiveStrike+1","bronze:Repair+1","bronze:Iterate+1","bronze:Mutator+1","bronze:Flail+1","bronze:MaxOutput+1","bronze:Fortify+1","bronze:Frontload+1","bronze:CleanCode","Dramatic Entrance+1","bronze:ItsAFeature"],"relics":["bronze:PlatinumCore","WarpedTongs","downfall:HeartBlessingRed","Molten Egg 2","downfall:BrokenWingStatue","downfall:HeartBlessingGreen","Bird Faced Urn","Potion Belt","downfall:RedIOU","downfall:HeartBlessingBlue","CaptainsWheel","Empty Cage","ClockworkSouvenir","Ancient Tea Set","PreservedInsect","Dead Branch","Mercury Hourglass","Centennial Puzzle","Art of War"],"acts_visited":["Exordium","TheCity","TheBeyond","TheEnding"],"potions_floor_usage":[54,57,58,58,58],"damage_taken":[{"damage":0.0,"enemies":"Small Slimes","floor":2.0,"turns":4.0},{"damage":1.0,"enemies":"Cultist","floor":3.0,"turns":3.0},{"damage":16.0,"enemies":"Jaw Worm","floor":5.0,"turns":2.0},{"damage":4.0,"enemies":"downfall:FleeingMerchant","floor":6.0,"turns":4.0},{"damage":25.0,"enemies":"Gremlin Nob","floor":9.0,"turns":5.0},{"damage":2.0,"enemies":"Exordium Thugs","floor":10.0,"turns":3.0},{"damage":0.0,"enemies":"Gremlin Gang","floor":12.0,"turns":2.0},{"damage":10.0,"enemies":"downfall:FleeingMerchant","floor":13.0,"turns":4.0},{"damage":6.0,"enemies":"Lots of Slimes","floor":14.0,"turns":3.0},{"damage":0.0,"enemies":"Red Slaver","floor":15.0,"turns":2.0},{"damage":0.0,"enemies":"SI_SHIV_ARCHETYPE","floor":16.0,"turns":5.0},{"damage":0.0,"enemies":"3 Byrds","floor":19.0,"turns":3.0},{"damage":5.0,"enemies":"downfall:FleeingMerchant","floor":20.0,"turns":4.0},{"damage":23.0,"enemies":"Shelled Parasite and Fungi","floor":21.0,"turns":4.0},{"damage":0.0,"enemies":"Centurion and Healer","floor":23.0,"turns":3.0},{"damage":19.0,"enemies":"Slavers","floor":24.0,"turns":5.0},{"damage":0.0,"enemies":"Book of Stabbing","floor":26.0,"turns":5.0},{"damage":22.0,"enemies":"Snake Plant","floor":29.0,"turns":5.0},{"damage":0.0,"enemies":"Snecko","floor":30.0,"turns":3.0},{"damage":25.0,"enemies":"downfall:FleeingMerchant","floor":32.0,"turns":3.0},{"damage":0.0,"enemies":"Centurion and Healer","floor":33.0,"turns":5.0},{"damage":22.0,"enemies":"IC_MUSHROOM_ARCHETYPE","floor":34.0,"turns":7.0},{"damage":1.0,"enemies":"Orb Walker","floor":37.0,"turns":2.0},{"damage":17.0,"enemies":"3 Shapes","floor":38.0,"turns":3.0},{"damage":2.0,"enemies":"Spire Growth","floor":40.0,"turns":3.0},{"damage":27.0,"enemies":"Nemesis","floor":43.0,"turns":5.0},{"damage":23.0,"enemies":"4 Shapes","floor":44.0,"turns":6.0},{"damage":0.0,"enemies":"Maw","floor":46.0,"turns":4.0},{"damage":25.0,"enemies":"Writhing Mass","floor":48.0,"turns":5.0},{"damage":22.0,"enemies":"Reptomancer","floor":49.0,"turns":5.0},{"damage":0,"enemies":"Jaw Worm Horde","floor":51,"turns":4},{"damage":18,"enemies":"DF_ARCHETYPE_ORBS","floor":52,"turns":6},{"damage":46,"enemies":"downfall:CharBossMerchant","floor":54,"turns":7},{"damage":58,"enemies":"downfall:NeowBoss","floor":57,"turns":18},{"damage":57,"enemies":"downfall:NeowBossFinal","floor":58,"turns":8}],"seed_played":"-2556085323358271670","potions_obtained":[{"floor":9.0,"key":"Guardian:BlockOnCardUsePotion"},{"floor":10.0,"key":"DistilledChaos"},{"floor":12.0,"key":"SpeedPotion"},{"floor":14.0,"key":"SmokeBomb"},{"floor":16.0,"key":"FearPotion"},{"floor":29.0,"key":"Dexterity Potion"},{"floor":30.0,"key":"champ:CounterPotion"},{"floor":34.0,"key":"BlessingOfTheForge"},{"floor":40.0,"key":"PowerPotion"},{"floor":49.0,"key":"hexamod:SoulburnPotion"},{"floor":51,"key":"Block Potion"}],"is_trial":false,"path_per_floor":["R","M","M","?","M","$","T","R","E","M","?","M","$","M","M","B",null,"R","M","$","M","?","M","E","T","E","?","?","M","M","R","$","M","B",null,"R","M","M","?","M","$","T","E","M","M","?","?","M","E","$","M","B",null,"E","$","R","B","B"],"character_chosen":"THE_AUTOMATON","items_purchased":["bronze:DarkDash+1","CaptainsWheel","ClockworkSouvenir","Centennial Puzzle","sneckomod:MuddlingPotion"],"campfire_rested":2,"item_purchase_floors":[13,32,41,50,55],"current_hp_per_floor":[70,70,69,69,53,49,49,70,45,43,43,43,33,27,27,27,70,70,70,65,49,49,59,40,40,52,52,52,42,54,64,49,61,53,80,80,80,63,63,73,73,73,59,54,54,64,64,55,45,45,59,57,80,37,37,61,27,0,0,0],"gold":2,"neow_bonus":"HUNDRED_GOLD","is_daily":false,"chose_seed":false,"campfire_upgraded":3,"win_rate":0.0,"timestamp":1611432944,"path_taken":["R","M","M","?","?","$","T","R","E","M","?","M","?","?","M","BOSS","R","?","?","M","?","M","E","T","E","?","?","M","M","R","$","M","BOSS","R","M","M","?","M","$","T","E","M","M","?","?","M","E","$","M","BOSS","E","$","R","BOSS","BOSS"],"items_purchased_type":["Card","Relic","Relic","Relic","Potion"],"build_version":"2020-12-18","purchased_purges":2,"victory":false,"max_hp_per_floor":[70,70,70,70,70,70,70,70,70,70,70,70,70,70,70,70,70,70,70,70,70,70,70,70,70,70,70,70,70,70,80,80,80,80,80,80,80,80,80,80,80,80,80,80,80,80,80,80,80,80,80,80,80,80,80,80,80,80,80,80],"card_choices":[{"not_picked":["bronze:DelayedGuard","bronze:Turbo"],"picked":"bronze:WildBeam","floor":2.0},{"not_picked":["bronze:WildBeam","bronze:Iterate"],"picked":"bronze:Separator","floor":3.0},{"not_picked":["bronze:NullPointer","bronze:CutThrough"],"picked":"bronze:Boost","floor":5.0},{"not_picked":["bronze:Philosophize","bronze:Overload"],"picked":"bronze:ThunderWave","floor":6.0},{"not_picked":["bronze:Shell","bronze:Philosophize","bronze:Constructor"],"picked":"SKIP","floor":9.0},{"not_picked":["bronze:OilSpill+1","bronze:Turbo"],"picked":"bronze:Repulsor","floor":10.0},{"not_picked":["bronze:BronzeArmor","bronze:FineTuning","bronze:Invalidate"],"picked":"SKIP","floor":12.0},{"not_picked":["bronze:Return","bronze:Refactor"],"picked":"bronze:Virus+1","floor":13.0},{"not_picked":["bronze:Branch+1","bronze:BugBarrage+1"],"picked":"bronze:BronzeOrb+1","floor":14.0},{"not_picked":["bronze:BugBarrage+1","bronze:Constructor"],"picked":"bronze:Iterate+1","floor":15.0},{"not_picked":["bronze:Format","bronze:ThunderWave+1"],"picked":"bronze:RecursiveStrike+1","floor":16.0},{"not_picked":["bronze:Safeguard","bronze:FineTuning","bronze:Branch+1"],"picked":"SKIP","floor":19.0},{"not_picked":["bronze:BuggyMess","bronze:BitShift"],"picked":"bronze:Repair+1","floor":20.0},{"not_picked":["bronze:BugBarrage+1","bronze:FineTuning","bronze:Format"],"picked":"SKIP","floor":21.0},{"not_picked":["bronze:DelayedSlice+1","bronze:Separator+1"],"picked":"bronze:Iterate+1","floor":23.0},{"not_picked":["bronze:Invalidate","bronze:BugBarrage+1","bronze:BronzeOrb+1"],"picked":"SKIP","floor":24.0},{"not_picked":["bronze:Overload+1","bronze:Optimize"],"picked":"bronze:Mutator","floor":26.0},{"not_picked":["bronze:Deprecate","bronze:Branch+1"],"picked":"bronze:Flail+1","floor":29.0},{"not_picked":["bronze:Constructor","bronze:DelayedSlice+1","bronze:FineTuning+1"],"picked":"SKIP","floor":30.0},{"not_picked":["bronze:Boost","bronze:Allocate","bronze:Iterate+1"],"picked":"SKIP","floor":32.0},{"not_picked":["bronze:Overheat+1","bronze:FineTuning","bronze:OilSpill+1"],"picked":"SKIP","floor":33.0},{"not_picked":["bronze:DelayedGuard+1","bronze:Shield+1"],"picked":"bronze:MaxOutput+1","floor":37.0},{"not_picked":["bronze:BuggyMess+1","bronze:Iterate+1"],"picked":"bronze:Fortify+1","floor":38.0},{"not_picked":["bronze:Invalidate","bronze:WhirlingStrike+1","bronze:Constructor+1"],"picked":"SKIP","floor":40.0},{"not_picked":["bronze:Safeguard","bronze:BugBarrage+1","bronze:FollowUp+1"],"picked":"SKIP","floor":43.0},{"not_picked":["bronze:Return","bronze:DelayedGuard"],"picked":"bronze:Frontload+1","floor":44.0},{"not_picked":["bronze:RecursiveStrike+1","bronze:Fortify+1","bronze:Iterate+1"],"picked":"SKIP","floor":49.0},{"not_picked":["bronze:Shield+1","bronze:Return+1","bronze:Separator+1"],"picked":"SKIP","floor":51},{"not_picked":["bronze:ForceShield","bronze:Turbo","bronze:Frontload+1"],"picked":"SKIP","floor":54}],"player_experience":354227,"relics_obtained":[{"floor":9.0,"key":"Molten Egg 2"},{"floor":24.0,"key":"Bird Faced Urn"},{"floor":25.0,"key":"Juzu Bracelet"},{"floor":26.0,"key":"Potion Belt"},{"floor":42.0,"key":"Ancient Tea Set"},{"floor":43.0,"key":"PreservedInsect"},{"floor":46.0,"key":"Dead Branch"},{"floor":49.0,"key":"Mercury Hourglass"},{"floor":54,"key":"Art of War"}],"event_choices":[],"is_beta":true,"boss_relics":[{"not_picked":["SacredBark","Pandora\u0027s Box"],"picked":"bronze:PlatinumCore"},{"not_picked":["Snecko Eye","Tiny House"],"picked":"Empty Cage"}],"items_purged_floors":[6,32],"is_endless":false,"potions_floor_spawned":[9,10,12,14,16,19,23,29,30,34,40,48,49,51],"killed_by":"downfall:NeowBossFinal","ascension_level":2}}