{"host":"Jedit","time":1611445593,"event":{"mods":["BaseMod","Downfall","Minty Spire (QoL Compilation)","Relic Stats","StSLib"],"gold_per_floor":[16,29,29,29,45,45,77,95,95,130,148,148,3,16,16,117,117,134,23,23,23,23,23,55,55,55,88,88,1,20,37,37,140,140,153,163,176,176,176,0,0,13,38,38,38,55,92,102,102,102,102,102,16,60,60,60,60],"floor_reached":55,"language":"ENG","playtime":3388,"items_purged":["bronze:Strike"],"score":849,"play_id":"7c5e6b88-4cb6-43c6-a638-20e6bf7d22da","local_time":"20210123234633","is_ascension_mode":true,"campfire_choices":[{"data":"Violence","floor":6,"key":"SMITH"},{"floor":12,"key":"DIG"},{"floor":15,"key":"DIG"},{"floor":23,"key":"DIG"},{"floor":25,"key":"REST"},{"floor":32,"key":"DIG"},{"floor":41,"key":"DIG"},{"floor":45,"key":"RECALL"},{"floor":49,"key":"REST"},{"floor":52,"key":"DIG"}],"circlet_count":0,"master_deck":["bronze:Defend","bronze:Defend","bronze:Replicate","bronze:Goto+1","Violence+1","bronze:Separator+1","bronze:Constructor+1","bronze:BronzeOrb","bronze:GetLatest","bronze:Separator","bronze:Invalidate","bronze:Optimize","bronze:ChosenStrike","bronze:Separator+1","bronze:ClassDefault","bronze:Safeguard","bronze:Iterate","bronze:FineTuning","bronze:Overheat+1","bronze:Safeguard","bronze:Virus","bronze:CutThrough+1","bronze:Branch+1","bronze:Branch","bronze:BronzeOrb+1","bronze:Constructor","bronze:Refactor+1","bronze:Fortify+1","bronze:FineTuning","Parasite","bronze:Constructor","bronze:Constructor","bronze:Assembly","bronze:ChildClass","bronze:Constructor+1"],"relics":["bronze:BronzeCore","Shovel","InkBottle","Juzu Bracelet","TheAbacus","Ancient Tea Set","Empty Cage","Dead Branch","FossilizedHelix","The Courier","Lizard Tail","hexamod:BolsterEngine","Prayer Wheel","bronze:ElectromagneticCoil","Red Mask","Toy Ornithopter","Akabeko","CeramicFish","Letter Opener","Centennial Puzzle"],"acts_visited":["Exordium","TheCity","TheBeyond","TheEnding"],"potions_floor_usage":[11,16,18,24,27,27,33,46,50,54,55],"damage_taken":[{"damage":0,"enemies":"Small Slimes","floor":1,"turns":4},{"damage":0,"enemies":"Cultist","floor":2,"turns":2},{"damage":0,"enemies":"Jaw Worm","floor":5,"turns":3},{"damage":8,"enemies":"3 Sentries","floor":7,"turns":8},{"damage":19,"enemies":"Large Slime","floor":8,"turns":4},{"damage":12,"enemies":"Lagavulin","floor":10,"turns":6},{"damage":0,"enemies":"Looter","floor":11,"turns":3},{"damage":0,"enemies":"Lots of Slimes","floor":14,"turns":3},{"damage":11,"enemies":"The Guardian","floor":16,"turns":9},{"damage":0,"enemies":"Chosen","floor":18,"turns":2},{"damage":43,"enemies":"Gremlin Leader","floor":24,"turns":8},{"damage":9,"enemies":"Book of Stabbing","floor":27,"turns":5},{"damage":0,"enemies":"Shell Parasite","floor":30,"turns":3},{"damage":0,"enemies":"3 Cultists","floor":31,"turns":4},{"damage":7,"enemies":"Collector","floor":33,"turns":9},{"damage":0,"enemies":"Orb Walker","floor":35,"turns":2},{"damage":14,"enemies":"3 Darklings","floor":36,"turns":4},{"damage":0,"enemies":"Maw","floor":37,"turns":8},{"damage":0,"enemies":"Jaw Worm Horde","floor":42,"turns":3},{"damage":26,"enemies":"Writhing Mass","floor":46,"turns":6},{"damage":59,"enemies":"Reptomancer","floor":47,"turns":10},{"damage":0,"enemies":"Spire Growth","floor":48,"turns":3},{"damage":59,"enemies":"Donu and Deca","floor":50,"turns":13},{"damage":63,"enemies":"Shield and Spear","floor":54,"turns":8},{"damage":13,"enemies":"The Heart","floor":55,"turns":6}],"seed_played":"-8004192243813776997","potions_obtained":[{"floor":1,"key":"SkillPotion"},{"floor":7,"key":"DistilledChaos"},{"floor":8,"key":"Weak Potion"},{"floor":14,"key":"BlessingOfTheForge"},{"floor":18,"key":"SkillPotion"},{"floor":24,"key":"ColorlessPotion"},{"floor":31,"key":"bronze:CleanCodePotion"},{"floor":33,"key":"Swift Potion"},{"floor":35,"key":"Ancient Potion"},{"floor":36,"key":"BlessingOfTheForge"}],"is_trial":false,"path_per_floor":["M","M","$","?","M","R","E","M","T","E","M","R","$","M","R","B",null,"M","$","?","?","$","R","E","R","T","E","?","?","M","M","R","B",null,"M","M","M","?","?","?","R","M","T","$","R","M","E","M","R","B",null,"R","$","E","B"],"character_chosen":"THE_AUTOMATON","items_purchased":["TheAbacus","bronze:ClassDefault","bronze:ChildClass","Weak Potion"],"campfire_rested":2,"item_purchase_floors":[13,19,53,53],"current_hp_per_floor":[70,70,70,70,70,70,62,43,43,31,31,31,31,31,31,20,70,70,70,70,70,70,70,27,48,48,39,39,39,39,39,39,32,70,70,56,56,70,70,70,70,70,70,70,70,44,35,35,56,2,70,70,70,7,0,0,0],"gold":60,"neow_bonus":"RANDOM_COLORLESS_2","is_daily":false,"chose_seed":false,"campfire_upgraded":1,"win_rate":0.0,"timestamp":1611445593,"path_taken":["M","M","$","?","M","R","E","?","T","E","?","R","?","M","R","BOSS","M","?","?","?","$","R","E","R","T","E","?","?","M","M","R","BOSS","M","M","M","?","?","?","R","M","T","$","R","M","E","M","R","BOSS","R","$","E","BOSS"],"items_purchased_type":["Relic","Card","Card","Potion"],"build_version":"2020-12-18","purchased_purges":1,"victory":false,"max_hp_per_floor":[70,70,70,70,70,70,70,70,70,70,70,70,70,70,70,70,70,70,70,70,70,70,70,70,70,70,70,70,70,70,70,70,70,70,70,70,70,70,70,70,70,70,70,70,70,70,70,70,70,70,70,70,70,70,70,70,70],"relic_stats":{"counters":[25,136],"Dead Branch":[175],"CeramicFish":27,"Juzu Bracelet":3,"Letter Opener":[25],"Lizard Tail":35,"Centennial Puzzle":[3],"Shovel":6,"TheAbacus":[180],"Prayer Wheel":6,"obtain_stats":[{"bronze:ElectromagneticCoil":34,"bronze:BronzeCore":0,"Dead Branch":23,"CeramicFish":47,"The Courier":26,"Juzu Bracelet":12,"Letter Opener":52,"Ancient Tea Set":15,"Empty Cage":17,"Akabeko":43,"Lizard Tail":27,"Centennial Puzzle":54,"Shovel":7,"TheAbacus":13,"Prayer Wheel":32,"Red Mask":40,"hexamod:BolsterEngine":29,"InkBottle":10,"FossilizedHelix":24,"Toy Ornithopter":41},{"bronze:ElectromagneticCoil":15,"bronze:BronzeCore":0,"Dead Branch":10,"CeramicFish":21,"The Courier":11,"Juzu Bracelet":7,"Letter Opener":23,"Ancient Tea Set":8,"Empty Cage":9,"Akabeko":19,"Lizard Tail":12,"Centennial Puzzle":24,"Shovel":4,"TheAbacus":7,"Prayer Wheel":14,"Red Mask":18,"hexamod:BolsterEngine":12,"InkBottle":6,"FossilizedHelix":11,"Toy Ornithopter":18},{"bronze:ElectromagneticCoil":73,"bronze:BronzeCore":0,"Dead Branch":44,"CeramicFish":106,"The Courier":52,"Juzu Bracelet":30,"Letter Opener":122,"Ancient Tea Set":33,"Empty Cage":42,"Akabeko":90,"Lizard Tail":57,"Centennial Puzzle":130,"Shovel":17,"TheAbacus":30,"Prayer Wheel":64,"Red Mask":87,"hexamod:BolsterEngine":57,"InkBottle":27,"FossilizedHelix":52,"Toy Ornithopter":87}],"InkBottle":[53],"Toy Ornithopter":10},"card_choices":[{"not_picked":["Mayhem","Panache"],"picked":"Violence","floor":0},{"not_picked":["bronze:Overheat","bronze:Flail"],"picked":"bronze:Separator","floor":1},{"not_picked":["bronze:Invalidate","bronze:BitShift"],"picked":"bronze:Constructor","floor":2},{"not_picked":["bronze:Return","bronze:WhirlingStrike"],"picked":"bronze:BronzeOrb","floor":5},{"not_picked":["bronze:ForceShield","bronze:Allocate"],"picked":"bronze:GetLatest","floor":7},{"not_picked":["bronze:BitShift","bronze:FineTuning"],"picked":"bronze:Separator","floor":8},{"not_picked":["bronze:RecursiveStrike","bronze:BugBarrage"],"picked":"bronze:Invalidate","floor":10},{"not_picked":["bronze:Backtrace","bronze:Invalidate"],"picked":"bronze:Optimize","floor":11},{"not_picked":["bronze:MaxOutput","bronze:Allocate"],"picked":"bronze:ChosenStrike","floor":14},{"not_picked":["bronze:BuggyMess","bronze:BugBarrage"],"picked":"bronze:Separator+1","floor":18},{"not_picked":["bronze:Invalidate","bronze:DigitalCarnage+1"],"picked":"bronze:FineTuning","floor":24},{"not_picked":["bronze:ForceShield","bronze:Repulsor"],"picked":"bronze:Overheat+1","floor":27},{"not_picked":["bronze:Fortify","bronze:BuggyMess","bronze:DelayedGuard"],"picked":"SKIP","floor":30},{"not_picked":["bronze:BugBarrage","bronze:BronzeArmor"],"picked":"bronze:Safeguard","floor":31},{"not_picked":["bronze:Mutator","bronze:TinkerersToolbox"],"picked":"bronze:Virus","floor":33},{"not_picked":["bronze:Allocate+1","bronze:BuggyMess+1"],"picked":"bronze:CutThrough+1","floor":35},{"not_picked":["bronze:Turbo","bronze:Repair+1"],"picked":"bronze:Branch+1","floor":35},{"not_picked":["bronze:Iterate+1","bronze:WhirlingStrike+1"],"picked":"bronze:Branch","floor":36},{"not_picked":["bronze:Overheat","bronze:AlphaBuild"],"picked":"bronze:BronzeOrb+1","floor":36},{"not_picked":["bronze:DarkDash+1","bronze:Return"],"picked":"bronze:Constructor","floor":37},{"not_picked":["bronze:BuggyMess","bronze:WildBeam"],"picked":"bronze:Refactor+1","floor":37},{"not_picked":["bronze:WhirlingStrike+1","bronze:ClassDefault+1"],"picked":"bronze:Fortify+1","floor":42},{"not_picked":["bronze:WhirlingStrike","bronze:DelayedGuard"],"picked":"bronze:FineTuning","floor":42},{"not_picked":["bronze:Virus","bronze:Invalidate"],"picked":"bronze:Constructor","floor":46},{"not_picked":["bronze:DarkDash+1","bronze:Overheat"],"picked":"bronze:Constructor","floor":46},{"not_picked":["bronze:Deprecate+1","bronze:CutThrough"],"picked":"bronze:Assembly","floor":47},{"not_picked":["bronze:WildBeam+1","bronze:Constructor","bronze:Frontload"],"picked":"SKIP","floor":48},{"not_picked":["bronze:BuggyMess+1","bronze:OilSpill+1","bronze:Separator"],"picked":"SKIP","floor":48},{"not_picked":["bronze:Turbo+1","bronze:Deprecate"],"picked":"bronze:Constructor+1","floor":54}],"player_experience":3688817,"relics_obtained":[{"floor":7,"key":"Shovel"},{"floor":10,"key":"InkBottle"},{"floor":12,"key":"Juzu Bracelet"},{"floor":15,"key":"Ancient Tea Set"},{"floor":23,"key":"Dead Branch"},{"floor":24,"key":"FossilizedHelix"},{"floor":26,"key":"The Courier"},{"floor":27,"key":"Lizard Tail"},{"floor":32,"key":"Prayer Wheel"},{"floor":41,"key":"Toy Ornithopter"},{"floor":43,"key":"Akabeko"},{"floor":47,"key":"CeramicFish"},{"floor":52,"key":"Letter Opener"},{"floor":54,"key":"Centennial Puzzle"}],"event_choices":[{"damage_healed":0,"gold_gain":0,"cards_transformed":["bronze:Strike","bronze:Defend"],"player_choice":"Became Test Subject","damage_taken":0,"max_hp_gain":0,"max_hp_loss":0,"event_name":"Drug Dealer","floor":20,"gold_loss":0,"cards_obtained":["bronze:Allocate","bronze:Safeguard"]},{"damage_healed":0,"gold_gain":0,"player_choice":"Paid Gold","damage_taken":0,"relics_obtained":["hexamod:BolsterEngine"],"max_hp_gain":0,"max_hp_loss":0,"event_name":"WeMeetAgain","floor":29,"gold_loss":87},{"cards_removed":["bronze:Allocate"],"damage_healed":14,"gold_gain":0,"player_choice":"Offered Uncommon","damage_taken":0,"max_hp_gain":0,"max_hp_loss":0,"event_name":"Bonfire Elementals","floor":38,"gold_loss":0},{"damage_healed":0,"gold_gain":0,"player_choice":"Memory 1","damage_taken":0,"max_hp_gain":0,"max_hp_loss":0,"event_name":"SensoryStone","floor":39,"gold_loss":0},{"damage_healed":0,"gold_gain":0,"player_choice":"Paid","damage_taken":0,"relics_obtained":["Red Mask"],"max_hp_gain":0,"max_hp_loss":0,"event_name":"Tomb of Lord Red Mask","floor":40,"gold_loss":176}],"is_beta":true,"boss_relics":[{"not_picked":["Snecko Eye","SlaversCollar"],"picked":"Empty Cage"},{"not_picked":["Calling Bell","Philosopher\u0027s Stone"],"picked":"bronze:ElectromagneticCoil"}],"items_purged_floors":[19],"is_endless":false,"potions_floor_spawned":[1,7,8,14,18,24,31,33,35,36],"killed_by":"The Heart","ascension_level":3}}