{"host":"1vfpjvae9xcvmh7u","time":1611385894,"event":{"mods":["BaseMod","Downfall","Hermit","Hubris","Minty Spire (QoL Compilation)","Robot Space Explorer","StSLib","The Cursed","The Forsaken","The Necromancer","The Servant 0.9.4"],"gold_per_floor":[0,19,37,37,53,83,83,68,68,68,84,84,98,98,114,214,214,214,234,27,42,52,80,106,106,118,118,133,133,148,133,147,242,242,242,256,274,274,274,274],"floor_reached":38,"language":"ENG","playtime":4022,"items_purged":[],"score":420,"play_id":"50a98a5a-7f49-4eab-b3f9-7c63459b6b72","local_time":"20210122231134","is_ascension_mode":true,"campfire_choices":[{"data":"champ:Taunt","floor":1,"key":"SMITH"},{"data":"champ:Lariat","floor":10,"key":"SMITH"},{"data":"champ:StanceDance","floor":12,"key":"SMITH"},{"data":"champ:GladiatorForm","floor":18,"key":"SMITH"},{"floor":27,"key":"REST"},{"data":"champ:DancingMaster","floor":29,"key":"SMITH"},{"data":"champ:ShieldThrow","floor":35,"key":"SMITH"}],"circlet_count":0,"master_deck":["champ:Strike","champ:Defend","champ:Defend","champ:Defend","champ:Defend","champ:Execute","champ:Taunt+1","champ:DefensiveShout","champ:Lariat+1","champ:Parry","champ:StanceDance+1","champ:StanceDance","champ:GladiatorForm+1","champ:StanceDance+1","champ:DefensiveStyle","champ:DancingMaster+1","champ:SwordThrow","champ:BerserkerStyle","champ:AdrenalArmor","champ:ShieldThrow+1"],"relics":["champ:ChampionCrown","Incense Burner","Turnip","White Beast Statue","hubris:Towel","Smiling Mask","Busted Crown","Omamori","Blood Vial","Nunchaku","theForsaken:PaleLantern"],"acts_visited":["Exordium","TheCity","TheBeyond"],"potions_floor_usage":[6,6,15,16,16,16,19,21,21,23,23,30,32,32,33,33,37,38,38],"damage_taken":[{"damage":26,"enemies":"Jaw Worm","floor":2,"turns":4},{"damage":11,"enemies":"Cultist","floor":3,"turns":3},{"damage":10,"enemies":"2 Louse","floor":5,"turns":2},{"damage":32,"enemies":"3 Sentries","floor":6,"turns":8},{"damage":20,"enemies":"downfall:FleeingMerchant","floor":8,"turns":4},{"damage":11,"enemies":"2 Fungi Beasts","floor":11,"turns":3},{"damage":20,"enemies":"Lots of Slimes","floor":13,"turns":5},{"damage":10,"enemies":"Blue Slaver","floor":15,"turns":2},{"damage":70,"enemies":"DF_ARCHETYPE_STREAMLINE","floor":16,"turns":14},{"damage":30,"enemies":"3 Byrds","floor":19,"turns":5},{"damage":11,"enemies":"downfall:FleeingMerchant","floor":20,"turns":4},{"damage":13,"enemies":"Chosen","floor":21,"turns":5},{"damage":12,"enemies":"Centurion and Healer","floor":22,"turns":5},{"damage":60,"enemies":"Gremlin Leader","floor":23,"turns":7},{"damage":40,"enemies":"Shelled Parasite and Fungi","floor":26,"turns":5},{"damage":52,"enemies":"Snake Plant","floor":28,"turns":4},{"damage":52,"enemies":"Centurion and Healer","floor":30,"turns":6},{"damage":13,"enemies":"downfall:FleeingMerchant","floor":31,"turns":4},{"damage":20,"enemies":"Snecko","floor":32,"turns":5},{"damage":81,"enemies":"SI_MIRROR_ARCHETYPE","floor":33,"turns":11},{"damage":60,"enemies":"3 Darklings","floor":36,"turns":8},{"damage":47,"enemies":"3 Shapes","floor":37,"turns":6},{"damage":63,"enemies":"Transient","floor":38,"turns":5}],"seed_played":"4804759666934815001","potions_obtained":[{"floor":2,"key":"Energy Potion"},{"floor":4,"key":"Energy Potion"},{"floor":4,"key":"champ:UltimateStancePotion"},{"floor":6,"key":"Fire Potion"},{"floor":8,"key":"Swift Potion"},{"floor":11,"key":"BlessingOfTheForge"},{"floor":13,"key":"Weak Potion"},{"floor":15,"key":"SkillPotion"},{"floor":16,"key":"Weak Potion"},{"floor":19,"key":"ColorlessPotion"},{"floor":20,"key":"AttackPotion"},{"floor":21,"key":"Swift Potion"},{"floor":22,"key":"champ:CounterPotion"},{"floor":23,"key":"FearPotion"},{"floor":26,"key":"BlessingOfTheForge"},{"floor":28,"key":"LiquidMemories"},{"floor":30,"key":"bronze:BurnAndBuffPotion"},{"floor":31,"key":"ColorlessPotion"},{"floor":32,"key":"SkillPotion"},{"floor":33,"key":"hexamod:SoulburnPotion"},{"floor":36,"key":"Energy Potion"},{"floor":37,"key":"hexamod:SoulburnPotion"}],"is_trial":false,"path_per_floor":["R","M","M","?","M","E","T","$","?","R","M","R","M","?","M","B",null,"R","M","$","M","M","E","T","?","M","R","M","R","M","$","M","B",null,"R","M","M","M"],"character_chosen":"THE_CHAMP","items_purchased":["champ:DefensiveStyle","Omamori"],"campfire_rested":1,"item_purchase_floors":[20,20],"current_hp_per_floor":[90,84,90,90,90,78,78,78,78,78,77,77,77,70,70,35,90,90,70,79,76,74,49,49,49,51,78,80,80,82,81,80,76,90,90,90,53,0,0,0],"gold":274,"neow_bonus":"ONE_RARE_RELIC","is_daily":false,"chose_seed":false,"campfire_upgraded":6,"win_rate":0.0,"timestamp":1611385894,"path_taken":["R","M","M","?","?","E","T","$","?","R","M","R","M","?","M","BOSS","R","M","$","M","M","E","T","?","M","R","M","R","?","$","M","BOSS","R","M","M","M"],"items_purchased_type":["Card","Relic"],"build_version":"2020-12-22","purchased_purges":0,"victory":false,"max_hp_per_floor":[90,90,90,90,90,90,90,90,90,90,90,90,90,90,90,90,90,90,90,90,90,90,90,90,90,90,90,90,90,90,90,90,90,90,90,90,90,90,90,90],"card_choices":[{"not_picked":["champ:CrownThrow","champ:Shatter"],"picked":"champ:DefensiveShout","floor":2},{"not_picked":["champ:Backstep","champ:PreemptiveStrike"],"picked":"champ:Lariat","floor":3},{"not_picked":["champ:FancyFootwork","champ:DefensiveShout"],"picked":"champ:Parry","floor":5},{"not_picked":["champ:DeathBlow","champ:BladeFlurry","champ:Haymaker"],"picked":"SKIP","floor":6},{"not_picked":["champ:ViciousMockery","champ:SetATrap"],"picked":"champ:StanceDance","floor":8},{"not_picked":["champ:EndlessRage","champ:DefensiveShout","champ:Parry"],"picked":"SKIP","floor":11},{"not_picked":["champ:DeathBlow","champ:Backstep","champ:Shatter"],"picked":"SKIP","floor":13},{"not_picked":["champ:Haymaker","champ:Shatter"],"picked":"champ:StanceDance","floor":15},{"not_picked":["champ:SteelEdge","champ:UltimateStance"],"picked":"champ:GladiatorForm","floor":16},{"not_picked":[],"picked":"champ:StanceDance+1","floor":19},{"not_picked":["champ:CrookedStrike"],"picked":"SKIP","floor":20},{"not_picked":["champ:CrownThrow"],"picked":"SKIP","floor":21},{"not_picked":["champ:Encircle"],"picked":"SKIP","floor":22},{"not_picked":[],"picked":"champ:DancingMaster","floor":23},{"not_picked":["champ:CrownThrow"],"picked":"SKIP","floor":26},{"not_picked":["champ:EndlessRage"],"picked":"SKIP","floor":28},{"not_picked":["champ:Circumvent"],"picked":"SKIP","floor":30},{"not_picked":["champ:DefensiveShout"],"picked":"SKIP","floor":31},{"not_picked":["champ:RecklessLeap+1"],"picked":"SKIP","floor":32},{"not_picked":[],"picked":"champ:ShieldThrow","floor":33},{"not_picked":["champ:BerserkerStyle+1"],"picked":"SKIP","floor":36},{"not_picked":["champ:Backstep"],"picked":"SKIP","floor":37}],"player_experience":1807438,"relics_obtained":[{"floor":6,"key":"Turnip"},{"floor":7,"key":"White Beast Statue"},{"floor":23,"key":"Blood Vial"},{"floor":24,"key":"Nunchaku"}],"event_choices":[{"damage_healed":0,"gold_gain":0,"player_choice":"Got Potions","damage_taken":0,"max_hp_gain":0,"max_hp_loss":0,"event_name":"Lab","floor":4,"gold_loss":0},{"damage_healed":0,"gold_gain":0,"player_choice":"Success","damage_taken":7,"relics_obtained":["Smiling Mask"],"max_hp_gain":0,"max_hp_loss":0,"event_name":"Scrap Ooze","floor":14,"gold_loss":0}],"is_beta":false,"boss_relics":[{"not_picked":["SacredBark","hubris:CrackedHourglass"],"picked":"Busted Crown"},{"not_picked":["Sozu","hubris:VirtuousBlindfold"],"picked":"theForsaken:PaleLantern"}],"items_purged_floors":[],"is_endless":false,"potions_floor_spawned":[2,5,6,8,11,13,15,16,19,20,21,22,23,26,28,30,31,32,33,36,37],"killed_by":"Transient","ascension_level":1}}