{"host":"ga4s3hj9m6nkn6gp","time":1611363401,"event":{"mods":["AchievementEnabler","BaseMod","Bestiary","Colored Powertips","Highlight Path","Minty Spire (QoL Compilation)","Relic Stats","everything is the same but u backflip on backflip"],"gold_per_floor":[111,131,142,142,142,142,169,134,215,242,242,270,270,282,282,357,357,337,337,349,47,63,92,92,117,117,167,167,167],"floor_reached":28,"language":"ENG","playtime":1494,"items_purged":["Strike_G"],"score":528,"play_id":"a1b9b780-fab1-4213-b51b-a213aa7428ef","local_time":"20210123015641","is_ascension_mode":true,"campfire_choices":[{"data":"Masterful Stab","floor":6.0,"key":"SMITH"},{"data":"Underhanded Strike","floor":11.0,"key":"SMITH"},{"data":"Dagger Spray","floor":13,"key":"SMITH"},{"floor":15,"key":"REST"},{"floor":24,"key":"REST"}],"circlet_count":0,"master_deck":["AscendersBane","Strike_G","Strike_G+1","Strike_G","Defend_G","Defend_G","Defend_G","Defend_G","Defend_G","Survivor","Neutralize+1","Dagger Spray+1","Underhanded Strike+1","Well Laid Plans","Masterful Stab+1","Adrenaline","Burst","Acrobatics","Reflex","Dagger Throw","Wraith Form v2"],"relics":["Ring of the Snake","Whetstone","Bottled Flame","Ice Cream","Odd Mushroom","HoveringKite","Lee\u0027s Waffle","PreservedInsect","Kunai","Shovel"],"acts_visited":["Exordium","TheCity"],"potions_floor_usage":[16,23,25],"damage_taken":[{"damage":2.0,"enemies":"Small Slimes","floor":1.0,"turns":5.0},{"damage":7.0,"enemies":"Jaw Worm","floor":2.0,"turns":7.0},{"damage":0.0,"enemies":"2 Louse","floor":3.0,"turns":3.0},{"damage":48.0,"enemies":"Lagavulin","floor":7.0,"turns":10.0},{"damage":10.0,"enemies":"3 Sentries","floor":10.0,"turns":5.0},{"damage":0,"enemies":"The Mushroom Lair","floor":12,"turns":3},{"damage":1,"enemies":"Looter","floor":14,"turns":3},{"damage":13,"enemies":"Slime Boss","floor":16,"turns":6},{"damage":9,"enemies":"2 Thieves","floor":18,"turns":4},{"damage":13,"enemies":"Spheric Guardian","floor":20,"turns":4},{"damage":0,"enemies":"Snecko","floor":22,"turns":6},{"damage":78,"enemies":"Book of Stabbing","floor":23,"turns":7},{"damage":18,"enemies":"Slavers","floor":25,"turns":6},{"damage":18,"enemies":"Chosen and Byrds","floor":28,"turns":5}],"seed_played":"45923522156415882","potions_obtained":[{"floor":3.0,"key":"SteroidPotion"},{"floor":7.0,"key":"CultistPotion"},{"floor":10.0,"key":"Weak Potion"},{"floor":12,"key":"LiquidMemories"},{"floor":20,"key":"CunningPotion"}],"is_trial":false,"path_per_floor":["M","M","M","?","T","R","E","?","T","E","R","?","R","M","R","B",null,"M","?","M","$","M","E","R","E","T","?","M"],"character_chosen":"THE_SILENT","items_purchased":["Lee\u0027s Waffle","Dagger Throw"],"campfire_rested":2,"item_purchase_floors":[21,21],"current_hp_per_floor":[63,56,56,56,56,56,8,26,26,16,16,16,16,15,36,23,60,51,51,38,79,79,1,24,6,6,6,0,0],"gold":167,"neow_bonus":"TEN_PERCENT_HP_BONUS","is_daily":false,"chose_seed":false,"campfire_upgraded":3,"win_rate":0.0,"timestamp":1611363401,"path_taken":["M","M","M","?","?","R","E","?","T","E","R","?","R","M","R","BOSS","M","?","M","$","M","E","R","E","T","?","M"],"items_purchased_type":["Relic","Card"],"build_version":"2020-12-22","purchased_purges":1,"victory":false,"max_hp_per_floor":[72,72,72,72,72,72,72,72,72,72,72,72,72,72,72,72,72,72,72,72,79,79,79,79,79,79,79,79,79],"relic_stats":{"Lee\u0027s Waffle":41,"Shovel":0,"counters":[14,74],"HoveringKite":[20],"PreservedInsect":42,"Whetstone":["Strike_G","Neutralize"],"Kunai":[3],"obtain_stats":[{"Ice Cream":10,"Bottled Flame":9,"Lee\u0027s Waffle":21,"Shovel":26,"HoveringKite":17,"PreservedInsect":23,"Whetstone":7,"Kunai":25,"Odd Mushroom":12,"Ring of the Snake":0},{"Ice Cream":5,"Bottled Flame":4,"Lee\u0027s Waffle":10,"Shovel":13,"HoveringKite":8,"PreservedInsect":12,"Whetstone":4,"Kunai":13,"Odd Mushroom":6,"Ring of the Snake":0},{"Ice Cream":30,"Bottled Flame":25,"Lee\u0027s Waffle":50,"Shovel":69,"HoveringKite":42,"PreservedInsect":63,"Whetstone":25,"Kunai":69,"Odd Mushroom":33,"Ring of the Snake":0}],"Ring of the Snake":[28]},"card_choices":[{"not_picked":["Deflect","Flechettes"],"picked":"Dagger Spray","floor":1.0},{"not_picked":["Catalyst","Dagger Spray"],"picked":"Underhanded Strike","floor":2.0},{"not_picked":["Deadly Poison","Leg Sweep"],"picked":"Well Laid Plans","floor":3.0},{"not_picked":["Accuracy","Sucker Punch"],"picked":"Adrenaline","floor":7.0},{"not_picked":["Cloak And Dagger","Outmaneuver","Deflect"],"picked":"SKIP","floor":10.0},{"not_picked":["Well Laid Plans","Deflect","Blur"],"picked":"SKIP","floor":14},{"not_picked":["Grand Finale","Envenom"],"picked":"Burst","floor":16},{"not_picked":["Dodge and Roll","Dagger Throw"],"picked":"Acrobatics","floor":18},{"not_picked":["Expertise","PiercingWail"],"picked":"Reflex","floor":20},{"not_picked":["Bane+1","Quick Slash","Flechettes"],"picked":"SKIP","floor":22},{"not_picked":["Deflect","Masterful Stab"],"picked":"Wraith Form v2","floor":23},{"not_picked":["Deadly Poison","Sucker Punch","Dagger Spray"],"picked":"SKIP","floor":25}],"player_experience":667046,"relics_obtained":[{"floor":7.0,"key":"Whetstone"},{"floor":9.0,"key":"Bottled Flame"},{"floor":10.0,"key":"Ice Cream"},{"floor":12,"key":"Odd Mushroom"},{"floor":23,"key":"PreservedInsect"},{"floor":25,"key":"Kunai"},{"floor":26,"key":"Shovel"}],"event_choices":[{"damage_healed":0.0,"max_hp_gain":0.0,"max_hp_loss":0.0,"gold_gain":0.0,"cards_transformed":["Strike_G"],"event_name":"Living Wall","player_choice":"Change","floor":4.0,"gold_loss":0.0,"damage_taken":0.0,"cards_obtained":["Masterful Stab"]},{"damage_healed":18.0,"max_hp_gain":0.0,"max_hp_loss":0.0,"gold_gain":0.0,"event_name":"The Cleric","player_choice":"Healed","floor":8.0,"gold_loss":35.0,"damage_taken":0.0},{"damage_healed":0,"gold_gain":0,"player_choice":"Fought Mushrooms","damage_taken":0,"max_hp_gain":0,"max_hp_loss":0,"event_name":"Mushrooms","floor":12,"gold_loss":0},{"damage_healed":0,"gold_gain":0,"player_choice":"Ignored","damage_taken":0,"max_hp_gain":0,"max_hp_loss":0,"event_name":"Vampires","floor":19,"gold_loss":0},{"damage_healed":0,"gold_gain":50,"player_choice":"Stole From Cult","damage_taken":0,"max_hp_gain":0,"max_hp_loss":0,"event_name":"Nest","floor":27,"gold_loss":0}],"is_beta":false,"boss_relics":[{"not_picked":["SlaversCollar","WristBlade"],"picked":"HoveringKite"}],"items_purged_floors":[21],"is_endless":false,"potions_floor_spawned":[3,7,10,12,20,22],"killed_by":"Chosen and Byrds","ascension_level":20}}