{"host":"39i3emxub3h8uyq3","time":1611435774,"event":{"mods":["AchievementEnabler","BaseMod","Clockwork Mod","Colored Map","Downfall","Glutton Mod","Gold Saver","Minty Spire (QoL Compilation)","StSLib","TheHeartMod"],"gold_per_floor":[110,39,53,77,114,126,162,202,214,251,45,45,45,81,81,193,193,212,223,223,223,223],"floor_reached":20,"language":"ENG","playtime":1519,"items_purged":[],"score":176,"play_id":"0e6e67c8-6980-40e7-9921-05094f5efe9b","local_time":"20210123160254","is_ascension_mode":false,"campfire_choices":[{"floor":6,"key":"REST"},{"floor":12,"key":"REST"},{"floor":15,"key":"REST"}],"circlet_count":0,"master_deck":["hexamod:Strike","hexamod:Strike","hexamod:Defend","hexamod:Defend","hexamod:Defend","hexamod:Defend","hexamod:Sear","hexamod:Float","hexamod:Incineration","hexamod:RadiantFlame","hexamod:SecondSeal","hexamod:FourthSeal","hexamod:ChargedBarrage","hexamod:FirstSeal","hexamod:Firestarter","hexamod:ThirdSeal","hexamod:BurningTouch","hexamod:SpectersWail","hexamod:FifthSeal","hexamod:ThermalTransfer","hexamod:NightmareStrike","hexamod:SoulSteal"],"relics":["hexamod:SpiritBrand","MawBank","Pantograph","Lantern","Ancient Tea Set","Blood Vial","Empty Cage"],"acts_visited":["Exordium","TheCity"],"potions_floor_usage":[8,19],"damage_taken":[{"damage":0,"enemies":"Cultist","floor":1,"turns":4},{"damage":2,"enemies":"2 Louse","floor":3,"turns":4},{"damage":15,"enemies":"Jaw Worm","floor":5,"turns":4},{"damage":0,"enemies":"Large Slime","floor":7,"turns":6},{"damage":18,"enemies":"Exordium Wildlife","floor":8,"turns":5},{"damage":10,"enemies":"Blue Slaver","floor":10,"turns":4},{"damage":23,"enemies":"Gremlin Nob","floor":14,"turns":5},{"damage":9,"enemies":"Slime Boss","floor":16,"turns":9},{"damage":47,"enemies":"Spheric Guardian","floor":18,"turns":6},{"damage":25,"enemies":"2 Thieves","floor":19,"turns":4},{"damage":37,"enemies":"Centurion and Healer","floor":20,"turns":5}],"seed_played":"6703988974751613175","potions_obtained":[{"floor":1,"key":"Weak Potion"},{"floor":5,"key":"SteroidPotion"},{"floor":7,"key":"LiquidBronze"},{"floor":7,"key":"champ:CounterPotion"},{"floor":8,"key":"LiquidBronze"},{"floor":16,"key":"Regen Potion"},{"floor":18,"key":"BlessingOfTheForge"},{"floor":19,"key":"FearPotion"}],"is_trial":false,"path_per_floor":["M","$","M","T","M","R","M","M","T","M","$","R","?","E","R","B",null,"M","M","M"],"character_chosen":"THE_SPIRIT","items_purchased":["hexamod:RadiantFlame","Lantern","hexamod:ThirdSeal"],"campfire_rested":3,"item_purchase_floors":[2,11,11],"current_hp_per_floor":[77,77,75,75,60,77,77,59,59,56,56,77,77,61,77,75,77,37,35,0,0,0],"gold":223,"neow_bonus":"TEN_PERCENT_HP_BONUS","is_daily":false,"chose_seed":false,"campfire_upgraded":0,"win_rate":0.0,"timestamp":1611435774,"path_taken":["M","$","M","?","M","R","M","M","T","M","$","R","?","E","R","BOSS","M","M","?"],"items_purchased_type":["Card","Relic","Card"],"build_version":"2020-12-22","purchased_purges":0,"victory":false,"max_hp_per_floor":[77,77,77,77,77,77,77,77,77,77,77,77,77,77,77,77,77,77,77,77,77,77],"card_choices":[{"not_picked":["hexamod:ThirdSeal","hexamod:GhostLash"],"picked":"hexamod:Incineration","floor":1},{"not_picked":["hexamod:Again","hexamod:InspiringFlames"],"picked":"hexamod:SecondSeal","floor":3},{"not_picked":["hexamod:Rewind","hexamod:NightmareStrike"],"picked":"hexamod:FourthSeal","floor":5},{"not_picked":["hexamod:ThermalTransfer","hexamod:GhostShield"],"picked":"hexamod:ChargedBarrage","floor":7},{"not_picked":["hexamod:BacktrackSmack","hexamod:SpectersWail"],"picked":"hexamod:FirstSeal","floor":8},{"not_picked":["hexamod:SecondSeal","hexamod:FastForward"],"picked":"hexamod:Firestarter","floor":10},{"not_picked":["hexamod:TimeOfNeed","hexamod:NightmareStrike"],"picked":"hexamod:BurningTouch","floor":14},{"not_picked":["hexamod:Again","hexamod:BurningTouch"],"picked":"hexamod:SpectersWail","floor":14},{"not_picked":["hexamod:GhostOfSpirePresent","hexamod:HexaLevel"],"picked":"hexamod:FifthSeal","floor":16},{"not_picked":["hexamod:BacktrackSmack","hexamod:ThirdSeal"],"picked":"hexamod:ThermalTransfer","floor":18},{"not_picked":["hexamod:SwordOfDarkness","hexamod:ShieldOfDarkness+1"],"picked":"hexamod:NightmareStrike","floor":18},{"not_picked":["hexamod:GhostLash","hexamod:SpectersWail"],"picked":"hexamod:SoulSteal","floor":19}],"player_experience":29565,"relics_obtained":[{"floor":4,"key":"MawBank"},{"floor":9,"key":"Pantograph"},{"floor":14,"key":"Blood Vial"}],"event_choices":[{"damage_healed":0,"gold_gain":0,"player_choice":"Gave Potion","damage_taken":0,"relics_obtained":["Ancient Tea Set"],"max_hp_gain":0,"max_hp_loss":0,"event_name":"WeMeetAgain","floor":13,"gold_loss":0}],"is_beta":false,"boss_relics":[{"not_picked":["Ectoplasm","Fusion Hammer"],"picked":"Empty Cage"}],"items_purged_floors":[],"is_endless":false,"potions_floor_spawned":[1,5,7,8],"killed_by":"Centurion and Healer","ascension_level":0}}