{"host":"irwdypew7j0recua","time":1611374609,"event":{"mods":["AchievementEnabler","BaseMod","Better Vampires","Custom Start","DeckTracker","Downfall","Googly Eyes","Gremlin Mod","Hermit","Infinite Spire","Lobotomy","Marisa????????","Minty Spire (QoL Compilation)","Quick Restart","Replay The Spire","Reworked Bosses","Shop Mod","Spicy Shops","StSLib","The Bug Knight","The Cursed","The Jungle","The Necromancer"],"gold_per_floor":[113,63,123,123,48,82,82,113,166,191,208,208,226,245,245,340,340,354,354,88,113,138,164,164,193,193,193,228,228,270,48,48,155,455,481,506,532,582,632,632,666,697,697,697,972,249,290,313,313,327,327,327,20,97,104,104],"floor_reached":55,"language":"ENG","playtime":4955,"items_purged":["hermit:Defend_Hermit","hermit:ItchyTrigger","ReplayTheSpireMod:Splinters"],"score":909,"play_id":"2f20b3d4-84c5-4ea3-96dc-ca72f0975705","local_time":"20210123020329","is_ascension_mode":true,"campfire_choices":[{"data":"hermit:HighCaliber","floor":7,"key":"SMITH"},{"floor":12,"key":"REST"},{"floor":15,"key":"REST"},{"data":"hermit:FlashPowder","floor":24,"key":"SMITH"},{"floor":29,"key":"REST"},{"floor":32,"key":"REST"},{"floor":40,"key":"RECALL"},{"floor":44,"key":"REST"},{"floor":49,"key":"DIG"},{"data":"hermit:TakeAim","floor":52,"key":"SMITH"}],"circlet_count":0,"master_deck":["hermit:Strike_Hermit","hermit:Strike_Hermit","hermit:Strike_Hermit","hermit:Defend_Hermit","hermit:Defend_Hermit","hermit:Snapshot","hermit:Covet","Flash of Steel","hermit:HighCaliber+1","hermit:TakeAim+1","hermit:RoundhouseKick+1","hermit:TrackingShot","hermit:Glare","hermit:Determination","hermit:Dive+1","hermit:FlashPowder+1","hermit:LuckOfTheDraw","hermit:DeadOrAlive+1","Shame","hermit:Maintenance","Pot Of Greed","Pot Of Greed","hermit:Combo+1","hermit:Scavenge+1","Pot Of Greed","hermit:RoundhouseKick+1","CurseOfTheBell","hermit:BigShot+1","hermit:BlackWind+1","hermit:FlashPowder","hermit:Headshot+1","hermit:Headshot+1","hermit:FullyLoaded+1","Regret","Panache","hermit:Virtue+1","hermit:HoleUp+1"],"relics":["HollowMod:VesselMask","ReplayTheSpireMod:Ring of Addiction","Iron Hammer","Inserter","PureWater","HolyWater","TungstenRod","Incense Burner","hexamod:RecyclingMachine","Blood Vial","Golden Egg","Lee\u0027s Waffle","Basket Of Snakes","hermit:ClaspedLocket","bronze:DonusWashers","Pet Ghost","hexamod:UnbrokenSoul","Pantograph","bronze:MakeshiftBattery","theJungle:PaperFaux","Toolbox","ReplayTheSpireMod:EnergyBall","bronze:BronzeIdol","hermit:CharredGlove","Replay:Lucky Slots","White Beast Statue","hexamod:JarOfFuel","infinitespire:Chaos","SacredBark","Toy Ornithopter","Replay:Accelerometer","Anchor","Whetstone","Nunchaku","Boot"],"acts_visited":["Exordium","Exordium","TheBeyond","TheEnding"],"potions_floor_usage":[16,50,55,55,55,55],"damage_taken":[{"damage":4,"enemies":"Jaw Worm","floor":1,"turns":4},{"damage":32,"enemies":"Gremlin Nob","floor":6,"turns":5},{"damage":18,"enemies":"3 Sentries","floor":8,"turns":8},{"damage":8,"enemies":"The Mushroom Lair","floor":10,"turns":4},{"damage":0,"enemies":"Small Slimes","floor":11,"turns":1},{"damage":0,"enemies":"Cultist","floor":13,"turns":2},{"damage":0,"enemies":"2 Fungi Beasts","floor":14,"turns":3},{"damage":27,"enemies":"Hexaghost","floor":16,"turns":13},{"damage":15,"enemies":"theJungle:5_Spyders","floor":18,"turns":11},{"damage":0,"enemies":"theJungle:GiantWrat","floor":21,"turns":4},{"damage":5,"enemies":"theJungle:2_Snecko_Cultists","floor":22,"turns":3},{"damage":6,"enemies":"theJungle:MamaSnecko","floor":23,"turns":5},{"damage":29,"enemies":"theJungle:2_Phrogs","floor":25,"turns":6},{"damage":14,"enemies":"theJungle:Lyon","floor":28,"turns":5},{"damage":6,"enemies":"theJungle:SlimyTreeVines","floor":30,"turns":7},{"damage":19,"enemies":"theJungle:QueenSpyder","floor":33,"turns":10},{"damage":8,"enemies":"Orb Walker","floor":35,"turns":3},{"damage":17,"enemies":"3 Darklings","floor":36,"turns":6},{"damage":0,"enemies":"Jaw Worm Horde","floor":37,"turns":2},{"damage":15,"enemies":"Mind Bloom Boss Battle","floor":39,"turns":7},{"damage":6,"enemies":"4 Shapes","floor":41,"turns":2},{"damage":10,"enemies":"Writhing Mass","floor":42,"turns":6},{"damage":0,"enemies":"Nemesis","floor":47,"turns":6},{"damage":0,"enemies":"Maw","floor":48,"turns":4},{"damage":80,"enemies":"bossMod:newAwakened","floor":50,"turns":16},{"damage":52,"enemies":"Shield and Spear","floor":54,"turns":6},{"damage":80,"enemies":"The Heart","floor":55,"turns":8}],"seed_played":"-5922765179808578292","potions_obtained":[{"floor":3,"key":"Weak Potion"},{"floor":6,"key":"BlessingOfTheForge"},{"floor":8,"key":"Ancient Potion"},{"floor":11,"key":"hermit:Eclipse"},{"floor":46,"key":"GamblersBrew"},{"floor":46,"key":"Swift Potion"},{"floor":54,"key":"Energy Potion"}],"is_trial":false,"path_per_floor":["M","?","?","?","$","E","R","E","T","?","M","R","M","M","R","B",null,"M","?","$","M","M","E","R","E","T","?","M","R","M","$","R","B",null,"M","M","M","AVR","?","R","M","M","T","R","?","$","E","M","R","B",null,"R","$","E","B"],"character_chosen":"HERMIT","items_purchased":["Replay:Wax Seal","Medical Kit","Guide Book","Replay:Baseball","ClockworkSouvenir","Membership Card","hermit:Horseshoe","Panache","Onion Ring","infinitespire:Chaos","Whetstone","Nunchaku"],"campfire_rested":5,"item_purchase_floors":[20,20,20,31,31,46,46,46,46,46,53,53],"current_hp_per_floor":[71,71,71,71,71,39,39,21,21,13,13,35,35,35,57,30,75,60,60,60,60,55,49,49,20,20,20,6,28,28,28,50,31,75,67,50,50,55,40,40,34,24,24,48,48,87,87,87,87,12,85,85,85,31,0,0],"gold":104,"neow_bonus":"RANDOM_COLORLESS","is_daily":false,"chose_seed":false,"campfire_upgraded":3,"win_rate":0.0,"timestamp":1611374609,"path_taken":["M","?","?","?","?","E","R","E","T","?","M","R","M","?","R","BOSS","M","?","$","M","M","E","R","E","T","?","?","R","M","$","R","BOSS","M","M","M","AVR","?","R","M","M","T","R","?","$","E","?","R","BOSS","R","$","E","BOSS"],"items_purchased_type":["Relic","Relic","Relic","Relic","Relic","Relic","Relic","Card","Relic","Relic","Relic","Relic"],"build_version":"2020-12-22","purchased_purges":3,"victory":false,"max_hp_per_floor":[75,75,75,75,75,75,75,75,75,75,75,75,75,75,75,75,75,75,75,75,75,75,75,75,75,75,75,75,75,75,75,75,75,75,75,75,75,80,80,80,80,80,80,80,80,87,87,87,87,85,85,85,85,83,83,83],"card_choices":[{"not_picked":["Trip","Forethought"],"picked":"Flash of Steel","floor":0},{"not_picked":["hermit:WideOpen","hermit:Cheat"],"picked":"hermit:HighCaliber","floor":1},{"not_picked":["hermit:Feint","hermit:BodyArmor"],"picked":"hermit:TakeAim","floor":3},{"not_picked":["hermit:SprayPray","hermit:Midnight"],"picked":"hermit:TrackingShot","floor":6},{"not_picked":["hermit:HoleUp","hermit:EternalForm"],"picked":"hermit:Glare","floor":8},{"not_picked":["hermit:WideOpen","hermit:Desperado"],"picked":"hermit:Determination","floor":10},{"not_picked":["hermit:TrackingShot","hermit:CalledShot"],"picked":"hermit:Dive","floor":11},{"not_picked":["hermit:HoleUp","hermit:Enervate"],"picked":"hermit:FlashPowder","floor":13},{"not_picked":["hermit:Feint","hermit:Coalescence"],"picked":"hermit:LuckOfTheDraw","floor":14},{"not_picked":["hermit:FatalDesire","hermit:HeroicBravado"],"picked":"hermit:DeadOrAlive","floor":16},{"not_picked":["hermit:Vantage","hermit:Midnight"],"picked":"hermit:ItchyTrigger","floor":18},{"not_picked":["hermit:HoleUp","hermit:Roulette+1","hermit:WideOpen"],"picked":"SKIP","floor":21},{"not_picked":["hermit:BodyArmor","hermit:Spite","hermit:Manifest"],"picked":"SKIP","floor":22},{"not_picked":["hermit:OverwhelmingPower","hermit:HeroicBravado"],"picked":"hermit:Maintenance","floor":23},{"not_picked":["hermit:Headshot","hermit:WideOpen"],"picked":"hermit:Combo","floor":25},{"not_picked":["hermit:TrackingShot","hermit:SprayPray+1"],"picked":"hermit:Scavenge+1","floor":28},{"not_picked":["hermit:Ricochet","hermit:Roulette+1","hermit:LowProfile"],"picked":"SKIP","floor":30},{"not_picked":["hermit:FinalCanter","hermit:Roughhouse"],"picked":"hermit:RoundhouseKick","floor":33},{"not_picked":["hermit:TakeCover","hermit:Manifest+1"],"picked":"hermit:BigShot+1","floor":35},{"not_picked":["hermit:Brawl+1","hermit:CursedWeapon"],"picked":"hermit:BlackWind","floor":36},{"not_picked":["hermit:Cheat","hermit:LowProfile+1"],"picked":"hermit:FlashPowder","floor":37},{"not_picked":["hermit:Dive+1","hermit:WideOpen"],"picked":"hermit:Headshot+1","floor":38},{"not_picked":["hermit:Glare","hermit:Coalescence"],"picked":"hermit:Headshot+1","floor":39},{"not_picked":["hermit:LowProfile+1","hermit:Misfire+1"],"picked":"hermit:FullyLoaded+1","floor":41},{"not_picked":["hermit:CursedWeapon","hermit:Ricochet+1","hermit:BodyArmor+1"],"picked":"SKIP","floor":42},{"not_picked":["hermit:Coalescence+1","hermit:Dive"],"picked":"hermit:Virtue+1","floor":47},{"not_picked":["hermit:Headshot+1","hermit:Feint+1","hermit:HoleUp"],"picked":"SKIP","floor":48},{"not_picked":["hermit:Vantage+1","hermit:Snipe+1"],"picked":"hermit:HoleUp+1","floor":54}],"player_experience":156089,"relics_obtained":[{"floor":3,"key":"Garlic"},{"floor":6,"key":"CaptainsWheel"},{"floor":8,"key":"infinitespire:PuzzleCube"},{"floor":9,"key":"Pen Nib"},{"floor":10,"key":"Odd Mushroom"},{"floor":23,"key":"infinitespire:Beetle Shell"},{"floor":25,"key":"Grinning Jar"},{"floor":26,"key":"Shuriken"},{"floor":34,"key":"ReplayTheSpireMod:TigerMarble"},{"floor":34,"key":"Gremlin Horn"},{"floor":34,"key":"Old Coin"},{"floor":39,"key":"Girya"},{"floor":46,"key":"SacredBark"},{"floor":46,"key":"Toy Ornithopter"},{"floor":47,"key":"Replay:Accelerometer"},{"floor":49,"key":"Anchor"},{"floor":54,"key":"Boot"}],"event_choices":[{"cards_removed":["hermit:Defend_Hermit"],"damage_healed":0,"gold_gain":0,"player_choice":"Card Removal","damage_taken":0,"max_hp_gain":0,"max_hp_loss":0,"event_name":"The Cleric","floor":2,"gold_loss":50},{"damage_healed":0,"gold_gain":0,"cards_transformed":["hermit:Strike_Hermit"],"player_choice":"Change","damage_taken":0,"max_hp_gain":0,"max_hp_loss":0,"event_name":"Living Wall","floor":4,"gold_loss":0,"cards_obtained":["hermit:RoundhouseKick"]},{"damage_healed":0,"gold_gain":0,"player_choice":"Fought Mushrooms","damage_taken":0,"max_hp_gain":0,"max_hp_loss":0,"event_name":"Mushrooms","floor":10,"gold_loss":0},{"damage_healed":0,"gold_gain":0,"player_choice":"Upgraded","damage_taken":0,"max_hp_gain":0,"max_hp_loss":0,"event_name":"Upgrade Shrine","floor":27,"gold_loss":0,"cards_upgraded":["hermit:Combo"]},{"damage_healed":0,"gold_gain":0,"player_choice":"Fight","damage_taken":0,"max_hp_gain":0,"max_hp_loss":0,"event_name":"MindBloom","floor":39,"gold_loss":0},{"damage_healed":0,"gold_gain":275,"player_choice":"Desecrate","damage_taken":0,"max_hp_gain":0,"max_hp_loss":0,"event_name":"Golden Shrine","floor":45,"gold_loss":0,"cards_obtained":["Regret"]}],"is_beta":false,"boss_relics":[{"not_picked":["bronze:MakeshiftBattery","ReplayTheSpireMod:DimensionalGlitch"],"picked":"Replay:Grab Bag"},{"not_picked":["Ectoplasm","Runic Dome"],"picked":"Philosopher\u0027s Stone"},{"not_picked":["Cursed Key","ChewingGum"],"picked":"Sozu"},{"not_picked":["SacredBark","Empty Cage"],"picked":"hermit:ClaspedLocket"},{"not_picked":["hermit:DentedPlate","Ring of Chaos"],"picked":"Calling Bell"}],"items_purged_floors":[5,46,46],"is_endless":false,"potions_floor_spawned":[6,8,11,14,18,23,28,30,39,41,47,48,54],"killed_by":"The Heart","ascension_level":1}}