{"host":"i0avyit1s6jb1siw","time":1611403437,"event":{"mods":["BaseMod","DeckTracker","Dota2Spire","Highlight Path","Minty Spire (QoL Compilation)","Quick Restart","StSLib","SuperFastMode"],"gold_per_floor":[117,192,192,212,223,223,243,277,277,277,277,289,214,234,234,313,313,329,329,329,329,9,41,41,55,131,161,180,194,194,219,219,297,297,316,153,171,183,183,214,214,263,263,263,263,278,278,606,622,622,622,622,622,622,21,48,48,48],"floor_reached":57,"language":"ENG","playtime":1749,"items_purged":[],"score":2065,"play_id":"c8ec4181-ba47-41a3-8395-09b37aa92593","local_time":"20210123130357","is_ascension_mode":true,"campfire_choices":[{"data":"Bane","floor":6,"key":"SMITH"},{"data":"Predator","floor":10,"key":"SMITH"},{"data":"Adrenaline","floor":15,"key":"SMITH"},{"floor":24,"key":"REST"},{"data":"Neutralize","floor":30,"key":"SMITH"},{"floor":32,"key":"REST"},{"floor":41,"key":"REST"},{"floor":45,"key":"RECALL"},{"floor":50,"key":"REST"},{"data":"After Image","floor":54,"key":"SMITH"}],"circlet_count":0,"master_deck":["AscendersBane","Defend_G","Defend_G","Defend_G","Defend_G","Survivor","Escape Plan+1","Noxious Fumes+1","Venomology+1","Bane+1","Predator+1","Adrenaline+1","Choke+1","Deadly Poison+1","After Image+1","Bouncing Flask+1","Backflip+1","Leg Sweep+1","Footwork+1","Dodge and Roll+1","Corpse Explosion+1","Crippling Poison+1","Backflip+1","Blur+1","Adrenaline+1","Backflip+1"],"relics":["Astrolabe","StrikeDummy","Toxic Egg 2","Snecko Eye","Calipers","Dota2Spire:EtherealBlade","Pear","Incense Burner","CaptainsWheel","Empty Cage","Orrery","Ornamental Fan","Lizard Tail","StoneCalendar","Old Coin","Pantograph","Pen Nib","TheAbacus","Toy Ornithopter"],"acts_visited":["Exordium","TheCity","TheBeyond","TheEnding"],"potions_floor_usage":[5,7,8,12,14,16,18,23,25,27,27,29,31,33,35,37,38,40,40,51,51,51,51,56,57,57,57],"damage_taken":[{"damage":2,"enemies":"Jaw Worm","floor":1,"turns":5},{"damage":0,"enemies":"Small Slimes","floor":4,"turns":5},{"damage":0,"enemies":"Cultist","floor":5,"turns":3},{"damage":0,"enemies":"Large Slime","floor":7,"turns":4},{"damage":2,"enemies":"3 Sentries","floor":8,"turns":6},{"damage":10,"enemies":"3 Louse","floor":12,"turns":3},{"damage":0,"enemies":"2 Fungi Beasts","floor":14,"turns":2},{"damage":1,"enemies":"Hexaghost","floor":16,"turns":8},{"damage":12,"enemies":"Spheric Guardian","floor":18,"turns":4},{"damage":14,"enemies":"Slavers","floor":23,"turns":5},{"damage":6,"enemies":"2 Thieves","floor":25,"turns":4},{"damage":2,"enemies":"Gremlin Leader","floor":27,"turns":6},{"damage":0,"enemies":"Sentry and Sphere","floor":28,"turns":4},{"damage":0,"enemies":"Snecko","floor":29,"turns":4},{"damage":1,"enemies":"Book of Stabbing","floor":31,"turns":5},{"damage":0,"enemies":"Automaton","floor":33,"turns":8},{"damage":14,"enemies":"3 Shapes","floor":35,"turns":2},{"damage":0,"enemies":"Orb Walker","floor":37,"turns":4},{"damage":13,"enemies":"Jaw Worm Horde","floor":38,"turns":2},{"damage":19,"enemies":"Reptomancer","floor":40,"turns":6},{"damage":22,"enemies":"2 Orb Walkers","floor":42,"turns":3},{"damage":4,"enemies":"3 Darklings","floor":46,"turns":3},{"damage":0,"enemies":"Nemesis","floor":48,"turns":7},{"damage":3,"enemies":"Spire Growth","floor":49,"turns":4},{"damage":43,"enemies":"Time Eater","floor":51,"turns":14},{"damage":11,"enemies":"Awakened One","floor":52,"turns":16},{"damage":26,"enemies":"Shield and Spear","floor":56,"turns":6},{"damage":86,"enemies":"The Heart","floor":57,"turns":12}],"seed_played":"1235215199064123248","potions_obtained":[{"floor":7,"key":"DistilledChaos"},{"floor":16,"key":"GhostInAJar"},{"floor":18,"key":"Swift Potion"},{"floor":35,"key":"Fruit Juice"}],"is_trial":false,"path_per_floor":["M","?","?","M","M","R","M","E","T","R","?","M","?","M","R","B",null,"M","?","?","?","$","E","R","M","T","E","M","M","R","E","R","B",null,"M","$","M","M","?","E","R","?","T","T","R","M","?","E","M","R","B","B",null,"R","$","E","B"],"character_chosen":"THE_SILENT","items_purchased":["Calipers","Orrery","Pantograph","Pen Nib","TheAbacus"],"campfire_rested":4,"item_purchase_floors":[22,36,55,55,55],"current_hp_per_floor":[57,46,46,46,46,46,46,44,44,44,44,34,34,34,34,33,58,46,46,46,46,46,32,51,45,55,53,53,53,53,52,74,74,76,62,62,67,54,54,35,59,37,37,37,37,33,33,33,30,54,11,40,71,71,71,45,0,0],"gold":48,"neow_bonus":"BOSS_RELIC","is_daily":false,"chose_seed":false,"campfire_upgraded":5,"win_rate":0.0,"timestamp":1611403437,"path_taken":["M","?","?","M","?","R","M","E","T","R","?","M","?","M","R","BOSS","M","?","?","?","$","E","R","M","T","E","M","M","R","E","R","BOSS","M","?","M","?","?","E","R","?","T","T","R","M","?","E","M","R","BOSS","BOSS","R","$","E","BOSS"],"items_purchased_type":["Relic","Relic","Relic","Relic","Relic"],"build_version":"2020-12-22","purchased_purges":0,"victory":false,"max_hp_per_floor":[66,66,66,66,66,66,66,66,66,66,66,66,66,66,66,66,66,66,66,66,66,66,66,66,66,76,76,76,76,76,76,76,76,76,76,76,81,81,81,81,81,81,81,81,81,81,81,81,81,81,81,81,81,81,81,81,81,81],"card_choices":[{"not_picked":["Riddle With Holes","Acrobatics"],"picked":"Dagger Spray","floor":1},{"not_picked":["Terror","Expertise"],"picked":"Bane","floor":4},{"not_picked":["Sucker Punch","Deflect","Slice"],"picked":"SKIP","floor":5},{"not_picked":["Quick Slash","Well Laid Plans"],"picked":"Predator","floor":7},{"not_picked":["Underhanded Strike","Dagger Throw"],"picked":"Adrenaline","floor":8},{"not_picked":["Outmaneuver+1","Acrobatics+1"],"picked":"Deadly Poison+1","floor":12},{"not_picked":["Outmaneuver+1","Underhanded Strike","Heel Hook"],"picked":"SKIP","floor":14},{"not_picked":["Venomology+1","Glass Knife"],"picked":"After Image","floor":16},{"not_picked":["Distraction+1","Acrobatics+1"],"picked":"Bouncing Flask+1","floor":18},{"not_picked":["Terror+1","Infinite Blades"],"picked":"Backflip+1","floor":23},{"not_picked":["Acrobatics+1","Dodge and Roll+1","Poisoned Stab"],"picked":"SKIP","floor":25},{"not_picked":["Dodge and Roll+1","Tools of the Trade"],"picked":"Leg Sweep+1","floor":27},{"not_picked":["Flying Knee","Prepared+1"],"picked":"Footwork+1","floor":28},{"not_picked":["Underhanded Strike","Slice","Escape Plan+1"],"picked":"SKIP","floor":29},{"not_picked":["Tactician+1","Dagger Throw"],"picked":"Dodge and Roll+1","floor":31},{"not_picked":["A Thousand Cuts","Die Die Die"],"picked":"Corpse Explosion+1","floor":33},{"not_picked":["Prepared+1","Underhanded Strike+1"],"picked":"Crippling Poison+1","floor":35},{"not_picked":["Setup+1","Acrobatics+1"],"picked":"Backflip+1","floor":36},{"not_picked":["All Out Attack+1","Flying Knee"],"picked":"Blur+1","floor":36},{"not_picked":["Outmaneuver+1","Blade Dance+1"],"picked":"Adrenaline+1","floor":36},{"not_picked":["Quick Slash","Deadly Poison+1","Flying Knee+1"],"picked":"SKIP","floor":37},{"not_picked":["Dagger Throw+1","Slice+1","Cloak And Dagger+1"],"picked":"SKIP","floor":38},{"not_picked":["Acrobatics+1","Quick Slash","Poisoned Stab+1"],"picked":"SKIP","floor":40},{"not_picked":["Die Die Die","Sucker Punch+1","Flying Knee+1"],"picked":"SKIP","floor":46},{"not_picked":["Deadly Poison+1","Underhanded Strike","Quick Slash"],"picked":"SKIP","floor":48},{"not_picked":["Reflex+1","Calculated Gamble+1","Cloak And Dagger+1"],"picked":"SKIP","floor":49},{"not_picked":["Flying Knee","Outmaneuver+1"],"picked":"Backflip+1","floor":56}],"player_experience":2321682,"relics_obtained":[{"floor":8,"key":"StrikeDummy"},{"floor":9,"key":"Toxic Egg 2"},{"floor":23,"key":"Dota2Spire:EtherealBlade"},{"floor":26,"key":"Pear"},{"floor":27,"key":"Incense Burner"},{"floor":31,"key":"CaptainsWheel"},{"floor":40,"key":"Ornamental Fan"},{"floor":42,"key":"Lizard Tail"},{"floor":44,"key":"StoneCalendar"},{"floor":48,"key":"Old Coin"},{"floor":56,"key":"Toy Ornithopter"}],"event_choices":[{"damage_healed":0,"gold_gain":75,"player_choice":"Gather Gold","damage_taken":11,"max_hp_gain":0,"max_hp_loss":0,"event_name":"World of Goop","floor":2,"gold_loss":0},{"damage_healed":0,"gold_gain":0,"player_choice":"0 cards matched","damage_taken":0,"max_hp_gain":0,"max_hp_loss":0,"event_name":"Match and Keep!","floor":3,"gold_loss":0,"cards_obtained":[]},{"damage_healed":0,"gold_gain":0,"cards_transformed":["Strike_G"],"player_choice":"Change","damage_taken":0,"max_hp_gain":0,"max_hp_loss":0,"event_name":"Living Wall","floor":11,"gold_loss":0,"cards_obtained":["Choke"]},{"cards_removed":["Strike_G"],"damage_healed":0,"gold_gain":0,"player_choice":"Card Removal","damage_taken":0,"max_hp_gain":0,"max_hp_loss":0,"event_name":"The Cleric","floor":13,"gold_loss":75},{"damage_healed":0,"gold_gain":0,"player_choice":"Ignored","damage_taken":0,"max_hp_gain":0,"max_hp_loss":0,"event_name":"Ghosts","floor":19,"gold_loss":0},{"damage_healed":0,"gold_gain":0,"player_choice":"Ignored","damage_taken":0,"max_hp_gain":0,"max_hp_loss":0,"event_name":"Vampires","floor":20,"gold_loss":0},{"damage_healed":0,"gold_gain":0,"player_choice":"Forge","damage_taken":0,"max_hp_gain":0,"max_hp_loss":0,"event_name":"Accursed Blacksmith","floor":21,"gold_loss":0,"cards_upgraded":["Choke"]},{"cards_removed":["Neutralize"],"damage_healed":0,"gold_gain":0,"player_choice":"Removed Attack","damage_taken":0,"max_hp_gain":0,"max_hp_loss":0,"event_name":"Falling","floor":39,"gold_loss":0},{"damage_healed":0,"gold_gain":0,"player_choice":"Fight","damage_taken":0,"max_hp_gain":0,"max_hp_loss":0,"event_name":"Mysterious Sphere","floor":42,"gold_loss":0},{"damage_healed":0,"gold_gain":0,"player_choice":"Memory 1","damage_taken":0,"max_hp_gain":0,"max_hp_loss":0,"event_name":"SensoryStone","floor":47,"gold_loss":0}],"is_beta":false,"boss_relics":[{"not_picked":["Tiny House","Pandora\u0027s Box"],"picked":"Snecko Eye"},{"not_picked":["Velvet Choker","WristBlade"],"picked":"Empty Cage"}],"items_purged_floors":[],"is_endless":false,"potions_floor_spawned":[5,7,16,18,23,28,35,38,48,56],"killed_by":"The Heart","ascension_level":20}}