{"host":"och2iitg9ibgz06n","time":1611382874,"event":{"mods":["Abigail Mod","AchievementEnabler","Aspiration","BaseMod","Colored Powertips","Dio Mod","Hubris","Hyrulean Relics","Infinite Spire","Minty Spire (QoL Compilation)","Replay The Spire","Small Relic Pack","StSLib","The Animator","The Bug Knight","The Hierophant","The Jungle","The Saiyan","TheHero","Wandering Minibosses","everything is the same but u backflip on backflip","slay the spire mod where everything is the same but ironclad has a cowboy hat","vexMod"],"gold_per_floor":[231,231,244,244,255,255,255,255,255,255,179,203,235,265,265,370,370,385,398,415,385,399,399,418,234,234,264,293,293,303,303,303],"floor_reached":31,"language":"ENG","playtime":2064,"items_purged":[],"score":233,"play_id":"48c7c7cb-1a2c-48a4-adac-254e107fdeda","local_time":"20210123002114","is_ascension_mode":false,"campfire_choices":[{"data":"animator:Demiurge","floor":6,"key":"SMITH"},{"data":"animator:KyokoSakura","floor":8,"key":"SMITH"},{"data":"animator:Cocytus","floor":10,"key":"SMITH"},{"floor":15,"key":"REST"},{"floor":23,"key":"REST"},{"floor":29,"key":"REST"}],"circlet_count":0,"master_deck":["animator:Strike_Overlord+1","animator:Defend_Overlord+1","animator:Strike+1","animator:Strike+1","animator:Strike","animator:Defend","animator:Defend","animator:Defend","animator:Cocytus+1","animator:Demiurge+1","animator:PandorasActor","animator:NarberalGamma","animator:KyokoSakura+1","animator:Kaijin","animator:Shion","animator:Shalltear","animator:Gluttony","animator:Envy","animator:Kaijin+1","animator:NagisaMomoe","animator:Benimaru","animator:Emonzaemon","animator:Elsword","animator:Pride","animator:Pride","infinitespire:Pacifist","animator:Souei","animator:ElricAlphonse"],"relics":["animator:LivingPicture","animator:TheMissingPiece","InkBottle","hubris:Towel","relicPack:AllForOne","Simple Rune","Cursed Key","animator:CerealBox"],"acts_visited":["Exordium","TheCity"],"potions_floor_usage":[13,20,22],"damage_taken":[{"damage":3,"enemies":"2 Louse","floor":1,"turns":4},{"damage":4,"enemies":"Jaw Worm","floor":3,"turns":6},{"damage":0,"enemies":"Cultist","floor":5,"turns":5},{"damage":3,"enemies":"Blue Slaver","floor":12,"turns":4},{"damage":5,"enemies":"Red Slaver","floor":13,"turns":2},{"damage":7,"enemies":"Large Slime","floor":14,"turns":6},{"damage":59,"enemies":"Fading Forest","floor":16,"turns":11},{"damage":2,"enemies":"Shell Parasite","floor":18,"turns":6},{"damage":33,"enemies":"3 Byrds","floor":19,"turns":5},{"damage":20,"enemies":"Snake Plant","floor":20,"turns":5},{"damage":0,"enemies":"Cultist and Chosen","floor":22,"turns":5},{"damage":5,"enemies":"Chosen and Byrds","floor":24,"turns":5},{"damage":1,"enemies":"Snecko","floor":27,"turns":5},{"damage":39,"enemies":"Shelled Parasite and Fungi","floor":28,"turns":6},{"damage":36,"enemies":"Snake Plant","floor":30,"turns":5},{"damage":22,"enemies":"Snecko","floor":31,"turns":4}],"seed_played":"2327382970221539196","potions_obtained":[{"floor":1,"key":"Strength Potion"},{"floor":3,"key":"Adrenaline Potion"},{"floor":14,"key":"ColorlessPotion"},{"floor":21,"key":"Swift Potion"},{"floor":21,"key":"Fire Potion"},{"floor":22,"key":"Venom Potion"}],"is_trial":false,"path_per_floor":["M","?","M","?","M","R","?","R","T","R","$","M","M","M","R","B",null,"M","M","M","?","M","R","M","$","T","M","M","R","M","M"],"character_chosen":"THE_ANIMATOR","items_purchased":["animator:Kaijin","animator:Pride","animator:CerealBox"],"campfire_rested":3,"item_purchase_floors":[11,25,25],"current_hp_per_floor":[63,60,57,57,57,57,57,57,57,57,57,54,49,42,62,23,68,66,37,22,22,22,42,37,37,37,40,1,41,9,0,0],"gold":303,"neow_bonus":"HUNDRED_GOLD","is_daily":false,"chose_seed":false,"campfire_upgraded":3,"win_rate":0.0,"timestamp":1611382874,"path_taken":["M","?","M","?","M","R","?","R","T","R","?","M","M","?","R","BOSS","M","M","M","?","M","R","M","$","T","M","M","R","M","?"],"items_purchased_type":["Card","Card","Relic"],"build_version":"2020-12-22","purchased_purges":0,"victory":false,"max_hp_per_floor":[66,66,67,67,67,67,67,67,67,67,67,67,67,67,67,68,68,68,68,69,69,69,69,69,69,69,69,69,69,69,69,69],"card_choices":[{"not_picked":["animator:Benimaru","animator:Demiurge"],"picked":"animator:PandorasActor","floor":1},{"not_picked":["animator:KyokoSakura","animator:Elsword"],"picked":"animator:NarberalGamma","floor":3},{"not_picked":["animator:Vesta","animator:HiiragiShinya"],"picked":"animator:KyokoSakura","floor":5},{"not_picked":["animator:OrikoMikuni","animator:MamiTomoe"],"picked":"animator:Shion","floor":12},{"not_picked":["animator:Azekura","animator:SuzuneAmano"],"picked":"animator:Shalltear","floor":13},{"not_picked":["animator:Evileye","animator:Azekura"],"picked":"animator:Gluttony","floor":14},{"not_picked":["animator:Father","animator:HomuraAkemi"],"picked":"animator:Envy","floor":16},{"not_picked":["animator:Raven","animator:Nanami"],"picked":"animator:Kaijin+1","floor":18},{"not_picked":["animator:Hitei","animator:PandorasActor"],"picked":"animator:NagisaMomoe","floor":19},{"not_picked":["animator:Ciel","animator:Guren"],"picked":"animator:Benimaru","floor":20},{"not_picked":["animator:Shinoa","animator:Raven"],"picked":"animator:Emonzaemon","floor":22},{"not_picked":["animator:MadokaKaname","animator:SuzuneAmano"],"picked":"animator:Elsword","floor":24},{"not_picked":["animator:KyokoSakura+1","animator:Scar"],"picked":"animator:Souei","floor":27},{"not_picked":["animator:Sloth","animator:Hakurou"],"picked":"animator:ElricAlphonse","floor":28},{"not_picked":["animator:Demiurge","animator:Chung+1","animator:HiiragiShinya"],"picked":"SKIP","floor":30}],"player_experience":465709,"relics_obtained":[{"floor":9,"key":"Simple Rune"}],"event_choices":[{"damage_healed":0,"gold_gain":0,"player_choice":"Success","damage_taken":3,"relics_obtained":["InkBottle"],"max_hp_gain":0,"max_hp_loss":0,"event_name":"Scrap Ooze","floor":2,"gold_loss":0},{"damage_healed":0,"gold_gain":0,"player_choice":"Bought 2 Potions","damage_taken":0,"max_hp_gain":0,"max_hp_loss":0,"event_name":"The Woman in Blue","floor":21,"gold_loss":0}],"is_beta":false,"boss_relics":[{"not_picked":["Runic Dome","vexMod:ImprovementManual"],"picked":"Cursed Key"}],"items_purged_floors":[],"is_endless":false,"potions_floor_spawned":[1,3,14,22,28,30],"killed_by":"Snecko","ascension_level":0}}