{"host":"343qqg62n5k3n5g2","time":1611403933,"event":{"mods":["ATMod(°¢èªMod)","Act Like it!","Aspiration","BaseMod","Colored Powertips","Conspire","Energized Spire","HololiveMod","Jedi Mod","Minty Spire (QoL Compilation)","Pale of the Ancients","Quick Restart","Replay The Spire","Spicy Shops","StSLib","TestMod","The Marked","UnlockEverythingMod","vexMod","¡¾ÒÅÎï¿¨ÅÆ¡¿REMEMod","óô»ðÖ¸ÄÏ"],"gold_per_floor":[78,90,90,40,58,58,58,58,58,58,136,136,149,5,40,59,59,200,200,215,25,49,62,596,629,14,32,32,66,66,89,104,127,127,249,249,269,18,38,57,102,102,28,28,28,56,56,76,103,145,4,13,36,54,91,91,91,122,122,201,201,213],"floor_reached":63,"language":"ZHS","playtime":4005,"items_purged":["ReplayTheSpireMod:Restless Dread","Writhe","Delirium"],"score":1759,"play_id":"40c5af3d-606b-4adc-8edc-2831da6ea3b6","local_time":"20210123201213","is_ascension_mode":false,"campfire_choices":[{"data":"Hololive_CallHoshimachiSuisei","floor":6,"key":"SMITH"},{"data":"testmod-Dream","floor":10,"key":"SMITH"},{"data":"Hololive_CallYozoraMel","floor":12,"key":"SMITH"},{"data":"Hololive_RevenueBasedLive","floor":17,"key":"SMITH"},{"data":"Hololive_DiamondStrike","floor":30,"key":"SMITH"},{"data":"Hololive_SummonFox","floor":34,"key":"SMITH"},{"data":"Hololive_DDD","floor":42,"key":"SMITH"},{"data":"Madness","floor":44,"key":"SMITH"},{"data":"Hololive_DevilCharm","floor":47,"key":"SMITH"},{"data":"Hololive_MaximGun","floor":57,"key":"SMITH"},{"data":"Hololive_CallShiranuiFlare","floor":59,"key":"SMITH"}],"circlet_count":0,"master_deck":["Hololive_Defend","Hololive_Defend","Hololive_RevenueBasedLive+1","Hololive_CallNakiriAyame","Hololive_CallMinatoAqua","Hololive_CallHoshimachiSuisei+1","Hololive_CallAkaiHaato","Hololive_CallNekomataOkayu","AT_FamilyPortrait","testmod-Dream+1","Hololive_CallTokoyamiTowa","Hololive_CallYozoraMel+1","conspire:SpireCoStock","Hololive_CallShiranuiFlare+1","Hololive_LuckPotion","Hololive_MaximGun+1","Hololive_CallYukihanaLamy","Hololive_DiamondStrike+1","Hololive_CallShiranuiFlare+1","Hololive_CallAkiRosenthal+1","Hololive_CallOzoraSubaru","Hololive_SummonFox+1","Hololive_CallTokinoSora","Hololive_CallShirakamiFubuki","Hololive_CocoNews+1","Hololive_ManjiGathering","Hololive_CallKiryuuCoco","Hololive_StrengthChampion+1","Hallucinations","Hololive_BringToTrial","Hololive_DevilCharm+1","Madness+1","Hololive_Sequa","Hololive_CallMomosuzuNene+8","Hololive_RevenueBasedLive","Hololive_CallAZKi","Hololive_RevenueBasedLive+1","Hololive_CallKiryuuCoco","Hololive_DDD+1","Decay","Clumsy","Hololive_Thief+1","Hololive_CallSpadeEcho+1","Hololive_CallOzoraSubaru+1","Hololive_DiamondStrike","Hololive_CallSpadeEcho+1","Hololive_LuckPotion+1","Hololive_SummonFox","Hololive_LuckPotion","Hololive_CallRoboco+1","Hololive_DevilCharm+1"],"relics":["Hololive_TheStar","testmod-TestBox","REME_ComplimentaryCards","AT_ATBox","testmod-ObsoleteBoomerang","NeowsBlessing","Golden Idol","AT_GuinsooRageblade","Blue Candle","Membership Card","testmod-Antiphasic","Astrolabe","Gremlin Food","testmod-Charity","conspire:Dentures","jedi:purplefairy","ReplayTheSpireMod:CursedCoin","HandDrill","jedi:cryingmask","Bag of Preparation","REME_HourglassOfDeath","aspiration:VileToxins","aspiration:FrozenJewel","Replay:Ancient Bell","AT_ArchangelStaff","AT_SilvercatRing","Ice Cream","conspire:BottledYoYo","testmod-Acrobat","Whetstone","REME_HandOfSuture","Bottled Lightning","Blue Doll","Golden Egg","paleoftheancients:Timepiece","paleoftheancients:KeyRelic","Orichalcum","Sozu","Gremlin Horn","paleoftheancients:SoulOfTheWokeBloke","paleoftheancients:SoulOfTheThorton","Replay:Accelerometer","Ornamental Fan"],"acts_visited":["Exordium","TheCity","TheBeyond","paleoftheancients:PaleOfTheAncients"],"potions_floor_usage":[22,25,33,53,53,53],"damage_taken":[{"damage":0,"enemies":"Small Slimes","floor":1,"turns":1},{"damage":0,"enemies":"2 Louse","floor":2,"turns":1},{"damage":0,"enemies":"conspire:RoseBush","floor":5,"turns":1},{"damage":6,"enemies":"Blue Slaver","floor":13,"turns":3},{"damage":0,"enemies":"3 Sentries","floor":15,"turns":3},{"damage":0,"enemies":"Red Slaver","floor":16,"turns":1},{"damage":0,"enemies":"Fading Forest","floor":18,"turns":11},{"damage":0,"enemies":"Chosen","floor":20,"turns":4},{"damage":10,"enemies":"conspire:FuzzyDice","floor":22,"turns":10},{"damage":0,"enemies":"Chosen and Byrds","floor":23,"turns":6},{"damage":0,"enemies":"Replay:Snechameleon","floor":25,"turns":4},{"damage":0,"enemies":"Centurion and Healer","floor":27,"turns":4},{"damage":0,"enemies":"conspire:Head Lice","floor":29,"turns":6},{"damage":0,"enemies":"Snake Plant","floor":31,"turns":4},{"damage":0,"enemies":"Snecko","floor":32,"turns":2},{"damage":0,"enemies":"Centurion and Healer","floor":33,"turns":2},{"damage":0,"enemies":"conspire:MysteriousRune","floor":35,"turns":7},{"damage":0,"enemies":"Orb Walker","floor":37,"turns":2},{"damage":0,"enemies":"3 Darklings","floor":39,"turns":4},{"damage":3,"enemies":"Writhing Mass","floor":40,"turns":5},{"damage":0,"enemies":"Maw","floor":46,"turns":3},{"damage":0,"enemies":"3 Darklings","floor":48,"turns":2},{"damage":0,"enemies":"Spire Growth","floor":49,"turns":2},{"damage":0,"enemies":"Giant Head","floor":50,"turns":5},{"damage":0,"enemies":"Time Eater","floor":52,"turns":8},{"damage":180,"enemies":"Time Eater","floor":53,"turns":11},{"damage":27,"enemies":"Time Eater","floor":54,"turns":8},{"damage":0,"enemies":"paleoftheancients:Thorton2","floor":55,"turns":3},{"damage":3,"enemies":"paleoftheancients:Thorton2","floor":58,"turns":8},{"damage":144,"enemies":"paleoftheancients:N","floor":62,"turns":10}],"seed_played":"5266779236245244322","potions_obtained":[{"floor":15,"key":"AttackPotion"},{"floor":16,"key":"Venom Potion"},{"floor":23,"key":"BlessingOfTheForge"},{"floor":25,"key":"Venom Potion"},{"floor":27,"key":"testmod-TestPotion"},{"floor":40,"key":"Reflective Coating"},{"floor":50,"key":"BlessingOfTheForge"}],"is_trial":false,"path_per_floor":["M","M","?","?","M","R","?","PTL","PTL","R","T","R","M","$","E","M","R","B",null,"M","$","M","M","?","E","R","M","T","E","R","M","M","M","R","B",null,"M","$","M","M","T","R","$","R","T","M","R","M","M","E","R","B","M","M","M","T","R","M","R","T","?","B",null],"character_chosen":"Hololive_HololiveCharacter","items_purchased":["Membership Card","Hololive_SummonFox","Hololive_CallTokinoSora","Gremlin Food","testmod-Charity","jedi:purplefairy","Hololive_CallKiryuuCoco","Hololive_StrengthChampion","ReplayTheSpireMod:CursedCoin","HandDrill","jedi:cryingmask","Bag of Preparation","REME_HourglassOfDeath","Hololive_BringToTrial","Hololive_DevilCharm","Madness","Hololive_Sequa","conspire:BottledYoYo","testmod-Acrobat","REME_HandOfSuture","Golden Egg","Hololive_SummonFox"],"campfire_rested":0,"item_purchase_floors":[14,21,21,21,21,26,26,26,26,26,26,26,26,26,26,26,26,38,38,43,51,51],"current_hp_per_floor":[35,35,27,27,27,27,27,27,27,27,27,27,28,28,37,37,37,37,37,37,37,44,54,3,25,26,46,46,70,71,87,88,91,91,110,110,111,111,130,139,140,140,140,140,140,157,157,164,179,198,198,236,206,298,330,330,331,380,380,381,381,367],"gold":213,"neow_bonus":"THREE_ENEMY_KILL","is_daily":false,"chose_seed":false,"campfire_upgraded":11,"win_rate":0.0,"timestamp":1611403933,"path_taken":["M","M","?","?","M","R","?","PTL","PTL","R","T","R","?","$","E","M","R","BOSS","M","?","M","M","?","E","R","M","T","E","R","M","M","M","R","BOSS","M","$","M","M","?","R","$","R","T","M","R","M","M","E","R","BOSS","M","M","?","T","R","M","R","T","?","BOSS"],"items_purchased_type":["Relic","Card","Card","Relic","Relic","Relic","Card","Card","Relic","Relic","Relic","Relic","Relic","Card","Card","Card","Card","Relic","Relic","Relic","Relic","Card"],"build_version":"2020-12-22","purchased_purges":3,"victory":true,"max_hp_per_floor":[35,35,35,35,35,35,35,35,35,35,35,35,37,37,37,37,37,37,37,37,37,44,54,60,72,73,78,78,86,86,87,88,91,91,110,110,111,111,130,139,140,140,140,140,140,157,157,164,179,198,198,236,296,343,352,352,352,380,380,381,381,439],"card_choices":[{"not_picked":["Hololive_Drill","Hololive_Trident","Hololive_HuntDinosaur"],"picked":"Hololive_CallTokoyamiTowa","floor":1},{"not_picked":["Hololive_CallHimemoriLuna","Hololive_Trident","Hololive_Breathe"],"picked":"Hololive_CallYozoraMel","floor":2},{"not_picked":["Hololive_Drill","Hololive_Psychosis","Hololive_OvertimeWork"],"picked":"Hololive_CallShiranuiFlare","floor":5},{"not_picked":["Hololive_Sequa","Hololive_FlyingPonyTail","Hololive_CallAiraniIofifteen"],"picked":"Hololive_LuckPotion","floor":13},{"not_picked":["Hololive_CallUruhaRushia","Hololive_OvertimeWork","Hololive_CallHoushouMarine"],"picked":"Hololive_MaximGun","floor":15},{"not_picked":["Hololive_CallTokinoSora","Hololive_Breathe","Hololive_OvertimeWork"],"picked":"Hololive_CallYukihanaLamy","floor":16},{"not_picked":["Hololive_MaximGun","Hololive_FlareMind","Hololive_Rebirth"],"picked":"Hololive_DiamondStrike","floor":18},{"not_picked":["Hololive_CallCivia+1","Hololive_Yoholoon","Hololive_Psychosis"],"picked":"Hololive_CallOzoraSubaru","floor":20},{"not_picked":["Hololive_HuntDinosaur","Hololive_CocoNews+1","Hololive_FlyingPonyTail"],"picked":"Hololive_CallShirakamiFubuki","floor":22},{"not_picked":["Hololive_Breathe+1","Hololive_Sequa","Hololive_Trident"],"picked":"Hololive_CocoNews","floor":23},{"not_picked":["Hololive_CallShiroganeNoel","Hololive_Trident","Hololive_Drill"],"picked":"Hololive_ManjiGathering","floor":25},{"not_picked":["Hololive_DurableLive","Hololive_Drill","Hololive_CallHoshimachiSuisei"],"picked":"Hololive_CallMomosuzuNene","floor":27},{"not_picked":["Hololive_Breathe+1","Hololive_Psychosis+1","Hololive_DevilCharm"],"picked":"Hololive_RevenueBasedLive","floor":29},{"not_picked":["Hololive_Psychosis","Hololive_OvertimeWork+1","Hololive_CallTsunomakiWatame+1"],"picked":"Hololive_CallAZKi","floor":31},{"not_picked":["Hololive_SummonFox","Hololive_HuntDinosaur","Hololive_FlyingPonyTail"],"picked":"Hololive_RevenueBasedLive+1","floor":32},{"not_picked":["Hololive_OvertimeWork","Hololive_Sequa","Hololive_CallRosalyn"],"picked":"Hololive_CallKiryuuCoco","floor":33},{"not_picked":["Hololive_DurableLive","Hololive_HighAtkLowDef","Hololive_ASMR"],"picked":"Hololive_DDD","floor":35},{"not_picked":["AbeCurse","Writhe","ReplayTheSpireMod:Splinters"],"picked":"Delirium","floor":36},{"not_picked":["jedi:BattleThirst","Overencumbered","Languid"],"picked":"Decay","floor":36},{"not_picked":["Overencumbered","Doubt","Hololive_RevenueRecovery"],"picked":"Clumsy","floor":36},{"not_picked":["Hololive_CallSpadeEcho","Hololive_HuntDinosaur","Hololive_Watashimo"],"picked":"Hololive_Thief","floor":37},{"not_picked":["Hololive_OvertimeWork","Hololive_Trident","Hololive_FlyingPonyTail+1","Hololive_LuckPotion"],"picked":"SKIP","floor":39},{"not_picked":["Hololive_OvertimeWork+1","Hololive_StrengthChampion","Hololive_Breathe"],"picked":"Hololive_CallSpadeEcho+1","floor":40},{"not_picked":["Hololive_CallCivia","Hololive_LuckPotion","Hololive_Breathe+1"],"picked":"Hololive_CallOzoraSubaru+1","floor":46},{"not_picked":["Hololive_CocoNews+1","Hololive_CallOzoraSubaru","Hololive_Breathe"],"picked":"Hololive_DiamondStrike","floor":48},{"not_picked":["Hololive_LuckPotion+1","Hololive_Rebound+1","Hololive_CallYuzukiChoco"],"picked":"Hololive_CallSpadeEcho+1","floor":49},{"not_picked":["Hololive_OvertimeWork","Hololive_Sequa","Hololive_CallNatsuiroMatsuri"],"picked":"Hololive_LuckPotion+1","floor":50},{"not_picked":["Hololive_BringToTrial","Hololive_LuckPotion","Hololive_RevenueBasedLive+1","Hololive_Sequa"],"picked":"SKIP","floor":53},{"not_picked":["Hololive_FlyingPonyTail","Hololive_CallMoonaHoshinova+1","Hololive_RevenueBasedLive"],"picked":"Hololive_LuckPotion","floor":54},{"not_picked":["Hololive_LuckPotion","Hololive_Sequa","Hololive_Breathe+1"],"picked":"Hololive_CallRoboco+1","floor":55},{"not_picked":["Hololive_Psychosis","Hololive_CallRoboco","Hololive_StrengthChampion"],"picked":"Hololive_DevilCharm+1","floor":58}],"player_experience":7526,"relics_obtained":[{"floor":11,"key":"Blue Candle"},{"floor":15,"key":"testmod-Antiphasic"},{"floor":25,"key":"conspire:Dentures"},{"floor":28,"key":"aspiration:VileToxins"},{"floor":29,"key":"aspiration:FrozenJewel"},{"floor":41,"key":"Whetstone"},{"floor":45,"key":"Bottled Lightning"},{"floor":50,"key":"Blue Doll"},{"floor":53,"key":"paleoftheancients:SoulOfTheWokeBloke"},{"floor":54,"key":"paleoftheancients:SoulOfTheBard"},{"floor":55,"key":"paleoftheancients:SoulOfTheThorton"},{"floor":56,"key":"Replay:Accelerometer"},{"floor":58,"key":"paleoftheancients:SoulOfTheVixen"},{"floor":60,"key":"Ornamental Fan"}],"event_choices":[{"damage_healed":0,"gold_gain":0,"player_choice":"Take Damage","damage_taken":8,"relics_obtained":["Golden Idol"],"max_hp_gain":0,"max_hp_loss":0,"event_name":"Golden Idol","floor":3,"gold_loss":0},{"damage_healed":0,"gold_gain":0,"player_choice":"Invest 1","damage_taken":0,"max_hp_gain":0,"max_hp_loss":0,"event_name":"conspire:Investor","floor":4,"gold_loss":0},{"damage_healed":0,"gold_gain":0,"player_choice":"Box","damage_taken":0,"relics_obtained":["AT_GuinsooRageblade"],"max_hp_gain":0,"max_hp_loss":0,"event_name":"Big Fish","floor":7,"gold_loss":0,"cards_obtained":["Regret"]},{"damage_healed":0,"gold_gain":540,"player_choice":"GOLD GOLD GOLD GOLD GOLD GOLD ","damage_taken":57,"max_hp_gain":0,"max_hp_loss":0,"event_name":"Knowing Skull","floor":24,"potions_obtained":[],"gold_loss":0,"cards_obtained":[]}],"is_beta":false,"boss_relics":[{"not_picked":["Snecko Eye","testmod-SaigiyounoYou"],"picked":"Astrolabe"},{"not_picked":["testmod-KeyOfTheVoid","energizedSpire:OgreHead"],"picked":"Replay:Ancient Bell"},{"not_picked":["Replay:Mystery Machine","jedi:arcanewood"],"picked":"AT_ArchangelStaff"},{"not_picked":["AT_ForceNature","StrikeDummy"],"picked":"AT_SilvercatRing"},{"not_picked":["Dead Branch","Replay:Towering Pillar of Hats"],"picked":"Ice Cream"}],"items_purged_floors":[26,26,38],"is_endless":false,"potions_floor_spawned":[15,16,23,25,27,32,40,46,49,50,53,55,58],"ascension_level":0}}