{"host":"9xv6exvwmlpefxuw","time":1611379175,"event":{"mods":["ATMod(阿瑾Mod)","AchievementEnabler","Act Like it!","Aspiration","BaseMod","Chen","Colored Powertips","Conspire","Downfall","Friendly Minions","Gensokyo","GifTheSpireLib","KinomotoSakuraMod(木之本樱)","Koishi","KomeijiMod","Marisa（F雨　魔理沙）","Minty Spire (QoL Compilation)","Pale of the Ancients","Rare Cards Sparkle","Reimu（博丽灵梦）","Remilia_Scarlet Moed（蕾米莉亚・斯卡雷特）3.3.5","Remilia（蕾米莉亚）","RumiaBox-露米娅的神秘盒子","StSLib","The Administrix","The Animator","The Blackbeard","The Mystic","The Servant 0.9.4","WarShipGirlsR/战舰少女R mod","Yakumo Yukari mod","Youmu（魂魄妖梦）","Yuyuko","【功能Mod】混沌之环修复补丁","【功能Mod】聪明的最终Boss"],"gold_per_floor":[117,134,146,161,180,180,180],"floor_reached":6,"language":"ZHS","playtime":361,"items_purged":[],"score":40,"play_id":"99b51986-4a6c-455c-b899-4d0600093ab8","local_time":"20210123131935","is_ascension_mode":false,"campfire_choices":[],"circlet_count":0,"master_deck":["Strike_R","Strike_R","Strike_R","Strike_R","Strike_R","Defend_R","Defend_R","Defend_R","Defend_R","Bash","Spot Weakness","conspire:Charge","Flex","Infernal Blade","Ghostly Armor"],"relics":["Burning Blood","AT_ATBox","aspiration:Nostalgia","mysticmod:SpellBook"],"acts_visited":["Exordium"],"potions_floor_usage":[],"damage_taken":[{"damage":6,"enemies":"Cultist","floor":1,"turns":3},{"damage":4,"enemies":"2 Louse","floor":2,"turns":2},{"damage":13,"enemies":"Jaw Worm","floor":3,"turns":4},{"damage":15,"enemies":"Large Slime","floor":4,"turns":5},{"damage":28,"enemies":"Exordium Thugs","floor":5,"turns":4},{"damage":72,"enemies":"Gremlin Nob","floor":6,"turns":4}],"seed_played":"-1655864976514321046","potions_obtained":[{"floor":1,"key":"Swift Potion"},{"floor":2,"key":"DuplicationPotion"},{"floor":3,"key":"ExcitationPotion"}],"is_trial":false,"path_per_floor":["M","M","M","M","M","E"],"character_chosen":"IRONCLAD","items_purchased":[],"campfire_rested":0,"item_purchase_floors":[],"current_hp_per_floor":[80,80,73,64,42,0,0],"gold":180,"neow_bonus":"NOSTALGIA","is_daily":false,"chose_seed":false,"campfire_upgraded":0,"win_rate":0.0,"timestamp":1611379175,"path_taken":["M","M","M","M","M","E"],"items_purchased_type":[],"build_version":"2020-12-22","purchased_purges":0,"victory":false,"max_hp_per_floor":[80,80,80,80,80,80,80],"card_choices":[{"not_picked":["Sever Soul","AT_IchimonjiDouble"],"picked":"Spot Weakness","floor":1},{"not_picked":["Dark Embrace","Reckless Charge"],"picked":"conspire:Charge","floor":2},{"not_picked":["Armaments","Fiend Fire"],"picked":"Flex","floor":3},{"not_picked":["True Grit","Shrug It Off"],"picked":"Infernal Blade","floor":4},{"not_picked":["Combust","AT_IchimonjiDouble"],"picked":"Ghostly Armor","floor":5}],"player_experience":3791,"relics_obtained":[],"event_choices":[],"is_beta":false,"boss_relics":[],"items_purged_floors":[],"is_endless":false,"potions_floor_spawned":[1,2,3],"killed_by":"Gremlin Nob","ascension_level":0}}