{"host":"Rich","time":1611372887,"event":{"mods":["AchievementEnabler","BaseMod","Highlight Path","Minty Spire (QoL Compilation)","Relic Stats"],"gold_per_floor":[128,0,21,96,96,136,136,136,136],"floor_reached":8,"language":"ENG","playtime":206,"items_purged":["Strike_R"],"score":108,"play_id":"f48e7868-0b3b-4d23-841d-ce0221dc8246","local_time":"20210122223447","is_ascension_mode":true,"campfire_choices":[{"floor":7,"key":"REST"}],"circlet_count":0,"master_deck":["AscendersBane","Strike_R","Strike_R","Strike_R","Strike_R","Defend_R","Defend_R","Defend_R","Defend_R","Bash","Whirlwind","Anger","Battle Trance"],"relics":["Burning Blood","CeramicFish","Molten Egg 2","Blood Vial"],"acts_visited":["Exordium"],"potions_floor_usage":[6],"damage_taken":[{"damage":5,"enemies":"2 Louse","floor":1,"turns":4},{"damage":9,"enemies":"Jaw Worm","floor":3,"turns":4},{"damage":40,"enemies":"Lagavulin","floor":6,"turns":7},{"damage":15,"enemies":"3 Sentries","floor":8,"turns":3}],"seed_played":"6151045279704493763","potions_obtained":[{"floor":1,"key":"LiquidBronze"},{"floor":3,"key":"PowerPotion"}],"is_trial":false,"path_per_floor":["M","$","M","?","?","E","R","E"],"character_chosen":"IRONCLAD","items_purchased":["Weak Potion"],"campfire_rested":1,"item_purchase_floors":[2],"current_hp_per_floor":[69,69,66,55,44,10,32,19,19],"gold":136,"neow_bonus":"RANDOM_COMMON_RELIC","is_daily":false,"chose_seed":false,"campfire_upgraded":0,"win_rate":0.0,"timestamp":1611372887,"path_taken":["M","$","M","?","?","E","R","E"],"items_purchased_type":["Potion"],"build_version":"2020-12-18","purchased_purges":1,"victory":false,"max_hp_per_floor":[75,75,75,75,75,75,75,75,75],"relic_stats":{"Blood Vial":2,"counters":[4,18],"CeramicFish":27,"obtain_stats":[{"Blood Vial":6,"CeramicFish":0,"Molten Egg 2":5,"Burning Blood":0},{"Blood Vial":3,"CeramicFish":0,"Molten Egg 2":2,"Burning Blood":0},{"Blood Vial":15,"CeramicFish":0,"Molten Egg 2":8,"Burning Blood":0}],"Burning Blood":18},"card_choices":[{"not_picked":["Rage","Armaments"],"picked":"Whirlwind","floor":1},{"not_picked":["Power Through","Headbutt"],"picked":"Anger","floor":3},{"not_picked":["Brutality","Fiend Fire+1"],"picked":"Battle Trance","floor":6}],"player_experience":2009253,"relics_obtained":[{"floor":6,"key":"Blood Vial"}],"event_choices":[{"damage_healed":0,"gold_gain":75,"player_choice":"Gather Gold","damage_taken":11,"max_hp_gain":0,"max_hp_loss":0,"event_name":"World of Goop","floor":4,"gold_loss":0},{"damage_healed":0,"gold_gain":0,"player_choice":"Success","damage_taken":11,"relics_obtained":["Molten Egg 2"],"max_hp_gain":0,"max_hp_loss":0,"event_name":"Scrap Ooze","floor":5,"gold_loss":0}],"is_beta":true,"boss_relics":[],"items_purged_floors":[2],"is_endless":false,"potions_floor_spawned":[1,3],"killed_by":"3 Sentries","ascension_level":20}}