{"host":"rn4c402gwd40h2z6","time":1611382273,"event":{"mods":["100% Spire Juice","Act Like it!","Alarm Clock","Arknights The Spire","BaseMod","CapriCore","Challenge The Spire","Data Control","Downfall","Gensokyo","Hallownest","KinomotoSakuraMod(Ä¾Ö®±¾Ó£)","Koishi","Lobotomy","LobotomyExtend","Luminous","Marisa£¨ìFÓê¡¡Ä§ÀíÉ³£©","Minty Spire (QoL Compilation)","Pale of the Ancients","Quick Restart","Reimu£¨²©ÀöÁéÃÎ£©","Remilia£¨ÀÙÃ×ÀòÑÇ£©","RumiaBox-Â¶Ã×æ«µÄÉñÃØºÐ×Ó","StSLib","Td1madao Mod","The Alterego","The Bug Knight","The Cursed","The Hierophant","The Immortal","The Poker Player","The Saiyan","The Senshi","Yakumo Yukari mod","Youmu£¨»êÆÇÑýÃÎ£©","Yuyuko","¡¾¹¦ÄÜMod¡¿»ìãçÖ®»·ÐÞ¸´²¹¶¡"],"gold_per_floor":[999,1013,1018,1051,1011,999,1047,999,1026,999,999,999,999,999,1012,999,999,1098,1098,1098,1098,1098,1118,1138,1158,1185,462,462,481,999,999,999,999,1010,999,1015,1025,1025,999,999,1011,999,999,999,999],"floor_reached":47,"language":"ZHS","playtime":4877,"items_purged":["Guardian:Defend_Guardian","Guardian:Defend_Guardian","Guardian:Defend_Guardian","Guardian:Strike_Guardian","Guardian:Strike_Guardian+1","Guardian:Strike_Guardian+1","Guardian:Strike_Guardian+1"],"score":1189,"play_id":"3fd699ca-fd5f-4af3-91cf-3b421a9ef9b0","local_time":"20210123141113","is_ascension_mode":false,"campfire_choices":[{"floor":1.0,"key":"RECALL"},{"data":"Guardian:Strike_Guardian","floor":12.0,"key":"SMITH"},{"data":"Guardian:Strike_Guardian","floor":21.0,"key":"SMITH"},{"data":"Guardian:Strike_Guardian","floor":29.0,"key":"SMITH"},{"data":"Guardian:TwinSlam","floor":32.0,"key":"SMITH"},{"data":"Guardian:CrystalBeam","floor":41,"key":"SMITH"},{"data":"Madness+1","floor":43,"key":"PURGE"}],"circlet_count":9,"master_deck":["Guardian:CurlUp","Guardian:TwinSlam+1","Guardian:ChargeCore","Guardian:ShieldSpikes","Guardian:RollAttack+1","Guardian:ShieldSpikes","expansioncontent:DashGenerateEvil","Guardian:CrystalBeam+1","Guardian:RollAttack","Guardian:MultiBeam","Guardian:WalkerClaw","Guardian:SphericShield+1","Guardian:FierceBash","Guardian:Incinerate+1","Guardian:PrismaticBeam+1","Guardian:CrystalBeam","expansioncontent:LastStand+1","expansioncontent:DashGenerateEvil","expansioncontent:HyperBeam","Guardian:RollAttack","expansioncontent:DashGenerateEvil+1","expansioncontent:HyperBeam","Guardian:GemFire","Finesse+1","Guardian:CrystalBeam+1"],"relics":["Guardian:ModeShifter","LetterFromLob","ScarletDevilRocket","Guardian:PickAxe","Blood Vial","Oddly Smooth Stone","Juzu Bracelet","Cauldron","downfall:BrokenWingStatue","Circlet","Frozen Egg 2","Lee\u0027s Waffle","Sozu","HonorFeather","Orichalcum","Peace Pipe","Toxic Egg 2","Medical Kit","War Paint","champ:Barbells","paleoftheancients:Timepiece","paleoftheancients:KeyRelic","CultistMask","paleoftheancients:SoulOfTheBard","Question Card"],"acts_visited":["Exordium","TheCity","TheBeyond","paleoftheancients:PaleOfTheAncients"],"potions_floor_usage":[],"damage_taken":[{"damage":0.0,"enemies":"Cultist","floor":2.0,"turns":4.0},{"damage":1.0,"enemies":"Jaw Worm","floor":3.0,"turns":3.0},{"damage":0.0,"enemies":"Small Slimes","floor":5.0,"turns":3.0},{"damage":14.0,"enemies":"Gremlin Nob","floor":9.0,"turns":4.0},{"damage":0.0,"enemies":"downfall:FleeingMerchant","floor":11.0,"turns":4.0},{"damage":0.0,"enemies":"downfall:FleeingMerchant","floor":14.0,"turns":4.0},{"damage":0.0,"enemies":"Large Slime","floor":15.0,"turns":1.0},{"damage":5.0,"enemies":"IC_STATUS_ARCHETYPE","floor":16.0,"turns":3.0},{"damage":16.0,"enemies":"SI_MIRROR_ARCHETYPE","floor":19.0,"turns":2.0},{"damage":55.0,"enemies":"SI_MIRROR_ARCHETYPE","floor":22.0,"turns":3.0},{"damage":0.0,"enemies":"3 Darklings","floor":24.0,"turns":3.0},{"damage":0.0,"enemies":"Orb Walker","floor":25.0,"turns":2.0},{"damage":0.0,"enemies":"Transient","floor":26.0,"turns":5.0},{"damage":0.0,"enemies":"downfall:FleeingMerchant","floor":28.0,"turns":3.0},{"damage":9.0,"enemies":"Writhing Mass","floor":30.0,"turns":2.0},{"damage":0.0,"enemies":"3 Darklings","floor":35.0,"turns":2.0},{"damage":75.0,"enemies":"WA_ARCHETYPE_DIVINITY","floor":36.0,"turns":8.0},{"damage":0.0,"enemies":"WA_ARCHETYPE_DIVINITY","floor":37.0,"turns":1.0},{"damage":0,"enemies":"WA_ARCHETYPE_DIVINITY","floor":38,"turns":1},{"damage":279,"enemies":"WA_ARCHETYPE_DIVINITY","floor":42,"turns":9},{"damage":254,"enemies":"paleoftheancients:N","floor":46,"turns":10}],"seed_played":"-6948425910731713241","potions_obtained":[{"floor":2.0,"key":"LifebloodPotion"},{"floor":3.0,"key":"Weak Potion"},{"floor":11.0,"key":"Energy Potion"}],"is_trial":false,"path_per_floor":["R","M","M","T","M","T","T","R","E","?","$","R","?","$","M","B",null,"B",null,"R","?","?","M","M","M","T","?","R","M","$","R","$","?","M","B","M","M","?","$","R","M","R","$","?","B",null],"character_chosen":"GUARDIAN","items_purchased":["Oddly Smooth Stone","Juzu Bracelet","Cauldron","expansioncontent:DashGenerateEvil","Guardian:CrystalBeam","vexMod:InvisibilityCloak","Frozen Egg 2","Lee\u0027s Waffle","vexMod:StairwayStrike","Guardian:RollAttack","Guardian:MultiBeam","Peace Pipe","Toxic Egg 2","Medical Kit","Guardian:CrystalBeam","expansioncontent:LastStand","Guardian:Gem_Fragmented","Circlet","expansioncontent:DashGenerateEvil","expansioncontent:HyperBeam","War Paint","Circlet","Guardian:RollAttack","Circlet","Circlet","champ:Barbells","expansioncontent:DashGenerateEvil","expansioncontent:HyperBeam","Guardian:Gem_Green","Finesse+1","Question Card","Circlet","Circlet","Circlet","Circlet","Circlet"],"campfire_rested":0,"item_purchase_floors":[11,11,11,11,11,14,14,14,14,14,14,28,28,28,28,28,28,31,31,31,31,31,31,33,33,33,33,33,40,40,40,40,40,44,44,44],"current_hp_per_floor":[88,88,87,87,87,87,87,87,73,67,69,69,69,95,95,90,95,79,95,95,95,95,95,95,95,95,95,95,86,86,95,95,107,107,107,107,107,107,107,107,107,107,107,107,107],"gold":999,"neow_bonus":"TEN_PERCENT_HP_BONUS","is_daily":false,"chose_seed":false,"campfire_upgraded":5,"win_rate":0.0,"timestamp":1611382273,"path_taken":["R","M","M","?","M","?","T","R","E","?","$","R","?","$","M","BOSS","BOSS","R","?","?","M","M","M","T","?","R","M","?","R","$","?","M","BOSS","M","M","?","$","R","M","R","$","?","BOSS"],"items_purchased_type":["Relic","Relic","Relic","Card","Card","Undefined","Relic","Relic","Undefined","Card","Card","Relic","Relic","Relic","Card","Card","Card","Undefined","Card","Card","Relic","Undefined","Card","Undefined","Undefined","Relic","Card","Card","Card","Card","Relic","Undefined","Undefined","Undefined","Undefined","Undefined"],"build_version":"2020-12-22","purchased_purges":7,"victory":true,"max_hp_per_floor":[88,88,88,88,88,88,88,88,88,88,88,88,88,95,95,95,95,95,95,95,95,95,95,95,95,95,95,95,95,95,95,95,107,107,107,107,107,107,107,107,107,107,107,107,107],"card_choices":[{"not_picked":["Guardian:ArmoredProtocol","Guardian:Gem_Purple"],"picked":"Guardian:ChargeCore","floor":2.0},{"not_picked":["Guardian:PiercingHide","Guardian:Gem_Crimson"],"picked":"Guardian:ShieldSpikes","floor":3.0},{"not_picked":["Guardian:ChargeUp","Guardian:Gem_Purple"],"picked":"Guardian:RollAttack","floor":5.0},{"not_picked":["Guardian:Recover","Guardian:TemporalStrike"],"picked":"Guardian:ShieldSpikes","floor":9.0},{"not_picked":["Guardian:VentSteam","Guardian:FastForward"],"picked":"Guardian:Gem_Green","floor":11.0},{"not_picked":["Guardian:SpikerProtocol","Guardian:ChargeUp","Guardian:TemporalStrike"],"picked":"SKIP","floor":14.0},{"not_picked":["Guardian:PiercingHide","Guardian:Gem_Yellow"],"picked":"Guardian:WalkerClaw","floor":15.0},{"not_picked":["Guardian:FierceBash","Guardian:HyperBeam_Guardian"],"picked":"Guardian:SphericShield","floor":16.0},{"not_picked":["Guardian:SphericShield","Guardian:RevengeProtocol+1"],"picked":"Guardian:FierceBash","floor":19.0},{"not_picked":["Guardian:CrystalBeam","Guardian:Preprogram"],"picked":"Guardian:Incinerate+1","floor":24.0},{"not_picked":["Guardian:Reroute+1","Guardian:TemporalStrike"],"picked":"Guardian:PrismaticBeam+1","floor":25.0},{"not_picked":["Guardian:TimeCapacitor+1","Guardian:StasisStrike"],"picked":"Guardian:Gem_Fragmented","floor":26.0},{"not_picked":["Guardian:Preprogram+1","Guardian:Harden","Guardian:FuturePlans+1"],"picked":"SKIP","floor":28.0},{"not_picked":["Guardian:Repulse+1","Guardian:PrismaticBeam+1","Guardian:GuardianWhirl+1"],"picked":"SKIP","floor":30.0},{"not_picked":["Guardian:Gem_Cyan","Guardian:Gem_Green","Guardian:Reroute"],"picked":"SKIP","floor":35.0},{"not_picked":["Guardian:TemporalStrike+1","Guardian:Planning+1"],"picked":"Guardian:GemFire","floor":37.0},{"not_picked":["Guardian:Recover+1","Guardian:Gem_Fragmented","Guardian:VentSteam+1"],"picked":"SKIP","floor":38},{"not_picked":["Guardian:Gem_Yellow","Guardian:FloatingOrbs+1","Guardian:Gem_Green"],"picked":"Guardian:CrystalBeam+1","floor":42}],"player_experience":21869,"relics_obtained":[{"floor":2.0,"key":"LetterFromLob"},{"floor":6.0,"key":"ScarletDevilRocket"},{"floor":7.0,"key":"Guardian:PickAxe"},{"floor":9.0,"key":"Blood Vial"},{"floor":27.0,"key":"Orichalcum"},{"floor":37.0,"key":"paleoftheancients:SoulOfTheBard"},{"floor":38,"key":"paleoftheancients:SoulOfTheShowman"}],"event_choices":[],"is_beta":false,"boss_relics":[{"not_picked":["RedLine:ReiMu","Circlet"],"picked":"Circlet"},{"not_picked":["Circlet","Circlet"],"picked":"Sozu"}],"items_purged_floors":[11,14,28,31,33,40,44],"is_endless":false,"potions_floor_spawned":[2,3,15,19,30,35,37],"ascension_level":0}}