{"host":"Jedit","time":1611367063,"event":{"mods":["BaseMod","Downfall","Minty Spire (QoL Compilation)","Relic Stats","StSLib"],"gold_per_floor":[112,112,212,235,250,250,293,293,293,326,326,341,341,382,382,510,510,524,524,540,540,559,603,603,647,673,598,598,11,47,47,47,170,170,190,210,120,139,160,194,194,194,194],"floor_reached":41,"language":"ENG","playtime":1845,"items_purged":["bronze:Strike"],"score":631,"play_id":"d49b774f-36d9-4305-a6a7-ab1b32330d16","local_time":"20210123015743","is_ascension_mode":true,"campfire_choices":[{"data":"bronze:Break","floor":6,"key":"SMITH"},{"data":"bronze:ItsAFeature","floor":8,"key":"SMITH"},{"data":"bronze:GetLatest","floor":13,"key":"SMITH"},{"data":"bronze:Optimize","floor":15,"key":"SMITH"},{"floor":24,"key":"REST"},{"data":"bronze:Library","floor":32,"key":"SMITH"}],"circlet_count":0,"master_deck":["bronze:Strike","bronze:Strike","bronze:Defend","bronze:Defend","bronze:Defend","bronze:Defend","bronze:Replicate","bronze:Goto","bronze:Branch+1","downfall:Haunted","downfall:Haunted","bronze:Break+1","downfall:Haunted","bronze:Constructor","bronze:Separator","bronze:ItsAFeature+1","bronze:GetLatest+1","bronze:Optimize+1","bronze:ChosenStrike","bronze:Format","bronze:Branch","bronze:Separator","bronze:ChildClass","bronze:CutThrough+1","bronze:Repulsor","bronze:TinkerersToolbox","bronze:Library+1","downfall:Bewildered","bronze:SpaghettiCode","bronze:WildBeam+1","bronze:Safeguard","bronze:Fortify+1","bronze:DelayedSlice"],"relics":["bronze:PlatinumCore","Centennial Puzzle","Golden Idol","Du-Vu Doll","Ornamental Fan","Vajra","Slimebound:PreparedRelic","Mercury Hourglass","sneckomod:SneckoTalon","Dead Branch","Art of War","bronze:SilverBullet","WingedGreaves","Ginger","sneckomod:BabySnecko","sneckomod:BlankCard"],"acts_visited":["Exordium","TheCity","TheBeyond"],"potions_floor_usage":[19,23,33,35,38],"damage_taken":[{"damage":1,"enemies":"Cultist","floor":1,"turns":4},{"damage":6,"enemies":"Small Slimes","floor":4,"turns":2},{"damage":2,"enemies":"Jaw Worm","floor":5,"turns":3},{"damage":14,"enemies":"Gremlin Nob","floor":7,"turns":3},{"damage":0,"enemies":"Lagavulin","floor":10,"turns":3},{"damage":15,"enemies":"Lots of Slimes","floor":12,"turns":2},{"damage":0,"enemies":"3 Sentries","floor":14,"turns":4},{"damage":8,"enemies":"Hexaghost","floor":16,"turns":6},{"damage":0,"enemies":"2 Thieves","floor":18,"turns":2},{"damage":0,"enemies":"3 Byrds","floor":19,"turns":1},{"damage":0,"enemies":"Cultist and Chosen","floor":20,"turns":4},{"damage":10,"enemies":"Snake Plant","floor":22,"turns":3},{"damage":19,"enemies":"Book of Stabbing","floor":23,"turns":4},{"damage":0,"enemies":"Slavers","floor":25,"turns":2},{"damage":7,"enemies":"Book of Stabbing","floor":30,"turns":4},{"damage":27,"enemies":"Collector","floor":33,"turns":6},{"damage":0,"enemies":"3 Darklings","floor":35,"turns":1},{"damage":7,"enemies":"Orb Walker","floor":36,"turns":2},{"damage":12,"enemies":"Jaw Worm Horde","floor":38,"turns":2},{"damage":3,"enemies":"Sphere and 2 Shapes","floor":39,"turns":3},{"damage":20,"enemies":"Reptomancer","floor":40,"turns":5},{"damage":49,"enemies":"Giant Head","floor":41,"turns":6}],"seed_played":"-4712652661361849462","potions_obtained":[{"floor":4,"key":"LiquidMemories"},{"floor":5,"key":"sneckomod:MuddlingPotion"},{"floor":10,"key":"SmokeBomb"},{"floor":16,"key":"bronze:FreeFunctionsPotion"},{"floor":20,"key":"LiquidMemories"},{"floor":23,"key":"Fire Potion"},{"floor":35,"key":"BlessingOfTheForge"},{"floor":39,"key":"bronze:BurnAndBuffPotion"}],"is_trial":false,"path_per_floor":["M","?","?","M","M","R","E","R","T","E","?","M","R","E","R","B",null,"M","M","M","?","M","E","R","E","T","?","?","$","E","?","R","B",null,"M","M","?","M","M","E","E"],"character_chosen":"THE_AUTOMATON","items_purchased":["bronze:Repulsor","WingedGreaves","bronze:TinkerersToolbox"],"campfire_rested":1,"item_purchase_floors":[29,29,29],"current_hp_per_floor":[69,65,70,64,62,62,48,48,48,48,48,33,33,33,33,25,70,70,70,70,70,60,41,62,62,62,62,62,62,55,55,55,28,67,67,60,60,48,45,25,0,0,0],"gold":194,"neow_bonus":"RANDOM_COMMON_RELIC","is_daily":false,"chose_seed":false,"campfire_upgraded":5,"win_rate":0.0,"timestamp":1611367063,"path_taken":["M","?","?","M","M","R","E","R","T","E","?","?","R","E","R","BOSS","M","M","?","?","?","E","R","E","T","?","?","$","E","?","R","BOSS","M","M","?","?","M","E","E"],"items_purchased_type":["Card","Relic","Card"],"build_version":"2020-12-18","purchased_purges":1,"victory":false,"max_hp_per_floor":[70,65,70,70,70,70,70,70,70,70,70,70,70,70,70,70,70,70,70,70,70,70,70,70,70,70,67,67,67,67,67,67,67,67,67,67,67,67,67,67,67,67,67],"relic_stats":{"Centennial Puzzle":[45],"counters":[22,72],"Golden Idol":148,"Ornamental Fan":[124],"Dead Branch":[98],"Art of War":[1],"Ginger":[7],"obtain_stats":[{"bronze:PlatinumCore":34,"bronze:BronzeCore":0,"Golden Idol":2,"Dead Branch":23,"sneckomod:BlankCard":40,"Vajra":9,"Ginger":30,"sneckomod:SneckoTalon":17,"Mercury Hourglass":14,"Du-Vu Doll":3,"sneckomod:BabySnecko":31,"Centennial Puzzle":0,"Ornamental Fan":7,"Slimebound:PreparedRelic":10,"WingedGreaves":29,"Art of War":25,"bronze:SilverBullet":26},{"bronze:PlatinumCore":16,"bronze:BronzeCore":0,"Golden Idol":1,"Dead Branch":13,"sneckomod:BlankCard":21,"Vajra":4,"Ginger":15,"sneckomod:SneckoTalon":8,"Mercury Hourglass":7,"Du-Vu Doll":1,"sneckomod:BabySnecko":15,"Centennial Puzzle":0,"Ornamental Fan":4,"Slimebound:PreparedRelic":5,"WingedGreaves":14,"Art of War":14,"bronze:SilverBullet":14},{"bronze:PlatinumCore":53,"bronze:BronzeCore":0,"Golden Idol":4,"Dead Branch":41,"sneckomod:BlankCard":66,"Vajra":12,"Ginger":47,"sneckomod:SneckoTalon":27,"Mercury Hourglass":21,"Du-Vu Doll":4,"sneckomod:BabySnecko":47,"Centennial Puzzle":0,"Ornamental Fan":12,"Slimebound:PreparedRelic":15,"WingedGreaves":43,"Art of War":43,"bronze:SilverBullet":43}],"Mercury Hourglass":[216]},"card_choices":[{"not_picked":["bronze:BugBarrage","bronze:FollowUp"],"picked":"bronze:Branch","floor":1},{"not_picked":["bronze:Turbo","bronze:Separator"],"picked":"bronze:Constructor","floor":4},{"not_picked":["bronze:Overload","bronze:ForLoop"],"picked":"bronze:Separator","floor":5},{"not_picked":["bronze:FineTuning","bronze:BronzeArmor"],"picked":"bronze:ItsAFeature","floor":7},{"not_picked":["bronze:MaxOutput","bronze:BuggyMess"],"picked":"bronze:GetLatest","floor":10},{"not_picked":["bronze:Separator","bronze:Branch"],"picked":"bronze:Optimize","floor":12},{"not_picked":["bronze:WildBeam","bronze:CleanCode"],"picked":"bronze:ChosenStrike","floor":14},{"not_picked":["bronze:AlphaBuild","bronze:BurnOut"],"picked":"bronze:Format","floor":16},{"not_picked":["bronze:Fortify","bronze:Overheat+1"],"picked":"bronze:Branch","floor":18},{"not_picked":["bronze:WildBeam+1","bronze:Deprecate"],"picked":"bronze:Separator","floor":20},{"not_picked":["bronze:Branch","bronze:Deprecate+1"],"picked":"bronze:ChildClass","floor":22},{"not_picked":["bronze:OilSpill","bronze:Backtrace+1"],"picked":"bronze:CutThrough+1","floor":23},{"not_picked":["bronze:WhirlingStrike","bronze:ChosenStrike","bronze:DelayedGuard"],"picked":"SKIP","floor":25},{"not_picked":["bronze:OilSpill+1","bronze:DelayedSlice"],"picked":"bronze:Library","floor":30},{"not_picked":["bronze:Library","bronze:Mutator"],"picked":"bronze:SpaghettiCode","floor":33},{"not_picked":["bronze:MaxOutput","bronze:CloningBeam"],"picked":"bronze:WildBeam+1","floor":35},{"not_picked":["bronze:Separator","bronze:WhirlingStrike+1","bronze:BugBarrage"],"picked":"SKIP","floor":36},{"not_picked":["bronze:GetLatest","bronze:WhirlingStrike+1"],"picked":"bronze:Safeguard","floor":38},{"not_picked":["bronze:ItsAFeature+1","bronze:DelayedGuard+1"],"picked":"bronze:Fortify+1","floor":39},{"not_picked":["bronze:Separator+1","bronze:Safeguard+1"],"picked":"bronze:DelayedSlice","floor":40}],"player_experience":3682781,"relics_obtained":[{"floor":7,"key":"Ornamental Fan"},{"floor":9,"key":"Vajra"},{"floor":10,"key":"Slimebound:PreparedRelic"},{"floor":14,"key":"Mercury Hourglass"},{"floor":23,"key":"Dead Branch"},{"floor":25,"key":"Art of War"},{"floor":26,"key":"bronze:SilverBullet"},{"floor":30,"key":"Ginger"},{"floor":40,"key":"sneckomod:BlankCard"}],"event_choices":[{"damage_healed":0,"gold_gain":0,"player_choice":"Lose Max HP","damage_taken":0,"relics_obtained":["Golden Idol"],"max_hp_gain":0,"max_hp_loss":5,"event_name":"Golden Idol","floor":2,"gold_loss":0},{"cards_removed":["Normality"],"damage_healed":0,"gold_gain":0,"player_choice":"Purged","damage_taken":0,"max_hp_gain":0,"max_hp_loss":0,"event_name":"Purifier","floor":11,"gold_loss":0},{"damage_healed":0,"gold_gain":0,"player_choice":"Ignored","damage_taken":0,"max_hp_gain":0,"max_hp_loss":0,"event_name":"Fountain of Cleansing","floor":21,"gold_loss":0},{"cards_removed":["Parasite"],"damage_healed":0,"gold_gain":0,"player_choice":"Gave Gold","damage_taken":0,"max_hp_gain":0,"max_hp_loss":0,"event_name":"Beggar","floor":27,"gold_loss":75},{"damage_healed":0,"gold_gain":0,"player_choice":"Ignored","damage_taken":0,"max_hp_gain":0,"max_hp_loss":0,"event_name":"Vampires","floor":28,"gold_loss":0},{"cards_removed":["bronze:Strike"],"damage_healed":0,"gold_gain":0,"player_choice":"Upgrade and Remove","damage_taken":0,"max_hp_gain":0,"max_hp_loss":0,"event_name":"Designer","floor":37,"gold_loss":90,"cards_upgraded":["bronze:Branch"]}],"is_beta":true,"boss_relics":[{"not_picked":["Cursed Key","Velvet Choker"],"picked":"sneckomod:SneckoTalon"},{"not_picked":["Snecko Eye","expansioncontent:StudyCardRelic"],"picked":"bronze:PlatinumCore"}],"items_purged_floors":[29],"is_endless":false,"potions_floor_spawned":[4,5,10,16,20,22,23,35,39],"killed_by":"Giant Head","ascension_level":2}}