{"host":"vyjryxuuuxkt43k4","time":1611408138,"event":{"mods":["AchievementEnabler","BaseMod","Colored Map","DeckTracker","Keyboard Shortcuts","Minty Spire (QoL Compilation)","Permanent Neow","Quick Restart","StSLib","SuperFastMode","everything is the same but u backflip on backflip"],"gold_per_floor":[115,130,130,147,157,190,190,200,227,261,273,325,337,372,384,483,495,495,43,43,43,43,43,43,43,43,43,43,43,43,43,43,43,43,43,43,43,1,1,1,1,1,1,1,1,1,1,1,1,1,1],"floor_reached":52,"language":"KOR","playtime":3080,"items_purged":[],"score":2210,"play_id":"2e557b77-cfea-4c81-8ff7-64504b2f9317","local_time":"20210123222218","is_ascension_mode":true,"campfire_choices":[{"data":"Perfected Strike","floor":7.0,"key":"SMITH"},{"data":"Feed","floor":15.0,"key":"SMITH"},{"data":"Corruption","floor":24.0,"key":"SMITH"},{"floor":32.0,"key":"REST"},{"data":"Dark Embrace","floor":49,"key":"SMITH"}],"circlet_count":0,"master_deck":["AscendersBane","Strike_R","Strike_R","Strike_R","Strike_R","Strike_R","Defend_R","Defend_R","Defend_R","Bash","Feed+1","Perfected Strike+1","Wild Strike","Feel No Pain+1","Twin Strike","Power Through","Shrug It Off","Pommel Strike","Perfected Strike","Corruption+1","Twin Strike+1","Dark Embrace+1","Double Tap","Battle Trance","Headbutt","Burning Pact","Impervious","True Grit+1","Offering","Armaments+1","Sentinel","Fiend Fire","Power Through","Shockwave","Perfected Strike+1","Flex+1","Injury","Reaper","Twin Strike+1","Flame Barrier","Impervious"],"relics":["Burning Blood","Centennial Puzzle","MawBank","Odd Mushroom","CeramicFish","Ancient Tea Set","Bag of Marbles","Ectoplasm","PreservedInsect","Enchiridion","Smiling Mask","Strawberry","Self Forming Clay","Bronze Scales","Bag of Preparation","Cursed Key","Red Skull","HornCleat","Lantern"],"acts_visited":["Exordium","TheCity","TheBeyond"],"potions_floor_usage":[50],"damage_taken":[{"damage":4.0,"enemies":"Jaw Worm","floor":1.0,"turns":4.0},{"damage":0.0,"enemies":"Cultist","floor":2.0,"turns":2.0},{"damage":3.0,"enemies":"2 Louse","floor":4.0,"turns":3.0},{"damage":21.0,"enemies":"Blue Slaver","floor":5.0,"turns":5.0},{"damage":43.0,"enemies":"3 Sentries","floor":6.0,"turns":14.0},{"damage":4.0,"enemies":"2 Fungi Beasts","floor":8.0,"turns":3.0},{"damage":7.0,"enemies":"The Mushroom Lair","floor":10.0,"turns":4.0},{"damage":20.0,"enemies":"Lagavulin","floor":12.0,"turns":5.0},{"damage":38.0,"enemies":"The Guardian","floor":16.0,"turns":14.0},{"damage":0.0,"enemies":"Chosen","floor":18.0,"turns":2.0},{"damage":10.0,"enemies":"3 Byrds","floor":20.0,"turns":5.0},{"damage":4.0,"enemies":"Centurion and Healer","floor":21.0,"turns":8.0},{"damage":22.0,"enemies":"Gremlin Leader","floor":23.0,"turns":6.0},{"damage":0.0,"enemies":"Book of Stabbing","floor":25.0,"turns":1.0},{"damage":20.0,"enemies":"Slavers","floor":27.0,"turns":6.0},{"damage":9.0,"enemies":"3 Cultists","floor":28.0,"turns":5.0},{"damage":6.0,"enemies":"Book of Stabbing","floor":30.0,"turns":2.0},{"damage":7.0,"enemies":"Automaton","floor":33.0,"turns":12.0},{"damage":26.0,"enemies":"Orb Walker","floor":35.0,"turns":3.0},{"damage":10.0,"enemies":"3 Darklings","floor":36.0,"turns":3.0},{"damage":21,"enemies":"Nemesis","floor":40,"turns":5},{"damage":12,"enemies":"Sphere and 2 Shapes","floor":41,"turns":4},{"damage":6,"enemies":"Reptomancer","floor":42,"turns":1},{"damage":8,"enemies":"Jaw Worm Horde","floor":44,"turns":3},{"damage":6,"enemies":"Maw","floor":45,"turns":6},{"damage":0,"enemies":"Nemesis","floor":46,"turns":1},{"damage":6,"enemies":"Transient","floor":47,"turns":6},{"damage":74,"enemies":"Awakened One","floor":50,"turns":12},{"damage":39,"enemies":"Donu and Deca","floor":51,"turns":8}],"seed_played":"-4320034346732304201","potions_obtained":[{"floor":4.0,"key":"Regen Potion"},{"floor":5.0,"key":"Block Potion"},{"floor":6.0,"key":"BloodPotion"},{"floor":10.0,"key":"FearPotion"},{"floor":18.0,"key":"Fire Potion"},{"floor":23.0,"key":"Dexterity Potion"},{"floor":30.0,"key":"PowerPotion"},{"floor":40,"key":"FearPotion"},{"floor":42,"key":"ColorlessPotion"},{"floor":44,"key":"Energy Potion"},{"floor":45,"key":"SneckoOil"}],"is_trial":false,"path_per_floor":["M","M","?","M","M","E","R","M","T","?","?","E","?","T","R","B",null,"M","$","M","M","?","E","R","E","T","E","M","$","E","$","R","B",null,"M","M","?","$","?","E","M","E","T","M","M","E","M","$","R","B","B",null],"character_chosen":"IRONCLAD","items_purchased":["Dark Embrace","PreservedInsect","FairyPotion","Double Tap","Shockwave"],"campfire_rested":1,"item_purchase_floors":[19,19,19,19,38],"current_hp_per_floor":[55,64,64,70,58,53,53,58,58,60,55,41,41,41,41,9,72,78,78,78,84,63,47,47,64,64,54,55,55,55,55,91,94,117,101,97,97,97,97,82,80,84,84,86,89,95,101,101,101,43,21],"gold":1,"neow_bonus":"THREE_RARE_CARDS","is_daily":false,"chose_seed":false,"campfire_upgraded":4,"win_rate":0.0,"timestamp":1611408138,"path_taken":["M","M","?","?","M","E","R","M","T","?","?","E","?","?","R","BOSS","M","$","M","M","?","E","R","E","T","E","M","?","E","$","R","BOSS","M","M","?","?","?","E","?","E","T","M","M","E","M","?","R","BOSS","BOSS"],"items_purchased_type":["Card","Relic","Potion","Card","Card"],"build_version":"2020-12-22","purchased_purges":0,"victory":true,"max_hp_per_floor":[78,81,81,84,87,87,87,90,90,93,93,93,93,93,93,93,93,93,93,97,101,101,101,101,112,112,116,120,120,120,120,120,124,124,128,128,128,128,128,128,132,136,136,140,140,140,140,140,140,140,144],"card_choices":[{"not_picked":["Bludgeon","Brutality"],"picked":"Feed","floor":0.0},{"not_picked":["Heavy Blade","Flame Barrier"],"picked":"Perfected Strike","floor":1.0},{"not_picked":["Spot Weakness","Clothesline"],"picked":"Wild Strike","floor":2.0},{"not_picked":["Whirlwind","Battle Trance"],"picked":"Feel No Pain","floor":4.0},{"not_picked":["Pummel","Intimidate"],"picked":"Twin Strike","floor":5.0},{"not_picked":["Clothesline","Brutality"],"picked":"Power Through","floor":6.0},{"not_picked":["Clash","Headbutt"],"picked":"Shrug It Off","floor":8.0},{"not_picked":["Bloodletting","Hemokinesis"],"picked":"Pommel Strike","floor":10.0},{"not_picked":["Immolate","Anger"],"picked":"Perfected Strike","floor":12.0},{"not_picked":["Impervious","Exhume"],"picked":"Corruption","floor":16.0},{"not_picked":["Havoc","Headbutt"],"picked":"Twin Strike+1","floor":18.0},{"not_picked":["Clash","Uppercut"],"picked":"Battle Trance","floor":20.0},{"not_picked":["Anger+1","Whirlwind","Clash"],"picked":"SKIP","floor":21.0},{"not_picked":["Rupture","Havoc"],"picked":"Headbutt","floor":23.0},{"not_picked":["Body Slam","Power Through"],"picked":"Burning Pact","floor":25.0},{"not_picked":["Infernal Blade","Blood for Blood+1"],"picked":"Impervious","floor":27.0},{"not_picked":["Sever Soul","Whirlwind","Dual Wield"],"picked":"SKIP","floor":28.0},{"not_picked":["Headbutt","Metallicize"],"picked":"True Grit+1","floor":30.0},{"not_picked":["Impervious","Berserk"],"picked":"Offering","floor":33.0},{"not_picked":["Heavy Blade+1","Shockwave"],"picked":"Armaments+1","floor":35.0},{"not_picked":["Anger","Battle Trance"],"picked":"Sentinel","floor":36.0},{"not_picked":["True Grit","Limit Break","Combust"],"picked":"SKIP","floor":40},{"not_picked":["Ghostly Armor","Cleave"],"picked":"Flex+1","floor":41},{"not_picked":["Thunderclap","Heavy Blade","Carnage+1"],"picked":"SKIP","floor":42},{"not_picked":["Sentinel","Pummel"],"picked":"Reaper","floor":44},{"not_picked":["Flex","Burning Pact"],"picked":"Twin Strike+1","floor":45},{"not_picked":["Twin Strike","Shrug It Off"],"picked":"Flame Barrier","floor":46},{"not_picked":["Rupture","Thunderclap"],"picked":"Impervious","floor":47}],"player_experience":265177,"relics_obtained":[{"floor":6.0,"key":"Centennial Puzzle"},{"floor":9.0,"key":"MawBank"},{"floor":10.0,"key":"Odd Mushroom"},{"floor":12.0,"key":"Ancient Tea Set"},{"floor":14.0,"key":"Bag of Marbles"},{"floor":22.0,"key":"Enchiridion"},{"floor":23.0,"key":"Smiling Mask"},{"floor":25.0,"key":"Strawberry"},{"floor":26.0,"key":"Self Forming Clay"},{"floor":27.0,"key":"Bronze Scales"},{"floor":30.0,"key":"Bag of Preparation"},{"floor":40,"key":"Red Skull"},{"floor":42,"key":"HornCleat"},{"floor":46,"key":"Lantern"}],"event_choices":[{"cards_removed":["Defend_R"],"damage_healed":0.0,"max_hp_gain":0.0,"max_hp_loss":0.0,"gold_gain":0.0,"event_name":"Bonfire Elementals","player_choice":"Offered Basic","floor":3.0,"gold_loss":0.0,"damage_taken":0.0},{"damage_healed":0.0,"max_hp_gain":0.0,"max_hp_loss":0.0,"gold_gain":0.0,"event_name":"Mushrooms","player_choice":"Fought Mushrooms","floor":10.0,"gold_loss":0.0,"damage_taken":0.0},{"damage_healed":0.0,"max_hp_gain":0.0,"max_hp_loss":0.0,"gold_gain":0.0,"event_name":"Scrap Ooze","player_choice":"Success","floor":11.0,"gold_loss":0.0,"damage_taken":5.0,"relics_obtained":["CeramicFish"]},{"damage_healed":0.0,"max_hp_gain":0.0,"max_hp_loss":0.0,"gold_gain":0.0,"event_name":"Living Wall","player_choice":"Grow","floor":13.0,"gold_loss":0.0,"damage_taken":0.0,"cards_upgraded":["Feel No Pain"]},{"damage_healed":0.0,"max_hp_gain":0.0,"max_hp_loss":0.0,"gold_gain":0.0,"event_name":"Cursed Tome","player_choice":"Obtained Book","floor":22.0,"gold_loss":0.0,"damage_taken":21.0},{"damage_healed":0,"gold_gain":0,"player_choice":"2 cards matched","damage_taken":0,"max_hp_gain":0,"max_hp_loss":0,"event_name":"Match and Keep!","floor":37,"gold_loss":0,"cards_obtained":["Fiend Fire","Power Through"]},{"damage_healed":0,"gold_gain":0,"player_choice":"Copied","damage_taken":0,"max_hp_gain":0,"max_hp_loss":0,"event_name":"Duplicator","floor":39,"gold_loss":0,"cards_obtained":["Perfected Strike"]}],"is_beta":false,"boss_relics":[{"not_picked":["Busted Crown","Runic Cube"],"picked":"Ectoplasm"},{"not_picked":["Pandora\u0027s Box","Fusion Hammer"],"picked":"Cursed Key"}],"items_purged_floors":[],"is_endless":false,"potions_floor_spawned":[4,5,6,10,18,23,27,30,40,42,44,45,47],"ascension_level":20}}