{"host":"928gv66myv2vlnsd","time":1611363697,"event":{"mods":["BaseMod","Minty Spire (QoL Compilation)","StSLib"],"gold_per_floor":[113,128,141,40,56,87,87,87,114,145,161,190,190,215,215,215,215],"floor_reached":16,"language":"ENG","playtime":582,"items_purged":[],"score":254,"play_id":"bedb35cc-a13b-40fc-8a37-f79fc2417fdf","local_time":"20210122200137","is_ascension_mode":true,"campfire_choices":[{"data":"True Grit","floor":8,"key":"SMITH"},{"floor":13,"key":"REST"},{"data":"Fire Breathing","floor":15,"key":"SMITH"}],"circlet_count":0,"master_deck":["AscendersBane","Strike_R","Strike_R","Strike_R","Strike_R","Defend_R","Defend_R","Defend_R","Defend_R","Bash","Clothesline","Fire Breathing+1","Iron Wave","True Grit+1","Rupture","Uppercut","Battle Trance","Spot Weakness"],"relics":["Burning Blood","NeowsBlessing","PreservedInsect","Omamori","Bag of Marbles","Regal Pillow","Dream Catcher"],"acts_visited":["Exordium"],"potions_floor_usage":[12,16],"damage_taken":[{"damage":0,"enemies":"Jaw Worm","floor":1,"turns":1},{"damage":0,"enemies":"Cultist","floor":2,"turns":1},{"damage":0,"enemies":"2 Louse","floor":3,"turns":1},{"damage":8,"enemies":"Large Slime","floor":5,"turns":7},{"damage":13,"enemies":"3 Sentries","floor":6,"turns":6},{"damage":55,"enemies":"Lagavulin","floor":10,"turns":8},{"damage":7,"enemies":"2 Fungi Beasts","floor":11,"turns":4},{"damage":8,"enemies":"3 Sentries","floor":12,"turns":7},{"damage":3,"enemies":"Gremlin Nob","floor":14,"turns":3},{"damage":59,"enemies":"Hexaghost","floor":16,"turns":10}],"seed_played":"1833233965537116888","potions_obtained":[{"floor":5,"key":"Swift Potion"},{"floor":10,"key":"Dexterity Potion"},{"floor":12,"key":"Energy Potion"}],"is_trial":false,"path_per_floor":["M","M","M","$","M","E","?","R","T","E","M","E","R","E","R","B"],"character_chosen":"IRONCLAD","items_purchased":["Fire Breathing","Iron Wave"],"campfire_rested":1,"item_purchase_floors":[4,4],"current_hp_per_floor":[74,75,75,75,73,66,66,66,66,17,16,14,51,54,54,0,0],"gold":215,"neow_bonus":"THREE_ENEMY_KILL","is_daily":false,"chose_seed":false,"campfire_upgraded":2,"win_rate":0.0,"timestamp":1611363697,"path_taken":["M","M","M","$","M","E","?","R","T","E","M","E","R","E","R","BOSS"],"items_purchased_type":["Card","Card"],"build_version":"2020-12-22","purchased_purges":0,"victory":false,"max_hp_per_floor":[75,75,75,75,75,75,75,75,75,75,75,75,75,75,75,75,75],"card_choices":[{"not_picked":["Havoc","Warcry"],"picked":"Clothesline","floor":1},{"not_picked":["Clothesline","Ghostly Armor","Body Slam"],"picked":"SKIP","floor":2},{"not_picked":["Twin Strike","Clothesline","Reckless Charge"],"picked":"SKIP","floor":3},{"not_picked":["Headbutt","Entrench"],"picked":"True Grit","floor":5},{"not_picked":["Body Slam","Hemokinesis"],"picked":"Rupture","floor":6},{"not_picked":["Blood for Blood","Flex","Rupture"],"picked":"SKIP","floor":10},{"not_picked":["Evolve","Body Slam"],"picked":"Uppercut","floor":11},{"not_picked":["Brutality","Anger"],"picked":"Battle Trance","floor":12},{"not_picked":["Sword Boomerang","Perfected Strike"],"picked":"Spot Weakness","floor":14}],"player_experience":1294707,"relics_obtained":[{"floor":6,"key":"PreservedInsect"},{"floor":9,"key":"Omamori"},{"floor":10,"key":"Bag of Marbles"},{"floor":12,"key":"Regal Pillow"},{"floor":14,"key":"Dream Catcher"}],"event_choices":[{"cards_removed":["Strike_R"],"damage_healed":0,"gold_gain":0,"player_choice":"Purged","damage_taken":0,"max_hp_gain":0,"max_hp_loss":0,"event_name":"Purifier","floor":7,"gold_loss":0}],"is_beta":false,"boss_relics":[],"items_purged_floors":[],"is_endless":false,"potions_floor_spawned":[5,10,12],"killed_by":"Hexaghost","ascension_level":19}}