{"host":"ebj6lkgm8suah319","time":1611416150,"event":{"mods":["2.2 Compatiblity","AchievementEnabler","BaseMod","Block Reminder","Colored Map","Colored Powertips","Minty Spire (QoL Compilation)","Quick Restart","Rare Cards Sparkle","Relic Stats","SuperFastMode"],"gold_per_floor":[111,128,143,157,175,175,188,220,232,244,274,315,49,66,66,145,145,159,159,175,192,211,211,225,225,225],"floor_reached":25,"language":"ENG","playtime":640,"items_purged":[],"score":398,"play_id":"dd5fe914-0bad-4149-9a50-d8ee9f95b328","local_time":"20210123103550","is_ascension_mode":true,"campfire_choices":[{"data":"True Grit","floor":6,"key":"SMITH"},{"data":"Immolate","floor":10,"key":"SMITH"},{"data":"Blood for Blood","floor":15,"key":"SMITH"},{"floor":23,"key":"REST"}],"circlet_count":0,"master_deck":["AscendersBane","Strike_R","Strike_R","Strike_R","Strike_R","Strike_R","Defend_R","Defend_R","Defend_R","Defend_R","Bash","Impervious","Headbutt","Rampage","True Grit+1","Anger","Immolate+1","Blood for Blood+1","Headbutt","Carnage","Demon Form+1","Heavy Blade","True Grit+1","Evolve","Fiend Fire","Whirlwind"],"relics":["Burning Blood","MawBank","Strawberry","Bag of Preparation","Ornamental Fan","Cursed Key"],"acts_visited":["Exordium","TheCity"],"potions_floor_usage":[5,12,16,20,21,24,25],"damage_taken":[{"damage":8,"enemies":"2 Louse","floor":1,"turns":2},{"damage":6,"enemies":"Cultist","floor":2,"turns":3},{"damage":15,"enemies":"Small Slimes","floor":3,"turns":4},{"damage":28,"enemies":"3 Louse","floor":4,"turns":5},{"damage":10,"enemies":"2 Fungi Beasts","floor":5,"turns":3},{"damage":0,"enemies":"Looter","floor":7,"turns":4},{"damage":8,"enemies":"Gremlin Nob","floor":8,"turns":3},{"damage":4,"enemies":"Blue Slaver","floor":11,"turns":3},{"damage":15,"enemies":"Lagavulin","floor":12,"turns":5},{"damage":5,"enemies":"Exordium Thugs","floor":14,"turns":3},{"damage":17,"enemies":"Slime Boss","floor":16,"turns":9},{"damage":15,"enemies":"Shell Parasite","floor":18,"turns":4},{"damage":13,"enemies":"2 Thieves","floor":20,"turns":4},{"damage":32,"enemies":"Cultist and Chosen","floor":21,"turns":5},{"damage":19,"enemies":"Snake Plant","floor":22,"turns":5},{"damage":14,"enemies":"Shelled Parasite and Fungi","floor":24,"turns":5},{"damage":22,"enemies":"Book of Stabbing","floor":25,"turns":3}],"seed_played":"-8642131832225907930","potions_obtained":[{"floor":2,"key":"SneckoOil"},{"floor":5,"key":"BlessingOfTheForge"},{"floor":8,"key":"ColorlessPotion"},{"floor":11,"key":"Explosive Potion"},{"floor":14,"key":"SpeedPotion"},{"floor":16,"key":"FearPotion"},{"floor":18,"key":"PowerPotion"},{"floor":21,"key":"BlessingOfTheForge"},{"floor":22,"key":"Swift Potion"}],"is_trial":false,"path_per_floor":["M","M","M","M","M","R","M","E","T","R","M","E","$","M","R","B",null,"M","?","M","M","M","R","M","E"],"character_chosen":"IRONCLAD","items_purchased":["Ornamental Fan"],"campfire_rested":1,"item_purchase_floors":[13],"current_hp_per_floor":[66,66,57,35,31,31,37,35,42,42,44,35,35,36,36,25,63,54,54,47,21,8,30,22,0,0],"gold":225,"neow_bonus":"THREE_RARE_CARDS","is_daily":false,"chose_seed":false,"campfire_upgraded":3,"win_rate":0.0,"timestamp":1611416150,"path_taken":["M","M","M","M","M","R","M","E","T","R","M","E","$","M","R","BOSS","M","?","M","M","M","R","M","E"],"items_purchased_type":["Relic"],"build_version":"2020-12-22","purchased_purges":0,"victory":false,"max_hp_per_floor":[68,68,68,68,68,68,68,68,75,75,75,75,75,75,75,75,75,75,75,75,75,75,75,75,75,75],"relic_stats":{"counters":[17,70],"Ornamental Fan":[36],"Bag of Preparation":[16],"MawBank":60,"Cursed Key":0,"obtain_stats":[{"Ornamental Fan":13,"Strawberry":9,"Bag of Preparation":12,"MawBank":8,"Cursed Key":17,"Burning Blood":0},{"Ornamental Fan":9,"Strawberry":7,"Bag of Preparation":9,"MawBank":7,"Cursed Key":11,"Burning Blood":0},{"Ornamental Fan":32,"Strawberry":24,"Bag of Preparation":32,"MawBank":24,"Cursed Key":44,"Burning Blood":0}],"Burning Blood":96},"card_choices":[{"not_picked":["Exhume","Double Tap"],"picked":"Impervious","floor":0},{"not_picked":["Heavy Blade","Shrug It Off"],"picked":"Headbutt","floor":1},{"not_picked":["Heavy Blade","Burning Pact"],"picked":"Rampage","floor":2},{"not_picked":["Ghostly Armor","Thunderclap"],"picked":"True Grit","floor":3},{"not_picked":["Exhume","Clash"],"picked":"Anger","floor":4},{"not_picked":["Sword Boomerang","Bloodletting","Pummel"],"picked":"SKIP","floor":5},{"not_picked":["Combust","Shrug It Off"],"picked":"Immolate","floor":7},{"not_picked":["Hemokinesis","Flex"],"picked":"Blood for Blood","floor":8},{"not_picked":["Body Slam","True Grit"],"picked":"Headbutt","floor":11},{"not_picked":["Havoc","Headbutt"],"picked":"Carnage","floor":12},{"not_picked":["Flex","Sword Boomerang","Clash"],"picked":"SKIP","floor":14},{"not_picked":["Limit Break","Berserk"],"picked":"Demon Form","floor":16},{"not_picked":["Perfected Strike","Clash"],"picked":"Heavy Blade","floor":18},{"not_picked":["Perfected Strike","Fire Breathing"],"picked":"True Grit+1","floor":20},{"not_picked":["Warcry","Fire Breathing"],"picked":"Evolve","floor":21},{"not_picked":["Metallicize","Perfected Strike+1"],"picked":"Fiend Fire","floor":22},{"not_picked":["Rage","Headbutt"],"picked":"Whirlwind","floor":24}],"player_experience":49635,"relics_obtained":[{"floor":8,"key":"MawBank"},{"floor":9,"key":"Strawberry"},{"floor":12,"key":"Bag of Preparation"}],"event_choices":[{"damage_healed":0,"gold_gain":0,"player_choice":"Upgraded","damage_taken":0,"max_hp_gain":0,"max_hp_loss":0,"event_name":"Upgrade Shrine","floor":19,"gold_loss":0,"cards_upgraded":["Demon Form"]}],"is_beta":false,"boss_relics":[{"not_picked":["Tiny House","SacredBark"],"picked":"Cursed Key"}],"items_purged_floors":[],"is_endless":false,"potions_floor_spawned":[2,5,8,11,14,16,18,21,22],"killed_by":"Book of Stabbing","ascension_level":16}}