{"host":"qwp6882a7gaon7u5","time":1611410745,"event":{"mods":["ATMod(阿瑾Mod)","Act Like it!","BaseMod","BetterRewards","Gensokyo","Minty Spire (QoL Compilation)","Red Circlet Mod","Replay The Spire","RumiaBox-露米娅的神秘盒子","Spicy Shops","StSLib","The Alterego","【功能Mod】混沌之环修复补丁","【遗物卡牌】REMEMod","篝火指南"],"gold_per_floor":[143,186,266,196,351,95,95,154,178,232,232,292,292,373,373,513,513,577,577,577,624,651,709,1274,1419,1419,1419,1539,1633,1746,1821,1681,1894,1894,2011,2011,2011,2011,2011,2140,2215,2215,2215,2349,2398,1970,2037,2711,2248,2412,2412,2412,2016,2111,2199],"floor_reached":56,"language":"ZHS","playtime":2883,"items_purged":["Strike_G","Defend_G","Defend_G","Defend_G","Strike_G","Strike_G","Strike_G","Defend_G","Defend_G","Strike_G"],"score":2411,"play_id":"4d48705e-aacc-4514-b76f-b3b161c97957","local_time":"20210123220545","is_ascension_mode":true,"campfire_choices":[{"floor":13,"key":"DIG"},{"floor":15,"key":"REST"},{"floor":27,"key":"RECALL"},{"floor":52,"key":"DIG"}],"circlet_count":0,"master_deck":["Survivor+1","Neutralize+1","AT_Desolate+1","alterego_mod:AlterEgo+1","ReplayTheSpireMod:Private Reserves+1","AT_ThistleTea+1","REME_MawOfCthun+1","Replay:Bootleg Shield Generator+1","Accuracy+1","Finesse+1","Mayhem+1","Dagger Spray+1","Escape Plan+1","Poisoned Strike+1","Finesse+1","Cloak And Dagger+1","Pot Of Greed+1","Pot Of Greed+1","Venomology+1","Envenom+1","Malaise+1","Accuracy+1"],"relics":["Ring of the Snake","REME_ComplimentaryCards","AT_ATBox","Chemical X","MealTicket","LastBattle","TwistedFunnel","PreservedInsect","AT_MibuBalloonWealth","Divine Protection","ReplayTheSpireMod:Ninjato","Meat on the Bone","TheAbacus","ReplayTheSpireMod:ShopPack","Mercury Hourglass","Blue Doll","Orichalcum","Strange Spoon","Toolbox","Bag of Preparation","Bag of Marbles","AT_BellowingDragoncrestRing","AT_ArcaneBoots","SSSystem","Lee\u0027s Waffle","BargainBundle","REME_PoisonedDagger","AT_BladeRuinedKing","Replay:Rubber Ducky","Sundial","Anchor","Nunchaku","Quantum Egg","Potion Belt","Tiny Chest","AT_RedTearstoneRing","Toxic Egg 2","Replay:Wax Seal","Du-Vu Doll","Guide Book","Lizard Tail","GodSword6","Gremlin Horn","AT_ForceNature","HandDrill","Cauldron","Art of War","Molten Egg 2","ClockworkSouvenir","WingedGreaves","Blood Vial","Ancient Tea Set","White Beast Statue","Shovel","AT_SilvercatRing","Membership Card","Prayer Wheel","StrikeDummy","Blue Candle","Tingsha","Frozen Egg 2","ZombieArmy","REME_PuzzleBoxRelic","AT_ImmortalShieldbow","Vajra","Ornamental Fan","CaptainsWheel","ReplayTheSpireMod:TigerMarble","CeramicFish","Toy Ornithopter","AT_Manta","Replay:Baseball","Bottled Lightning","GodSword7","Sling","AT_SeraphEmbrace","Onion Ring","Oddly Smooth Stone","ReplayFunnel","Whetstone","Question Card","Pet Ghost","Gremlin Food","Bronze Scales","MagicDraw2","Letter Opener","AT_RedNoBalance","AT_SunfireAegis","Medical Kit","Matryoshka","Pen Nib","Replay:Bandana","Gensokyo:OccultBall","AT_BellDemon","Lantern","Grinning Jar","Black Star","Gensokyo:ChorusOfJoy","Mango","Omamori","Snake Skull","REME_ArchaeologicalTools","Garlic","Happy Flower","AT_ChloranthyRing","Ninja Scroll","Vampiric Spirits","ReplayTheSpireMod:Lightbulb","Juzu Bracelet","Replay:Bottled Eggs","Philosopher\u0027s Stone","Shuriken","War Paint","Strawberry","Pantograph","Paper Crane","Centennial Puzzle","Calipers","Unceasing Top","Boot","PlanX","AT_EbonyIvory","Thread and Needle","ReplayTheSpireMod:Shallot","Golden Egg","REME_LimitBreaker","GodSword5","GodSword1","Eternal Feather","Pondfish Scales","MagicDraw3","Replay:Mystery Machine","HornCleat","Akabeko","Mummified Hand","MagicDraw4"],"acts_visited":["Exordium","Gensokyo:Gensokyo","Gensokyo:Gensokyoer","TheEnding"],"potions_floor_usage":[0,0,12,12,24,24,28,33,33,33,33,41,41,41,48,55,55],"damage_taken":[{"damage":0,"enemies":"Gensokyo:Python","floor":1,"turns":1},{"damage":0,"enemies":"Gensokyo:Gryphon","floor":2,"turns":1},{"damage":0,"enemies":"Gensokyo:Cirno","floor":5,"turns":4},{"damage":0,"enemies":"Gensokyo:Aya","floor":8,"turns":1},{"damage":0,"enemies":"Gensokyo:Mamizou","floor":10,"turns":1},{"damage":0,"enemies":"Gensokyo:Aya","floor":12,"turns":1},{"damage":0,"enemies":"Gensokyo:Mamizou","floor":14,"turns":1},{"damage":0,"enemies":"Gensokyo:Kokoro","floor":16,"turns":1},{"damage":0,"enemies":"Gensokyo:2_Gloops","floor":18,"turns":1},{"damage":0,"enemies":"Gensokyo:AngelMirror","floor":21,"turns":1},{"damage":0,"enemies":"Gensokyo:Koishi","floor":23,"turns":1},{"damage":41,"enemies":"Gensokyo:3_Gloops","floor":24,"turns":1},{"damage":0,"enemies":"Gensokyo:Reisen","floor":25,"turns":1},{"damage":0,"enemies":"Gensokyo:Slime_Group","floor":28,"turns":1},{"damage":0,"enemies":"Gensokyo:Mirror_and_Dog","floor":29,"turns":1},{"damage":0,"enemies":"Gensokyo:Wraith","floor":30,"turns":1},{"damage":0,"enemies":"Gensokyo:Koishi","floor":31,"turns":1},{"damage":0,"enemies":"Gensokyo:Eternal_Rivals","floor":33,"turns":1},{"damage":0,"enemies":"Gensokyo:3_Boulders","floor":35,"turns":1},{"damage":0,"enemies":"Gensokyo:Kasen","floor":40,"turns":1},{"damage":0,"enemies":"Gensokyo:Marisa","floor":41,"turns":1},{"damage":0,"enemies":"Gensokyo:Kasen","floor":44,"turns":1},{"damage":0,"enemies":"Gensokyo:Doremy","floor":47,"turns":1},{"damage":44,"enemies":"Gensokyo:3_Bats","floor":48,"turns":1},{"damage":0,"enemies":"Gensokyo:Yuyuko","floor":50,"turns":1},{"damage":0,"enemies":"Shield and Spear","floor":54,"turns":1},{"damage":0,"enemies":"The Heart","floor":55,"turns":2}],"seed_played":"-2917189216305553681","potions_obtained":[{"floor":0,"key":"Fire Potion"},{"floor":0,"key":"Death Potion"},{"floor":0,"key":"Doom Potion"},{"floor":0,"key":"LifebloodPotion"},{"floor":0,"key":"ColorlessPotion"},{"floor":1,"key":"Flashbang"},{"floor":2,"key":"Swift Potion"},{"floor":5,"key":"Swift Potion"},{"floor":8,"key":"SkillPotion"},{"floor":10,"key":"Block Potion"},{"floor":14,"key":"FearPotion"},{"floor":16,"key":"FearPotion"},{"floor":18,"key":"EntropicBrew"},{"floor":21,"key":"CunningPotion"},{"floor":24,"key":"REME_GoldPotion"},{"floor":25,"key":"SkillPotion"},{"floor":30,"key":"Fire Potion"},{"floor":33,"key":"Strength Potion"},{"floor":35,"key":"Ancient Potion"},{"floor":41,"key":"Adrenaline Potion"}],"is_trial":false,"path_per_floor":["M","M","?","?","?","COS","T","E","T","E","?","E","R","E","R","B",null,"M","?","?","M","T","E","M","E","T","R","M","M","M","E","R","B",null,"M","?","T","?","?","E","E","?","T","E","T","R","E","M","R","B",null,"R","$","E","B",null],"character_chosen":"THE_SILENT","items_purchased":["Chemical X","MealTicket","LastBattle","TwistedFunnel","PreservedInsect","AT_MibuBalloonWealth","Divine Protection","ReplayTheSpireMod:Ninjato","Meat on the Bone","TheAbacus","ReplayTheSpireMod:ShopPack","Mercury Hourglass","Blue Doll","Orichalcum","Strange Spoon","Toolbox","Bag of Preparation","Fruit Juice","Bag of Marbles","AT_BellowingDragoncrestRing","AT_SpeedBoots","SSSystem","Lee\u0027s Waffle","BargainBundle","REME_PoisonedDagger","AT_BladeRuinedKing","Replay:Rubber Ducky","Sundial","Anchor","Nunchaku","Quantum Egg","Potion Belt","Tiny Chest","AT_RedTearstoneRing","Poison Darts","ReplayTheSpireMod:Private Reserves","Toxic Egg 2","AT_ThistleTea+1","Replay:Wax Seal","Du-Vu Doll","Guide Book","Lizard Tail","GodSword6","Gremlin Horn","AT_ForceNature","HandDrill","Cauldron","Art of War","Molten Egg 2","ClockworkSouvenir","WingedGreaves","Blood Vial","Ancient Tea Set","White Beast Statue","Shovel","AT_SilvercatRing","Membership Card","Prayer Wheel","StrikeDummy","Blue Candle","Tingsha","Frozen Egg 2","ZombieArmy","REME_PuzzleBoxRelic","AT_ImmortalShieldbow","Vajra","Ornamental Fan","Accuracy+1","Finesse+1","Mayhem+1","CaptainsWheel","ReplayTheSpireMod:TigerMarble","CeramicFish","Toy Ornithopter","AT_Manta","Replay:Baseball","Bottled Lightning","Fruit Juice","GodSword7","Sling","AT_ArchangelStaff","Onion Ring","Dagger Spray+1","Escape Plan+1","Oddly Smooth Stone","ReplayFunnel","Whetstone","Question Card","Pet Ghost","Gremlin Food","Poisoned Strike+1","Bronze Scales","MagicDraw2","Letter Opener","AT_SilverBalance","Finesse+1","Juzu Bracelet","Replay:Bottled Eggs","PlanX","AT_EbonyIvory","Thread and Needle","ReplayTheSpireMod:Shallot","GodSword5","GodSword1","Eternal Feather","Pondfish Scales","Replay:Mystery Machine","HornCleat","Akabeko","Mummified Hand"],"campfire_rested":1,"item_purchase_floors":[0,0,0,0,0,0,0,0,0,0,0,0,0,0,0,0,0,0,0,0,0,0,0,0,0,0,0,0,0,0,0,0,0,0,0,0,0,0,0,0,0,0,0,0,0,0,0,0,0,0,0,0,0,0,0,0,0,0,0,0,0,0,0,0,0,0,0,0,0,0,0,0,0,0,0,0,0,0,0,0,0,0,0,0,0,0,0,0,0,0,0,0,0,0,0,0,32,32,46,46,46,46,49,49,49,49,53,53,53,53],"current_hp_per_floor":[45,45,45,45,45,45,45,45,45,47,47,59,59,61,87,87,87,87,87,87,101,101,101,70,72,72,72,79,81,83,85,85,101,101,101,101,101,101,101,108,108,108,108,108,108,108,108,88,88,88,109,109,109,109,109],"gold":2199,"neow_bonus":"","is_daily":false,"chose_seed":false,"campfire_upgraded":0,"win_rate":0.0,"timestamp":1611410745,"path_taken":["M","M","?","?","?","COS","?","E","T","E","?","E","R","E","R","BOSS","M","?","?","M","?","E","M","E","T","R","?","M","?","E","R","BOSS","M","?","?","?","?","E","E","?","T","E","?","R","E","M","R","BOSS","R","$","E","BOSS"],"items_purchased_type":["Relic","Relic","Relic","Relic","Relic","Relic","Relic","Relic","Relic","Relic","Relic","Relic","Relic","Relic","Relic","Relic","Relic","Potion","Relic","Relic","Relic","Relic","Relic","Relic","Relic","Relic","Relic","Relic","Relic","Relic","Relic","Relic","Relic","Relic","Card","Card","Relic","Card","Relic","Relic","Relic","Relic","Relic","Relic","Relic","Relic","Relic","Relic","Relic","Relic","Relic","Relic","Relic","Relic","Relic","Relic","Relic","Relic","Relic","Relic","Relic","Relic","Relic","Relic","Relic","Relic","Relic","Card","Card","Card","Relic","Relic","Relic","Relic","Relic","Relic","Relic","Potion","Relic","Relic","Relic","Relic","Card","Card","Relic","Relic","Relic","Relic","Relic","Relic","Card","Relic","Relic","Relic","Relic","Card","Relic","Relic","Relic","Relic","Relic","Relic","Relic","Relic","Relic","Relic","Relic","Relic","Relic","Relic"],"build_version":"2020-12-22","purchased_purges":10,"victory":true,"max_hp_per_floor":[87,87,87,87,87,87,87,87,87,87,87,87,87,87,87,87,87,87,87,87,101,101,101,101,101,101,101,101,101,101,101,101,101,101,101,101,101,101,101,108,108,108,108,108,108,108,108,108,108,109,109,109,109,109,109],"card_choices":[{"not_picked":["AT_FalsePromise","Mayhem"],"picked":"REME_MawOfCthun","floor":0},{"not_picked":["REME_TwoStrings","AT_PowerWithin"],"picked":"Replay:Bootleg Shield Generator","floor":0},{"not_picked":["AT_WindRun+1","Crippling Poison+1","AT_TinkerSharpsword+1","ReplayTheSpireMod:Shiv Toss+1"],"picked":"SKIP","floor":1},{"not_picked":["ReplayTheSpireMod:Scrap Shanks+1","Bouncing Flask+1","Sucker Punch+1","PiercingWail+1"],"picked":"SKIP","floor":1},{"not_picked":["Bouncing Flask+1","Flechettes+1","Outmaneuver+1","Burst+1"],"picked":"SKIP","floor":2},{"not_picked":["Distraction+1","Deflect+1","Finisher+1","Acrobatics+1"],"picked":"SKIP","floor":2},{"not_picked":["Blade Dance+1","Dash+1","PiercingWail+1","Distraction+1"],"picked":"SKIP","floor":5},{"not_picked":["PiercingWail+1","ReplayTheSpireMod:Shiv Toss+1","AT_WindFlip+1","AT_WomanClash+1"],"picked":"SKIP","floor":8},{"not_picked":["Prepared+1","AT_TinkerSharpsword+1","Hidden Blade+1","Poisoned Stab+1"],"picked":"SKIP","floor":10},{"not_picked":["Acrobatics+1","Dagger Throw+1","Backflip+1","Calculated Gamble+1"],"picked":"SKIP","floor":12},{"not_picked":["PiercingWail+1","All Out Attack+1","Unload+1"],"picked":"Cloak And Dagger+1","floor":14},{"not_picked":["Grand Finale+1","REME_GrazeFinale+1","AT_KingSlayer+1"],"picked":"Venomology+1","floor":16},{"not_picked":["Reflex+1","Escape Plan+1","Underhanded Strike+1","AT_WindFlip+1"],"picked":"SKIP","floor":18},{"not_picked":["Fluid Movement+1","Well Laid Plans+1","PiercingWail+1","Distraction+1"],"picked":"SKIP","floor":18},{"not_picked":["REME_GrazeFinale+1","AT_WomanClash+1","PiercingWail+1","Deflect+1"],"picked":"SKIP","floor":21},{"not_picked":["Distraction+1","AT_TinkerSharpsword+1","Choke+1","Toxin Wave+1"],"picked":"SKIP","floor":21},{"not_picked":["Caltrops+1","AT_FocusSwordFire+1","Poisoned Stab+1","Flying Knee+1"],"picked":"SKIP","floor":23},{"not_picked":["AT_ThistleTea+1","Deadly Poison+1","AT_WindFlip+1","Flying Knee+1"],"picked":"SKIP","floor":24},{"not_picked":["Backflip+1","Hidden Blade+1","AT_ArcaneSupremacy+1","Riddle With Holes+1"],"picked":"SKIP","floor":24},{"not_picked":["Blade Dance+1","Glass Knife+1","PiercingWail+1","Fluid Movement+1"],"picked":"SKIP","floor":25},{"not_picked":["Dash+1","AT_WomanClash+1","Outmaneuver+1","PiercingWail+1"],"picked":"SKIP","floor":28},{"not_picked":["Hidden Blade+1","REME_GreenPollution+1","Prepared+1","Deadly Poison+1"],"picked":"SKIP","floor":28},{"not_picked":["AT_ThistleTea+1","Backflip+1","Acrobatics+1","AT_ShadowStep+1"],"picked":"SKIP","floor":29},{"not_picked":["Tactician+1","Escape Plan+1","Skewer+1","PiercingWail+1"],"picked":"SKIP","floor":29},{"not_picked":["Flying Knee+1","Dagger Throw+1","Acrobatics+1"],"picked":"Envenom+1","floor":30},{"not_picked":["AT_Desolate+1","Deflect+1","Caltrops+1","Endless Agony+1"],"picked":"SKIP","floor":30},{"not_picked":["Flying Knee+1","Poisoned Stab+1","Riddle With Holes+1","PiercingWail+1"],"picked":"SKIP","floor":31},{"not_picked":["After Image+1","REME_CopyPotion+1","Storm of Steel+1"],"picked":"Malaise+1","floor":33},{"not_picked":["Deflect+1","Underhanded Strike+1","Well Laid Plans+1","Prepared+1"],"picked":"SKIP","floor":35},{"not_picked":["Dagger Throw+1","Cloak And Dagger+1","AT_WindFlip+1","Escape Plan+1"],"picked":"SKIP","floor":35},{"not_picked":["Acrobatics+1","Dagger Throw+1","Replay:Bag of Tricks+1","Poisoned Stab+1"],"picked":"SKIP","floor":40},{"not_picked":["PiercingWail+1","Dagger Throw+1","Dash+1","Outmaneuver+1"],"picked":"SKIP","floor":41},{"not_picked":["Footwork+1","Outmaneuver+1","PiercingWail+1"],"picked":"Accuracy+1","floor":44},{"not_picked":["Acrobatics+1","Dagger Throw+1","Slice+1","Grand Finale+1"],"picked":"SKIP","floor":47},{"not_picked":["Calculated Gamble+1","Heel Hook+1","Deadly Poison+1","Slice+1"],"picked":"SKIP","floor":48},{"not_picked":["Bouncing Flask+1","Bane+1","PiercingWail+1","Toxin Wave+1"],"picked":"SKIP","floor":48},{"not_picked":["Tactician+1","Reflex+1","Poisoned Stab+1","Cloak And Dagger+1"],"picked":"SKIP","floor":54}],"player_experience":179720,"relics_obtained":[{"floor":5,"key":"AT_SunfireAegis"},{"floor":7,"key":"Matryoshka"},{"floor":9,"key":"Pen Nib"},{"floor":12,"key":"AT_BellDemon"},{"floor":13,"key":"Lantern"},{"floor":14,"key":"Grinning Jar"},{"floor":16,"key":"Gensokyo:OccultBall"},{"floor":22,"key":"Omamori"},{"floor":22,"key":"Snake Skull"},{"floor":23,"key":"Gensokyo:OccultBall"},{"floor":23,"key":"REME_ArchaeologicalTools"},{"floor":23,"key":"Garlic"},{"floor":25,"key":"Happy Flower"},{"floor":25,"key":"AT_ChloranthyRing"},{"floor":26,"key":"Ninja Scroll"},{"floor":31,"key":"Vampiric Spirits"},{"floor":31,"key":"ReplayTheSpireMod:Lightbulb"},{"floor":33,"key":"Gensokyo:OccultBall"},{"floor":37,"key":"Shuriken"},{"floor":40,"key":"War Paint"},{"floor":40,"key":"Strawberry"},{"floor":41,"key":"Pantograph"},{"floor":41,"key":"Paper Crane"},{"floor":43,"key":"Centennial Puzzle"},{"floor":44,"key":"Calipers"},{"floor":44,"key":"Unceasing Top"},{"floor":45,"key":"Boot"},{"floor":47,"key":"Golden Egg"},{"floor":47,"key":"REME_LimitBreaker"},{"floor":52,"key":"MagicDraw3"},{"floor":54,"key":"MagicDraw4"}],"event_choices":[],"is_beta":false,"boss_relics":[{"not_picked":["AddBug","ChewingGum"],"picked":"Black Star"},{"not_picked":["Busted Crown","Cursed Key"],"picked":"Philosopher\u0027s Stone"}],"items_purged_floors":[0,0,0,0,0,0,0,0,0,0],"is_endless":false,"potions_floor_spawned":[1,2,5,8,10,12,14,16,18,21,23,24,25,28,29,30,31,33,35,40,41,44,47,48,54],"ascension_level":1}}