{"host":"ydg0vn0pu4pubmdt","time":1611393479,"event":{"mods":["AchievementEnabler","BaseMod","Colored Map","Gold Saver","Minty Spire (QoL Compilation)","Quick Restart","SuperFastMode"],"gold_per_floor":[116,191,33,33,43,69,81,113,170,193,231,253,265,287,299,384,396,418,441,453,465,72,72,82,115,141,171,171,171],"floor_reached":28,"language":"KOR","playtime":556,"items_purged":["Strike_R","Strike_R"],"score":571,"play_id":"fd895ca0-36e9-4ef6-a3f8-4749fcd8d4b5","local_time":"20210123181759","is_ascension_mode":true,"campfire_choices":[{"data":"Blood for Blood","floor":7.0,"key":"SMITH"},{"data":"Fire Breathing","floor":13.0,"key":"SMITH"},{"data":"Whirlwind","floor":15.0,"key":"SMITH"},{"data":"Offering","floor":23.0,"key":"SMITH"}],"circlet_count":0,"master_deck":["AscendersBane","Strike_R","Strike_R+1","Strike_R","Defend_R","Defend_R","Defend_R","Defend_R","Bash+1","Shrug It Off","Blood for Blood+1","Cleave","Fire Breathing+1","Whirlwind+1","Shrug It Off","Offering+1","Power Through","Evolve"],"relics":["Burning Blood","NeowsBlessing","MealTicket","MawBank","Akabeko","Dream Catcher","Sozu","Bag of Marbles","Bronze Scales","Whetstone","Bag of Preparation"],"acts_visited":["Exordium","TheCity"],"potions_floor_usage":[],"damage_taken":[{"damage":0.0,"enemies":"2 Louse","floor":1.0,"turns":1.0},{"damage":0.0,"enemies":"Small Slimes","floor":5.0,"turns":1.0},{"damage":0.0,"enemies":"3 Sentries","floor":6.0,"turns":2.0},{"damage":0.0,"enemies":"Cultist","floor":8.0,"turns":2.0},{"damage":8.0,"enemies":"Blue Slaver","floor":10.0,"turns":2.0},{"damage":20.0,"enemies":"Lagavulin","floor":11.0,"turns":6.0},{"damage":2.0,"enemies":"2 Fungi Beasts","floor":12.0,"turns":3.0},{"damage":7.0,"enemies":"Gremlin Gang","floor":14.0,"turns":2.0},{"damage":31.0,"enemies":"Slime Boss","floor":16.0,"turns":7.0},{"damage":4.0,"enemies":"2 Thieves","floor":18.0,"turns":2.0},{"damage":27.0,"enemies":"Chosen","floor":19.0,"turns":4.0},{"damage":6.0,"enemies":"3 Cultists","floor":24.0,"turns":2.0},{"damage":31.0,"enemies":"Book of Stabbing","floor":25.0,"turns":3.0},{"damage":28.0,"enemies":"Slavers","floor":27.0,"turns":4.0},{"damage":29,"enemies":"Shelled Parasite and Fungi","floor":28,"turns":3}],"seed_played":"1057597496233363774","potions_obtained":[{"floor":1.0,"key":"Weak Potion"},{"floor":5.0,"key":"FearPotion"},{"floor":6.0,"key":"LiquidMemories"},{"floor":12.0,"key":"LiquidBronze"}],"is_trial":false,"path_per_floor":["M","?","$","?","M","E","R","M","T","M","E","M","R","M","R","B",null,"M","M","?","?","$","R","M","E","T","E","M"],"character_chosen":"IRONCLAD","items_purchased":["Blood for Blood","Bag of Marbles","Power Through","Evolve"],"campfire_rested":0,"item_purchase_floors":[3,22,22,22],"current_hp_per_floor":[74,63,63,63,69,75,75,75,75,73,59,63,63,62,62,37,66,68,47,47,52,67,67,67,42,42,20,0,0],"gold":171,"neow_bonus":"THREE_ENEMY_KILL","is_daily":false,"chose_seed":false,"campfire_upgraded":4,"win_rate":0.0,"timestamp":1611393479,"path_taken":["M","?","$","?","M","E","R","?","T","M","E","M","R","M","R","BOSS","M","M","?","?","$","R","?","E","T","E","M"],"items_purchased_type":["Card","Relic","Card","Card"],"build_version":"2020-12-22","purchased_purges":2,"victory":false,"max_hp_per_floor":[75,75,75,75,75,75,75,75,75,75,75,75,75,75,75,75,75,75,75,75,75,75,75,75,75,75,75,75,75],"card_choices":[{"not_picked":["Pummel","Warcry"],"picked":"Shrug It Off","floor":1.0},{"not_picked":["Dark Embrace","Spot Weakness"],"picked":"Clothesline","floor":5.0},{"not_picked":["Body Slam","Shockwave"],"picked":"Cleave","floor":6.0},{"not_picked":["Clothesline","Anger"],"picked":"Fire Breathing","floor":8.0},{"not_picked":["Sword Boomerang","Flex"],"picked":"Whirlwind","floor":10.0},{"not_picked":["True Grit","Body Slam"],"picked":"Shrug It Off","floor":11.0},{"not_picked":["Flex","Clash","Wild Strike"],"picked":"SKIP","floor":12.0},{"not_picked":["Pommel Strike","Carnage","Clash"],"picked":"SKIP","floor":14.0},{"not_picked":["Fiend Fire","Reaper"],"picked":"Offering","floor":16.0},{"not_picked":["Clothesline+1","Body Slam","Entrench"],"picked":"SKIP","floor":18.0},{"not_picked":["Whirlwind","Inflame+1","Clash+1"],"picked":"SKIP","floor":19.0},{"not_picked":["Sentinel","Disarm","Infernal Blade"],"picked":"SKIP","floor":24.0},{"not_picked":["Thunderclap+1","Metallicize","Corruption"],"picked":"SKIP","floor":25.0},{"not_picked":["Spot Weakness","Entrench","Dual Wield"],"picked":"SKIP","floor":27.0}],"player_experience":558218,"relics_obtained":[{"floor":6.0,"key":"MawBank"},{"floor":9.0,"key":"Akabeko"},{"floor":11.0,"key":"Dream Catcher"},{"floor":25.0,"key":"Bronze Scales"},{"floor":26.0,"key":"Whetstone"},{"floor":27.0,"key":"Bag of Preparation"}],"event_choices":[{"damage_healed":0.0,"max_hp_gain":0.0,"max_hp_loss":0.0,"gold_gain":75.0,"event_name":"World of Goop","player_choice":"Gather Gold","floor":2.0,"gold_loss":0.0,"damage_taken":11.0},{"damage_healed":0.0,"max_hp_gain":0.0,"max_hp_loss":0.0,"gold_gain":0.0,"event_name":"WeMeetAgain","player_choice":"Gave Potion","floor":4.0,"gold_loss":0.0,"damage_taken":0.0,"relics_obtained":["MealTicket"]},{"damage_healed":0.0,"max_hp_gain":0.0,"max_hp_loss":0.0,"gold_gain":0.0,"event_name":"The Mausoleum","player_choice":"Ignored","floor":20.0,"gold_loss":0.0,"damage_taken":0.0},{"cards_removed":["Clothesline"],"damage_healed":5.0,"max_hp_gain":0.0,"max_hp_loss":0.0,"gold_gain":0.0,"event_name":"Bonfire Elementals","player_choice":"Offered Common","floor":21.0,"gold_loss":0.0,"damage_taken":0.0},{"cards_removed":["Clothesline"],"damage_healed":5.0,"max_hp_gain":0.0,"max_hp_loss":0.0,"gold_gain":0.0,"event_name":"Bonfire Elementals","player_choice":"Offered Special","floor":21.0,"gold_loss":0.0,"damage_taken":0.0}],"is_beta":false,"boss_relics":[{"not_picked":["Black Star","Velvet Choker"],"picked":"Sozu"}],"items_purged_floors":[3,22],"is_endless":false,"potions_floor_spawned":[1,5,6,12,18,24],"killed_by":"Shelled Parasite and Fungi","ascension_level":19}}