{"host":"awrw1gk2acwismlg","time":1611388996,"event":{"mods":["100% Spire Juice","ATMod(°¢èªMod)","BaseMod","Bestiary","Hero for Fun","KinomotoSakuraMod(Ä¾Ö®±¾Ó£)","Marisa£¨ìFÓê¡¡Ä§ÀíÉ³£©","Minty Spire (QoL Compilation)","Remilia£¨ÀÙÃ×ÀòÑÇ£©","Robot Space Explorer","Small Relic Pack","StSLib","The Dragon Tamer","Wide Potions","Yakumo Yukari mod","Youmu£¨»êÆÇÑýÃÎ£©","¡¾ÒÅÎï¿¨ÅÆ¡¿REMEMod","óô»ðÖ¸ÄÏ"],"gold_per_floor":[109,129,129,38,50,83,83,83,83,98,113,132,132,167,167,271,271,287,299,224,499,499,399,399,324,398,273,298,308,336,346,27,125,125,138,183,202,218,44,44,61,61,88,135,135,169,169,189,17,17],"floor_reached":51,"language":"ZHS","playtime":2834,"items_purged":["Defend_R","Regret","Defend_R","Fiend Fire"],"score":825,"play_id":"7106cdf7-f07b-4f4c-bd44-ee29a331f667","local_time":"20210123160316","is_ascension_mode":true,"campfire_choices":[{"data":"AT_FamilyPortrait","floor":7,"key":"SMITH"},{"data":"Perfected Strike","floor":15,"key":"SMITH"},{"data":"Perfected Strike","floor":24,"key":"SMITH"},{"data":"Apotheosis","floor":40,"key":"SMITH"},{"data":"REME_ACTH","floor":42,"key":"SMITH"},{"data":"Flex","floor":45,"key":"SMITH"},{"data":"Wild Strike","floor":47,"key":"SMITH"}],"circlet_count":0,"master_deck":["Strike_R","Strike_R","Strike_R","Strike_R","Strike_R","Defend_R+1","Bash","AT_FamilyPortrait+1","Perfected Strike+1","Perfected Strike+1","Flex+1","Twin Strike","Perfected Strike+1","Wild Strike","Flex+1","Twin Strike","Apotheosis+1","REME_ACTH+1","Perfected Strike+1","Pommel Strike+1","Wild Strike+1","Swift Strike","AT_TearsDenial","REME_BattleFury"],"relics":["Burning Blood","AT_ATBox","REME_ComplimentaryCards","NeowsBlessing","AT_EbonyIvory","Mercury Hourglass","Matryoshka","REME_HourglassOfDeath","Sozu","Potion Belt","AT_TimeSand","Blood Vial","AT_ArchangelStaff","Red Mask","AT_SpeedBoots","REME_LowDesire","AT_BladeRuinedKing","Bronze Scales","CatCart","REME_PuzzleBoxRelic","War Paint","REME_IWantAll","PreservedInsect"],"acts_visited":["Exordium","TheCity","TheBeyond"],"potions_floor_usage":[16,16,16],"damage_taken":[{"damage":0,"enemies":"Cultist","floor":1,"turns":1},{"damage":0,"enemies":"2 Louse","floor":2,"turns":1},{"damage":0,"enemies":"Jaw Worm","floor":5,"turns":1},{"damage":8,"enemies":"Gremlin Nob","floor":6,"turns":3},{"damage":6,"enemies":"Blue Slaver","floor":10,"turns":2},{"damage":3,"enemies":"Large Slime","floor":11,"turns":3},{"damage":0,"enemies":"Exordium Wildlife","floor":12,"turns":2},{"damage":31,"enemies":"3 Sentries","floor":14,"turns":4},{"damage":46,"enemies":"Hexaghost","floor":16,"turns":5},{"damage":22,"enemies":"2 Thieves","floor":18,"turns":2},{"damage":0,"enemies":"Spheric Guardian","floor":19,"turns":1},{"damage":0,"enemies":"Cultist and Chosen","floor":22,"turns":1},{"damage":0,"enemies":"Gremlin Leader","floor":28,"turns":4},{"damage":18,"enemies":"Snecko","floor":29,"turns":3},{"damage":0,"enemies":"Masked Bandits","floor":30,"turns":2},{"damage":10,"enemies":"Centurion and Healer","floor":31,"turns":2},{"damage":42,"enemies":"Collector","floor":33,"turns":5},{"damage":7,"enemies":"3 Darklings","floor":35,"turns":2},{"damage":12,"enemies":"Orin","floor":36,"turns":4},{"damage":8,"enemies":"3 Shapes","floor":37,"turns":2},{"damage":8,"enemies":"Jaw Worm Horde","floor":38,"turns":2},{"damage":12,"enemies":"4 Shapes","floor":41,"turns":3},{"damage":0,"enemies":"2 Orb Walkers","floor":44,"turns":2},{"damage":12,"enemies":"Reptomancer","floor":46,"turns":2},{"damage":13,"enemies":"Writhing Mass","floor":48,"turns":2},{"damage":49,"enemies":"Awakened One","floor":50,"turns":4}],"seed_played":"5404594889459370471","potions_obtained":[{"floor":1,"key":"ElixirPotion"},{"floor":6,"key":"Ancient Potion"},{"floor":14,"key":"Fruit Juice"},{"floor":16,"key":"Energy Potion"}],"is_trial":false,"path_per_floor":["M","M","T","$","M","E","R","?","T","M","M","M","?","E","R","B",null,"M","M","$","?","M","R","R","?","T","R","E","M","?","M","R","B",null,"M","?","M","M","$","R","M","R","T","?","R","E","R","M","R","B",null],"character_chosen":"IRONCLAD","items_purchased":["Perfected Strike","Flex","Apotheosis","AT_SpeedBoots","Wild Strike","REME_BattleFury"],"campfire_rested":0,"item_purchase_floors":[4,4,32,32,39,49],"current_hp_per_floor":[80,80,80,80,80,78,78,78,78,78,80,80,80,55,55,20,85,69,75,75,75,81,81,81,81,81,81,85,73,81,79,79,45,85,84,79,79,79,79,79,75,75,75,83,83,79,79,74,74,33],"gold":17,"neow_bonus":"THREE_ENEMY_KILL","is_daily":false,"chose_seed":false,"campfire_upgraded":7,"win_rate":0.0,"timestamp":1611388996,"path_taken":["M","?","?","$","?","E","R","?","T","M","M","?","?","E","R","BOSS","M","M","$","?","?","E","R","?","T","R","E","M","?","M","R","BOSS","M","?","M","M","$","R","M","R","T","?","R","E","R","M","R","BOSS"],"items_purchased_type":["Card","Card","Card","Relic","Card","Card"],"build_version":"2020-12-22","purchased_purges":4,"victory":true,"max_hp_per_floor":[80,80,80,80,80,80,80,80,80,80,80,80,80,80,80,85,85,85,85,85,85,85,85,85,85,85,85,85,85,85,85,85,85,85,85,85,85,85,85,85,85,85,85,85,85,85,85,85,85,85],"card_choices":[{"not_picked":["Dual Wield","Body Slam"],"picked":"Perfected Strike","floor":1},{"not_picked":["Reckless Charge","Iron Wave","AT_CaressingTears"],"picked":"SKIP","floor":2},{"not_picked":["Armaments","Power Through","Seeing Red"],"picked":"SKIP","floor":5},{"not_picked":["Anger","Bloodletting"],"picked":"Twin Strike","floor":6},{"not_picked":["AT_BodySlamDance","True Grit"],"picked":"Wild Strike","floor":10},{"not_picked":["REME_FearOfPain","Thunderclap","Sever Soul"],"picked":"SKIP","floor":11},{"not_picked":["Anger","Thunderclap","Cleave"],"picked":"SKIP","floor":12},{"not_picked":["Brutality","Battle Trance","Shrug It Off"],"picked":"SKIP","floor":14},{"not_picked":["Immolate","Brutality"],"picked":"Fiend Fire","floor":16},{"not_picked":["True Grit+1","Shrug It Off","AT_IchimonjiDouble"],"picked":"SKIP","floor":18},{"not_picked":["True Grit","AT_IchimonjiDouble","AT_GerminateFire+1"],"picked":"SKIP","floor":19},{"not_picked":["REME_SingleHolding","Thunderclap+1","Bludgeon"],"picked":"SKIP","floor":28},{"not_picked":["Battle Trance","Seeing Red","Warcry"],"picked":"SKIP","floor":29},{"not_picked":["Pummel","Thunderclap"],"picked":"Flex","floor":30},{"not_picked":["Infernal Blade","Whirlwind"],"picked":"Twin Strike","floor":31},{"not_picked":["Juggernaut","Offering"],"picked":"REME_ACTH","floor":33},{"not_picked":["AT_IchimonjiDouble+1","Iron Wave","Purity"],"picked":"Perfected Strike+1","floor":35},{"not_picked":["AT_BodySlamDance","Clothesline","Flash of Steel+1"],"picked":"Pommel Strike+1","floor":36},{"not_picked":["AT_DrawKnifeCut+1","Warcry","Rage+1","REME_BodyOfCthun"],"picked":"SKIP","floor":37},{"not_picked":["REME_Cut+1","Heavy Blade","Shrug It Off+1","Deep Breath+1"],"picked":"SKIP","floor":38},{"not_picked":["True Grit+1","AT_IchimonjiDouble+1","Sword Boomerang+1"],"picked":"Swift Strike","floor":41},{"not_picked":["True Grit","Clash+1","Warcry+1"],"picked":"AT_TearsDenial","floor":44},{"not_picked":["Juggernaut","Heavy Blade","Clothesline+1","REME_BuildACard"],"picked":"SKIP","floor":46},{"not_picked":["Thunderclap","Dark Embrace+1","Clothesline","REME_MawOfCthun"],"picked":"SKIP","floor":48}],"player_experience":20310,"relics_obtained":[{"floor":3,"key":"AT_EbonyIvory"},{"floor":6,"key":"Mercury Hourglass"},{"floor":9,"key":"Matryoshka"},{"floor":14,"key":"REME_HourglassOfDeath"},{"floor":26,"key":"Potion Belt"},{"floor":26,"key":"AT_TimeSand"},{"floor":28,"key":"AT_ArchangelStaff"},{"floor":30,"key":"Red Mask"},{"floor":34,"key":"AT_BladeRuinedKing"},{"floor":34,"key":"Bronze Scales"},{"floor":36,"key":"CatCart"},{"floor":43,"key":"REME_PuzzleBoxRelic"},{"floor":43,"key":"War Paint"},{"floor":44,"key":"REME_IWantAll"},{"floor":46,"key":"PreservedInsect"}],"event_choices":[{"damage_healed":0,"gold_gain":0,"player_choice":"Bought 0 Potions","damage_taken":0,"max_hp_gain":0,"max_hp_loss":0,"event_name":"The Woman in Blue","floor":13,"gold_loss":0},{"damage_healed":0,"gold_gain":275,"player_choice":"Desecrate","damage_taken":0,"max_hp_gain":0,"max_hp_loss":0,"event_name":"Golden Shrine","floor":21,"gold_loss":0,"cards_obtained":["Regret"]},{"cards_removed":["Defend_R"],"damage_healed":0,"gold_gain":0,"player_choice":"Gave Gold","damage_taken":0,"max_hp_gain":0,"max_hp_loss":0,"event_name":"Beggar","floor":25,"gold_loss":75},{"damage_healed":0,"gold_gain":0,"player_choice":"Fought Bandits","damage_taken":0,"max_hp_gain":0,"max_hp_loss":0,"event_name":"Masked Bandits","floor":30,"gold_loss":0},{"damage_healed":0,"gold_gain":0,"player_choice":"Fight","damage_taken":0,"max_hp_gain":0,"max_hp_loss":0,"event_name":"OrinTheCat","floor":36,"gold_loss":0},{"damage_healed":0,"gold_gain":0,"player_choice":"Fight","damage_taken":0,"max_hp_gain":0,"max_hp_loss":0,"event_name":"Mysterious Sphere","floor":44,"gold_loss":0}],"is_beta":false,"boss_relics":[{"not_picked":["Ectoplasm","Cursed Key"],"picked":"Sozu"},{"not_picked":["Runic Dome","relicPack:StarArrow"],"picked":"REME_LowDesire"}],"items_purged_floors":[20,23,27,39],"is_endless":false,"potions_floor_spawned":[1,6,14,16,18,22,31,33,35,44,46,48],"ascension_level":2}}