{"host":"s2gnxn64lbarj0x7","time":1611400008,"event":{"mods":["AchievementEnabler","BaseMod","Colored Map","Colored Powertips","Faster Ascension Climbing","Googly Eyes","Highlight Path","Minty Spire (QoL Compilation)","Quick Restart","StSLib","SuperFastMode","The Marked"],"gold_per_floor":[109,127,52,2,18,48,60,79,79,91,91,57,57,85,85,182,182,195,195,45,55,67,67,67,67],"floor_reached":24,"language":"ENG","playtime":1171,"items_purged":["theMarked:Strike"],"score":208,"play_id":"cd560775-cc6c-4aac-87a8-d83e8890ad7a","local_time":"20210123050648","is_ascension_mode":false,"campfire_choices":[{"floor":13,"key":"REST"},{"floor":15,"key":"REST"},{"floor":23,"key":"REST"}],"circlet_count":0,"master_deck":["theMarked:Strike","theMarked:Strike","theMarked:Strike","theMarked:Strike","theMarked:Defend","theMarked:Defend","theMarked:Defend","theMarked:SoldierOfQuellstein","theMarked:Static","theMarked:Aftermath","theMarked:MysticalArsenal","theMarked:TwofoldDefense","theMarked:BanishingWave","theMarked:Static","theMarked:HeritageOfTheMarked","theMarked:ComboAttacks","theMarked:Frustration","theMarked:WardOff+1"],"relics":["theMarked:BronzeBlade","Thread and Needle","Meat on the Bone","theMarked:Gun","MutagenicStrength","Oddly Smooth Stone"],"acts_visited":["Exordium","TheCity"],"potions_floor_usage":[8,8],"damage_taken":[{"damage":1,"enemies":"Jaw Worm","floor":1,"turns":6},{"damage":0,"enemies":"Small Slimes","floor":2,"turns":2},{"damage":1,"enemies":"Cultist","floor":5,"turns":3},{"damage":50,"enemies":"Lagavulin","floor":6,"turns":8},{"damage":8,"enemies":"Blue Slaver","floor":7,"turns":4},{"damage":8,"enemies":"Exordium Wildlife","floor":8,"turns":4},{"damage":0,"enemies":"3 Louse","floor":10,"turns":2},{"damage":39,"enemies":"Gremlin Nob","floor":14,"turns":6},{"damage":12,"enemies":"Slime Boss","floor":16,"turns":5},{"damage":26,"enemies":"2 Thieves","floor":18,"turns":5},{"damage":8,"enemies":"Shell Parasite","floor":21,"turns":4},{"damage":14,"enemies":"Shelled Parasite and Fungi","floor":22,"turns":4},{"damage":78,"enemies":"Gremlin Leader","floor":24,"turns":8}],"seed_played":"975872047154722573","potions_obtained":[{"floor":1,"key":"DistilledChaos"},{"floor":5,"key":"AttackPotion"},{"floor":6,"key":"Fire Potion"},{"floor":16,"key":"EntropicBrew"},{"floor":18,"key":"theMarked:ChargePotion"}],"is_trial":false,"path_per_floor":["M","M","$","?","M","E","M","M","T","M","?","$","R","E","R","B",null,"M","?","$","M","M","R","E"],"character_chosen":"THE_DEFAULT","items_purchased":["theMarked:ComboAttacks","Oddly Smooth Stone"],"campfire_rested":3,"item_purchase_floors":[12,20],"current_hp_per_floor":[76,76,76,76,75,25,17,9,9,21,26,26,50,23,47,47,82,56,56,56,48,46,70,0,0],"gold":67,"neow_bonus":"TEN_PERCENT_HP_BONUS","is_daily":false,"chose_seed":false,"campfire_upgraded":0,"win_rate":0.0,"timestamp":1611400008,"path_taken":["M","M","$","?","M","E","M","M","T","M","?","$","R","E","R","BOSS","M","?","?","?","M","R","E"],"items_purchased_type":["Card","Relic"],"build_version":"2020-12-22","purchased_purges":1,"victory":false,"max_hp_per_floor":[77,77,77,77,77,77,77,77,77,77,82,82,82,82,82,82,82,82,82,82,82,82,82,82,82],"card_choices":[{"not_picked":["theMarked:Reabsorb","theMarked:Parry"],"picked":"theMarked:Static","floor":1},{"not_picked":["theMarked:SwordAndMagic","theMarked:Opportunist"],"picked":"theMarked:Aftermath","floor":2},{"not_picked":["theMarked:ChainLightning","theMarked:ElectricStrings"],"picked":"theMarked:MysticalArsenal","floor":5},{"not_picked":["theMarked:WastefulAttack","theMarked:SwordAndMagic"],"picked":"theMarked:TwofoldDefense","floor":6},{"not_picked":["theMarked:ContemptForTheProud","theMarked:Levitate"],"picked":"theMarked:BanishingWave","floor":7},{"not_picked":["theMarked:SwordAndMagic","theMarked:TakeCover"],"picked":"theMarked:Static","floor":8},{"not_picked":["theMarked:ReduceFriction","theMarked:RepellingDischarge"],"picked":"theMarked:HeritageOfTheMarked","floor":10},{"not_picked":["theMarked:ResourceFulStrike","theMarked:Static"],"picked":"theMarked:Frustration","floor":14},{"not_picked":["theMarked:ElectricStrings+1","theMarked:Aftermath","theMarked:EmpowerWeapon"],"picked":"SKIP","floor":18},{"not_picked":["theMarked:HeritageOfTheMarked","theMarked:WastefulDefense+1"],"picked":"theMarked:WardOff+1","floor":21},{"not_picked":["theMarked:Static+1","theMarked:Aftermath+1","theMarked:ParalyzingBlade"],"picked":"SKIP","floor":22}],"player_experience":161458,"relics_obtained":[{"floor":6,"key":"Thread and Needle"},{"floor":9,"key":"Meat on the Bone"},{"floor":14,"key":"theMarked:Gun"}],"event_choices":[{"cards_removed":["theMarked:Defend"],"damage_healed":0,"gold_gain":0,"player_choice":"Card Removal","damage_taken":0,"max_hp_gain":0,"max_hp_loss":0,"event_name":"The Cleric","floor":4,"gold_loss":50},{"damage_healed":0,"gold_gain":0,"player_choice":"Donut","damage_taken":0,"max_hp_gain":5,"max_hp_loss":0,"event_name":"Big Fish","floor":11,"gold_loss":0},{"damage_healed":0,"gold_gain":0,"player_choice":"Inject Mutagens","damage_taken":0,"relics_obtained":["MutagenicStrength"],"max_hp_gain":0,"max_hp_loss":0,"event_name":"Drug Dealer","floor":19,"gold_loss":0}],"is_beta":false,"boss_relics":[{"not_picked":["theMarked:SpiritSword","SacredBark"],"picked":"theMarked:BronzeBlade"}],"items_purged_floors":[3],"is_endless":false,"potions_floor_spawned":[1,5,6,16,18],"killed_by":"Gremlin Leader","ascension_level":0}}