{"host":"shb6fs4xkmgx64v4","time":1611435310,"event":{"mods":["AchievementEnabler","BaseMod","Colored Map","Downfall","Minty Spire (QoL Compilation)","StSLib"],"gold_per_floor":[99,111,123,123,143,143,143,51,51,65,65,80,80,95,106,210,210,110,128,128,146,162,172,172,188,1,1,1,1],"floor_reached":27,"language":"ENG","playtime":1914,"items_purged":[],"score":209,"play_id":"6a28f7c3-fe2b-4603-9cf9-9770fb4cdf42","local_time":"20210123155510","is_ascension_mode":false,"campfire_choices":[{"floor":1.0,"key":"RECALL"},{"data":"Guardian:DecasProtection","floor":9.0,"key":"SMITH"},{"data":"Guardian:SentryBeam","floor":11.0,"key":"SMITH"},{"floor":13.0,"key":"REST"},{"data":"Guardian:PiercingHide","floor":18.0,"key":"SMITH"}],"circlet_count":0,"master_deck":["Guardian:Strike_Guardian","Guardian:Strike_Guardian","Guardian:Strike_Guardian","Guardian:Defend_Guardian","Guardian:Defend_Guardian","Guardian:Defend_Guardian","Guardian:CurlUp","Guardian:TwinSlam","Guardian:DecasProtection+1","Guardian:WalkerClaw","Guardian:PiercingHide+1","Guardian:CrystalBeam+1","Guardian:Reroute","Guardian:SentryBeam+1","Guardian:DonusPower","Guardian:TemporalStrike","Guardian:AncientConstruct","Guardian:Orbwalk","Guardian:PiercingHide+1","Guardian:BronzeOrb","Guardian:SentryBeam","Guardian:ShieldCharger","Guardian:TemporalShield+1","Guardian:PrimingBeam"],"relics":["Guardian:ModeShifter","Guardian:PickAxe","Pear","Black Star","downfall:HeartBlessingRed","Bronze Scales","HandDrill"],"acts_visited":["Exordium","TheCity"],"potions_floor_usage":[25,27],"damage_taken":[{"damage":3.0,"enemies":"Small Slimes","floor":2.0,"turns":5.0},{"damage":0.0,"enemies":"Cultist","floor":3.0,"turns":5.0},{"damage":25.0,"enemies":"Cultist","floor":4.0,"turns":7.0},{"damage":5.0,"enemies":"2 Louse","floor":5.0,"turns":3.0},{"damage":0.0,"enemies":"downfall:FleeingMerchant","floor":8.0,"turns":4.0},{"damage":8.0,"enemies":"Lots of Slimes","floor":10.0,"turns":4.0},{"damage":6.0,"enemies":"2 Fungi Beasts","floor":12.0,"turns":3.0},{"damage":9.0,"enemies":"Gremlin Gang","floor":14.0,"turns":5.0},{"damage":11.0,"enemies":"Large Slime","floor":15.0,"turns":6.0},{"damage":20.0,"enemies":"IC_STATUS_ARCHETYPE","floor":16.0,"turns":9.0},{"damage":20.0,"enemies":"Spheric Guardian","floor":19.0,"turns":5.0},{"damage":12.0,"enemies":"Shell Parasite","floor":21.0,"turns":5.0},{"damage":19.0,"enemies":"Snecko","floor":22.0,"turns":5.0},{"damage":18.0,"enemies":"Shelled Parasite and Fungi","floor":23.0,"turns":5.0},{"damage":0,"enemies":"Cultist and Chosen","floor":25,"turns":4},{"damage":7,"enemies":"downfall:FleeingMerchant","floor":26,"turns":4},{"damage":13,"enemies":"Slavers","floor":27,"turns":1}],"seed_played":"7477634165848622755","potions_obtained":[{"floor":12.0,"key":"Block Potion"},{"floor":14.0,"key":"Block Potion"},{"floor":15.0,"key":"Guardian:AcceleratePotion"},{"floor":23.0,"key":"PowerPotion"}],"is_trial":false,"path_per_floor":["R","M","M","?","M","?","T","$","R","M","R","M","R","M","M","B",null,"R","M","?","M","M","M","T","M","$","E"],"character_chosen":"GUARDIAN","items_purchased":["Guardian:CrystalBeam","Guardian:Reroute","HandDrill","Guardian:PrimingBeam"],"campfire_rested":1,"item_purchase_floors":[8,8,26,26],"current_hp_per_floor":[80,77,77,46,41,41,51,51,51,43,43,37,64,55,44,24,90,90,70,62,50,31,13,13,13,6,0,0,0],"gold":1,"neow_bonus":"REMOVE_CARD","is_daily":false,"chose_seed":false,"campfire_upgraded":3,"win_rate":0.0,"timestamp":1611435310,"path_taken":["R","M","M","?","M","?","T","$","R","M","R","M","R","?","M","BOSS","R","M","?","M","?","M","T","M","$","E"],"items_purchased_type":["Card","Card","Relic","Card"],"build_version":"2020-12-22","purchased_purges":0,"victory":false,"max_hp_per_floor":[80,80,80,80,80,80,90,90,90,90,90,90,90,90,90,90,90,90,90,90,90,90,90,90,90,90,90,90,90],"card_choices":[{"not_picked":["Guardian:CrystalBeam","Guardian:PiercingHide"],"picked":"Guardian:DecasProtection","floor":2.0},{"not_picked":["Guardian:Planning","Guardian:Gem_Green"],"picked":"Guardian:WalkerClaw","floor":3.0},{"not_picked":["Guardian:Gem_Green","Guardian:TemporalShield"],"picked":"Guardian:PiercingHide","floor":5.0},{"not_picked":["Guardian:Incinerate","Guardian:PolyBeam"],"picked":"Guardian:Gem_Crimson","floor":8.0},{"not_picked":["Guardian:Reroute","Guardian:Gem_Green"],"picked":"Guardian:SentryBeam","floor":10.0},{"not_picked":["Guardian:Gem_Lightblue","Guardian:VentSteam"],"picked":"Guardian:DonusPower","floor":12.0},{"not_picked":["Guardian:Incinerate","Guardian:Gem_Crimson","Guardian:TimeBomb"],"picked":"SKIP","floor":14.0},{"not_picked":["Guardian:SpikerProtocol","Guardian:Emergency"],"picked":"Guardian:TemporalStrike","floor":15.0},{"not_picked":["Guardian:Gem_Synthetic","Guardian:TimeSifter"],"picked":"Guardian:AncientConstruct","floor":16.0},{"not_picked":["Guardian:BodySlam","Guardian:RollAttack+1"],"picked":"Guardian:Orbwalk","floor":19.0},{"not_picked":["Guardian:VentSteam","Guardian:Gem_Fragmented"],"picked":"Guardian:PiercingHide+1","floor":21.0},{"not_picked":["Guardian:SpikerProtocol+1","Guardian:Reroute"],"picked":"Guardian:BronzeOrb","floor":22.0},{"not_picked":["Guardian:PiercingHide","Guardian:ChargeCore"],"picked":"Guardian:SentryBeam","floor":23.0},{"not_picked":["Guardian:TemporalStrike+1","Guardian:Gem_White"],"picked":"Guardian:ShieldCharger","floor":25},{"not_picked":["Guardian:TemporalStrike+1","Guardian:Emergency"],"picked":"Guardian:TemporalShield+1","floor":26}],"player_experience":250197,"relics_obtained":[{"floor":7.0,"key":"Pear"},{"floor":24.0,"key":"Bronze Scales"}],"event_choices":[{"damage_healed":0.0,"max_hp_gain":0.0,"max_hp_loss":0.0,"gold_gain":0.0,"event_name":"NoteForYourself","player_choice":"Ignored","floor":6.0,"gold_loss":0.0,"damage_taken":0.0}],"is_beta":false,"boss_relics":[{"not_picked":["Fusion Hammer","Velvet Choker"],"picked":"Black Star"}],"items_purged_floors":[],"is_endless":false,"potions_floor_spawned":[4,12,14,15,23],"killed_by":"Slavers","ascension_level":0}}