{"host":"08t08ld674si40tv","time":1611376145,"event":{"mods":["AchievementEnabler","BaseMod","Colored Map","Minty Spire (QoL Compilation)","StSLib","SuperFastMode"],"gold_per_floor":[117,136,155,155,168,168,196,207,233,247,247,247,291,53,53,147,147,166,180,180,180],"floor_reached":20,"language":"KOR","playtime":606,"items_purged":["Strike_B"],"score":353,"play_id":"3d24f58e-c82e-42e7-97ff-63db04a79de0","local_time":"20210123132905","is_ascension_mode":true,"campfire_choices":[{"data":"Zap","floor":6,"key":"SMITH"},{"data":"Aggregate","floor":15,"key":"SMITH"}],"circlet_count":0,"master_deck":["AscendersBane","Strike_B","Strike_B","Strike_B","Defend_B","Defend_B","Defend_B","Defend_B","Zap+1","Dualcast","Sunder+1","Aggregate+1","Compile Driver","BootSequence","Loop+1","Blizzard","Seek","Recycle","Coolheaded"],"relics":["FrozenCore","Pocketwatch","Bag of Preparation","Boot","Golden Idol","Tiny Chest","Happy Flower"],"acts_visited":["Exordium","TheCity"],"potions_floor_usage":[7,16,19,20],"damage_taken":[{"damage":4,"enemies":"Small Slimes","floor":1,"turns":3},{"damage":1,"enemies":"Cultist","floor":2,"turns":3},{"damage":1,"enemies":"2 Louse","floor":3,"turns":2},{"damage":8,"enemies":"Blue Slaver","floor":5,"turns":2},{"damage":15,"enemies":"3 Sentries","floor":7,"turns":4},{"damage":1,"enemies":"Exordium Thugs","floor":8,"turns":4},{"damage":0,"enemies":"Red Slaver","floor":10,"turns":3},{"damage":8,"enemies":"Gremlin Nob","floor":13,"turns":3},{"damage":19,"enemies":"The Guardian","floor":16,"turns":9},{"damage":7,"enemies":"Spheric Guardian","floor":18,"turns":6},{"damage":13,"enemies":"3 Byrds","floor":19,"turns":4},{"damage":42,"enemies":"3 Cultists","floor":20,"turns":5}],"seed_played":"-5280411507556499581","potions_obtained":[{"floor":1,"key":"DistilledChaos"},{"floor":3,"key":"Dexterity Potion"},{"floor":7,"key":"PotionOfCapacity"},{"floor":13,"key":"Fruit Juice"},{"floor":16,"key":"SneckoOil"}],"is_trial":false,"path_per_floor":["M","M","M","?","M","R","E","M","T","M","?","?","E","$","R","B",null,"M","M","M"],"character_chosen":"DEFECT","items_purchased":["Happy Flower"],"campfire_rested":0,"item_purchase_floors":[14],"current_hp_per_floor":[60,59,58,58,50,50,35,34,34,34,34,34,26,26,26,12,50,43,30,0,0],"gold":180,"neow_bonus":"ONE_RARE_RELIC","is_daily":false,"chose_seed":false,"campfire_upgraded":2,"win_rate":0.0,"timestamp":1611376145,"path_taken":["M","M","M","?","?","R","E","M","T","M","?","?","E","$","R","BOSS","M","M","M"],"items_purchased_type":["Relic"],"build_version":"2020-12-22","purchased_purges":1,"victory":false,"max_hp_per_floor":[64,64,64,64,64,64,64,64,64,64,58,58,58,58,58,63,63,63,63,63,63],"card_choices":[{"not_picked":["White Noise","Beam Cell"],"picked":"Sunder","floor":1},{"not_picked":["Rebound","Cold Snap"],"picked":"Aggregate","floor":2},{"not_picked":["Steam","Force Field"],"picked":"Compile Driver","floor":3},{"not_picked":["Force Field","Barrage"],"picked":"BootSequence","floor":5},{"not_picked":["Fission","Gash","Steam Power"],"picked":"SKIP","floor":7},{"not_picked":["Lockon","Sweeping Beam","Force Field"],"picked":"SKIP","floor":8},{"not_picked":["Streamline","Compile Driver"],"picked":"Loop","floor":10},{"not_picked":["Genetic Algorithm","Hologram"],"picked":"Blizzard","floor":13},{"not_picked":["Buffer","Rainbow"],"picked":"Seek","floor":16},{"not_picked":["Sweeping Beam","Leap"],"picked":"Recycle","floor":18},{"not_picked":["Ball Lightning","Go for the Eyes"],"picked":"Coolheaded","floor":19}],"player_experience":254852,"relics_obtained":[{"floor":7,"key":"Bag of Preparation"},{"floor":9,"key":"Boot"},{"floor":13,"key":"Tiny Chest"}],"event_choices":[{"damage_healed":0,"gold_gain":0,"player_choice":"Upgraded","damage_taken":0,"max_hp_gain":0,"max_hp_loss":0,"event_name":"Upgrade Shrine","floor":4,"gold_loss":0,"cards_upgraded":["Sunder"]},{"damage_healed":0,"gold_gain":0,"player_choice":"Lose Max HP","damage_taken":0,"relics_obtained":["Golden Idol"],"max_hp_gain":0,"max_hp_loss":6,"event_name":"Golden Idol","floor":11,"gold_loss":0},{"damage_healed":0,"gold_gain":0,"player_choice":"Grow","damage_taken":0,"max_hp_gain":0,"max_hp_loss":0,"event_name":"Living Wall","floor":12,"gold_loss":0,"cards_upgraded":["Loop"]}],"is_beta":false,"boss_relics":[{"not_picked":["Snecko Eye","Philosopher\u0027s Stone"],"picked":"FrozenCore"}],"items_purged_floors":[14],"is_endless":false,"potions_floor_spawned":[1,3,7,13,16],"killed_by":"3 Cultists","ascension_level":18}}