{"host":"gg","time":1611389177,"event":{"mods":["BaseMod","Colored Map","Googly Eyes","Minty Spire (QoL Compilation)","Permanent Neow","Relic Stats","The IronCluck"],"gold_per_floor":[111,111,130,130,55,88,100,70,70,70,88,121,121,131,131,205,205,217,235,235,150,100,100,100,125,125,143,143,143,163,182,182,259,259,259],"floor_reached":34,"language":"ENG","playtime":1716,"items_purged":["Strike_B"],"score":760,"play_id":"a8f3d2ad-4282-442f-88cb-a374eeb0e2c8","local_time":"20210123000617","is_ascension_mode":true,"campfire_choices":[{"data":"Doom and Gloom","floor":10.0,"key":"SMITH"},{"data":"Self Repair","floor":13.0,"key":"SMITH"},{"data":"Darkness","floor":15.0,"key":"SMITH"},{"data":"Hologram","floor":23.0,"key":"SMITH"},{"data":"Seek","floor":29.0,"key":"SMITH"},{"data":"Defragment","floor":32.0,"key":"SMITH"}],"circlet_count":0,"master_deck":["AscendersBane","Strike_B","Defend_B","Defend_B","Defend_B","Defend_B","Zap","Dualcast","Darkness+1","Self Repair+1","Chill","Doom and Gloom+1","Ball Lightning","Leap","Conserve Battery","Rip and Tear","Seek+1","Hologram+1","Defragment+1","Glacier","Coolheaded","Multi-Cast"],"relics":["Coffee Dripper","Cables","Singing Bowl","Sozu","Enchiridion","Smiling Mask","PreservedInsect","Bottled Lightning","Cursed Key"],"acts_visited":["Exordium","TheCity","TheBeyond"],"potions_floor_usage":[],"damage_taken":[{"damage":4.0,"enemies":"Small Slimes","floor":1.0,"turns":3.0},{"damage":0.0,"enemies":"2 Louse","floor":3.0,"turns":2.0},{"damage":51.0,"enemies":"3 Sentries","floor":6.0,"turns":11.0},{"damage":0.0,"enemies":"Cultist","floor":7.0,"turns":3.0},{"damage":0.0,"enemies":"3 Louse","floor":11.0,"turns":2.0},{"damage":8.0,"enemies":"Gremlin Nob","floor":12.0,"turns":3.0},{"damage":0.0,"enemies":"Exordium Wildlife","floor":14.0,"turns":3.0},{"damage":21.0,"enemies":"Hexaghost","floor":16.0,"turns":8.0},{"damage":15.0,"enemies":"Shell Parasite","floor":18.0,"turns":3.0},{"damage":13.0,"enemies":"2 Thieves","floor":19.0,"turns":3.0},{"damage":43.0,"enemies":"Slavers","floor":25.0,"turns":5.0},{"damage":15.0,"enemies":"Cultist and Chosen","floor":27.0,"turns":4.0},{"damage":8.0,"enemies":"Centurion and Healer","floor":30.0,"turns":3.0},{"damage":6.0,"enemies":"Snake Plant","floor":31.0,"turns":4.0},{"damage":22,"enemies":"Champ","floor":33,"turns":16}],"seed_played":"-1133378827508581237","potions_obtained":[{"floor":3.0,"key":"Weak Potion"},{"floor":8.0,"key":"FairyPotion"},{"floor":11.0,"key":"FocusPotion"},{"floor":16.0,"key":"EssenceOfDarkness"}],"is_trial":false,"path_per_floor":["M","?","M","?","?","E","M","?","T","R","M","E","R","M","R","B",null,"M","M","?","?","$","R","?","E","T","M","?","R","M","M","R","B",null],"character_chosen":"DEFECT","items_purchased":[],"campfire_rested":0,"item_purchase_floors":[],"current_hp_per_floor":[60,60,67,72,72,28,35,35,35,35,35,34,34,34,34,23,63,60,57,36,36,36,36,36,30,30,15,15,15,27,31,31,19,65,65],"gold":259,"neow_bonus":"BOSS_RELIC","is_daily":false,"chose_seed":false,"campfire_upgraded":6,"win_rate":0.0,"timestamp":1611389177,"path_taken":["M","?","M","?","?","E","M","?","T","R","?","E","R","M","R","BOSS","M","M","?","?","?","R","?","E","T","?","?","R","M","M","R","BOSS"],"items_purchased_type":[],"build_version":"2020-12-18","purchased_purges":1,"victory":false,"max_hp_per_floor":[71,71,71,76,76,76,76,76,76,76,76,76,76,76,76,76,76,78,78,78,78,78,78,78,80,80,80,80,80,80,80,80,80,80,80],"relic_stats":{"Sozu":2,"Singing Bowl":4,"counters":[15,73],"PreservedInsect":0,"Smiling Mask":25,"Cursed Key":0,"obtain_stats":[{"Sozu":17,"Singing Bowl":12,"Enchiridion":20,"PreservedInsect":25,"Coffee Dripper":0,"Bottled Lightning":26,"Cracked Core":0,"Smiling Mask":21,"Cursed Key":34,"Cables":6},{"Sozu":8,"Singing Bowl":6,"Enchiridion":10,"PreservedInsect":11,"Coffee Dripper":0,"Bottled Lightning":11,"Cracked Core":0,"Smiling Mask":10,"Cursed Key":15,"Cables":3},{"Sozu":35,"Singing Bowl":24,"Enchiridion":41,"PreservedInsect":46,"Coffee Dripper":0,"Bottled Lightning":46,"Cracked Core":0,"Smiling Mask":41,"Cursed Key":73,"Cables":16}],"Cables":[52,12,11,29,0]},"card_choices":[{"not_picked":["Turbo","Streamline"],"picked":"Darkness","floor":1.0},{"not_picked":["Self Repair","Leap"],"picked":"Chill","floor":3.0},{"not_picked":["Double Energy","Scrape"],"picked":"Doom and Gloom","floor":6.0},{"not_picked":["Melter","Sweeping Beam"],"picked":"Ball Lightning","floor":7.0},{"not_picked":["Streamline","Heatsinks"],"picked":"Leap","floor":11.0},{"not_picked":["Doom and Gloom","Compile Driver"],"picked":"Conserve Battery","floor":12.0},{"not_picked":["Force Field","Rebound"],"picked":"Rip and Tear","floor":14.0},{"not_picked":["Fission","Machine Learning"],"picked":"Seek","floor":16.0},{"not_picked":["Beam Cell","Double Energy","Stack"],"picked":"Singing Bowl","floor":18.0},{"not_picked":["Barrage","BootSequence"],"picked":"Hologram","floor":19.0},{"not_picked":["Turbo","Barrage","Seek"],"picked":"Singing Bowl","floor":25.0},{"not_picked":["Conserve Battery","Compile Driver"],"picked":"Defragment","floor":27.0},{"not_picked":["Barrage","Turbo+1"],"picked":"Glacier","floor":30.0},{"not_picked":["Chaos","Redo"],"picked":"Coolheaded","floor":31.0},{"not_picked":["All For One","Fission"],"picked":"Multi-Cast","floor":33}],"player_experience":1257321,"relics_obtained":[{"floor":6.0,"key":"Cables"},{"floor":12.0,"key":"Singing Bowl"},{"floor":20.0,"key":"Enchiridion"},{"floor":25.0,"key":"PreservedInsect"},{"floor":26.0,"key":"Bottled Lightning"}],"event_choices":[{"damage_healed":0.0,"max_hp_gain":0.0,"max_hp_loss":0.0,"gold_gain":0.0,"cards_transformed":["Strike_B"],"event_name":"Living Wall","player_choice":"Change","floor":2.0,"gold_loss":0.0,"damage_taken":0.0,"cards_obtained":["Self Repair"]},{"damage_healed":0.0,"max_hp_gain":5.0,"max_hp_loss":0.0,"gold_gain":0.0,"event_name":"Big Fish","player_choice":"Donut","floor":4.0,"gold_loss":0.0,"damage_taken":0.0},{"cards_removed":["Strike_B"],"damage_healed":0.0,"max_hp_gain":0.0,"max_hp_loss":0.0,"gold_gain":0.0,"event_name":"The Cleric","player_choice":"Card Removal","floor":5.0,"gold_loss":75.0,"damage_taken":0.0},{"damage_healed":0.0,"max_hp_gain":0.0,"max_hp_loss":0.0,"gold_gain":0.0,"event_name":"The Woman in Blue","player_choice":"Bought 2 Potions","floor":8.0,"gold_loss":0.0,"damage_taken":0.0},{"damage_healed":0.0,"max_hp_gain":0.0,"max_hp_loss":0.0,"gold_gain":0.0,"event_name":"Cursed Tome","player_choice":"Obtained Book","floor":20.0,"gold_loss":0.0,"damage_taken":21.0},{"damage_healed":0.0,"max_hp_gain":0.0,"max_hp_loss":0.0,"gold_gain":0.0,"event_name":"Addict","player_choice":"Obtained Relic","floor":21.0,"gold_loss":85.0,"damage_taken":0.0,"relics_obtained":["Smiling Mask"]},{"damage_healed":0.0,"max_hp_gain":0.0,"max_hp_loss":0.0,"gold_gain":0.0,"event_name":"Ghosts","player_choice":"Ignored","floor":24.0,"gold_loss":0.0,"damage_taken":0.0},{"damage_healed":0.0,"max_hp_gain":0.0,"max_hp_loss":0.0,"gold_gain":0.0,"event_name":"The Mausoleum","player_choice":"Ignored","floor":28.0,"gold_loss":0.0,"damage_taken":0.0}],"is_beta":true,"boss_relics":[{"not_picked":["Inserter","Black Star"],"picked":"Sozu"},{"not_picked":["Busted Crown","Velvet Choker"],"picked":"Cursed Key"}],"items_purged_floors":[22],"is_endless":false,"potions_floor_spawned":[3,11,16,19,27],"ascension_level":20}}