{"host":"sian7qp8a9pc9xwd","time":1611375649,"event":{"mods":["BaseMod","Minty Spire (QoL Compilation)","StSLib","SuperFastMode"],"gold_per_floor":[14,28,43,43,98,132,189,189,266,292,292,292,310,327,327,327,327],"floor_reached":16,"language":"ENG","playtime":1548,"items_purged":[],"score":160,"play_id":"9ddebab8-1741-473b-afeb-ee0c50455a4b","local_time":"20210122232049","is_ascension_mode":true,"campfire_choices":[{"floor":8,"key":"REST"},{"data":"Body Slam","floor":11,"key":"SMITH"},{"floor":15,"key":"REST"}],"circlet_count":0,"master_deck":["Strike_R+1","Strike_R","Strike_R","Strike_R","Defend_R","Defend_R","Defend_R","Bash+1","Body Slam+1","Uppercut","Impervious","Second Wind","Iron Wave"],"relics":["Burning Blood","Juzu Bracelet","Ornamental Fan","HornCleat","Lantern"],"acts_visited":["Exordium"],"potions_floor_usage":[6,10,16,16],"damage_taken":[{"damage":5.0,"enemies":"Small Slimes","floor":1.0,"turns":4.0},{"damage":13,"enemies":"Jaw Worm","floor":2,"turns":4},{"damage":6,"enemies":"Cultist","floor":3,"turns":3},{"damage":51,"enemies":"Lagavulin","floor":6,"turns":8},{"damage":21,"enemies":"3 Sentries","floor":10,"turns":8},{"damage":0,"enemies":"Blue Slaver","floor":13,"turns":2},{"damage":0,"enemies":"2 Fungi Beasts","floor":14,"turns":2},{"damage":32,"enemies":"Slime Boss","floor":16,"turns":7}],"seed_played":"6920443454956192430","potions_obtained":[{"floor":3,"key":"EssenceOfSteel"},{"floor":6,"key":"Fire Potion"},{"floor":13,"key":"DistilledChaos"},{"floor":14,"key":"Weak Potion"}],"is_trial":false,"path_per_floor":["M","M","M","?","T","E","?","R","T","E","R","?","M","M","R","B"],"character_chosen":"IRONCLAD","items_purchased":[],"campfire_rested":2,"item_purchase_floors":[],"current_hp_per_floor":[73,66,66,66,66,21,21,45,45,30,30,14,20,26,50,18,18],"gold":327,"neow_bonus":"REMOVE_TWO","is_daily":false,"chose_seed":false,"campfire_upgraded":1,"win_rate":0.0,"timestamp":1611375649,"path_taken":["M","M","M","?","?","E","?","R","T","E","R","?","M","M","R","BOSS"],"items_purchased_type":[],"build_version":"2020-12-22","purchased_purges":0,"victory":false,"max_hp_per_floor":[80,80,80,80,80,80,80,80,80,80,80,80,80,80,80,80,80],"card_choices":[{"not_picked":["Sword Boomerang","Shockwave","Combust"],"picked":"SKIP","floor":1},{"not_picked":["Iron Wave","Pommel Strike"],"picked":"Body Slam","floor":2},{"not_picked":["Heavy Blade","Perfected Strike"],"picked":"Uppercut","floor":3},{"not_picked":["Pommel Strike","Whirlwind"],"picked":"Impervious","floor":6},{"not_picked":["Spot Weakness","Flex"],"picked":"Second Wind","floor":10},{"not_picked":["Havoc","Combust","Anger"],"picked":"SKIP","floor":13},{"not_picked":["Perfected Strike","Searing Blow"],"picked":"Iron Wave","floor":14}],"player_experience":733341,"relics_obtained":[{"floor":5,"key":"Juzu Bracelet"},{"floor":6,"key":"Ornamental Fan"},{"floor":9,"key":"HornCleat"},{"floor":10,"key":"Lantern"}],"event_choices":[{"damage_healed":0,"gold_gain":0,"player_choice":"Leave","damage_taken":0,"max_hp_gain":0,"max_hp_loss":0,"event_name":"The Cleric","floor":4,"gold_loss":0},{"damage_healed":0,"gold_gain":57,"player_choice":"Gained Gold","damage_taken":0,"max_hp_gain":0,"max_hp_loss":0,"event_name":"Golden Wing","floor":7,"gold_loss":0},{"damage_healed":0,"gold_gain":0,"player_choice":"Entered Light","damage_taken":16,"max_hp_gain":0,"max_hp_loss":0,"event_name":"Shining Light","floor":12,"gold_loss":0,"cards_upgraded":["Bash","Strike_R"]}],"is_beta":false,"boss_relics":[],"items_purged_floors":[],"is_endless":false,"potions_floor_spawned":[3,6,13,14],"killed_by":"Slime Boss","ascension_level":9}}