{"host":"udyc8f81k2jocuhg","time":1611442738,"event":{"mods":["2.2 Compatiblity","BaseMod","Better Third Choice","Colored Powertips","Conspire","Custom Start","GifTheSpireLib","Hermit","Minty Spire (QoL Compilation)","Permanent Neow","Quick Restart","Relic Filter","Relic Stats","Replay The Spire","Shop Mod","Spikes Relics","StSLib","Stuff the Spire"],"gold_per_floor":[116,132,152,26,39,68,68,68,68],"floor_reached":8,"language":"ENG","playtime":347,"items_purged":["Strike_R"],"score":116,"play_id":"a89898a2-3991-4498-b401-b88205f75e4f","local_time":"20210123235858","is_ascension_mode":true,"campfire_choices":[],"circlet_count":0,"master_deck":["AscendersBane","Strike_B","Strike_B","Strike_B","Strike_B","Defend_B","Defend_B","Defend_B","Defend_B","Zap","Dualcast","Defend_G","Coolheaded","Leap","Chill","White Noise","Conserve Battery","Conserve Battery","Streamline","Seek","Sunder"],"relics":["Cracked Core","Prayer Wheel","Omamori"],"acts_visited":["Exordium"],"potions_floor_usage":[6],"damage_taken":[{"damage":1,"enemies":"2 Louse","floor":1,"turns":2},{"damage":5,"enemies":"Small Slimes","floor":2,"turns":5},{"damage":0,"enemies":"Cultist","floor":3,"turns":3},{"damage":0,"enemies":"Exordium Wildlife","floor":5,"turns":5},{"damage":39,"enemies":"Gremlin Nob","floor":6,"turns":4},{"damage":18,"enemies":"Lagavulin","floor":8,"turns":8}],"seed_played":"-8499097674129573319","potions_obtained":[{"floor":2,"key":"LiquidMemories"},{"floor":3,"key":"SteroidPotion"}],"is_trial":false,"path_per_floor":["M","M","M","$","M","E","$","E"],"character_chosen":"DEFECT","items_purchased":["Conserve Battery"],"campfire_rested":0,"item_purchase_floors":[4],"current_hp_per_floor":[63,58,58,58,58,19,19,1,1],"gold":68,"neow_bonus":"ONE_RARE_RELIC","is_daily":false,"chose_seed":false,"campfire_upgraded":0,"win_rate":0.0,"timestamp":1611442738,"path_taken":["M","M","M","$","M","E","$","E"],"items_purchased_type":["Card"],"build_version":"2020-12-22","purchased_purges":1,"victory":false,"max_hp_per_floor":[71,71,71,71,71,71,71,71,71],"relic_stats":{"counters":[6,27],"Prayer Wheel":4,"obtain_stats":[{"Prayer Wheel":0,"Omamori":6,"Cracked Core":0},{"Prayer Wheel":0,"Omamori":5,"Cracked Core":0},{"Prayer Wheel":0,"Omamori":19,"Cracked Core":0}]},"card_choices":[{"not_picked":["Turbo","Gash"],"picked":"Coolheaded","floor":1},{"not_picked":["Turbo","Compile Driver"],"picked":"Leap","floor":1},{"not_picked":["Go for the Eyes","Reinforced Body"],"picked":"Chill","floor":2},{"not_picked":["Coolheaded","Rebound"],"picked":"White Noise","floor":2},{"not_picked":["Rebound","ReplayTheSpireMod:GoodbyeWorld"],"picked":"Conserve Battery","floor":3},{"not_picked":["StuffTheSpire:LoadUp","StuffTheSpire:Plugnplay","Barrage"],"picked":"SKIP","floor":3},{"not_picked":["Coolheaded","Skim"],"picked":"Streamline","floor":5},{"not_picked":["Ball Lightning","Genetic Algorithm"],"picked":"Seek","floor":5},{"not_picked":["ReplaySolidLightProjector","StuffTheSpire:EventHorizon"],"picked":"Sunder","floor":6}],"player_experience":2019572,"relics_obtained":[{"floor":6,"key":"Omamori"}],"event_choices":[],"is_beta":false,"boss_relics":[],"items_purged_floors":[4],"is_endless":false,"potions_floor_spawned":[2,3],"killed_by":"Lagavulin","ascension_level":20}}