{"host":"7vbqmauhyfxrzjp5","time":1611438489,"event":{"mods":["Act Like it!","Aspiration","BaseMod","Bestiary","Better Note","Conspire","Custom Start","Hubris","Infinite Spire","Minty Spire (QoL Compilation)","Replay The Spire","Robot Space Explorer","StSLib","Unceasing Turn Reminder","vexMod"],"gold_per_floor":[114,60,74,74,88,118,132,132,132,63,80,95,49,66,66,66,66],"floor_reached":16,"language":"ENG","playtime":1291,"items_purged":[],"score":104,"play_id":"d3d80f0e-a1e7-4a31-977c-928f9c720f4a","local_time":"20210123154809","is_ascension_mode":false,"campfire_choices":[{"data":"RobotSpaceExplorer:Autoloader","floor":15,"key":"SMITH"}],"circlet_count":0,"master_deck":["RobotSpaceExplorer:Strike","RobotSpaceExplorer:Strike","RobotSpaceExplorer:Strike","RobotSpaceExplorer:Strike","RobotSpaceExplorer:Defend","RobotSpaceExplorer:Defend","RobotSpaceExplorer:Defend","RobotSpaceExplorer:Defend","RobotSpaceExplorer:Scan","RobotSpaceExplorer:MiniLasers","RobotSpaceExplorer:StunGrenade","RobotSpaceExplorer:Pulsar","RobotSpaceExplorer:MetalStrike","RobotSpaceExplorer:FrostMissile","RobotSpaceExplorer:Autoloader+1","RobotSpaceExplorer:FranticSearch","RobotSpaceExplorer:PlasmaMissile+1","RobotSpaceExplorer:SurgingShield","RobotSpaceExplorer:SurgingShield","RobotSpaceExplorer:ScrapToss","RobotSpaceExplorer:SurgingShield","RobotSpaceExplorer:Pulsar","RobotSpaceExplorer:SurgingStrike"],"relics":["RobotSpaceExplorer:RoboCore","NeowsBlessing","Blue Doll","conspire:Boomerang","Anchor"],"acts_visited":["Exordium"],"potions_floor_usage":[],"damage_taken":[{"damage":0,"enemies":"2 Louse","floor":1,"turns":1},{"damage":0,"enemies":"infinitespire:Voidling","floor":3,"turns":1},{"damage":0,"enemies":"Cultist","floor":5,"turns":1},{"damage":7,"enemies":"Replay:BlueRogue","floor":6,"turns":10},{"damage":19,"enemies":"Exordium Thugs","floor":7,"turns":5},{"damage":0,"enemies":"Exordium Wildlife","floor":11,"turns":2},{"damage":0,"enemies":"3 Louse","floor":12,"turns":2},{"damage":1,"enemies":"Gremlin Gang","floor":14,"turns":3},{"damage":22,"enemies":"Slime Boss","floor":16,"turns":8}],"seed_played":"7450956279197194541","potions_obtained":[{"floor":3,"key":"RobotSpaceExplorer:PlasmaFlask"},{"floor":5,"key":"Doom Potion"},{"floor":11,"key":"Reflective Coating"}],"is_trial":false,"path_per_floor":["M","$","M","?","M","E","M","T","T","$","M","M","$","M","R","B"],"character_chosen":"RobotSpaceExplorer","items_purchased":["RobotSpaceExplorer:Pulsar","RobotSpaceExplorer:PlasmaMissile+1","RobotSpaceExplorer:SurgingShield","RobotSpaceExplorer:Pulsar"],"campfire_rested":0,"item_purchase_floors":[2,10,10,13],"current_hp_per_floor":[75,75,75,75,75,68,49,49,49,49,49,49,49,48,48,26,26],"gold":66,"neow_bonus":"THREE_ENEMY_KILL","is_daily":false,"chose_seed":false,"campfire_upgraded":1,"win_rate":0.0,"timestamp":1611438489,"path_taken":["M","$","M","?","?","E","?","?","T","$","M","M","?","M","R","BOSS"],"items_purchased_type":["Card","Card","Card","Card"],"build_version":"2020-12-22","purchased_purges":0,"victory":false,"max_hp_per_floor":[75,75,75,75,75,75,75,75,75,75,75,75,75,75,75,75,75],"card_choices":[{"not_picked":["RobotSpaceExplorer:SlimeMissile","RobotSpaceExplorer:FranticSearch"],"picked":"RobotSpaceExplorer:StunGrenade","floor":1},{"not_picked":["RobotSpaceExplorer:IronShell","RobotSpaceExplorer:Probe"],"picked":"RobotSpaceExplorer:MetalStrike","floor":3},{"not_picked":["RobotSpaceExplorer:PowerCollector","RobotSpaceExplorer:MakeshiftVolley"],"picked":"RobotSpaceExplorer:FrostMissile","floor":5},{"not_picked":["RobotSpaceExplorer:StunGrenade","RobotSpaceExplorer:Pulsar"],"picked":"RobotSpaceExplorer:Autoloader","floor":6},{"not_picked":["RobotSpaceExplorer:FrostMissile","RobotSpaceExplorer:ShovelStrike"],"picked":"RobotSpaceExplorer:FranticSearch","floor":7},{"not_picked":["RobotSpaceExplorer:DoubleFind","RobotSpaceExplorer:Electroshield"],"picked":"RobotSpaceExplorer:ScrapToss","floor":11},{"not_picked":["RobotSpaceExplorer:MetalStrike","RobotSpaceExplorer:ShockKick"],"picked":"RobotSpaceExplorer:SurgingShield","floor":12},{"not_picked":["RobotSpaceExplorer:ToxicBomb","RobotSpaceExplorer:MiniDrones"],"picked":"RobotSpaceExplorer:SurgingStrike","floor":14}],"player_experience":253300,"relics_obtained":[{"floor":6,"key":"Blue Doll"},{"floor":8,"key":"conspire:Boomerang"},{"floor":9,"key":"Anchor"}],"event_choices":[{"damage_healed":0,"gold_gain":0,"player_choice":"Full Heal","damage_taken":0,"max_hp_gain":0,"max_hp_loss":0,"event_name":"Wheel of Change","floor":4,"gold_loss":0}],"is_beta":false,"boss_relics":[],"items_purged_floors":[],"is_endless":false,"potions_floor_spawned":[3,5,11,14],"killed_by":"Slime Boss","ascension_level":0}}