{"host":"lsq35p0sdkx2xifo","time":1611409407,"event":{"mods":["AchievementEnabler","BaseMod","Highlight Path","Minty Spire (QoL Compilation)","StSLib","The Senshi"],"gold_per_floor":[119,4,4,14,28,28,55,66,66,66,66,216,216,251,251,251,251],"floor_reached":16,"language":"ENG","playtime":886,"items_purged":["Regret"],"score":189,"play_id":"ca544920-0a67-4cd2-8748-9fc27dc48717","local_time":"20210123054327","is_ascension_mode":true,"campfire_choices":[{"floor":6,"key":"REST"},{"floor":10,"key":"REST"},{"floor":11,"key":"REST"},{"floor":15,"key":"REST"}],"circlet_count":0,"master_deck":["AscendersBane","Strike_G","Strike_G","Strike_G","Strike_G","Strike_G","Defend_G","Defend_G","Defend_G","Defend_G","Survivor","Neutralize","Prepared","Reflex","Grand Finale","Acrobatics","Footwork","Venomology","Dagger Throw"],"relics":["Ring of the Snake","Tingsha","WingedGreaves","Bird Faced Urn"],"acts_visited":["Exordium"],"potions_floor_usage":[7,7,14,16],"damage_taken":[{"damage":1,"enemies":"Small Slimes","floor":1,"turns":5},{"damage":6,"enemies":"Jaw Worm","floor":4,"turns":5},{"damage":10,"enemies":"Cultist","floor":5,"turns":6},{"damage":68,"enemies":"3 Sentries","floor":7,"turns":19},{"damage":1,"enemies":"Exordium Wildlife","floor":8,"turns":3},{"damage":7,"enemies":"Lagavulin","floor":14,"turns":7},{"damage":65,"enemies":"Hexaghost","floor":16,"turns":12}],"seed_played":"5111629027854937830","potions_obtained":[{"floor":1,"key":"GhostInAJar"},{"floor":4,"key":"LiquidBronze"}],"is_trial":false,"path_per_floor":["M","$","?","M","M","R","E","M","T","R","R","?","?","E","R","B"],"character_chosen":"THE_SILENT","items_purchased":["Reflex"],"campfire_rested":4,"item_purchase_floors":[2],"current_hp_per_floor":[70,70,63,57,47,70,2,1,1,24,47,47,47,40,63,0,0],"gold":251,"neow_bonus":"TWENTY_PERCENT_HP_BONUS","is_daily":false,"chose_seed":false,"campfire_upgraded":0,"win_rate":0.0,"timestamp":1611409407,"path_taken":["M","$","?","M","M","R","E","M","T","R","R","?","?","E","R","BOSS"],"items_purchased_type":["Card"],"build_version":"2020-12-22","purchased_purges":1,"victory":false,"max_hp_per_floor":[78,78,78,78,78,78,78,78,78,78,78,78,78,78,78,78,78],"card_choices":[{"not_picked":["Flying Knee","Outmaneuver"],"picked":"Prepared","floor":1},{"not_picked":["Deadly Poison","Prepared"],"picked":"Grand Finale","floor":4},{"not_picked":["Outmaneuver","Deflect"],"picked":"Acrobatics","floor":5},{"not_picked":["Calculated Gamble","Acrobatics"],"picked":"Footwork","floor":7},{"not_picked":["Dodge and Roll","Quick Slash"],"picked":"Venomology","floor":8},{"not_picked":["Poisoned Stab","Dodge and Roll"],"picked":"Dagger Throw","floor":14}],"player_experience":1367439,"relics_obtained":[{"floor":7,"key":"Tingsha"},{"floor":9,"key":"WingedGreaves"},{"floor":14,"key":"Bird Faced Urn"}],"event_choices":[{"cards_removed":["Defend_G"],"damage_healed":0,"gold_gain":0,"player_choice":"Card Removal","damage_taken":7,"max_hp_gain":0,"max_hp_loss":0,"event_name":"Golden Wing","floor":3,"gold_loss":0},{"damage_healed":0,"gold_gain":150,"player_choice":"AGREE","damage_taken":0,"max_hp_gain":0,"max_hp_loss":0,"event_name":"Liars Game","floor":12,"gold_loss":0,"cards_obtained":["Doubt"]},{"cards_removed":["Doubt"],"damage_healed":0,"gold_gain":0,"player_choice":"Forget","damage_taken":0,"max_hp_gain":0,"max_hp_loss":0,"event_name":"Living Wall","floor":13,"gold_loss":0}],"is_beta":false,"boss_relics":[],"items_purged_floors":[2],"is_endless":false,"potions_floor_spawned":[1,4],"killed_by":"Hexaghost","ascension_level":15}}