{"host":"aukiz5jlacd3g5yc","time":1611366239,"event":{"mods":["2.2 Compatiblity","BaseMod","Bestiary","Colored Map","Colored Powertips","Downfall","GifTheSpireLib","Minty Spire (QoL Compilation)","Permanent Neow","Quick Restart","Random Character Button","Rare Cards Sparkle","Relic Sorter","Relic Stats","StSLib","everything is the same but u backflip on backflip","slay the spire mod where everything is the same but ironclad has a cowboy hat"],"gold_per_floor":[99,113,143,143,163,63,88,88,88,34,49,49,83,95,113,213,263,163,163,176,36,36,136,136,200,200,200,200],"floor_reached":26,"language":"ENG","playtime":1337,"items_purged":[],"score":290,"play_id":"28545b9c-1137-41bb-a43e-5bff9052d608","local_time":"20210122194359","is_ascension_mode":true,"campfire_choices":[{"floor":1,"key":"RECALL"},{"data":"champ:Taunt","floor":6,"key":"SMITH"},{"data":"champ:BerserkersShout","floor":8,"key":"SMITH"},{"data":"champ:Shatter","floor":12,"key":"SMITH"},{"data":"champ:BerserkerStyle","floor":18,"key":"SMITH"}],"circlet_count":0,"master_deck":["champ:Strike","champ:Strike","champ:Strike","champ:Defend+1","champ:Defend","champ:Defend","champ:Defend","champ:Execute","champ:Taunt+1","champ:AdrenalArmor","champ:BerserkersShout+1","champ:HoldFirm","champ:BerserkerStyle+1","champ:Shatter+1","champ:EnragedBash","champ:ShieldSigil","champ:VampiricStrike","champ:FanOfKnives","champ:RageSigil","champ:EndlessRage+1","champ:FanOfKnives","champ:BerserkerStyle","champ:BerserkersShout","champ:HoldFirm"],"relics":["champ:ChampionCrown","Guardian:PocketSentry","downfall:HeartBlessingRed","Mango","Tiny House","downfall:HeartBlessingBlue","downfall:RedIOU","downfall:CloakOfManyFaces","CultistMask","FaceOfCleric","NlothsMask","GremlinMask","SsserpentHead"],"acts_visited":["Exordium","TheCity"],"potions_floor_usage":[20,26,26,26],"damage_taken":[{"damage":10,"enemies":"2 Louse","floor":2,"turns":3},{"damage":10,"enemies":"Jaw Worm","floor":5,"turns":4},{"damage":25,"enemies":"downfall:FleeingMerchant","floor":10,"turns":4},{"damage":31,"enemies":"Small Slimes","floor":11,"turns":4},{"damage":15,"enemies":"Lagavulin","floor":13,"turns":5},{"damage":53,"enemies":"Gremlin Gang","floor":14,"turns":5},{"damage":24,"enemies":"Blue Slaver","floor":15,"turns":3},{"damage":111,"enemies":"IC_STATUS_ARCHETYPE","floor":16,"turns":9},{"damage":0,"enemies":"Chosen","floor":19,"turns":1},{"damage":71,"enemies":"3 Byrds","floor":20,"turns":5},{"damage":100,"enemies":"downfall:FleeingMerchant","floor":21,"turns":4},{"damage":126,"enemies":"downfall:FaceTrader","floor":23,"turns":7},{"damage":90,"enemies":"Snake Plant","floor":25,"turns":4},{"damage":92,"enemies":"Book of Stabbing","floor":26,"turns":6}],"seed_played":"4528429621181633287","potions_obtained":[{"floor":13,"key":"Fire Potion"},{"floor":14,"key":"Weak Potion"},{"floor":15,"key":"champ:OpenerPotion"},{"floor":23,"key":"Regen Potion"}],"is_trial":false,"path_per_floor":["R","M","?","?","M","R","T","R","?","$","M","R","E","M","M","B",null,"R","M","M","$","?","?","T","M","E"],"character_chosen":"THE_CHAMP","items_purchased":["champ:BerserkerStyle","champ:BerserkerStyle","champ:BerserkersShout"],"campfire_rested":0,"item_purchase_floors":[10,21,21],"current_hp_per_floor":[90,90,90,90,90,90,90,90,90,90,90,90,104,81,81,54,109,119,119,119,109,109,102,102,73,0,0,0],"gold":200,"neow_bonus":"RANDOM_COMMON_RELIC","is_daily":false,"chose_seed":false,"campfire_upgraded":4,"win_rate":0.0,"timestamp":1611366239,"path_taken":["R","M","?","?","M","R","T","R","?","$","M","R","E","?","M","BOSS","R","M","M","$","?","?","T","?","E"],"items_purchased_type":["Card","Card","Card"],"build_version":"2020-12-22","purchased_purges":0,"victory":false,"max_hp_per_floor":[90,90,90,90,90,90,90,90,90,90,90,90,104,104,104,104,109,119,119,119,119,119,119,119,120,120,120,120],"relic_stats":{"SsserpentHead":50,"FaceOfCleric":1,"counters":[14,62],"obtain_stats":[{"Tiny House":17,"downfall:HeartBlessingRed":6,"champ:ChampionCrown":0,"Mango":13,"GremlinMask":23,"Guardian:PocketSentry":3,"Ancient Tea Set":0,"SsserpentHead":23,"downfall:BrokenWingStatue":9,"FaceOfCleric":23,"downfall:HeartBlessingBlue":18,"downfall:RedIOU":22,"CultistMask":23,"downfall:CloakOfManyFaces":23,"NlothsMask":23},{"Tiny House":8,"downfall:HeartBlessingRed":2,"champ:ChampionCrown":0,"Mango":5,"GremlinMask":12,"Guardian:PocketSentry":1,"Ancient Tea Set":0,"SsserpentHead":12,"downfall:BrokenWingStatue":2,"FaceOfCleric":12,"downfall:HeartBlessingBlue":8,"downfall:RedIOU":11,"CultistMask":12,"downfall:CloakOfManyFaces":12,"NlothsMask":12},{"Tiny House":36,"downfall:HeartBlessingRed":6,"champ:ChampionCrown":0,"Mango":19,"GremlinMask":52,"Guardian:PocketSentry":3,"Ancient Tea Set":0,"SsserpentHead":52,"downfall:BrokenWingStatue":6,"FaceOfCleric":52,"downfall:HeartBlessingBlue":36,"downfall:RedIOU":45,"CultistMask":52,"downfall:CloakOfManyFaces":52,"NlothsMask":52}]},"card_choices":[{"not_picked":["champ:ShieldSlam","champ:PreciseThrust"],"picked":"champ:AdrenalArmor","floor":2},{"not_picked":["champ:BringItOn","champ:Circumvent"],"picked":"champ:BerserkersShout","floor":5},{"not_picked":["champ:StrikeOfGenius","champ:Circumvent"],"picked":"champ:HoldFirm","floor":10},{"not_picked":["champ:BringItOn","champ:AdrenalArmor"],"picked":"champ:Shatter","floor":11},{"not_picked":["champ:CrownThrow","champ:StrikeOfGenius","champ:DefensiveShout"],"picked":"SKIP","floor":13},{"not_picked":["champ:FalseCounter","champ:ShieldSigil"],"picked":"champ:EnragedBash","floor":14},{"not_picked":["champ:BladeFlurry","champ:Shatter"],"picked":"champ:ShieldSigil","floor":15},{"not_picked":["champ:DancingMaster","champ:SwordThrow"],"picked":"champ:VampiricStrike","floor":16},{"not_picked":["champ:AdrenalArmor","champ:StanceDance"],"picked":"champ:FanOfKnives","floor":17},{"not_picked":["champ:GutPunch+1","champ:PerfectedStrike"],"picked":"champ:RageSigil","floor":19},{"not_picked":["champ:EnGarde","champ:FocusedBerserking"],"picked":"champ:EndlessRage+1","floor":20},{"not_picked":["champ:FaceSlap","champ:BringItOn"],"picked":"champ:FanOfKnives","floor":21},{"not_picked":["champ:StanceDance","champ:DefensiveStyle"],"picked":"champ:HoldFirm","floor":23},{"not_picked":["champ:BringItOn","champ:StanceDance","champ:EnragedBash+1"],"picked":"SKIP","floor":25}],"player_experience":349572,"relics_obtained":[{"floor":13,"key":"Mango"},{"floor":23,"key":"downfall:CloakOfManyFaces"}],"event_choices":[{"cards_removed":["champ:Strike"],"damage_healed":0,"gold_gain":0,"player_choice":"Card Removal","damage_taken":0,"max_hp_gain":0,"max_hp_loss":0,"event_name":"The Cleric","floor":4,"gold_loss":0}],"is_beta":false,"boss_relics":[{"not_picked":["Fusion Hammer","Astrolabe"],"picked":"Tiny House"}],"items_purged_floors":[],"is_endless":false,"potions_floor_spawned":[13,14,15,16,23,25],"killed_by":"Book of Stabbing","ascension_level":1}}