{"host":"dtvgc7uk609653br","time":1611372581,"event":{"mods":["BaseMod","Minty Spire (QoL Compilation)","StSLib","The Bladedancer"],"gold_per_floor":[113,113,113,113,124,156,156,170,248,265,265,281,356,373,373,373,373],"floor_reached":16,"language":"ENG","playtime":569,"items_purged":[],"score":102,"play_id":"0c797d22-8535-46c5-ae91-48903d80bcdb","local_time":"20210122222941","is_ascension_mode":false,"campfire_choices":[{"floor":7,"key":"REST"},{"floor":15,"key":"REST"}],"circlet_count":0,"master_deck":["blademaster:Strike","blademaster:Strike","blademaster:Strike","blademaster:Strike","blademaster:Defend","blademaster:Defend","blademaster:Defend","blademaster:Defend","blademaster:RagingBlow","blademaster:HighVoltage","blademaster:BladeDance","blademaster:FuriousStrike+1","blademaster:DaggerAndCloak+1","blademaster:FuriousStrike","blademaster:DaggerAndCloak"],"relics":["blademaster:DancersAmulet","Centennial Puzzle","Bottled Lightning"],"acts_visited":["Exordium"],"potions_floor_usage":[16,16,16],"damage_taken":[{"damage":0,"enemies":"Small Slimes","floor":1,"turns":4},{"damage":0,"enemies":"2 Louse","floor":5,"turns":2},{"damage":48,"enemies":"Gremlin Nob","floor":6,"turns":5},{"damage":0,"enemies":"Cultist","floor":8,"turns":3},{"damage":0,"enemies":"2 Fungi Beasts","floor":10,"turns":4},{"damage":12,"enemies":"Large Slime","floor":12,"turns":4},{"damage":0,"enemies":"Red Slaver","floor":14,"turns":2},{"damage":80,"enemies":"The Guardian","floor":16,"turns":19}],"seed_played":"335384373455990373","potions_obtained":[{"floor":1,"key":"SteroidPotion"},{"floor":6,"key":"Weak Potion"},{"floor":14,"key":"DuplicationPotion"}],"is_trial":false,"path_per_floor":["M","?","?","?","M","E","R","M","T","M","?","M","?","M","R","B"],"character_chosen":"THE_BLADEMASTER","items_purchased":[],"campfire_rested":2,"item_purchase_floors":[],"current_hp_per_floor":[75,75,75,80,80,32,56,56,56,56,56,44,33,33,57,0,0],"gold":373,"neow_bonus":"ONE_RANDOM_RARE_CARD","is_daily":false,"chose_seed":false,"campfire_upgraded":0,"win_rate":0.0,"timestamp":1611372581,"path_taken":["M","?","?","?","M","E","R","M","T","M","?","?","?","M","R","BOSS"],"items_purchased_type":[],"build_version":"2020-12-22","purchased_purges":0,"victory":false,"max_hp_per_floor":[75,75,75,80,80,80,80,80,80,80,80,80,80,80,80,80,80],"card_choices":[{"not_picked":["blademaster:Thrust","blademaster:SlyStabs"],"picked":"blademaster:FuriousStrike","floor":1},{"not_picked":["blademaster:ChargingUp","blademaster:ThunderSlash","blademaster:EyeOfTheStorm"],"picked":"SKIP","floor":5},{"not_picked":["blademaster:EyeOfTheStorm","blademaster:OneTrickPony"],"picked":"blademaster:DaggerAndCloak","floor":6},{"not_picked":["blademaster:AspectOfWind","blademaster:SlyStabs"],"picked":"blademaster:FuriousStrike","floor":8},{"not_picked":["blademaster:ChargingUp","blademaster:EyeOfTheTornado","blademaster:AwakeningDefend"],"picked":"SKIP","floor":10},{"not_picked":["blademaster:FuriousStrike","blademaster:Frontflip","blademaster:Cut"],"picked":"SKIP","floor":12},{"not_picked":["blademaster:DeadlyDance","blademaster:AspectOfLightning"],"picked":"blademaster:DaggerAndCloak","floor":14}],"player_experience":528582,"relics_obtained":[{"floor":6,"key":"Centennial Puzzle"},{"floor":6,"key":"blademaster:RandomBladePerk"},{"floor":9,"key":"Bottled Lightning"}],"event_choices":[{"damage_healed":0,"gold_gain":0,"player_choice":"Ignored","damage_taken":0,"max_hp_gain":0,"max_hp_loss":0,"event_name":"Golden Idol","floor":2,"gold_loss":0},{"damage_healed":0,"gold_gain":0,"player_choice":"Grow","damage_taken":0,"max_hp_gain":0,"max_hp_loss":0,"event_name":"Living Wall","floor":3,"gold_loss":0,"cards_upgraded":["blademaster:FuriousStrike"]},{"damage_healed":0,"gold_gain":0,"player_choice":"Donut","damage_taken":0,"max_hp_gain":5,"max_hp_loss":0,"event_name":"Big Fish","floor":4,"gold_loss":0},{"damage_healed":0,"gold_gain":0,"player_choice":"Forge","damage_taken":0,"max_hp_gain":0,"max_hp_loss":0,"event_name":"Accursed Blacksmith","floor":11,"gold_loss":0,"cards_upgraded":["blademaster:DaggerAndCloak"]},{"damage_healed":0,"gold_gain":75,"player_choice":"Gather Gold","damage_taken":11,"max_hp_gain":0,"max_hp_loss":0,"event_name":"World of Goop","floor":13,"gold_loss":0}],"is_beta":false,"boss_relics":[],"items_purged_floors":[],"is_endless":false,"potions_floor_spawned":[1,6,14],"killed_by":"The Guardian","ascension_level":0}}