{"host":"baymyijz6sxaqj5s","time":1611365210,"event":{"mods":["AchievementEnabler","BaseMod","Colored Map","Colored Powertips","DeckTracker","Highlight Path","KOR Keyword Fix","Keyboard Shortcuts","Minty Spire (QoL Compilation)","StSLib","SuperFastMode","everything is the same but u backflip on backflip"],"gold_per_floor":[115,128,147,162,172,172,172,247,247,247,263,263,276,289,289,391,391,358,368,379,379,379],"floor_reached":21,"language":"KOR","playtime":862,"items_purged":[],"score":261,"play_id":"d162fde1-5bb3-4afd-bff9-a51a8a3c4e46","local_time":"20210123102650","is_ascension_mode":true,"campfire_choices":[{"data":"Survivor","floor":6,"key":"SMITH"},{"data":"Backflip","floor":10,"key":"SMITH"},{"data":"Backflip","floor":12,"key":"SMITH"},{"data":"Leg Sweep","floor":15,"key":"SMITH"}],"circlet_count":0,"master_deck":["Strike_G","Strike_G","Strike_G","Strike_G","Strike_G","Defend_G","Defend_G","Defend_G","Defend_G","Defend_G","Survivor+1","Neutralize","Backflip+1","Deflect","Prepared","Backflip+1","Deadly Poison","Leg Sweep+1","All Out Attack","Catalyst"],"relics":["Ring of the Snake","Ornamental Fan","Gremlin Horn","SacredBark"],"acts_visited":["Exordium","TheCity"],"potions_floor_usage":[5,16,16,18,19,21],"damage_taken":[{"damage":3,"enemies":"Cultist","floor":1,"turns":5},{"damage":1,"enemies":"Small Slimes","floor":2,"turns":5},{"damage":3,"enemies":"2 Louse","floor":3,"turns":4},{"damage":6,"enemies":"Looter","floor":4,"turns":5},{"damage":5,"enemies":"2 Fungi Beasts","floor":5,"turns":4},{"damage":4,"enemies":"3 Louse","floor":11,"turns":8},{"damage":3,"enemies":"Looter","floor":13,"turns":4},{"damage":4,"enemies":"Exordium Wildlife","floor":14,"turns":4},{"damage":0,"enemies":"The Guardian","floor":16,"turns":18},{"damage":17,"enemies":"2 Thieves","floor":18,"turns":5},{"damage":24,"enemies":"Spheric Guardian","floor":19,"turns":9},{"damage":27,"enemies":"Shelled Parasite and Fungi","floor":20,"turns":16},{"damage":17,"enemies":"Masked Bandits","floor":21,"turns":2}],"seed_played":"-3947063252775448567","potions_obtained":[{"floor":4,"key":"Regen Potion"},{"floor":11,"key":"PowerPotion"},{"floor":13,"key":"Block Potion"},{"floor":14,"key":"Swift Potion"},{"floor":18,"key":"CunningPotion"},{"floor":20,"key":"LiquidBronze"}],"is_trial":false,"path_per_floor":["M","M","M","M","M","R","T","?","T","R","M","R","M","M","R","B",null,"M","M","M","?"],"character_chosen":"THE_SILENT","items_purchased":[],"campfire_rested":0,"item_purchase_floors":[],"current_hp_per_floor":[74,73,70,64,71,71,71,60,60,60,56,56,53,49,49,49,77,60,36,9,0,0],"gold":379,"neow_bonus":"TEN_PERCENT_HP_BONUS","is_daily":false,"chose_seed":false,"campfire_upgraded":4,"win_rate":0.0,"timestamp":1611365210,"path_taken":["M","M","M","M","M","R","?","?","T","R","M","R","M","M","R","BOSS","M","M","M","?"],"items_purchased_type":[],"build_version":"2020-12-22","purchased_purges":0,"victory":false,"max_hp_per_floor":[77,77,77,77,77,77,77,77,77,77,77,77,77,77,77,77,77,77,77,77,77,77],"card_choices":[{"not_picked":["Dagger Throw","Acrobatics"],"picked":"Backflip","floor":1},{"not_picked":["Finisher","Flying Knee"],"picked":"Deflect","floor":2},{"not_picked":["Slice","Dagger Throw"],"picked":"Prepared","floor":3},{"not_picked":["Quick Slash","Cloak And Dagger","Choke"],"picked":"SKIP","floor":4},{"not_picked":["Choke","Slice","Dagger Spray"],"picked":"SKIP","floor":5},{"not_picked":["Prepared","Choke"],"picked":"Backflip","floor":11},{"not_picked":["Backflip","Poisoned Stab"],"picked":"Deadly Poison","floor":13},{"not_picked":["Backflip","Quick Slash"],"picked":"Leg Sweep","floor":14},{"not_picked":["Backflip","Dodge and Roll","Acrobatics"],"picked":"SKIP","floor":18},{"not_picked":["Flechettes+1","Acrobatics+1"],"picked":"All Out Attack","floor":19},{"not_picked":["Finisher","Dodge and Roll"],"picked":"Catalyst","floor":20}],"player_experience":70728,"relics_obtained":[{"floor":7,"key":"Ornamental Fan"},{"floor":9,"key":"Gremlin Horn"}],"event_choices":[{"damage_healed":0,"gold_gain":75,"player_choice":"Gather Gold","damage_taken":11,"max_hp_gain":0,"max_hp_loss":0,"event_name":"World of Goop","floor":8,"gold_loss":0},{"damage_healed":0,"gold_gain":0,"player_choice":"Fought Bandits","damage_taken":0,"max_hp_gain":0,"max_hp_loss":0,"event_name":"Masked Bandits","floor":21,"gold_loss":0}],"is_beta":false,"boss_relics":[{"not_picked":["Coffee Dripper","Black Star"],"picked":"SacredBark"}],"items_purged_floors":[],"is_endless":false,"potions_floor_spawned":[4,11,13,14,18,20],"killed_by":"Masked Bandits","ascension_level":3}}