{"host":"g01l53quoe6lrer0","time":1611434604,"event":{"mods":["2.2 Compatiblity","AchievementEnabler","BaseMod","Colored Map","Highlight Path","Keyboard Shortcuts","Minty Spire (QoL Compilation)","Permanent Neow","StSLib","SuperFastMode","everything is the same but u backflip on backflip"],"gold_per_floor":[12,26,126,137,26,56,56,66,66,66,66,66],"floor_reached":11,"language":"KOR","playtime":293,"items_purged":["Strike_G"],"score":117,"play_id":"342feb9c-391f-4486-b226-0b38796b8fb7","local_time":"20210124054324","is_ascension_mode":true,"campfire_choices":[{"data":"Bouncing Flask","floor":7,"key":"SMITH"}],"circlet_count":0,"master_deck":["AscendersBane","Strike_G","Strike_G","Strike_G","Strike_G","Defend_G","Defend_G","Defend_G","Defend_G","Defend_G","Survivor","Neutralize","Flechettes","Acrobatics","Bouncing Flask+1","Caltrops","Night Terror","Deadly Poison"],"relics":["Ring of the Snake","Torii","Gambling Chip","Incense Burner","Bottled Tornado"],"acts_visited":["Exordium"],"potions_floor_usage":[8,8,11],"damage_taken":[{"damage":1.0,"enemies":"2 Louse","floor":1.0,"turns":3.0},{"damage":2.0,"enemies":"Cultist","floor":2.0,"turns":5.0},{"damage":1.0,"enemies":"Jaw Worm","floor":4.0,"turns":5.0},{"damage":21,"enemies":"Lagavulin","floor":6,"turns":7},{"damage":10,"enemies":"Exordium Thugs","floor":8,"turns":5},{"damage":11,"enemies":"3 Sentries","floor":11,"turns":3}],"seed_played":"7773979245639034310","potions_obtained":[{"floor":1.0,"key":"SneckoOil"},{"floor":6,"key":"DistilledChaos"},{"floor":8,"key":"Strength Potion"}],"is_trial":false,"path_per_floor":["M","M","?","M","$","E","R","M","T","T","E"],"character_chosen":"THE_SILENT","items_purchased":["Caltrops"],"campfire_rested":0,"item_purchase_floors":[5],"current_hp_per_floor":[62,60,60,59,59,38,38,28,28,28,17,17],"gold":66,"neow_bonus":"ONE_RARE_RELIC","is_daily":false,"chose_seed":false,"campfire_upgraded":1,"win_rate":0.0,"timestamp":1611434604,"path_taken":["M","M","?","M","?","E","R","M","T","?","E"],"items_purchased_type":["Card"],"build_version":"2020-12-22","purchased_purges":1,"victory":false,"max_hp_per_floor":[70,70,70,70,70,70,70,70,70,70,70,70],"card_choices":[{"not_picked":["Bane","Dagger Throw"],"picked":"Flechettes","floor":1.0},{"not_picked":["Endless Agony","Prepared"],"picked":"Acrobatics","floor":2.0},{"not_picked":["Flying Knee","Concentrate"],"picked":"Bouncing Flask","floor":4.0},{"not_picked":["Backflip","Slice"],"picked":"Night Terror","floor":6},{"not_picked":["Bouncing Flask","Underhanded Strike"],"picked":"Deadly Poison","floor":8}],"player_experience":267061,"relics_obtained":[{"floor":6,"key":"Gambling Chip"},{"floor":9,"key":"Incense Burner"},{"floor":10,"key":"Bottled Tornado"}],"event_choices":[{"damage_healed":0.0,"max_hp_gain":0.0,"max_hp_loss":0.0,"gold_gain":100.0,"event_name":"Golden Shrine","player_choice":"Pray","floor":3.0,"gold_loss":0.0,"damage_taken":0.0}],"is_beta":false,"boss_relics":[],"items_purged_floors":[5],"is_endless":false,"potions_floor_spawned":[1,6,8],"killed_by":"3 Sentries","ascension_level":12}}