{"host":"tgr1xoidyjfo4u0n","time":1611414174,"event":{"mods":["Act Like it!","Alarm Clock","BaseMod","CapriCore","Colored Powertips","GifTheSpireLib","Highlight Path","Minty Spire (QoL Compilation)","StSLib"],"gold_per_floor":[149,184,220,257,257,257,292,350,350,391,444,214,214,268,268,408,408,429,429,468,108,108,159,159,206,206,206,252,304,304,339,339,457,457,492,528,65,101,101,101,134,172,195,241,271,323,323,373,373,413,413,413,15,50,50,50],"floor_reached":55,"language":"ZHS","playtime":4038,"items_purged":["Strike_P","Strike_P","Pray","HandOfGreed"],"score":1130,"play_id":"7cb50c0d-cc6b-47c4-9e0b-7d2174889605","local_time":"20210123230254","is_ascension_mode":true,"campfire_choices":[{"data":"Eruption","floor":6.0,"key":"SMITH"},{"data":"Study","floor":13.0,"key":"SMITH"},{"floor":15.0,"key":"REST"},{"data":"ClearTheMind","floor":24.0,"key":"SMITH"},{"data":"ClearTheMind","floor":27.0,"key":"SMITH"},{"data":"Adaptation","floor":30.0,"key":"SMITH"},{"data":"FlurryOfBlows","floor":32.0,"key":"SMITH"},{"data":"Adaptation","floor":40.0,"key":"SMITH"},{"floor":49.0,"key":"RECALL"},{"data":"Tantrum","floor":52.0,"key":"SMITH"}],"circlet_count":0,"master_deck":["Defend_P","Defend_P+1","Eruption+1","Vigilance","EmptyFist","BowlingBash","FlurryOfBlows+1","Adaptation+1","EmptyBody","Tantrum+1","InnerPeace","Study+1","DeusExMachina","ClearTheMind+1","Adaptation+1","ClearTheMind+1","DeceiveReality+1","MentalFortress+1","Omniscience+1","MasterReality+1","DeusExMachina+1","DevaForm+1","FearNoEvil","Collect+1","Tantrum","LikeWater+1","Bandage Up+1","Wireheading","Secret Technique+1","Prostrate+1"],"relics":["PureWater","Bloody Idol","CaptainsWheel","Mercury Hourglass","Runic Dome","Vajra","Ice Cream","Toxic Egg 2","Pen Nib","Astrolabe","Bottled Tornado","War Paint","StrikeDummy","TeardropLocket","Blood Vial","Letter Opener"],"acts_visited":["Exordium","TheCity","TheBeyond","TheEnding"],"potions_floor_usage":[55],"damage_taken":[{"damage":3.0,"enemies":"2 Louse","floor":1.0,"turns":5.0},{"damage":0.0,"enemies":"Jaw Worm","floor":2.0,"turns":2.0},{"damage":0.0,"enemies":"Cultist","floor":3.0,"turns":3.0},{"damage":0.0,"enemies":"Blue Slaver","floor":4.0,"turns":7.0},{"damage":0.0,"enemies":"2 Fungi Beasts","floor":7.0,"turns":2.0},{"damage":8.0,"enemies":"Gremlin Gang","floor":8.0,"turns":6.0},{"damage":0.0,"enemies":"Large Slime","floor":10.0,"turns":6.0},{"damage":20.0,"enemies":"Lagavulin","floor":11.0,"turns":7.0},{"damage":0.0,"enemies":"2 Fungi Beasts","floor":14.0,"turns":5.0},{"damage":0.0,"enemies":"Slime Boss","floor":16.0,"turns":5.0},{"damage":18.0,"enemies":"Shell Parasite","floor":18.0,"turns":5.0},{"damage":0.0,"enemies":"3 Byrds","floor":20.0,"turns":3.0},{"damage":0.0,"enemies":"Slavers","floor":23.0,"turns":3.0},{"damage":0.0,"enemies":"Book of Stabbing","floor":25.0,"turns":5.0},{"damage":19.0,"enemies":"Slavers","floor":28.0,"turns":4.0},{"damage":15.0,"enemies":"Centurion and Healer","floor":29.0,"turns":5.0},{"damage":9.0,"enemies":"Cultist and Chosen","floor":31.0,"turns":5.0},{"damage":24.0,"enemies":"Collector","floor":33.0,"turns":5.0},{"damage":13.0,"enemies":"3 Darklings","floor":35.0,"turns":3.0},{"damage":11.0,"enemies":"3 Shapes","floor":36.0,"turns":3.0},{"damage":11.0,"enemies":"Spire Growth","floor":38.0,"turns":3.0},{"damage":0.0,"enemies":"3 Darklings","floor":41.0,"turns":4.0},{"damage":0.0,"enemies":"Jaw Worm Horde","floor":42.0,"turns":3.0},{"damage":14.0,"enemies":"Nemesis","floor":44.0,"turns":3.0},{"damage":47.0,"enemies":"Writhing Mass","floor":45.0,"turns":4.0},{"damage":11.0,"enemies":"Reptomancer","floor":46.0,"turns":3.0},{"damage":8.0,"enemies":"Giant Head","floor":48.0,"turns":4.0},{"damage":15.0,"enemies":"Donu and Deca","floor":50.0,"turns":5.0},{"damage":33.0,"enemies":"Shield and Spear","floor":54.0,"turns":3.0},{"damage":49,"enemies":"The Heart","floor":55,"turns":3}],"seed_played":"1689299816263844329","potions_obtained":[{"floor":1.0,"key":"SpeedPotion"},{"floor":3.0,"key":"StancePotion"},{"floor":11.0,"key":"Energy Potion"},{"floor":14.0,"key":"BlessingOfTheForge"},{"floor":16.0,"key":"AttackPotion"},{"floor":20.0,"key":"Swift Potion"},{"floor":23.0,"key":"Weak Potion"},{"floor":36.0,"key":"ColorlessPotion"},{"floor":38.0,"key":"Swift Potion"},{"floor":42.0,"key":"SkillPotion"},{"floor":46.0,"key":"LiquidMemories"}],"is_trial":false,"path_per_floor":["M","M","M","M","?","R","M","M","T","M","E","$","R","M","R","B",null,"M","?","M","$","?","E","R","E","T","R","E","M","R","M","R","B",null,"M","M","$","M","?","R","M","M","T","E","M","E","?","E","R","B",null,"R","$","E","B"],"character_chosen":"WATCHER","items_purchased":["InnerPeace","Study","ClearTheMind","DeceiveReality","Vajra","Bottled Tornado","FearNoEvil","Wireheading","Secret Technique+1"],"campfire_rested":1,"item_purchase_floors":[12,12,21,21,21,37,37,53,53],"current_hp_per_floor":[48,48,48,48,48,48,48,40,40,40,20,20,20,20,40,40,67,49,49,49,49,49,59,59,67,67,67,58,58,58,59,59,45,67,64,63,63,62,62,62,67,67,67,63,26,25,25,39,39,42,67,67,67,39,0,0],"gold":50,"neow_bonus":"RANDOM_COLORLESS_2","is_daily":false,"chose_seed":false,"campfire_upgraded":8,"win_rate":0.0,"timestamp":1611414174,"path_taken":["M","M","M","M","?","R","M","M","T","M","E","$","R","M","R","BOSS","M","?","?","$","?","E","R","E","T","R","E","M","R","M","R","BOSS","M","M","$","M","?","R","M","M","T","E","?","E","?","E","R","BOSS","R","$","E","BOSS"],"items_purchased_type":["Card","Card","Card","Card","Relic","Relic","Card","Card","Card"],"build_version":"2020-12-22","purchased_purges":4,"victory":false,"max_hp_per_floor":[72,72,72,72,67,67,67,67,67,67,67,67,67,67,67,67,67,67,67,67,67,67,67,67,67,67,67,67,67,67,67,67,67,67,67,67,67,67,67,67,67,67,67,67,67,67,67,67,67,67,67,67,67,67,67,67],"card_choices":[{"not_picked":["Mayhem","Apotheosis"],"picked":"HandOfGreed","floor":0.0},{"not_picked":["ThirdEye","Prostrate"],"picked":"EmptyFist","floor":1.0},{"not_picked":["EmptyBody","ThirdEye"],"picked":"BowlingBash","floor":2.0},{"not_picked":["SignatureMove","Establishment"],"picked":"Pray","floor":3.0},{"not_picked":["Protect","ThirdEye"],"picked":"FlurryOfBlows","floor":4.0},{"not_picked":["EmptyFist","WaveOfTheHand"],"picked":"Adaptation","floor":7.0},{"not_picked":["Halt","Protect"],"picked":"EmptyBody","floor":8.0},{"not_picked":["BowlingBash","CutThroughFate"],"picked":"Tantrum","floor":10.0},{"not_picked":["Prostrate","ForeignInfluence","Omniscience"],"picked":"SKIP","floor":11.0},{"not_picked":["EmptyFist","Consecrate","Nirvana"],"picked":"SKIP","floor":14.0},{"not_picked":["Wish","Brilliance"],"picked":"DeusExMachina","floor":16.0},{"not_picked":["ThirdEye","Sanctity"],"picked":"ClearTheMind","floor":18.0},{"not_picked":["TalkToTheHand","Protect+1","PathToVictory+1"],"picked":"SKIP","floor":20.0},{"not_picked":["SandsOfTime","Consecrate"],"picked":"MentalFortress+1","floor":23.0},{"not_picked":["FlurryOfBlows","CrushJoints","Swivel+1"],"picked":"SKIP","floor":25.0},{"not_picked":["BowlingBash","Wish+1","DevaForm"],"picked":"SKIP","floor":28.0},{"not_picked":["SashWhip","Evaluate+1","PathToVictory+1"],"picked":"SKIP","floor":29.0},{"not_picked":["SashWhip","Evaluate+1","PathToVictory+1"],"picked":"SKIP","floor":29.0},{"not_picked":["WaveOfTheHand+1","WindmillStrike+1","ClearTheMind+1"],"picked":"SKIP","floor":31.0},{"not_picked":["WaveOfTheHand+1","WindmillStrike+1","ClearTheMind+1"],"picked":"SKIP","floor":31.0},{"not_picked":["Establishment","Blasphemy+1"],"picked":"Omniscience+1","floor":33.0},{"not_picked":["CrushJoints+1","Indignation+1","CutThroughFate+1"],"picked":"SKIP","floor":35.0},{"not_picked":["Prostrate+1","JustLucky+1","EmptyFist"],"picked":"SKIP","floor":36.0},{"not_picked":["ThirdEye+1","PathToVictory+1"],"picked":"Collect+1","floor":38.0},{"not_picked":["Sanctity+1","BowlingBash+1","CrushJoints+1"],"picked":"SKIP","floor":41.0},{"not_picked":["BattleHymn+1","CutThroughFate","JustLucky+1"],"picked":"SKIP","floor":42.0},{"not_picked":["DeceiveReality+1","ForeignInfluence+1"],"picked":"LikeWater+1","floor":44.0},{"not_picked":["DevaForm","Vengeance+1","EmptyFist+1"],"picked":"SKIP","floor":45.0},{"not_picked":["FollowUp+1","BattleHymn+1","LessonLearned"],"picked":"SKIP","floor":46.0},{"not_picked":["Sadistic Nature","Magnetism"],"picked":"Bandage Up+1","floor":47.0},{"not_picked":["EmptyBody+1","LikeWater","Consecrate+1"],"picked":"SKIP","floor":48.0},{"not_picked":["BowlingBash+1","Tantrum"],"picked":"Prostrate+1","floor":54.0}],"player_experience":405607,"relics_obtained":[{"floor":9.0,"key":"CaptainsWheel"},{"floor":11.0,"key":"Mercury Hourglass"},{"floor":23.0,"key":"Ice Cream"},{"floor":25.0,"key":"Toxic Egg 2"},{"floor":28.0,"key":"Pen Nib"},{"floor":43.0,"key":"War Paint"},{"floor":44.0,"key":"StrikeDummy"},{"floor":46.0,"key":"TeardropLocket"},{"floor":48.0,"key":"Blood Vial"},{"floor":54.0,"key":"Letter Opener"}],"event_choices":[{"damage_healed":0.0,"max_hp_gain":0.0,"max_hp_loss":5.0,"gold_gain":0.0,"event_name":"Golden Idol","player_choice":"Lose Max HP","floor":5.0,"gold_loss":0.0,"damage_taken":0.0,"relics_obtained":["Golden Idol"]},{"damage_healed":0.0,"max_hp_gain":0.0,"max_hp_loss":0.0,"gold_gain":0.0,"event_name":"Duplicator","player_choice":"Copied","floor":19.0,"gold_loss":0.0,"damage_taken":0.0,"cards_obtained":["Adaptation"]},{"damage_healed":0.0,"max_hp_gain":0.0,"max_hp_loss":0.0,"gold_gain":0.0,"event_name":"Forgotten Altar","player_choice":"Gave Idol","floor":22.0,"relics_lost":["Golden Idol"],"gold_loss":0.0,"damage_taken":0.0,"relics_obtained":["Bloody Idol"]},{"damage_healed":0.0,"max_hp_gain":0.0,"max_hp_loss":0.0,"gold_gain":0.0,"cards_transformed":["Defend_P"],"event_name":"Transmorgrifier","player_choice":"Transformed","floor":39.0,"gold_loss":0.0,"damage_taken":0.0,"cards_obtained":["Tantrum"]},{"damage_healed":0.0,"max_hp_gain":0.0,"max_hp_loss":0.0,"gold_gain":0.0,"event_name":"SensoryStone","player_choice":"Memory 1","floor":47.0,"gold_loss":0.0,"damage_taken":0.0}],"is_beta":false,"boss_relics":[{"not_picked":["Busted Crown","Cursed Key"],"picked":"Runic Dome"},{"not_picked":["Runic Pyramid","SlaversCollar"],"picked":"Astrolabe"}],"items_purged_floors":[12,21,37,53],"is_endless":false,"potions_floor_spawned":[1,3,11,14,16,18,20,23,36,38,42,46,48],"killed_by":"The Heart","ascension_level":4}}