{"host":"b995t17pt6d05w8c","time":1611428545,"event":{"mods":["AchievementEnabler","BaseMod","Colored Map","DeckTracker","Keyboard Shortcuts","Minty Spire (QoL Compilation)","Permanent Neow","SuperFastMode"],"gold_per_floor":[116,116,133,153,203,203,219,229,229,229,252,252,120,120,120,193,193,205,61,61,71,81,81,81],"floor_reached":23,"language":"KOR","playtime":440,"items_purged":["Strike_B","Reprogram+1"],"score":450,"play_id":"12713ced-d9d0-4d59-ba7d-fec45d4497e4","local_time":"20210124040225","is_ascension_mode":true,"campfire_choices":[{"data":"Zap","floor":6,"key":"SMITH"},{"floor":10,"key":"REST"},{"data":"Loop","floor":12,"key":"SMITH"},{"data":"Coolheaded","floor":15,"key":"SMITH"}],"circlet_count":0,"master_deck":["AscendersBane","Strike_B+1","Defend_B","Zap+1","Dualcast","Loop+1","Chill","Coolheaded+1","Cold Snap","Electrodynamics","Amplify+1","Hologram+1","Double Energy+1","Heatsinks","Capacitor","Ball Lightning","Skim"],"relics":["Cracked Core","Prayer Wheel","Centennial Puzzle","Astrolabe"],"acts_visited":["TheCity"],"potions_floor_usage":[16,16,22],"damage_taken":[{"damage":0,"enemies":"Small Slimes","floor":1,"turns":2},{"damage":1,"enemies":"Cultist","floor":3,"turns":3},{"damage":5,"enemies":"Jaw Worm","floor":4,"turns":4},{"damage":11,"enemies":"Exordium Thugs","floor":7,"turns":4},{"damage":4,"enemies":"Looter","floor":8,"turns":3},{"damage":0,"enemies":"Slime Boss","floor":16,"turns":6},{"damage":11,"enemies":"Chosen","floor":18,"turns":5},{"damage":4,"enemies":"Spheric Guardian","floor":21,"turns":3},{"damage":26,"enemies":"Cultist and Chosen","floor":22,"turns":6},{"damage":5,"enemies":"Gremlin Leader","floor":23,"turns":1}],"seed_played":"8634500676833965789","potions_obtained":[{"floor":4,"key":"FocusPotion"},{"floor":16,"key":"Ancient Potion"}],"is_trial":false,"path_per_floor":["M","?","M","M","?","R","M","M","T","R","T","R","$","?","R","B",null,"M","$","?","M","M","E"],"character_chosen":"DEFECT","items_purchased":["PowerPotion","Heatsinks"],"campfire_rested":1,"item_purchase_floors":[13,19],"current_hp_per_floor":[64,45,44,39,39,39,28,24,24,43,43,43,43,43,43,43,59,48,48,31,27,1,0,0],"gold":81,"neow_bonus":"REMOVE_TWO","is_daily":false,"chose_seed":false,"campfire_upgraded":3,"win_rate":0.0,"timestamp":1611428545,"path_taken":["M","?","M","M","?","R","?","M","T","R","?","R","?","?","R","BOSS","M","$","?","M","M","E"],"items_purchased_type":["Potion","Card"],"build_version":"2020-12-22","purchased_purges":2,"victory":false,"max_hp_per_floor":[64,64,64,64,64,64,64,64,64,64,64,64,64,64,64,64,64,64,64,69,69,69,69,69],"card_choices":[{"not_picked":["Sweeping Beam","Barrage"],"picked":"Loop","floor":1},{"not_picked":["Beam Cell","Storm"],"picked":"Chill","floor":3},{"not_picked":["Darkness","Beam Cell"],"picked":"Coolheaded","floor":4},{"not_picked":["Sweeping Beam","Streamline"],"picked":"Cold Snap","floor":7},{"not_picked":["Thunder Strike","Steam","Cold Snap"],"picked":"SKIP","floor":8},{"not_picked":["Core Surge","Fission"],"picked":"Electrodynamics","floor":16},{"not_picked":["Coolheaded","Fission"],"picked":"Double Energy+1","floor":18},{"not_picked":["Beam Cell","Leap","Go for the Eyes"],"picked":"SKIP","floor":18},{"not_picked":["Sunder","Reinforced Body"],"picked":"Capacitor","floor":21},{"not_picked":["Steam","Recycle"],"picked":"Ball Lightning","floor":21},{"not_picked":["Streamline","Aggregate"],"picked":"Skim","floor":22},{"not_picked":["Blizzard","Barrage","Coolheaded"],"picked":"SKIP","floor":22}],"player_experience":169340,"relics_obtained":[{"floor":9,"key":"Prayer Wheel"},{"floor":11,"key":"Centennial Puzzle"}],"event_choices":[{"damage_healed":0,"gold_gain":0,"player_choice":"Entered Light","damage_taken":19,"max_hp_gain":0,"max_hp_loss":0,"event_name":"Shining Light","floor":2,"gold_loss":0,"cards_upgraded":["Strike_B","Strike_B"]},{"damage_healed":0,"gold_gain":50,"player_choice":"Pray","damage_taken":0,"max_hp_gain":0,"max_hp_loss":0,"event_name":"Golden Shrine","floor":5,"gold_loss":0},{"damage_healed":0,"gold_gain":0,"player_choice":"Ignored","damage_taken":0,"max_hp_gain":0,"max_hp_loss":0,"event_name":"Liars Game","floor":14,"gold_loss":0},{"damage_healed":0,"gold_gain":0,"player_choice":"Shed Blood","damage_taken":22,"max_hp_gain":5,"max_hp_loss":0,"event_name":"Forgotten Altar","floor":20,"gold_loss":0}],"is_beta":false,"boss_relics":[{"not_picked":["SacredBark","Coffee Dripper"],"picked":"Astrolabe"}],"items_purged_floors":[13,19],"is_endless":false,"potions_floor_spawned":[4,16],"killed_by":"Gremlin Leader","ascension_level":19}}