{"host":"d73an99q9oevilk5","time":1611372330,"event":{"mods":["2.2 Compatiblity","AchievementEnabler","Act Like it!","Aspiration","BaseMod","Beaked The Cultist","Better Third Choice","BetterRewards","Colored Map","Colored Powertips","Conspire","GifTheSpireLib","Halation","Hubris","Infinite Spire","Mimic Mod","Minty Spire (QoL Compilation)","Quick Restart","Relic Sorter","Replay The Spire","Shop Mod","Spikes Relics","StSLib","Stuff the Spire","The Cursed","The Necromancer","The Saiyan","Waifu the Spire","egg","slay the spire mod where everything is the same but ironclad has a cowboy hat","vexMod"],"gold_per_floor":[112,112,112,131,151,170,170,193,193,109,109,134,145,163,163,259,259,272,289,229,76,95,123,123,123,147,147,197,207,283,293,293,408,408,455,500,550,606,683,780,866,947,947,947,1091,1141,1141,245,245,254],"floor_reached":51,"language":"ENG","playtime":2300,"items_purged":["hubris:Sloth"],"score":1324,"play_id":"db9d6770-4566-4bf0-a645-3bb4a0c13f00","local_time":"20210122202530","is_ascension_mode":false,"campfire_choices":[{"data":"beaked:CrazyRituals","floor":7.0,"key":"SMITH"},{"data":"beaked:CrazyRituals","floor":7.0,"key":"SMITH"},{"data":"beaked:Evade","floor":15.0,"key":"SMITH"},{"data":"beaked:Evade","floor":15.0,"key":"SMITH"},{"data":"beaked:Foresight","floor":25.0,"key":"SMITH"},{"data":"beaked:Windmill","floor":25.0,"key":"SMITH"},{"data":"beaked:Foresight","floor":32.0,"key":"SMITH"},{"data":"beaked:Ceremony","floor":32.0,"key":"SMITH"},{"data":"beaked:AwakenedForm","floor":44,"key":"SMITH"},{"data":"Flash of Steel","floor":44,"key":"SMITH"},{"data":"beaked:Tradeoff","floor":47,"key":"SMITH"},{"data":"beaked:Strike_Y","floor":47,"key":"SMITH"},{"data":"beaked:Insight","floor":49,"key":"SMITH"},{"data":"beaked:Defend_Y","floor":49,"key":"SMITH"}],"circlet_count":0,"master_deck":["beaked:Strike_Y+1","beaked:Strike_Y+1","beaked:Strike_Y","beaked:Strike_Y","beaked:Strike_Y+1","beaked:Strike_Y+1","beaked:Defend_Y","beaked:Defend_Y","beaked:Defend_Y+1","beaked:Defend_Y","beaked:Ceremony+1","beaked:CrazyRituals+1","beaked:CrazyRituals+1","beaked:CrazyRituals+1","beaked:Windmill+1","Flash of Steel+1","beaked:Evade+1","beaked:Foresight+1","Discovery+1","beaked:Evade+1","beaked:Foresight+1","beaked:WarriorEssence+1","beaked:CursingBlood+1","beaked:Tradeoff+1","hubris:Lust","Hallucinations","beaked:AwakenedForm+1","beaked:Insight+1","Poisoned Strike+1"],"relics":["beaked:MendingPlumage","Lantern","ClockworkSouvenir","halation:PenCase","Bronze Scales","hubris:Towel","Replay:Bottled Eggs","Singing Bowl","SacredBark","vexMod:Spyglass","infinitespire:Joker Card","SsserpentHead","CultistMask","Nloth\u0027s Gift","Replay:WaspNest","infinitespire:EvilPickle","Replay:Ancient Bell","aspiration:ChemicalBlood","hubris:BottledRain","Du-Vu Doll","Prayer Wheel","PreservedInsect","Replay:Towering Pillar of Hats","halation:IllGainedPizza","conspire:Dentures","hubris:Metronome","Whetstone","Molten Egg 2","Medical Kit"],"acts_visited":["Exordium","TheCity","TheBeyond"],"potions_floor_usage":[33,36,38,40,40,40,40,40,41,45,45,50,50,50,50,50,50],"damage_taken":[{"damage":6.0,"enemies":"Jaw Worm","floor":1.0,"turns":2.0},{"damage":1.0,"enemies":"2 Louse","floor":4.0,"turns":2.0},{"damage":2.0,"enemies":"Small Slimes","floor":5.0,"turns":2.0},{"damage":15.0,"enemies":"Gremlin Gang","floor":6.0,"turns":5.0},{"damage":12.0,"enemies":"Exordium Wildlife","floor":8.0,"turns":4.0},{"damage":29.0,"enemies":"3 Sentries","floor":12.0,"turns":8.0},{"damage":0.0,"enemies":"3 Louse","floor":13.0,"turns":3.0},{"damage":12.0,"enemies":"2 Fungi Beasts","floor":14.0,"turns":3.0},{"damage":5.0,"enemies":"Slime Boss","floor":16.0,"turns":7.0},{"damage":8.0,"enemies":"3 Byrds","floor":18.0,"turns":5.0},{"damage":31.0,"enemies":"conspire:FuzzyDice","floor":19.0,"turns":6.0},{"damage":30.0,"enemies":"Shelled Parasite and Fungi","floor":22.0,"turns":7.0},{"damage":44.0,"enemies":"Slavers","floor":23.0,"turns":5.0},{"damage":8.0,"enemies":"conspire:HollyBat","floor":29.0,"turns":8.0},{"damage":5.0,"enemies":"conspire:MimicChest","floor":30.0,"turns":6.0},{"damage":12.0,"enemies":"Snake Plant","floor":31.0,"turns":3.0},{"damage":28,"enemies":"Pondfish","floor":33,"turns":7},{"damage":34,"enemies":"Orb Walker","floor":35,"turns":3},{"damage":22,"enemies":"3 Darklings","floor":36,"turns":5},{"damage":62,"enemies":"Sphere and 2 Shapes","floor":38,"turns":5},{"damage":92,"enemies":"2 Orb Walkers","floor":40,"turns":5},{"damage":8,"enemies":"R_Hoarder","floor":41,"turns":5},{"damage":25,"enemies":"Maw","floor":42,"turns":5},{"damage":28,"enemies":"3 Darklings","floor":45,"turns":5},{"damage":56,"enemies":"Awakened One","floor":50,"turns":7}],"seed_played":"6024761191553379885","potions_obtained":[{"floor":4.0,"key":"Regen Potion"},{"floor":8.0,"key":"Adrenaline Potion"},{"floor":13.0,"key":"Ancient Potion"},{"floor":31.0,"key":"LiquidBronze"},{"floor":40,"key":"Elixir"},{"floor":42,"key":"Flashbang"},{"floor":45,"key":"Energy Potion"}],"is_trial":false,"path_per_floor":["M","$","?","M","M","M","R","M","T","$","?","E","M","M","R","B",null,"M","M","?","$","M","E","?","R","T","?","?","M","?","M","R","B",null,"M","M","?","M","T","?","E","M","T","R","M","T","R","$","R","B",null],"character_chosen":"BEAKED_THE_CULTIST","items_purchased":["beaked:CrazyRituals","Lantern","ClockworkSouvenir","halation:PenCase","Discovery","vexMod:Spyglass","Whetstone","Molten Egg 2","beaked:Insight","Medical Kit","Poisoned Strike+1","Ancient Potion"],"campfire_rested":0,"item_purchase_floors":[0,0,0,0,10,21,48,48,48,48,48,48],"current_hp_per_floor":[29,29,29,34,41,50,50,50,50,50,40,52,52,46,46,54,55,57,47,47,47,49,43,43,43,43,43,43,63,65,63,63,67,69,55,75,77,39,39,37,80,81,81,81,94,94,94,94,94,72],"gold":254,"neow_bonus":"","is_daily":false,"chose_seed":false,"campfire_upgraded":14,"win_rate":0.0,"timestamp":1611372330,"path_taken":["M","$","?","M","M","M","R","M","T","$","?","E","M","M","R","BOSS","M","M","?","$","M","E","?","R","T","?","?","M","?","M","R","BOSS","M","M","?","M","?","?","E","M","T","R","?","?","R","$","R","BOSS"],"items_purchased_type":["Card","Relic","Relic","Relic","Card","Relic","Relic","Relic","Card","Relic","Card","Potion"],"build_version":"2020-12-22","purchased_purges":1,"victory":true,"max_hp_per_floor":[50,50,50,50,50,50,50,50,50,50,50,52,52,52,52,55,55,57,59,59,59,61,61,61,61,61,61,61,63,65,65,65,67,69,71,75,77,81,81,81,86,90,90,90,94,94,94,94,94,94],"card_choices":[{"not_picked":["beaked:Tradeoff","beaked:Windmill","beaked:Redirect"],"picked":"SKIP","floor":1.0},{"not_picked":["beaked:SacrificialDive","beaked:Brace"],"picked":"beaked:Evade","floor":4.0},{"not_picked":["beaked:HuntressSpirit","beaked:MimicWarrior","beaked:Poke"],"picked":"SKIP","floor":5.0},{"not_picked":["beaked:Poke","beaked:TuckingFeathers"],"picked":"beaked:Foresight","floor":6.0},{"not_picked":["beaked:Hexing","beaked:SurvivalInstinct","beaked:Overpower"],"picked":"SKIP","floor":8.0},{"not_picked":["beaked:Flinch","beaked:TuckingFeathers","beaked:FeelMyPain"],"picked":"Singing Bowl","floor":12.0},{"not_picked":["ReplayTheSpireMod:Prepare the Ceremony","beaked:CursingBlood"],"picked":"beaked:Evade","floor":13.0},{"not_picked":["beaked:Tweet","beaked:StunningBlow"],"picked":"beaked:Foresight","floor":14.0},{"not_picked":["beaked:Brainwash","beaked:CheekyTricks","beaked:MachineEssence"],"picked":"Singing Bowl","floor":16.0},{"not_picked":["beaked:Cower","beaked:HuntressEssence","beaked:Flinch"],"picked":"Singing Bowl","floor":18.0},{"not_picked":["beaked:Poke","ReplayTheSpireMod:Prepare the Ceremony"],"picked":"beaked:WarriorEssence+1","floor":19.0},{"not_picked":["beaked:DigDeep","beaked:Daydream","beaked:Poke+1"],"picked":"Singing Bowl","floor":22.0},{"not_picked":["beaked:Cower+1","beaked:Poke"],"picked":"beaked:CursingBlood+1","floor":23.0},{"not_picked":["beaked:SacrificialDive+1","beaked:Daydream","ReplayTheSpireMod:Owlgaze"],"picked":"Singing Bowl","floor":29.0},{"not_picked":["ReplayTheSpireMod:RavenHex+1","beaked:WarriorEssence","beaked:Windmill"],"picked":"Singing Bowl","floor":30.0},{"not_picked":["beaked:DigDeep","beaked:Brace"],"picked":"beaked:Tradeoff","floor":31.0},{"not_picked":["beaked:SacrificialScars","beaked:WildInstinct","beaked:Caw"],"picked":"Singing Bowl","floor":33},{"not_picked":["ReplayTheSpireMod:Restless Dread","hubris:Sloth","hubris:Disease"],"picked":"Singing Bowl","floor":34},{"not_picked":["Notoriety","ReplayTheSpireMod:Splinters"],"picked":"hubris:Lust","floor":34},{"not_picked":["hubris:Lust","CurseOfTheBell"],"picked":"Hallucinations","floor":34},{"not_picked":["beaked:Redirect+1","beaked:DesperateSwing+1","beaked:Tweet"],"picked":"Singing Bowl","floor":35},{"not_picked":["beaked:BraceForImpact+1","beaked:Flinch+1","beaked:Resilience+1"],"picked":"Singing Bowl","floor":36},{"not_picked":["beaked:WarriorSpirit+1","beaked:Replenish","beaked:Insight+1"],"picked":"Singing Bowl","floor":36},{"not_picked":["PanicButton","Specialist","Replay:Bootleg Shield Generator"],"picked":"Singing Bowl","floor":37},{"not_picked":["beaked:RuinSticks","beaked:Molting+1","beaked:SacrificialDive"],"picked":"Singing Bowl","floor":38},{"not_picked":["ReplayTheSpireMod:Prepare the Ceremony+1","beaked:Resilience","beaked:RitualOfBody+1"],"picked":"Singing Bowl","floor":38},{"not_picked":["beaked:Mantra+1","beaked:Daydream"],"picked":"beaked:AwakenedForm","floor":40},{"not_picked":["beaked:Tweet","beaked:FeelMyPain","ReplayTheSpireMod:Prepare the Ceremony"],"picked":"Singing Bowl","floor":41},{"not_picked":["beaked:WarriorEssence+1","beaked:AwakenedForm","beaked:DesperateSwing"],"picked":"Singing Bowl","floor":42},{"not_picked":["beaked:BraceForImpact","beaked:DarkTribute","beaked:Molting"],"picked":"Singing Bowl","floor":42},{"not_picked":["beaked:Evade","beaked:SurvivalInstinct+1","beaked:Daydream"],"picked":"Singing Bowl","floor":45},{"not_picked":["beaked:WarriorSpirit","beaked:Hexing","beaked:Foresight+1"],"picked":"Singing Bowl","floor":45}],"player_experience":1767428,"relics_obtained":[{"floor":9.0,"key":"Replay:Bottled Eggs"},{"floor":12.0,"key":"Singing Bowl"},{"floor":23.0,"key":"infinitespire:Joker Card"},{"floor":26.0,"key":"Happy Flower"},{"floor":30.0,"key":"Replay:WaspNest"},{"floor":39,"key":"PreservedInsect"},{"floor":40,"key":"Replay:Towering Pillar of Hats"},{"floor":41,"key":"halation:IllGainedPizza"},{"floor":43,"key":"conspire:Dentures"},{"floor":46,"key":"hubris:Metronome"}],"event_choices":[{"damage_healed":50.0,"max_hp_gain":0.0,"max_hp_loss":50.0,"gold_gain":0.0,"event_name":"betterThird:BetterShining","player_choice":"Upgrade","floor":11.0,"gold_loss":0.0,"damage_taken":10.0,"cards_upgraded":["Discovery","beaked:Strike_Y"]},{"damage_healed":0.0,"max_hp_gain":0.0,"max_hp_loss":0.0,"gold_gain":0.0,"event_name":"FaceTrader","player_choice":"Trade","floor":27.0,"gold_loss":0.0,"damage_taken":0.0,"relics_obtained":["SsserpentHead"]},{"damage_healed":0.0,"max_hp_gain":0.0,"max_hp_loss":0.0,"gold_gain":0.0,"event_name":"N\u0027loth","player_choice":"Traded Relic","floor":28.0,"relics_lost":["Happy Flower"],"gold_loss":0.0,"damage_taken":0.0,"relics_obtained":["Nloth\u0027s Gift"]},{"damage_healed":0,"gold_gain":0,"player_choice":"Memory 1","damage_taken":0,"max_hp_gain":0,"max_hp_loss":0,"event_name":"SensoryStone","floor":37,"gold_loss":0},{"damage_healed":0,"gold_gain":0,"player_choice":"Fight","damage_taken":0,"max_hp_gain":0,"max_hp_loss":0,"event_name":"Mysterious Sphere","floor":40,"gold_loss":0}],"is_beta":false,"boss_relics":[{"not_picked":["vexMod:TanglingVine","Ectoplasm"],"picked":"SacredBark"},{"not_picked":["conspire:SlowCooker","conspire:RoyalGoblet"],"picked":"Replay:Ancient Bell"},{"not_picked":["Simple Rune","aspiration:Lifesprig"],"picked":"aspiration:ChemicalBlood"},{"not_picked":["halation:SelfBoilingWater","hubris:CrystalStatue"],"picked":"hubris:BottledRain"},{"not_picked":["halation:BlackBeret","CaptainsWheel"],"picked":"Du-Vu Doll"}],"items_purged_floors":[48],"is_endless":false,"potions_floor_spawned":[4,8,13,14,19,30,31,38,40,42,45],"ascension_level":0}}