{"host":"szzymzkf8nw8othj","time":1611363454,"event":{"mods":["AchievementEnabler","BaseMod","Downfall","Minty Spire (QoL Compilation)","Replay The Spire","StSLib","The Animator"],"gold_per_floor":[99,111,14,27,41,41,41,100,100,114,129,29,44,79,93,192,192,92,110,122,132,117,132,132,142,142,42,57,75,75,60,79,178,178,178,196,208,43,58,74,74,74,106,106,106,124,124,135,150,150,150,150,150,150],"floor_reached":52,"language":"ENG","playtime":5739,"items_purged":["hexamod:Strike"],"score":746,"play_id":"e0d16db0-5d74-4c16-a85a-8e16e58f9a91","local_time":"20210122195734","is_ascension_mode":false,"campfire_choices":[{"data":"hexamod:Float","floor":1,"key":"SMITH"},{"floor":6,"key":"RECALL"},{"data":"hexamod:GhostOfSpirePast","floor":12,"key":"SMITH"},{"data":"hexamod:ForkedFlame","floor":18,"key":"SMITH"},{"floor":27,"key":"REST"},{"floor":30,"key":"REST"},{"data":"hexamod:RadiantFlame","floor":35,"key":"SMITH"}],"circlet_count":0,"master_deck":["hexamod:Defend+1","hexamod:Defend+1","hexamod:Defend+1","hexamod:Defend+1","hexamod:Sear+1","hexamod:Float+1","hexamod:SpectersWail","hexamod:GhostOfSpirePast+1","hexamod:GhostOfSpireFuture","hexamod:SkipABeat","hexamod:FourthSeal","hexamod:HeatMetal","hexamod:BurningTouch","hexamod:ApocalypseNow","hexamod:SpectralSpark","hexamod:ForkedFlame+1","hexamod:EmpoweredFlame+1","hexamod:ThirdSeal","hexamod:RadiantFlame+1","hexamod:FirstSeal","hexamod:ForkedFlame","hexamod:SpectersWail+1"],"relics":["hexamod:SpiritBrand","Sundial","downfall:HeartBlessingBlue","Replay:Bottled Eggs","Empty Cage","downfall:HeartBlessingGreen","Singing Bowl","downfall:HeartBlessingRed","StoneCalendar","Bottled Flame","CeramicFish"],"acts_visited":["Exordium","TheCity","TheBeyond","TheEnding"],"potions_floor_usage":[5,8,8,10,14,16,19,19,21,21,22,22,23,28,29,29,32,33,33,36,37,38,39,40,45,46,48,48,49,50,50,52],"damage_taken":[{"damage":0,"enemies":"2 Louse","floor":2,"turns":4},{"damage":0,"enemies":"downfall:FleeingMerchant","floor":3,"turns":4},{"damage":2,"enemies":"Small Slimes","floor":4,"turns":3},{"damage":0,"enemies":"Jaw Worm","floor":5,"turns":4},{"damage":12,"enemies":"Lagavulin Event","floor":8,"turns":2},{"damage":0,"enemies":"Lots of Slimes","floor":10,"turns":2},{"damage":1,"enemies":"Exordium Wildlife","floor":11,"turns":5},{"damage":0,"enemies":"Blue Slaver","floor":13,"turns":4},{"damage":25,"enemies":"Lagavulin","floor":14,"turns":4},{"damage":5,"enemies":"2 Fungi Beasts","floor":15,"turns":3},{"damage":35,"enemies":"DF_ARCHETYPE_STREAMLINE","floor":16,"turns":11},{"damage":1,"enemies":"Shell Parasite","floor":19,"turns":3},{"damage":1,"enemies":"Snecko","floor":20,"turns":4},{"damage":10,"enemies":"Centurion and Healer","floor":21,"turns":5},{"damage":6,"enemies":"downfall:FleeingMerchant","floor":22,"turns":4},{"damage":2,"enemies":"Snake Plant","floor":23,"turns":3},{"damage":30,"enemies":"Sentry and Sphere","floor":25,"turns":7},{"damage":5,"enemies":"Cultist and Chosen","floor":28,"turns":6},{"damage":0,"enemies":"Centurion and Healer","floor":29,"turns":4},{"damage":0,"enemies":"downfall:FleeingMerchant","floor":31,"turns":4},{"damage":9,"enemies":"Snake Plant","floor":32,"turns":5},{"damage":37,"enemies":"SI_MIRROR_ARCHETYPE","floor":33,"turns":9},{"damage":25,"enemies":"3 Darklings","floor":36,"turns":5},{"damage":2,"enemies":"Orb Walker","floor":37,"turns":3},{"damage":4,"enemies":"downfall:FleeingMerchant","floor":38,"turns":4},{"damage":40,"enemies":"3 Darklings","floor":39,"turns":5},{"damage":66,"enemies":"Spire Growth","floor":40,"turns":6},{"damage":61,"enemies":"Reptomancer","floor":43,"turns":6},{"damage":0,"enemies":"Jaw Worm Horde","floor":45,"turns":1},{"damage":23,"enemies":"Transient","floor":46,"turns":5},{"damage":0,"enemies":"Sphere and 2 Shapes","floor":48,"turns":4},{"damage":8,"enemies":"Maw","floor":49,"turns":6},{"damage":22,"enemies":"WA_ARCHETYPE_DIVINITY","floor":50,"turns":9},{"damage":116,"enemies":"downfall:CharBossMerchant","floor":52,"turns":6}],"seed_played":"1387641545034905907","potions_obtained":[{"floor":0,"key":"EssenceOfSteel"},{"floor":0,"key":"sneckomod:MuddlingPotion"},{"floor":0,"key":"Death Potion"},{"floor":5,"key":"Fire Potion"},{"floor":8,"key":"Explosive Potion"},{"floor":13,"key":"SteroidPotion"},{"floor":13,"key":"Energy Potion"},{"floor":14,"key":"BlessingOfTheForge"},{"floor":15,"key":"hexamod:InfernoChargePotion"},{"floor":16,"key":"CultistPotion"},{"floor":16,"key":"Languid Potion"},{"floor":19,"key":"Languid Potion"},{"floor":20,"key":"hexamod:DoubleChargePotion"},{"floor":21,"key":"EssenceOfSteel"},{"floor":22,"key":"PowerPotion"},{"floor":25,"key":"Reflective Coating"},{"floor":25,"key":"Swift Potion"},{"floor":28,"key":"SkillPotion"},{"floor":28,"key":"Fire Potion"},{"floor":29,"key":"BlessingOfTheForge"},{"floor":31,"key":"FairyPotion"},{"floor":32,"key":"EntropicBrew"},{"floor":33,"key":"Reflective Coating"},{"floor":36,"key":"EssenceOfSteel"},{"floor":37,"key":"FairyPotion"},{"floor":38,"key":"Explosive Potion"},{"floor":40,"key":"Fruit Juice"},{"floor":43,"key":"SmokeBomb"},{"floor":46,"key":"EntropicBrew"},{"floor":48,"key":"SpeedPotion"},{"floor":49,"key":"DuplicationPotion"},{"floor":49,"key":"FearPotion"}],"is_trial":false,"path_per_floor":["R","M","$","M","M","R","T","?","?","M","M","R","M","E","M","B",null,"R","M","M","M","$","M","T","M","?","R","M","M","R","$","M","B",null,"R","M","M","$","M","M","T","?","E","?","M","M","?","M","M","B",null,"E"],"character_chosen":"THE_SPIRIT","items_purchased":["hexamod:GhostOfSpireFuture","StoneCalendar","hexamod:ForkedFlame"],"campfire_rested":2,"item_purchase_floors":[3,38,38],"current_hp_per_floor":[70,70,70,68,68,68,68,56,70,70,69,79,79,54,49,14,80,80,79,78,68,62,60,60,32,24,48,45,49,75,79,74,39,98,98,75,82,82,49,28,28,28,15,102,102,88,88,99,100,78,110,0,0,0],"gold":150,"neow_bonus":"THREE_SMALL_POTIONS","is_daily":false,"chose_seed":false,"campfire_upgraded":4,"win_rate":0.0,"timestamp":1611363454,"path_taken":["R","M","$","M","M","R","T","?","?","M","M","R","M","E","M","BOSS","R","M","M","M","$","M","T","M","?","R","?","?","R","$","M","BOSS","R","M","M","$","M","M","T","?","E","?","M","M","?","M","M","BOSS","E"],"items_purchased_type":["Card","Relic","Card"],"build_version":"2020-12-22","purchased_purges":1,"victory":false,"max_hp_per_floor":[70,70,70,70,70,70,70,70,70,70,70,80,80,80,80,80,80,80,80,80,80,80,80,80,82,82,82,84,88,88,92,96,98,98,98,100,102,106,106,113,113,113,117,102,102,104,104,108,110,110,110,110,110,110],"card_choices":[{"not_picked":["hexamod:HeatMetal","hexamod:NightmareStrike"],"picked":"hexamod:SpectersWail","floor":2},{"not_picked":["hexamod:SuperheatedStrike","hexamod:NecessarySacrifice"],"picked":"hexamod:GhostOfSpirePast","floor":3},{"not_picked":["hexamod:SuperheatedStrike","hexamod:Firestarter"],"picked":"hexamod:SkipABeat","floor":4},{"not_picked":["hexamod:Firestarter","hexamod:PhantomCloak","hexamod:NightmareGuise"],"picked":"SKIP","floor":5},{"not_picked":["hexamod:PhantomCloak","hexamod:GhostflameBarrier"],"picked":"hexamod:FourthSeal","floor":8},{"not_picked":["hexamod:ThermalTransfer","hexamod:Hexaguard","hexamod:ChargedBarrage"],"picked":"SKIP","floor":10},{"not_picked":["hexamod:ChargedBarrage","hexamod:FlamesFromBeyond"],"picked":"hexamod:HeatMetal","floor":11},{"not_picked":["hexamod:SuperheatedStrike","hexamod:NecessarySacrifice"],"picked":"hexamod:BurningTouch","floor":13},{"not_picked":["hexamod:ShieldOfDarkness","hexamod:ThermalTransfer"],"picked":"hexamod:ApocalypseNow","floor":14},{"not_picked":["hexamod:SoulSteal","hexamod:RecurringNightmare"],"picked":"hexamod:SpectralSpark","floor":15},{"not_picked":["hexamod:ApocalypticArmor","hexamod:WildfireWeapon"],"picked":"hexamod:ForkedFlame","floor":16},{"not_picked":["hexamod:InspiringFlames","hexamod:Firestarter","hexamod:FastForward+1"],"picked":"SKIP","floor":19},{"not_picked":["hexamod:GhostLash+1","hexamod:Hexaguard+1","hexamod:SoulSteal"],"picked":"SKIP","floor":20},{"not_picked":["hexamod:NightmareGuise","hexamod:GhostOfSpirePast"],"picked":"hexamod:EmpoweredFlame+1","floor":21},{"not_picked":["hexamod:FlameSwitch","hexamod:BurningTouch","hexamod:PhantomCloak+1"],"picked":"SKIP","floor":22},{"not_picked":["hexamod:InspiringFlames","hexamod:FlamesFromBeyond+1"],"picked":"hexamod:ThirdSeal","floor":23},{"not_picked":["hexamod:GhostflameBarrier","hexamod:GhostLash","hexamod:SpectersWail"],"picked":"Singing Bowl","floor":25},{"not_picked":["hexamod:GhostLash","hexamod:SuperheatedStrike"],"picked":"hexamod:RadiantFlame","floor":28},{"not_picked":["hexamod:SwordOfDarkness+1","hexamod:ApocalypticArmor","hexamod:ShieldOfDarkness"],"picked":"Singing Bowl","floor":28},{"not_picked":["hexamod:ThirdSeal","hexamod:FastForward","hexamod:ThermalTransfer"],"picked":"Singing Bowl","floor":29},{"not_picked":["hexamod:PhantomFireball+1","hexamod:SpectersWail","hexamod:NightmareStrike"],"picked":"Singing Bowl","floor":29},{"not_picked":["hexamod:BurningTouch","hexamod:ShieldOfDarkness","hexamod:WildfireWeapon"],"picked":"Singing Bowl","floor":31},{"not_picked":["hexamod:EtherealExpedition","hexamod:NightmareStrike","hexamod:SuperheatedStrike"],"picked":"Singing Bowl","floor":31},{"not_picked":["hexamod:Firestarter","hexamod:EtherealExpedition","hexamod:RetreatToShadows"],"picked":"Singing Bowl","floor":32},{"not_picked":["hexamod:HauntingEcho","hexamod:InspiringFlames","hexamod:SuperheatedStrike"],"picked":"Singing Bowl","floor":32},{"not_picked":["hexamod:GiftsFromTheDead","hexamod:ParanormalForm","hexamod:ApocalypticArmor"],"picked":"Singing Bowl","floor":33},{"not_picked":["hexamod:GhostLash+1","hexamod:GhostflameBarrier+1"],"picked":"hexamod:FirstSeal","floor":36},{"not_picked":["hexamod:BurningTouch+1","hexamod:NightmareStrike","hexamod:SuperheatedStrike+1"],"picked":"Singing Bowl","floor":36},{"not_picked":["hexamod:ThirdSeal","hexamod:SecondSeal","hexamod:VolcanoVisage"],"picked":"Singing Bowl","floor":37},{"not_picked":["hexamod:RecurringNightmare+1","hexamod:NightmareGuise","hexamod:GhostflameBarrier+1"],"picked":"Singing Bowl","floor":38},{"not_picked":["hexamod:SwordOfDarkness+1","hexamod:GhostOfSpirePast+1","hexamod:InspiringFlames+1"],"picked":"Singing Bowl","floor":38},{"not_picked":["hexamod:HauntingEcho+1","hexamod:FastForward"],"picked":"hexamod:SpectersWail+1","floor":39},{"not_picked":["hexamod:Toasty","hexamod:Firestarter+1","hexamod:SkipABeat"],"picked":"Singing Bowl","floor":40},{"not_picked":["hexamod:NightmareGuise+1","hexamod:SoulSteal","hexamod:RetreatToShadows"],"picked":"Singing Bowl","floor":43},{"not_picked":["hexamod:ThermalTransfer+1","hexamod:GhostShield","hexamod:HauntingEcho+1"],"picked":"Singing Bowl","floor":43},{"not_picked":["hexamod:BacktrackSmack+1","hexamod:Incineration","hexamod:HeatMetal"],"picked":"Singing Bowl","floor":46},{"not_picked":["hexamod:NightmareStrike","hexamod:SecondSeal","hexamod:InspiringFlames"],"picked":"Singing Bowl","floor":48},{"not_picked":["hexamod:TimeWarp","hexamod:HauntingEcho","hexamod:FirstSeal"],"picked":"Singing Bowl","floor":48},{"not_picked":["hexamod:GhostflameBarrier+1","hexamod:SuperheatedStrike","hexamod:SecondSeal"],"picked":"Singing Bowl","floor":49}],"player_experience":747217,"relics_obtained":[{"floor":8,"key":"Sundial"},{"floor":14,"key":"Replay:Bottled Eggs"},{"floor":24,"key":"Singing Bowl"},{"floor":41,"key":"Bottled Flame"},{"floor":43,"key":"CeramicFish"}],"event_choices":[{"damage_healed":23,"gold_gain":0,"player_choice":"Banana","damage_taken":0,"max_hp_gain":0,"max_hp_loss":0,"event_name":"Big Fish","floor":9,"gold_loss":0},{"damage_healed":0,"gold_gain":0,"player_choice":"Ignored","damage_taken":0,"max_hp_gain":0,"max_hp_loss":0,"event_name":"Mysterious Sphere","floor":47,"gold_loss":0}],"is_beta":false,"boss_relics":[{"not_picked":["Busted Crown","Replay:Grab Bag"],"picked":"Empty Cage"},{"not_picked":["Velvet Choker","ReplayTheSpireMod:DimensionalGlitch","Replay:Drink Me"]}],"items_purged_floors":[38],"is_endless":false,"potions_floor_spawned":[5,8,13,16,20,25,28,29,33,36,45,49],"killed_by":"downfall:CharBossMerchant","ascension_level":0}}