{"host":"q0qnzbgdx8oqogg9","time":1611437217,"event":{"mods":["BaseMod","Minty Spire (QoL Compilation)","StSLib"],"gold_per_floor":[110,125,140,140,156,156,179,179,179,195,195,48,74,88,88,213,213,231,245,245,268,113,113,38,38,38,38,38,38],"floor_reached":28,"language":"ENG","playtime":1145,"items_purged":["Strike_B"],"score":305,"play_id":"b16bcfbb-4b3f-4cbb-b4aa-e1a64f4677f8","local_time":"20210123162657","is_ascension_mode":true,"campfire_choices":[{"data":"Zap","floor":6,"key":"SMITH"},{"data":"Dualcast","floor":8,"key":"SMITH"},{"floor":11,"key":"REST"},{"floor":15,"key":"REST"},{"floor":23,"key":"REST"},{"data":"Fission","floor":27,"key":"SMITH"}],"circlet_count":0,"master_deck":["Strike_B","Strike_B","Defend_B","Defend_B","Defend_B","Defend_B","Zap+1","Dualcast+1","Echo Form","Defragment","Cold Snap","Multi-Cast","Coolheaded","Turbo","Capacitor","Cold Snap","Fission+1","Rainbow","Leap+1","Gash+1","Seek","Reinforced Body","Hyperbeam"],"relics":["Cracked Core","Golden Idol","Vajra","Odd Mushroom","Snecko Eye","Orrery","Bag of Preparation"],"acts_visited":["Exordium","TheCity"],"potions_floor_usage":[5,13,16,21],"damage_taken":[{"damage":0,"enemies":"Small Slimes","floor":1,"turns":2},{"damage":4,"enemies":"2 Louse","floor":2,"turns":3},{"damage":4,"enemies":"Jaw Worm","floor":3,"turns":3},{"damage":9,"enemies":"Exordium Wildlife","floor":5,"turns":3},{"damage":7,"enemies":"3 Louse","floor":7,"turns":2},{"damage":6,"enemies":"Exordium Thugs","floor":10,"turns":4},{"damage":25,"enemies":"The Mushroom Lair","floor":13,"turns":5},{"damage":12,"enemies":"Large Slime","floor":14,"turns":5},{"damage":2,"enemies":"The Guardian","floor":16,"turns":12},{"damage":23,"enemies":"Shell Parasite","floor":18,"turns":7},{"damage":23,"enemies":"3 Byrds","floor":19,"turns":5},{"damage":30,"enemies":"Snake Plant","floor":21,"turns":4},{"damage":34,"enemies":"Gremlin Leader","floor":28,"turns":5}],"seed_played":"4602218734915910897","potions_obtained":[{"floor":1,"key":"Energy Potion"},{"floor":3,"key":"Explosive Potion"},{"floor":10,"key":"Weak Potion"},{"floor":14,"key":"BlessingOfTheForge"},{"floor":16,"key":"SpeedPotion"}],"is_trial":false,"path_per_floor":["M","M","M","?","M","R","M","R","T","M","R","$","?","M","R","B",null,"M","M","?","M","$","R","?","$","T","R","E"],"character_chosen":"DEFECT","items_purchased":["Capacitor","Orrery"],"campfire_rested":3,"item_purchase_floors":[12,22],"current_hp_per_floor":[68,64,60,42,33,33,26,26,26,20,42,42,17,5,27,25,63,40,17,42,12,12,34,34,34,34,34,0,0],"gold":38,"neow_bonus":"ONE_RANDOM_RARE_CARD","is_daily":false,"chose_seed":false,"campfire_upgraded":3,"win_rate":0.0,"timestamp":1611437217,"path_taken":["M","M","M","?","M","R","M","R","T","M","R","$","?","M","R","BOSS","M","M","?","M","$","R","?","?","T","R","E"],"items_purchased_type":["Card","Relic"],"build_version":"2020-12-22","purchased_purges":1,"victory":false,"max_hp_per_floor":[75,75,75,75,75,75,75,75,75,75,75,75,75,75,75,75,75,75,75,75,75,75,75,75,75,75,75,75,75],"card_choices":[{"not_picked":["Melter","Gash"],"picked":"Defragment","floor":1},{"not_picked":["Heatsinks","Hologram"],"picked":"Cold Snap","floor":2},{"not_picked":["Rebound","Leap"],"picked":"Multi-Cast","floor":3},{"not_picked":["Sweeping Beam","Undo"],"picked":"Coolheaded","floor":5},{"not_picked":["Conserve Battery","Go for the Eyes"],"picked":"Turbo","floor":7},{"not_picked":["Streamline","Creative AI","Stack"],"picked":"SKIP","floor":10},{"not_picked":["Scrape","Turbo"],"picked":"Cold Snap","floor":13},{"not_picked":["Storm","Gash"],"picked":"Fission","floor":14},{"not_picked":["Machine Learning","All For One"],"picked":"Rainbow","floor":16},{"not_picked":["Turbo","Barrage+1"],"picked":"Leap+1","floor":18},{"not_picked":["Leap","Streamline","Redo"],"picked":"SKIP","floor":19},{"not_picked":["Melter","Redo","Compile Driver"],"picked":"SKIP","floor":21},{"not_picked":["Rebound","Go for the Eyes"],"picked":"Gash+1","floor":22},{"not_picked":["Genetic Algorithm","Skim+1"],"picked":"Seek","floor":22},{"not_picked":["Force Field","Streamline"],"picked":"Reinforced Body","floor":22},{"not_picked":["Storm","Ball Lightning"],"picked":"Hyperbeam","floor":22}],"player_experience":278322,"relics_obtained":[{"floor":9,"key":"Vajra"},{"floor":13,"key":"Odd Mushroom"},{"floor":26,"key":"Bag of Preparation"}],"event_choices":[{"damage_healed":0,"gold_gain":0,"player_choice":"Take Damage","damage_taken":18,"relics_obtained":["Golden Idol"],"max_hp_gain":0,"max_hp_loss":0,"event_name":"Golden Idol","floor":4,"gold_loss":0},{"damage_healed":0,"gold_gain":0,"player_choice":"Fought Mushrooms","damage_taken":0,"max_hp_gain":0,"max_hp_loss":0,"event_name":"Mushrooms","floor":13,"gold_loss":0},{"damage_healed":25,"gold_gain":0,"player_choice":"Heal","damage_taken":0,"max_hp_gain":0,"max_hp_loss":0,"event_name":"The Library","floor":20,"gold_loss":0},{"cards_removed":["Strike_B"],"damage_healed":0,"gold_gain":0,"player_choice":"Gave Gold","damage_taken":0,"max_hp_gain":0,"max_hp_loss":0,"event_name":"Beggar","floor":24,"gold_loss":75}],"is_beta":false,"boss_relics":[{"not_picked":["SlaversCollar","Astrolabe"],"picked":"Snecko Eye"}],"items_purged_floors":[12],"is_endless":false,"potions_floor_spawned":[1,3,10,14,16],"killed_by":"Gremlin Leader","ascension_level":9}}