{"host":"swphzoo6hmc78epl","time":1611434461,"event":{"mods":["BaseMod","Highlight Path","Minty Spire (QoL Compilation)","Quick Restart"],"gold_per_floor":[114,125,144,160,160,160,177,190,190,115,115,128,128,128,128,231,231,242,242,67,67,67,101,140,140,140,158,183,183],"floor_reached":28,"language":"ENG","playtime":981,"items_purged":["Regret","Strike_P"],"score":350,"play_id":"02041db9-45b2-4183-a9b4-f4c5cdbdfc66","local_time":"20210123154101","is_ascension_mode":true,"campfire_choices":[{"data":"Vault","floor":6.0,"key":"SMITH"},{"floor":13.0,"key":"REST"},{"data":"MasterReality","floor":15.0,"key":"SMITH"},{"floor":25.0,"key":"REST"}],"circlet_count":0,"master_deck":["Strike_P+1","Defend_P","Defend_P","Defend_P+1","Defend_P","Eruption","Vigilance","Vault+1","FlurryOfBlows","ReachHeaven","JustLucky","BowlingBash","SashWhip","MasterReality+1","WreathOfFlame","Wireheading","Wish","EmptyFist+1","Wallop","FlurryOfBlows+1","CutThroughFate","DeusExMachina","Pray"],"relics":["PureWater","Dream Catcher","Lantern","VioletLotus","Pen Nib","Strawberry"],"acts_visited":["Exordium","TheCity"],"potions_floor_usage":[27,28],"damage_taken":[{"damage":1.0,"enemies":"2 Louse","floor":1.0,"turns":4.0},{"damage":2.0,"enemies":"Jaw Worm","floor":2.0,"turns":5.0},{"damage":1.0,"enemies":"Cultist","floor":3.0,"turns":3.0},{"damage":0.0,"enemies":"Large Slime","floor":4.0,"turns":4.0},{"damage":12.0,"enemies":"Exordium Wildlife","floor":7.0,"turns":3.0},{"damage":1.0,"enemies":"2 Fungi Beasts","floor":8.0,"turns":2.0},{"damage":1.0,"enemies":"Looter","floor":12.0,"turns":3.0},{"damage":0.0,"enemies":"Slime Boss","floor":16.0,"turns":4.0},{"damage":15.0,"enemies":"Spheric Guardian","floor":18.0,"turns":5.0},{"damage":11.0,"enemies":"Book of Stabbing","floor":23.0,"turns":3.0},{"damage":10.0,"enemies":"Chosen","floor":24.0,"turns":4.0},{"damage":16,"enemies":"Centurion and Healer","floor":27,"turns":4},{"damage":61,"enemies":"Snecko","floor":28,"turns":6}],"seed_played":"-8879722300094102998","potions_obtained":[{"floor":2.0,"key":"SneckoOil"},{"floor":4.0,"key":"PowerPotion"},{"floor":8.0,"key":"AttackPotion"},{"floor":16.0,"key":"Strength Potion"},{"floor":23.0,"key":"Swift Potion"},{"floor":24.0,"key":"PowerPotion"}],"is_trial":false,"path_per_floor":["M","M","M","M","?","R","M","M","T","$","?","M","R","?","R","B",null,"M","?","$","?","$","E","M","R","T","M","M"],"character_chosen":"WATCHER","items_purchased":["Wallop"],"campfire_rested":2,"item_purchase_floors":[20],"current_hp_per_floor":[71,69,68,68,68,68,56,55,55,55,48,47,68,54,54,54,68,53,53,53,53,53,42,32,53,60,44,0,0],"gold":183,"neow_bonus":"ONE_RANDOM_RARE_CARD","is_daily":false,"chose_seed":false,"campfire_upgraded":2,"win_rate":0.0,"timestamp":1611434461,"path_taken":["M","M","M","M","?","R","M","M","T","$","?","M","R","?","R","BOSS","M","?","?","?","$","E","M","R","T","M","M"],"items_purchased_type":["Card"],"build_version":"2020-12-22","purchased_purges":2,"victory":false,"max_hp_per_floor":[72,72,72,72,72,72,72,72,72,72,72,72,72,72,72,72,72,72,72,72,72,72,72,72,72,79,79,79,79],"card_choices":[{"not_picked":["Evaluate","Collect"],"picked":"FlurryOfBlows","floor":1.0},{"not_picked":["Prostrate","SashWhip"],"picked":"ReachHeaven","floor":2.0},{"not_picked":["WreathOfFlame","SashWhip"],"picked":"JustLucky","floor":3.0},{"not_picked":["Protect","WaveOfTheHand"],"picked":"BowlingBash","floor":4.0},{"not_picked":["FlyingSleeves","JustLucky"],"picked":"SashWhip","floor":7.0},{"not_picked":["Meditate","Prostrate"],"picked":"MasterReality","floor":8.0},{"not_picked":["Prostrate","ClearTheMind"],"picked":"WreathOfFlame","floor":12.0},{"not_picked":["Sanctity","FlyingSleeves"],"picked":"Wireheading","floor":13.0},{"not_picked":["MasterReality","Blasphemy"],"picked":"Wish","floor":16.0},{"not_picked":["Swivel","Prostrate"],"picked":"EmptyFist+1","floor":18.0},{"not_picked":["CrushJoints+1","Collect+1"],"picked":"FlurryOfBlows+1","floor":23.0},{"not_picked":["SashWhip","EmptyFist+1"],"picked":"CutThroughFate","floor":24.0},{"not_picked":["Halt","JustLucky"],"picked":"DeusExMachina","floor":25.0},{"not_picked":["EmptyFist","DeceiveReality"],"picked":"Pray","floor":27}],"player_experience":815701,"relics_obtained":[{"floor":9.0,"key":"Lantern"},{"floor":23.0,"key":"Pen Nib"},{"floor":26.0,"key":"Strawberry"}],"event_choices":[{"damage_healed":0.0,"max_hp_gain":0.0,"max_hp_loss":0.0,"gold_gain":0.0,"event_name":"Big Fish","player_choice":"Box","floor":5.0,"gold_loss":0.0,"damage_taken":0.0,"relics_obtained":["Dream Catcher"],"cards_obtained":["Regret"]},{"cards_removed":["Strike_P"],"damage_healed":0.0,"max_hp_gain":0.0,"max_hp_loss":0.0,"gold_gain":0.0,"event_name":"Golden Wing","player_choice":"Card Removal","floor":11.0,"gold_loss":0.0,"damage_taken":7.0},{"damage_healed":0.0,"max_hp_gain":0.0,"max_hp_loss":0.0,"gold_gain":0.0,"event_name":"Shining Light","player_choice":"Entered Light","floor":14.0,"gold_loss":0.0,"damage_taken":14.0,"cards_upgraded":["Defend_P","Strike_P"]},{"cards_removed":["Strike_P"],"damage_healed":0.0,"max_hp_gain":0.0,"max_hp_loss":0.0,"gold_gain":0.0,"event_name":"Bonfire Elementals","player_choice":"Offered Basic","floor":19.0,"gold_loss":0.0,"damage_taken":0.0},{"damage_healed":0.0,"max_hp_gain":0.0,"max_hp_loss":0.0,"gold_gain":0.0,"event_name":"Vampires","player_choice":"Ignored","floor":21.0,"gold_loss":0.0,"damage_taken":0.0}],"is_beta":false,"boss_relics":[{"not_picked":["Velvet Choker","Runic Pyramid"],"picked":"VioletLotus"}],"items_purged_floors":[10,20],"is_endless":false,"potions_floor_spawned":[2,4,8,16,23,24],"killed_by":"Snecko","ascension_level":5}}