{"host":"jfbo3eu2ui08ej1u","time":1611382301,"event":{"mods":["2.2 Compatiblity","AchievementEnabler","Act Like it!","Aspiration","BaseMod","Better Altar","Better Match","Better Note","Better Sensory Stone","Better Skull","Better Third Choice","Block Reminder","Colored Map","Colored Powertips","Conspire","DeckTracker","Displayed Cursed Tome","Energized Spire","Fox Events","GifTheSpireLib","Hubris","Infinite Spire","Marked Mod","Minty Spire (QoL Compilation)","Pale of the Ancients","Poor People Problems","Quick Restart","Relic Filter","Reorder Act Four","Replay The Spire","Shop Mod","Spicy Shops","Spire Arcade","StSLib","Stuff the Spire","The Blue Laboratory","The Disciple","The Forsaken","The Hierophant","The Marked","Uncapped","Unceasing Turn Reminder","Wandering Minibosses"],"gold_per_floor":[111,130,43,43,64,104,109,109,135,380,380,380],"floor_reached":11,"language":"ENG","playtime":295,"items_purged":[],"score":146,"play_id":"e6e9c0ec-b9d0-42b7-92df-45298a5a33ea","local_time":"20210123011141","is_ascension_mode":true,"campfire_choices":[{"floor":8.0,"key":"REST"}],"circlet_count":0,"master_deck":["AscendersBane","Strike_P","Strike_P","Strike_P","Strike_P","Defend_P","Defend_P","Defend_P","Defend_P","Eruption","Vigilance","Adaptation","FollowUp","BowlingBash","Injury","ClearTheMind","Indignation","Tantrum","CrushJoints"],"relics":["PureWater","StuffTheSpire:Gunfinga","Golden Idol","infinitespire:Beetle Shell","Art of War"],"acts_visited":["Exordium"],"potions_floor_usage":[11],"damage_taken":[{"damage":5.0,"enemies":"Small Slimes","floor":1.0,"turns":3.0},{"damage":2.0,"enemies":"Jaw Worm","floor":2.0,"turns":4.0},{"damage":0.0,"enemies":"2 Louse","floor":5.0,"turns":3.0},{"damage":30.0,"enemies":"Gremlin Nob","floor":6.0,"turns":4.0},{"damage":8.0,"enemies":"Blue Slaver","floor":7.0,"turns":6.0},{"damage":17,"enemies":"3 Sentries","floor":11,"turns":5}],"seed_played":"5436065367150785704","potions_obtained":[{"floor":5.0,"key":"StancePotion"},{"floor":7.0,"key":"DistilledChaos"}],"is_trial":false,"path_per_floor":["M","M","$","?","M","E","M","R","T","?","E"],"character_chosen":"WATCHER","items_purchased":["BowlingBash"],"campfire_rested":1,"item_purchase_floors":[3],"current_hp_per_floor":[56,54,54,54,54,24,16,36,36,9,0,0],"gold":380,"neow_bonus":"RANDOM_COMMON_RELIC","is_daily":false,"chose_seed":false,"campfire_upgraded":0,"win_rate":0.0,"timestamp":1611382301,"path_taken":["M","M","$","?","M","E","M","R","T","?","E"],"items_purchased_type":["Card"],"build_version":"2020-12-22","purchased_purges":0,"victory":false,"max_hp_per_floor":[68,68,68,68,68,68,68,68,68,68,68,68],"card_choices":[{"not_picked":["MarkedMod:GentlePulse","MarkedMod:FirstStrike"],"picked":"Adaptation","floor":1.0},{"not_picked":["Replay:AtTheReady","MarkedMod:GracefulMovements"],"picked":"FollowUp","floor":2.0},{"not_picked":["SashWhip","EmptyBody"],"picked":"ClearTheMind","floor":5.0},{"not_picked":["FlurryOfBlows","PathToVictory"],"picked":"Indignation","floor":6.0},{"not_picked":["ThirdEye","CrushJoints"],"picked":"Tantrum","floor":7.0},{"not_picked":["FlurryOfBlows","SashWhip"],"picked":"CrushJoints","floor":10.0}],"player_experience":1216146,"relics_obtained":[{"floor":6.0,"key":"infinitespire:Beetle Shell"},{"floor":9.0,"key":"Art of War"}],"event_choices":[{"damage_healed":0.0,"max_hp_gain":0.0,"max_hp_loss":0.0,"gold_gain":0.0,"event_name":"Golden Idol","player_choice":"Take Wound","floor":4.0,"gold_loss":0.0,"damage_taken":0.0,"relics_obtained":["Golden Idol"],"cards_obtained":["Injury"]}],"is_beta":false,"boss_relics":[],"items_purged_floors":[],"is_endless":false,"potions_floor_spawned":[5,7],"killed_by":"3 Sentries","ascension_level":20}}