{"host":"chn8bespmczdmrqe","time":1611421949,"event":{"mods":["AchievementEnabler","Act Like it!","BaseMod","Better Match","Better Sensory Stone","Better Third Choice","BetterRewards","Booster Modes","Card Forge","Colored Map","Colored Powertips","DeckTracker","Gold Saver","Ironclad Rager","Luminous","Minty Spire (QoL Compilation)","Permanent Neow","Quick Restart","Spicy Shops","StSLib","SuperFastMode","??????REMEMod"],"gold_per_floor":[1213,1223,1241,1241,1259,1290,1290,1317,1317,1317,1317,1317,765,827,827,956,956,973,973,987,987,987,1021,1035,1035,1061,1094,1094,1112,1143,1159,1159,1256,1256,1274,1313,1313,1327,1339,1351,1380,1380,1403,1403,1403,1428,1428,1571,1571,1586],"floor_reached":51,"language":"ENG","playtime":1869,"items_purged":[],"score":1247,"play_id":"20f56388-e7a4-4955-a977-218cf17eb68a","local_time":"20210123121229","is_ascension_mode":true,"campfire_choices":[{"floor":7,"key":"REST"},{"floor":10,"key":"REST"},{"floor":12,"key":"REST"},{"floor":15,"key":"REST"},{"floor":25,"key":"REST"},{"floor":28,"key":"REST"},{"floor":32,"key":"REST"},{"floor":45,"key":"REST"},{"floor":49,"key":"REST"}],"circlet_count":0,"master_deck":["Barricade+1","Body Slam+1","Entrench+1","Shrug It Off+1","Demon Form+1"],"relics":["Burning Blood","Hammer of Thor","Seething Fire","Anvil of the Gods","REME_ComplimentaryCards","Kunai","Orichalcum","PreservedInsect","REME_ArchaeologicalTools","Ancient Tea Set","OrangePellets","REME_LimitBreaker","Fusion Hammer","Strawberry","Happy Flower","CeramicFish","Red Skull","Mark of the Bloom","REME_PuzzleBoxRelic","Regal Pillow"],"acts_visited":["Exordium","TheCity","TheBeyond"],"potions_floor_usage":[23,35,40,40],"damage_taken":[{"damage":0,"enemies":"Small Slimes","floor":1,"turns":2},{"damage":0,"enemies":"2 Louse","floor":2,"turns":2},{"damage":0,"enemies":"Cultist","floor":3,"turns":2},{"damage":0,"enemies":"3 Louse","floor":5,"turns":3},{"damage":16,"enemies":"Gremlin Nob","floor":6,"turns":3},{"damage":12,"enemies":"3 Sentries","floor":8,"turns":4},{"damage":0,"enemies":"Gremlin Nob","floor":14,"turns":2},{"damage":14,"enemies":"Hexaghost","floor":16,"turns":5},{"damage":0,"enemies":"Spheric Guardian","floor":18,"turns":3},{"damage":0,"enemies":"3 Byrds","floor":20,"turns":5},{"damage":0,"enemies":"Slavers","floor":23,"turns":3},{"damage":24,"enemies":"Centurion and Healer","floor":24,"turns":5},{"damage":0,"enemies":"REME_1_Revenger","floor":27,"turns":3},{"damage":6,"enemies":"Cultist and Chosen","floor":29,"turns":4},{"damage":11,"enemies":"Slavers","floor":30,"turns":4},{"damage":0,"enemies":"Snecko","floor":31,"turns":2},{"damage":0,"enemies":"Automaton","floor":33,"turns":8},{"damage":0,"enemies":"3 Darklings","floor":35,"turns":5},{"damage":13,"enemies":"Orb Walker","floor":36,"turns":4},{"damage":0,"enemies":"Maw","floor":38,"turns":4},{"damage":0,"enemies":"3 Darklings","floor":39,"turns":4},{"damage":0,"enemies":"Spire Growth","floor":40,"turns":4},{"damage":5,"enemies":"Writhing Mass","floor":41,"turns":5},{"damage":15,"enemies":"4 Shapes","floor":46,"turns":5},{"damage":0,"enemies":"Nemesis","floor":48,"turns":9},{"damage":0,"enemies":"Donu and Deca","floor":50,"turns":4}],"seed_played":"-5992007528388390681","potions_obtained":[{"floor":8,"key":"SkillPotion"},{"floor":27,"key":"Dexterity Potion"},{"floor":31,"key":"Regen Potion"},{"floor":35,"key":"Fruit Juice"}],"is_trial":false,"path_per_floor":["M","M","M","?","M","E","R","E","T","R","?","R","$","E","R","B",null,"M","$","M","$","?","E","M","R","T","E","R","M","E","M","R","B",null,"M","M","?","M","M","M","M","?","T","?","R","M","?","E","R","B",null],"character_chosen":"IRONCLAD","items_purchased":["REME_ArchaeologicalTools","Ancient Tea Set","OrangePellets"],"campfire_rested":9,"item_purchase_floors":[13,13,13],"current_hp_per_floor":[80,80,80,85,85,75,85,79,79,85,85,85,85,85,85,77,85,85,85,85,85,85,92,74,92,92,92,92,92,87,92,92,92,92,97,90,90,96,97,97,97,97,97,97,94,79,79,79,79,79],"gold":1586,"neow_bonus":"HUNDRED_GOLD","is_daily":false,"chose_seed":false,"campfire_upgraded":0,"win_rate":0.0,"timestamp":1611421949,"path_taken":["M","M","M","?","M","E","R","E","T","R","?","R","$","E","R","BOSS","M","$","M","$","?","E","M","R","T","E","R","M","E","M","R","BOSS","M","M","?","M","M","?","M","?","T","?","R","M","?","E","R","BOSS"],"items_purchased_type":["Relic","Relic","Relic"],"build_version":"2020-12-22","purchased_purges":0,"victory":true,"max_hp_per_floor":[80,80,80,85,85,85,85,85,85,85,85,85,85,85,85,85,85,85,85,85,85,85,92,92,92,92,92,92,92,92,92,92,92,92,97,97,97,97,97,97,97,97,97,97,94,94,94,94,94,94],"card_choices":[{"not_picked":["Heavy Blade","Twin Strike","Sword Boomerang"],"picked":"SKIP","floor":1},{"not_picked":["Blood for Blood","Fire Breathing","Shockwave"],"picked":"SKIP","floor":2},{"not_picked":["Sword Boomerang","Shrug It Off","Disarm"],"picked":"SKIP","floor":3},{"not_picked":["Second Wind","Shrug It Off","Havoc"],"picked":"SKIP","floor":5},{"not_picked":["Entrench","Flex","Armaments"],"picked":"SKIP","floor":6},{"not_picked":["Warcry","Headbutt","Fire Breathing"],"picked":"SKIP","floor":8},{"not_picked":["Clash","Second Wind","Shrug It Off"],"picked":"SKIP","floor":14},{"not_picked":["Rage","Dropkick","Cleave+1"],"picked":"SKIP","floor":18},{"not_picked":["Wild Strike","Pommel Strike","Heavy Blade"],"picked":"SKIP","floor":20},{"not_picked":["REME_Fury","Shrug It Off","Reaper"],"picked":"SKIP","floor":23},{"not_picked":["Inflame","Flex+1","Twin Strike+1"],"picked":"SKIP","floor":24},{"not_picked":["Whirlwind","Wild Strike","Sword Boomerang"],"picked":"SKIP","floor":27},{"not_picked":["REME_Scribble","Clash","Heavy Blade"],"picked":"SKIP","floor":29},{"not_picked":["Thunderclap","Body Slam","REME_Fury"],"picked":"SKIP","floor":30},{"not_picked":["Feel No Pain","REME_Cut","Heavy Blade"],"picked":"SKIP","floor":31},{"not_picked":["Clothesline+1","Wild Strike","Thunderclap+1"],"picked":"SKIP","floor":35},{"not_picked":["Headbutt","Clothesline+1","Heavy Blade"],"picked":"SKIP","floor":36},{"not_picked":["Havoc+1","Metallicize","Sword Boomerang"],"picked":"SKIP","floor":38},{"not_picked":["Flex","Pommel Strike","Heavy Blade"],"picked":"SKIP","floor":39},{"not_picked":["Reckless Charge","Infernal Blade+1","Hemokinesis+1"],"picked":"SKIP","floor":40},{"not_picked":["Feed","Fire Breathing+1","Infernal Blade"],"picked":"SKIP","floor":41},{"not_picked":["Pommel Strike+1","Clash+1","Combust"],"picked":"SKIP","floor":46},{"not_picked":["Pommel Strike+1","Ghostly Armor+1","REME_SingleHolding+1"],"picked":"SKIP","floor":48}],"player_experience":97496,"relics_obtained":[{"floor":6,"key":"Kunai"},{"floor":8,"key":"Orichalcum"},{"floor":9,"key":"PreservedInsect"},{"floor":14,"key":"REME_LimitBreaker"},{"floor":23,"key":"Strawberry"},{"floor":26,"key":"Happy Flower"},{"floor":27,"key":"CeramicFish"},{"floor":30,"key":"Red Skull"},{"floor":43,"key":"REME_PuzzleBoxRelic"},{"floor":48,"key":"Regal Pillow"}],"event_choices":[{"damage_healed":0,"gold_gain":0,"player_choice":"Donut","damage_taken":0,"max_hp_gain":5,"max_hp_loss":0,"event_name":"Big Fish","floor":4,"gold_loss":0},{"damage_healed":0,"gold_gain":1,"player_choice":"LEAVE","damage_taken":0,"max_hp_gain":0,"max_hp_loss":0,"event_name":"betterThird:BetterScrap","floor":11,"gold_loss":0,"cards_obtained":["Brilliance"]},{"damage_healed":0,"gold_gain":0,"player_choice":"Ignored","damage_taken":0,"max_hp_gain":0,"max_hp_loss":0,"event_name":"Beggar","floor":22,"gold_loss":0},{"damage_healed":0,"gold_gain":0,"player_choice":"Bought 0 Potions","damage_taken":0,"max_hp_gain":0,"max_hp_loss":0,"event_name":"The Woman in Blue","floor":37,"gold_loss":0},{"damage_healed":0,"gold_gain":0,"player_choice":"Upgrade","damage_taken":0,"relics_obtained":["Mark of the Bloom"],"max_hp_gain":0,"max_hp_loss":0,"event_name":"MindBloom","floor":42,"gold_loss":0,"cards_upgraded":[]},{"damage_healed":0,"gold_gain":0,"player_choice":"Ignored","damage_taken":0,"max_hp_gain":0,"max_hp_loss":0,"event_name":"Tomb of Lord Red Mask","floor":44,"gold_loss":0},{"damage_healed":0,"gold_gain":3,"player_choice":"1","damage_taken":0,"max_hp_gain":0,"max_hp_loss":0,"event_name":"betterStone:BetterStone","floor":47,"gold_loss":0}],"is_beta":false,"boss_relics":[{"not_picked":["SlaversCollar","Empty Cage"],"picked":"Fusion Hammer"},{"not_picked":["Astrolabe","Runic Dome","Runic Cube"]}],"items_purged_floors":[],"is_endless":false,"potions_floor_spawned":[5,8,16,18,24,27,31,35,36,39],"ascension_level":3}}