{"host":"yt8tirjpas3zupuf","time":1611418133,"event":{"mods":["Act Like it!","Arknights The Spire","BaseMod","Colored Powertips","Duelist Mod","Gensokyo","Googly Eyes","Lobotomy","Marisa£®ÏF”Í°°ƒß¿Ì…≥£©","Minty Spire (QoL Compilation)","Remilia£®¿Ÿ√◊¿Ú—«£©","Replay The Spire","StSLib","The Bug Knight","The Servant 0.9.4"],"gold_per_floor":[116,135,135,147,173,185,197,209,221,233,278,305,343,371,383,395,395],"floor_reached":16,"language":"ZHS","playtime":1250,"items_purged":[],"score":135,"play_id":"c22a1932-814c-46ad-baa6-4e35f95d7b25","local_time":"20210124000853","is_ascension_mode":false,"campfire_choices":[{"data":"ats:Emotion Absorption","floor":7,"key":"SMITH"},{"data":"ats:Magnetic Hammer","floor":10,"key":"SMITH"}],"circlet_count":0,"master_deck":["ats:Strike C","ats:Strike G","ats:Strike S","ats:Strike V","ats:Armor Crushing Shot","ats:Defend","ats:Defend","ats:Defend","ats:Defend","ats:Emotion Absorption+1","Scorched","ats:Counter Healing Mode","ats:Assault Order","ats:Magnetic Hammer+1","Injury","BeautyBeast","ats:Revitalization+1","ShyLook","ats:Composite Medical Shells","MeatLantern","ats:Sashimi Platter","CherryBlossoms","ats:Healing Drone"],"relics":["ats:Sanity","CogitoBucket","MawBank","Gensokyo:PortableGap","ats:Lavender","Question Card","ats:Originium","ats:Bonebreaker","Divine Protection","ResearcherNote"],"acts_visited":["Exordium"],"potions_floor_usage":[],"damage_taken":[{"damage":1,"enemies":"Gensokyo:Python","floor":1,"turns":3},{"damage":0,"enemies":"Gensokyo:3_Fairies","floor":2,"turns":3},{"damage":15,"enemies":"Gensokyo:2_Kodama","floor":5,"turns":5},{"damage":47,"enemies":"Gensokyo:Cirno","floor":11,"turns":6},{"damage":43,"enemies":"Gensokyo:VengefulSpirit","floor":12,"turns":10},{"damage":0,"enemies":"Gensokyo:Mamizou","floor":13,"turns":12},{"damage":0,"enemies":"Gensokyo:5_Fairies","floor":14,"turns":1},{"damage":52,"enemies":"Gensokyo:Kokoro","floor":16,"turns":10}],"seed_played":"2597970209776214009","potions_obtained":[{"floor":1,"key":"EssenceOfSteel"},{"floor":5,"key":"GamblersBrew"},{"floor":11,"key":"Elixir"}],"is_trial":false,"path_per_floor":["M","M","T","?","M","?","R","?","T","R","E","M","E","M","R","B"],"character_chosen":"DOCTOR_CLASS","items_purchased":[],"campfire_rested":0,"item_purchase_floors":[],"current_hp_per_floor":[71,71,71,65,50,50,50,44,44,44,60,39,65,65,65,45,45],"gold":395,"neow_bonus":"","is_daily":false,"chose_seed":false,"campfire_upgraded":2,"win_rate":0.0,"timestamp":1611418133,"path_taken":["M","M","?","?","?","?","R","?","T","R","E","M","E","?","R","BOSS"],"items_purchased_type":[],"build_version":"2020-12-22","purchased_purges":0,"victory":false,"max_hp_per_floor":[72,72,72,65,65,65,65,65,65,65,65,65,65,65,65,65,65],"card_choices":[{"not_picked":["CrumblingArmor","OSAHOGD"],"picked":"Scorched","floor":1},{"not_picked":["ats:Neurotoxin","ats:Cat Scratch"],"picked":"ats:Counter Healing Mode","floor":1},{"not_picked":["CherryBlossoms","UniverseFragment","BigBadWolf"],"picked":"Singing Bowl","floor":2},{"not_picked":["UniverseFragment","Wellcheers"],"picked":"Yin","floor":2},{"not_picked":["ats:Explosion Area Strengthen","ats:Ignite"],"picked":"ats:Assault Order","floor":2},{"not_picked":["ats:Steam Pump","ats:Shadow Raid"],"picked":"ats:Magnetic Hammer","floor":5},{"not_picked":["PunishingBird","Mercenary","FairyFestival"],"picked":"Singing Bowl","floor":11},{"not_picked":["WallGazer","VoidDream"],"picked":"BeautyBeast","floor":11},{"not_picked":["ats:Calcification","ats:Ignite","ats:Leaping Hammer"],"picked":"ats:Revitalization","floor":11},{"not_picked":["QueenBee","VoidDream"],"picked":"ShyLook","floor":12},{"not_picked":["ats:Explosion Area Strengthen","ats:Closed Bolt Burst Fire","ats:Phantom"],"picked":"ats:Composite Medical Shells","floor":12},{"not_picked":["Bloodbath","MeatLantern","LaLuna"],"picked":"Singing Bowl","floor":13},{"not_picked":["QueenOfHatred","OSAHOGD"],"picked":"MeatLantern","floor":13},{"not_picked":["ats:Guardian Obelisk","ats:Magnetic Hammer","ats:Very Hot Blade"],"picked":"ats:Sashimi Platter","floor":13},{"not_picked":["WhitesApple","UniverseFragment"],"picked":"CherryBlossoms","floor":14},{"not_picked":["ats:Part Time Job","ats:Defend Order","ats:Disruption Kick"],"picked":"ats:Healing Drone","floor":14}],"player_experience":119372,"relics_obtained":[{"floor":3,"key":"MawBank"},{"floor":9,"key":"Question Card"},{"floor":11,"key":"ats:Originium"},{"floor":11,"key":"ats:Bonebreaker"},{"floor":13,"key":"ats:Originium"},{"floor":13,"key":"Divine Protection"}],"event_choices":[],"is_beta":false,"boss_relics":[],"items_purged_floors":[],"is_endless":false,"potions_floor_spawned":[1,5,11],"killed_by":"Gensokyo:Kokoro","ascension_level":0}}