{"host":"6jrnojxwearbrjzo","time":1611412912,"event":{"mods":["BaseMod","Conspire","Downfall","Highlight Path","Marisa（F雨　魔理沙）","Minty Spire (QoL Compilation)","MostiFishMod","Quick Restart","Random Character Button","Shop Mod","Spicy Shops","StSLib","The Construct","The Servant 0.9.4","Yuyuko","[功能]功能增强和修复MOD","vexMod"],"gold_per_floor":[111,111,3,103,103,103,125,195,220,294,294,310,2,31,31,134,134,148,4,4,0,0,33,69,99,152,251,43,43,67,85,85,224,224,239,27,27,27,37,37,6,6,52,23,50,50,69,69,69,69],"floor_reached":51,"language":"ZHS","playtime":1852,"items_purged":["Regret","Defend_G","Defend_G","Normality","downfall:Malfunctioning","downfall:Haunted","downfall:Haunted","Defend_G","Strike_G","Strike_G","Doubt","Defend_G","Slimebound:Tackle+1","Dagger Spray+1"],"score":1331,"play_id":"1a8e75eb-3510-45c5-bace-0d48082a3882","local_time":"20210123224152","is_ascension_mode":true,"campfire_choices":[{"data":"Neutralize","floor":6,"key":"SMITH"},{"data":"Survivor","floor":15,"key":"SMITH"},{"data":"Poisoned Stab","floor":32,"key":"SMITH"},{"data":"Blade Dance","floor":49,"key":"SMITH"}],"circlet_count":0,"master_deck":["Survivor+1","Neutralize+1","Poisoned Stab+1","Dagger Throw+1","Acrobatics+1","Poisoned Stab+1","Slimebound:Tackle+1","Backflip+1","Blade Dance+1","Blade Dance+1","Cloak And Dagger+1"],"relics":["DaveBox","Sling","vexMod:MysteryBossChallenge","sneckomod:SneckoTalon","SynthV:TestCard","vexMod:ConsolationPrize","vexMod:InvisibilityCloak","MostiFishMod:AdaptiveDefenses","Darkstone Periapt","Art of War","Pantograph","Anchor","Toy Ornithopter","Bag of Marbles","PreservedInsect","Snake Skull","MetatronsCube","Pantograph","Strawberry","Odd Mushroom","RhineFirstAidKit","Lee\u0027s Waffle","Ancient Tea Set","Meat on the Bone","Enchiridion","Prayer Wheel","Red Mask","Mercury Hourglass","vexMod:MemoryStick","construct:BoolHorns","conspire:TopHat","Blood Vial","Happy Flower","BrkXgEgg","vexMod:PaidLearning","Orichalcum","construct:WeddingRing","War Paint","conspire:BottledYoYo","Shuriken","Nunchaku","Technique","vexMod:TimeEaterHat","Happy Flower","Molten Egg 2","CeramicFish","DiscerningMonocle","Turnip","Calipers","vexMod:FocusSash","Mummified Hand","Chemical X","conspire:BottledYoYo","Vajra","InkBottle","Strange Spoon","TwistedFunnel","Letter Opener","vexMod:ScavengeHelm"],"acts_visited":["Exordium","TheCity","TheBeyond"],"potions_floor_usage":[8,10,16,18,19,23,33,33,50,50,50,50,50,50,50,50],"damage_taken":[{"damage":4,"enemies":"Cultist","floor":1,"turns":5},{"damage":3,"enemies":"Small Slimes","floor":7,"turns":4},{"damage":40,"enemies":"Gremlin Nob","floor":8,"turns":5},{"damage":17,"enemies":"3 Sentries","floor":10,"turns":6},{"damage":0,"enemies":"Jaw Worm","floor":12,"turns":3},{"damage":0,"enemies":"The Mushroom Lair","floor":14,"turns":3},{"damage":0,"enemies":"Hexaghost","floor":16,"turns":7},{"damage":0,"enemies":"2 Thieves","floor":18,"turns":3},{"damage":6,"enemies":"Book of Stabbing","floor":23,"turns":2},{"damage":6,"enemies":"Masked Bandits","floor":24,"turns":3},{"damage":0,"enemies":"Gremlin Leader","floor":25,"turns":2},{"damage":0,"enemies":"Chosen","floor":31,"turns":2},{"damage":45,"enemies":"Champ","floor":33,"turns":6},{"damage":3,"enemies":"3 Darklings","floor":35,"turns":2},{"damage":0,"enemies":"3 Shapes","floor":39,"turns":2},{"damage":0,"enemies":"Nemesis","floor":45,"turns":1},{"damage":0,"enemies":"Jaw Worm Horde","floor":47,"turns":2},{"damage":0,"enemies":"conspire:OrnateMirror","floor":50,"turns":3}],"seed_played":"7002541453368744470","potions_obtained":[{"floor":1,"key":"bronze:BurnAndBuffPotion"},{"floor":7,"key":"Energy Potion"},{"floor":8,"key":"CultistPotion"},{"floor":8,"key":"GhostInAJar"},{"floor":12,"key":"Fire Potion"},{"floor":18,"key":"BlessingOfTheForge"},{"floor":25,"key":"DuplicationPotion"},{"floor":31,"key":"DuplicationPotion"},{"floor":33,"key":"champ:CounterPotion"},{"floor":33,"key":"SkillPotion"},{"floor":35,"key":"AttackPotion"},{"floor":39,"key":"EntropicBrew"}],"is_trial":false,"path_per_floor":["M","?","$","?","?","R","M","E","T","?","T","M","$","?","R","B",null,"M","$","?","?","?","E","?","E","T","?","$","?","T","M","R","B",null,"M","$","?","?","M","?","$","T","T","$","E","?","M","$","R","B",null],"character_chosen":"THE_SILENT","items_purchased":["vexMod:InvisibilityCloak","MostiFishMod:AdaptiveDefenses","Fire Potion","PreservedInsect","Snake Skull","MetatronsCube","Pantograph","Strawberry","Lee\u0027s Waffle","Ancient Tea Set","Meat on the Bone","Fruit Juice","construct:BoolHorns","conspire:TopHat","Blood Vial","Happy Flower","BrkXgEgg","vexMod:PaidLearning","War Paint","conspire:BottledYoYo","Shuriken","Nunchaku","Technique","vexMod:TimeEaterHat","Blade Dance","Happy Flower","DiscerningMonocle","Turnip","Calipers","vexMod:FocusSash","Mummified Hand","Chemical X","Vajra","InkBottle","Strange Spoon","TwistedFunnel","Letter Opener","vexMod:ScavengeHelm"],"campfire_rested":0,"item_purchase_floors":[3,3,3,13,13,13,13,13,19,19,19,19,28,28,28,28,28,28,36,36,36,36,36,36,36,41,44,44,44,44,44,44,48,48,48,48,48,48],"current_hp_per_floor":[59,59,59,88,88,88,85,64,64,66,66,66,73,73,73,106,106,106,120,120,120,104,103,97,97,97,97,97,97,97,99,99,80,110,109,115,115,115,117,117,117,117,117,117,119,119,120,120,120,120],"gold":69,"neow_bonus":"BOSS_RELIC","is_daily":false,"chose_seed":false,"campfire_upgraded":4,"win_rate":0.0,"timestamp":1611412912,"path_taken":["M","?","$","?","?","R","?","E","T","?","?","?","?","?","R","BOSS","M","$","?","?","?","E","?","E","T","?","$","?","?","?","R","BOSS","M","$","?","?","?","?","$","?","T","$","E","?","?","?","R","BOSS"],"items_purchased_type":["Relic","Relic","Potion","Relic","Relic","Relic","Relic","Relic","Relic","Relic","Relic","Potion","Relic","Relic","Relic","Relic","Relic","Relic","Relic","Relic","Relic","Relic","Relic","Relic","Card","Relic","Relic","Relic","Relic","Relic","Relic","Relic","Relic","Relic","Relic","Relic","Relic","Relic"],"build_version":"2020-12-22","purchased_purges":14,"victory":true,"max_hp_per_floor":[70,70,70,99,99,99,99,99,99,99,99,99,106,106,106,106,106,106,120,120,120,120,120,120,120,120,120,120,120,120,120,120,120,120,120,126,120,120,120,120,120,120,120,120,120,120,120,120,120,120],"card_choices":[{"not_picked":["Outmaneuver","Concentrate"],"picked":"Poisoned Stab","floor":1},{"not_picked":["Cloak And Dagger","Outmaneuver","Deflect","Distraction"],"picked":"Dagger Throw","floor":7},{"not_picked":["Slice","Bouncing Flask","Calculated Gamble","Riddle With Holes"],"picked":"Acrobatics","floor":8},{"not_picked":["Underhanded Strike","Acrobatics","Finisher","MostiFishMod:HiddenBlade","Dagger Throw"],"picked":"SKIP","floor":12},{"not_picked":["MostiFishMod:InvigoratingSolution","Slice","Sucker Punch","Predator"],"picked":"Poisoned Stab","floor":14},{"not_picked":["Bane","PiercingWail","MostiFishMod:ThornCasing","Deadly Poison"],"picked":"Dagger Spray","floor":18},{"not_picked":["Poisoned Stab","Caltrops","Dagger Throw+1","Acrobatics+1","Quick Slash"],"picked":"SKIP","floor":23},{"not_picked":["Choke+1","Bane","Backstab","Eviscerate","Infinite Blades+1"],"picked":"SKIP","floor":25},{"not_picked":["Deflect","Flechettes+1","Cloak And Dagger","Predator","Heel Hook"],"picked":"SKIP","floor":31},{"not_picked":["Prepared+1","Flying Knee","Dagger Throw","Deflect","Slice"],"picked":"SKIP","floor":31},{"not_picked":["MostiFishMod:ThornCasing+1","Endless Agony","Dodge and Roll","PiercingWail"],"picked":"Backflip","floor":35},{"not_picked":["Bouncing Flask+1","Outmaneuver+1","Noxious Fumes","Slice"],"picked":"Blade Dance+1","floor":35},{"not_picked":["Outmaneuver+1","Sucker Punch","Predator+1","Dagger Throw+1"],"picked":"Cloak And Dagger+1","floor":39},{"not_picked":["Backstab","Accuracy","Sucker Punch+1","Bane","Underhanded Strike+1"],"picked":"SKIP","floor":39},{"not_picked":["Well Laid Plans","Dodge and Roll+1","Deflect","Outmaneuver+1","Flying Knee+1"],"picked":"SKIP","floor":45},{"not_picked":["All Out Attack+1","Tools of the Trade+1","Backflip+1","Acrobatics","Reflex+1"],"picked":"SKIP","floor":47},{"not_picked":["Caltrops+1","Infinite Blades+1","Expertise+1","Prepared+1","Outmaneuver"],"picked":"SKIP","floor":47}],"player_experience":106298,"relics_obtained":[{"floor":1,"key":"SynthV:TestCard"},{"floor":8,"key":"Pantograph"},{"floor":9,"key":"Anchor"},{"floor":10,"key":"Toy Ornithopter"},{"floor":11,"key":"Bag of Marbles"},{"floor":14,"key":"Odd Mushroom"},{"floor":22,"key":"Enchiridion"},{"floor":23,"key":"Prayer Wheel"},{"floor":24,"key":"Red Mask"},{"floor":25,"key":"Mercury Hourglass"},{"floor":26,"key":"vexMod:MemoryStick"},{"floor":30,"key":"Orichalcum"},{"floor":42,"key":"Molten Egg 2"},{"floor":43,"key":"CeramicFish"},{"floor":45,"key":"conspire:BottledYoYo"}],"event_choices":[{"damage_healed":0,"gold_gain":0,"player_choice":"Box","damage_taken":0,"relics_obtained":["vexMod:ConsolationPrize"],"max_hp_gain":0,"max_hp_loss":0,"event_name":"Big Fish","floor":2,"gold_loss":0,"cards_obtained":["Regret"]},{"damage_healed":0,"gold_gain":0,"player_choice":"Gave Potion","damage_taken":0,"relics_obtained":["Art of War"],"max_hp_gain":0,"max_hp_loss":0,"event_name":"WeMeetAgain","floor":5,"gold_loss":0},{"damage_healed":0,"gold_gain":30,"player_choice":"Searched \u00272\u0027 times","damage_taken":0,"max_hp_gain":0,"max_hp_loss":0,"event_name":"Dead Adventurer","floor":10,"gold_loss":0},{"damage_healed":0,"gold_gain":0,"player_choice":"Fought Mushrooms","damage_taken":0,"max_hp_gain":0,"max_hp_loss":0,"event_name":"Mushrooms","floor":14,"gold_loss":0},{"damage_healed":0,"gold_gain":0,"player_choice":"Obtained Book","damage_taken":16,"max_hp_gain":0,"max_hp_loss":0,"event_name":"Cursed Tome","floor":22,"gold_loss":0},{"damage_healed":0,"gold_gain":0,"player_choice":"Fought Bandits","damage_taken":0,"max_hp_gain":0,"max_hp_loss":0,"event_name":"Masked Bandits","floor":24,"gold_loss":0},{"damage_healed":0,"gold_gain":99,"player_choice":"Stole From Cult","damage_taken":0,"max_hp_gain":0,"max_hp_loss":0,"event_name":"Nest","floor":27,"gold_loss":0},{"damage_healed":0,"gold_gain":0,"player_choice":"Max HP","damage_taken":0,"max_hp_gain":0,"max_hp_loss":6,"event_name":"Winding Halls","floor":37,"gold_loss":0},{"damage_healed":0,"gold_gain":0,"player_choice":"0 cards matched","damage_taken":0,"max_hp_gain":0,"max_hp_loss":0,"event_name":"Match and Keep!","floor":38,"gold_loss":0,"cards_obtained":[]},{"cards_removed":["Defend_G"],"damage_healed":0,"gold_gain":0,"player_choice":"Purged","damage_taken":0,"max_hp_gain":0,"max_hp_loss":0,"event_name":"Purifier","floor":40,"gold_loss":0},{"cards_removed":["Slimebound:Tackle"],"damage_healed":0,"gold_gain":0,"player_choice":"Offered Basic","damage_taken":0,"max_hp_gain":0,"max_hp_loss":0,"event_name":"Bonfire Elementals","floor":46,"gold_loss":0}],"is_beta":false,"boss_relics":[{"not_picked":["conspire:SeveredTorchhead","BloodWine"],"picked":"RhineFirstAidKit"},{"not_picked":["bronze:MakeshiftBattery","JellyFishMachine"],"picked":"construct:WeddingRing"}],"items_purged_floors":[3,3,3,13,13,13,13,13,13,19,36,36,36,44],"is_endless":false,"potions_floor_spawned":[1,7,8,8,8,12,12,16,18,23,24,25,31,33,33,35,39,39,45],"ascension_level":7}}