{"host":"l60rmjjsfi0fipmi","time":1611369212,"event":{"mods":["BaseMod","Colored Map","DeckTracker","Highlight Path","Minty Spire (QoL Compilation)","StSLib","The Cursed","The Servant 0.9.4"],"gold_per_floor":[119,119,119,94,110,141,141,161,161,179,179,213,213,225,225,325,325,312,324,341,26,40,55,67,78,78,78,78,112,127,138,138,233,233,252,252,152,165,20,20,20,20],"floor_reached":41,"language":"ENG","playtime":2063,"items_purged":["Strike_B","Defend_B"],"score":590,"play_id":"04820c19-02a2-48dc-aea5-8415c2845ab7","local_time":"20210122213332","is_ascension_mode":true,"campfire_choices":[{"data":"Zap","floor":7,"key":"SMITH"},{"data":"Coolheaded","floor":11,"key":"SMITH"},{"data":"Defragment","floor":13,"key":"SMITH"},{"floor":15,"key":"REST"},{"data":"Hologram","floor":27,"key":"SMITH"},{"floor":32,"key":"REST"},{"floor":40,"key":"REST"}],"circlet_count":0,"master_deck":["Strike_B","Strike_B","Defend_B","Zap+1","Dualcast","Ball Lightning","Leap","Loop","Cold Snap","Coolheaded+1","Defragment+1","Compile Driver","Self Repair+1","Go for the Eyes","Doom and Gloom","Conserve Battery","Hologram+1","Glacier","Redo","Glacier","Necronomicurse","Defragment","FTL+1","Creative AI","Sweeping Beam","FTL+1"],"relics":["FrozenCore","NeowsBlessing","Meat on the Bone","Akabeko","Singing Bowl","Lee\u0027s Waffle","Dream Catcher","Necronomicon","Unceasing Top","Empty Cage","Strawberry"],"acts_visited":["Exordium","TheCity","TheBeyond"],"potions_floor_usage":[29,30,33],"damage_taken":[{"damage":0,"enemies":"2 Louse","floor":1,"turns":1},{"damage":0,"enemies":"Small Slimes","floor":5,"turns":1},{"damage":0,"enemies":"3 Sentries","floor":6,"turns":1},{"damage":7,"enemies":"Jaw Worm","floor":8,"turns":3},{"damage":1,"enemies":"3 Louse","floor":10,"turns":3},{"damage":36,"enemies":"Gremlin Nob","floor":12,"turns":4},{"damage":6,"enemies":"Exordium Thugs","floor":14,"turns":5},{"damage":16,"enemies":"Slime Boss","floor":16,"turns":9},{"damage":17,"enemies":"2 Thieves","floor":18,"turns":4},{"damage":33,"enemies":"3 Byrds","floor":19,"turns":5},{"damage":14,"enemies":"Snake Plant","floor":20,"turns":5},{"damage":69,"enemies":"Cultist and Chosen","floor":22,"turns":6},{"damage":9,"enemies":"Snecko","floor":23,"turns":6},{"damage":33,"enemies":"Centurion and Healer","floor":24,"turns":9},{"damage":9,"enemies":"Shelled Parasite and Fungi","floor":25,"turns":6},{"damage":22,"enemies":"Slavers","floor":29,"turns":6},{"damage":27,"enemies":"Cultist and Chosen","floor":30,"turns":6},{"damage":16,"enemies":"Centurion and Healer","floor":31,"turns":12},{"damage":55,"enemies":"Collector","floor":33,"turns":17},{"damage":62,"enemies":"3 Darklings","floor":35,"turns":8},{"damage":29,"enemies":"Orb Walker","floor":38,"turns":5},{"damage":80,"enemies":"Transient","floor":41,"turns":4}],"seed_played":"-2656240799570650963","potions_obtained":[{"floor":10,"key":"Swift Potion"},{"floor":16,"key":"SkillPotion"},{"floor":19,"key":"Swift Potion"},{"floor":24,"key":"FocusPotion"},{"floor":29,"key":"ColorlessPotion"},{"floor":38,"key":"PowerPotion"}],"is_trial":false,"path_per_floor":["M","?","?","?","M","E","R","M","T","M","R","E","R","M","R","B",null,"M","M","M","$","M","M","M","M","T","R","?","E","M","M","R","B",null,"M","?","$","M","$","R","M"],"character_chosen":"DEFECT","items_purchased":["Doom and Gloom","Lee\u0027s Waffle","Conserve Battery","Strawberry"],"campfire_rested":3,"item_purchase_floors":[21,21,21,39],"current_hp_per_floor":[75,75,75,75,75,75,75,68,68,67,67,43,43,49,71,57,72,57,36,44,86,39,52,41,54,54,54,38,30,25,31,59,26,74,34,34,34,29,36,65,0,0],"gold":20,"neow_bonus":"THREE_ENEMY_KILL","is_daily":false,"chose_seed":false,"campfire_upgraded":4,"win_rate":0.0,"timestamp":1611369212,"path_taken":["M","?","?","?","M","E","R","M","T","?","R","E","R","M","R","BOSS","M","M","M","$","M","M","M","M","T","R","?","E","M","M","R","BOSS","M","?","$","M","?","R","M"],"items_purchased_type":["Card","Relic","Card","Relic"],"build_version":"2020-12-22","purchased_purges":2,"victory":false,"max_hp_per_floor":[75,75,75,75,75,75,75,75,75,75,75,75,75,75,75,77,77,79,79,79,86,86,86,86,86,86,86,86,88,88,88,90,90,90,90,90,90,92,99,99,99,99],"card_choices":[{"not_picked":["Leap","Fusion"],"picked":"Ball Lightning","floor":1},{"not_picked":["Stack","Beam Cell"],"picked":"Leap","floor":5},{"not_picked":["Ball Lightning","Aggregate"],"picked":"Loop","floor":6},{"not_picked":["Go for the Eyes","Scrape"],"picked":"Cold Snap","floor":8},{"not_picked":["Glacier","Aggregate"],"picked":"Coolheaded","floor":10},{"not_picked":["Steam","Rebound"],"picked":"Defragment","floor":12},{"not_picked":["Force Field","Hello World"],"picked":"Compile Driver","floor":14},{"not_picked":["Amplify","Hyperbeam","Buffer"],"picked":"Singing Bowl","floor":16},{"not_picked":["Ball Lightning","Fusion","Streamline+1"],"picked":"Singing Bowl","floor":18},{"not_picked":["Hologram","Heatsinks"],"picked":"Self Repair+1","floor":19},{"not_picked":["Steam Power+1","Gash"],"picked":"Go for the Eyes","floor":20},{"not_picked":["Self Repair","Cold Snap+1"],"picked":"Hologram","floor":22},{"not_picked":["Reprogram","Gash"],"picked":"Glacier","floor":23},{"not_picked":["Scrape+1","Hologram"],"picked":"Redo","floor":24},{"not_picked":["Fusion","Go for the Eyes"],"picked":"Glacier","floor":25},{"not_picked":["Reinforced Body","Reboot","Scrape+1"],"picked":"Singing Bowl","floor":29},{"not_picked":["Leap","Barrage"],"picked":"Defragment","floor":30},{"not_picked":["Streamline","Hologram"],"picked":"FTL+1","floor":31},{"not_picked":["Static Discharge","Self Repair","Streamline"],"picked":"Singing Bowl","floor":32},{"not_picked":["Rainbow","Multi-Cast"],"picked":"Creative AI","floor":33},{"not_picked":["Hologram","Sunder+1"],"picked":"Sweeping Beam","floor":35},{"not_picked":["Stack+1","Rebound+1","Beam Cell+1"],"picked":"Singing Bowl","floor":38},{"not_picked":["Doom and Gloom","Redo"],"picked":"FTL+1","floor":40}],"player_experience":557263,"relics_obtained":[{"floor":6,"key":"Meat on the Bone"},{"floor":9,"key":"Akabeko"},{"floor":12,"key":"Singing Bowl"},{"floor":26,"key":"Dream Catcher"},{"floor":28,"key":"Necronomicon"},{"floor":29,"key":"Unceasing Top"}],"event_choices":[{"damage_healed":0,"gold_gain":0,"player_choice":"Ignored","damage_taken":0,"max_hp_gain":0,"max_hp_loss":0,"event_name":"Liars Game","floor":2,"gold_loss":0},{"damage_healed":0,"gold_gain":0,"player_choice":"Ignored","damage_taken":0,"max_hp_gain":0,"max_hp_loss":0,"event_name":"Shining Light","floor":3,"gold_loss":0},{"damage_healed":0,"gold_gain":0,"player_choice":"Left Gold","damage_taken":0,"max_hp_gain":0,"max_hp_loss":0,"event_name":"World of Goop","floor":4,"gold_loss":25},{"damage_healed":0,"gold_gain":0,"player_choice":"Obtained Book","damage_taken":16,"max_hp_gain":0,"max_hp_loss":0,"event_name":"Cursed Tome","floor":28,"gold_loss":0},{"cards_removed":["Strike_B"],"damage_healed":0,"gold_gain":0,"player_choice":"Removed Attack","damage_taken":0,"max_hp_gain":0,"max_hp_loss":0,"event_name":"Falling","floor":36,"gold_loss":0}],"is_beta":false,"boss_relics":[{"not_picked":["SlaversCollar","Cursed Key"],"picked":"FrozenCore"},{"not_picked":["Calling Bell","Velvet Choker"],"picked":"Empty Cage"}],"items_purged_floors":[21,37],"is_endless":false,"potions_floor_spawned":[10,16,19,20,23,24,29,38],"killed_by":"Transient","ascension_level":5}}