{"host":"cbu6enf2xtq4r7r3","time":1611375793,"event":{"mods":["2.2 Compatiblity","AlwaysNeverKeys","BaseMod","Better Match","Better Note","Better Sensory Stone","Better Skull","Better Third Choice","Colored Map","Colored Powertips","Defuse TimeMaze Blight","Emptier Cage","Minty Spire (QoL Compilation)","Permanent Neow","Quick Restart","Random Character Button","Relic Sorter","Reorder Act Four","Shop Mod","StSLib"],"gold_per_floor":[115,126,126,137,149,149,149,179,203,203,228,228,228,60,60,179,179,202,225,225,165,95,131,131,170,170,203,218,242,265,265,265,395,395,411,430,451,451,223,223,246,285,285,285,301,332,332,395,395,395],"floor_reached":51,"language":"ENG","playtime":2153,"items_purged":["Strike_R","Strike_R"],"score":1198,"play_id":"cd2d74f1-39aa-4a52-8a27-e55e738d5aab","local_time":"20210123052313","is_ascension_mode":true,"campfire_choices":[{"data":"True Grit","floor":6,"key":"SMITH"},{"data":"Pommel Strike","floor":10,"key":"SMITH"},{"data":"Whirlwind","floor":12,"key":"SMITH"},{"data":"Flash of Steel","floor":15,"key":"SMITH"},{"data":"Corruption","floor":24,"key":"SMITH"},{"floor":32,"key":"REST"},{"data":"Fire Breathing","floor":40,"key":"SMITH"},{"data":"Armaments","floor":44,"key":"SMITH"},{"data":"Disarm","floor":49,"key":"SMITH"}],"circlet_count":0,"master_deck":["Defend_R","Defend_R","Defend_R","Defend_R","Bash","Infernal Blade","Pommel Strike+1","Swift Strike","Wild Strike","True Grit+1","Apotheosis+1","Berserk+1","Power Through","Whirlwind+1","Flash of Steel+1","Corruption+1","True Grit","Dropkick","Shockwave+1","Infernal Blade","Burning Pact","Fire Breathing+1","Armaments+1","Entrench","Disarm+1","Feel No Pain+1","Metallicize+1","Barricade+1","Flame Barrier+1","Inflame+1","Metallicize+1","Sentinel","Armaments+1","Fire Breathing+1","Infernal Blade+1"],"relics":["Burning Blood","Lantern","Bag of Preparation","Bag of Marbles","Juzu Bracelet","Golden Idol","Mark of Pain","Nunchaku","Mummified Hand","Frozen Egg 2","Art of War","Snecko Eye","Dead Branch","Potion Belt","Kunai","Torii"],"acts_visited":["Exordium","TheCity","TheBeyond"],"potions_floor_usage":[8,25,27,28,30,33,33,50,50,50,50],"damage_taken":[{"damage":7,"enemies":"Jaw Worm","floor":1,"turns":3},{"damage":5,"enemies":"2 Louse","floor":2,"turns":2},{"damage":1,"enemies":"Cultist","floor":4,"turns":3},{"damage":6,"enemies":"Looter","floor":5,"turns":2},{"damage":21,"enemies":"3 Sentries","floor":8,"turns":6},{"damage":0,"enemies":"Gremlin Nob","floor":11,"turns":2},{"damage":32,"enemies":"Hexaghost","floor":16,"turns":8},{"damage":0,"enemies":"Chosen","floor":18,"turns":3},{"damage":0,"enemies":"Spheric Guardian","floor":19,"turns":3},{"damage":25,"enemies":"Slavers","floor":23,"turns":5},{"damage":17,"enemies":"Gremlin Leader","floor":25,"turns":5},{"damage":20,"enemies":"Slavers","floor":27,"turns":4},{"damage":8,"enemies":"Snecko","floor":28,"turns":4},{"damage":6,"enemies":"Centurion and Healer","floor":29,"turns":4},{"damage":33,"enemies":"Snake Plant","floor":30,"turns":4},{"damage":11,"enemies":"Collector","floor":33,"turns":11},{"damage":0,"enemies":"3 Darklings","floor":35,"turns":5},{"damage":0,"enemies":"Orb Walker","floor":36,"turns":4},{"damage":2,"enemies":"Spire Growth","floor":37,"turns":4},{"damage":0,"enemies":"Sphere and 2 Shapes","floor":41,"turns":2},{"damage":0,"enemies":"Giant Head","floor":42,"turns":6},{"damage":6,"enemies":"Maw","floor":45,"turns":2},{"damage":0,"enemies":"Nemesis","floor":46,"turns":5},{"damage":0,"enemies":"Mind Bloom Boss Battle","floor":48,"turns":3},{"damage":0,"enemies":"Donu and Deca","floor":50,"turns":4}],"seed_played":"-5340681944481435475","potions_obtained":[{"floor":1,"key":"SteroidPotion"},{"floor":4,"key":"BloodPotion"},{"floor":16,"key":"FearPotion"},{"floor":23,"key":"Weak Potion"},{"floor":27,"key":"Weak Potion"},{"floor":29,"key":"SpeedPotion"},{"floor":30,"key":"Block Potion"},{"floor":37,"key":"Strength Potion"},{"floor":41,"key":"GamblersBrew"},{"floor":48,"key":"Fire Potion"}],"is_trial":false,"path_per_floor":["M","M","?","M","M","R","?","E","T","R","E","R","?","$","R","B",null,"M","M","?","?","$","E","R","E","T","E","M","M","M","?","R","B",null,"M","M","M","?","$","R","M","E","T","R","M","E","?","?","R","B",null],"character_chosen":"IRONCLAD","items_purchased":["Flash of Steel","Fire Breathing","Metallicize+1","PowerPotion"],"campfire_rested":1,"item_purchase_floors":[14,22,39,39],"current_hp_per_floor":[79,80,80,80,80,80,80,65,65,65,71,71,71,71,71,45,67,73,74,74,74,74,55,55,44,44,44,42,42,15,15,37,32,64,70,74,74,74,74,74,74,74,74,74,74,74,74,74,74,74],"gold":395,"neow_bonus":"RANDOM_COMMON_RELIC","is_daily":false,"chose_seed":false,"campfire_upgraded":8,"win_rate":0.0,"timestamp":1611375793,"path_taken":["M","M","?","M","M","R","?","E","T","R","E","R","?","$","R","BOSS","M","M","?","?","$","E","R","E","T","E","M","M","M","?","R","BOSS","M","M","M","?","$","R","M","E","T","R","M","E","?","?","R","BOSS"],"items_purchased_type":["Card","Card","Card","Potion"],"build_version":"2020-12-22","purchased_purges":2,"victory":true,"max_hp_per_floor":[80,80,80,80,80,80,80,80,80,80,80,80,74,74,74,74,74,74,74,74,74,74,74,74,74,74,74,74,74,74,74,74,74,74,74,74,74,74,74,74,74,74,74,74,74,74,74,74,74,74],"card_choices":[{"not_picked":["Flame Barrier","Body Slam"],"picked":"Infernal Blade","floor":1},{"not_picked":["Perfected Strike","Ghostly Armor"],"picked":"Pommel Strike","floor":2},{"not_picked":["Mind Blast","Jack Of All Trades"],"picked":"Swift Strike","floor":3},{"not_picked":["Burning Pact","Thunderclap"],"picked":"Wild Strike","floor":4},{"not_picked":["Body Slam","Clash"],"picked":"True Grit","floor":5},{"not_picked":["Magnetism+1","Sadistic Nature+1"],"picked":"Apotheosis+1","floor":7},{"not_picked":["Reaper+1","Impervious+1"],"picked":"Berserk+1","floor":7},{"not_picked":["Rage","Flex"],"picked":"Power Through","floor":8},{"not_picked":["Feel No Pain","Clothesline"],"picked":"Whirlwind","floor":11},{"not_picked":["Double Tap","Bludgeon"],"picked":"Corruption","floor":16},{"not_picked":["Warcry+1","Wild Strike"],"picked":"True Grit","floor":18},{"not_picked":["Bloodletting","Twin Strike"],"picked":"Dropkick","floor":19},{"not_picked":["Warcry","Iron Wave","Clothesline"],"picked":"SKIP","floor":23},{"not_picked":["Headbutt","Rampage"],"picked":"Armaments","floor":25},{"not_picked":["Shockwave","Havoc"],"picked":"Entrench","floor":27},{"not_picked":["Fire Breathing+1","Feel No Pain+1"],"picked":"Disarm","floor":28},{"not_picked":["Pommel Strike","Warcry"],"picked":"Feel No Pain+1","floor":29},{"not_picked":["Flame Barrier","Thunderclap"],"picked":"Metallicize+1","floor":30},{"not_picked":["Demon Form+1","Immolate"],"picked":"Barricade+1","floor":33},{"not_picked":["Headbutt","Uppercut"],"picked":"Flame Barrier+1","floor":35},{"not_picked":["Blood for Blood","Intimidate","Heavy Blade+1"],"picked":"SKIP","floor":36},{"not_picked":["Clash+1","Clothesline"],"picked":"Inflame+1","floor":37},{"not_picked":["Pommel Strike+1","Inflame+1"],"picked":"Sentinel","floor":41},{"not_picked":["Heavy Blade+1","Battle Trance+1"],"picked":"Armaments+1","floor":42},{"not_picked":["Cleave","Headbutt+1"],"picked":"Fire Breathing+1","floor":45},{"not_picked":["Berserk+1","Heavy Blade+1"],"picked":"Infernal Blade+1","floor":46}],"player_experience":105281,"relics_obtained":[{"floor":8,"key":"Bag of Preparation"},{"floor":9,"key":"Bag of Marbles"},{"floor":11,"key":"Juzu Bracelet"},{"floor":23,"key":"Nunchaku"},{"floor":25,"key":"Mummified Hand"},{"floor":26,"key":"Frozen Egg 2"},{"floor":27,"key":"Art of War"},{"floor":42,"key":"Dead Branch"},{"floor":43,"key":"Potion Belt"},{"floor":46,"key":"Kunai"},{"floor":48,"key":"Torii"}],"event_choices":[{"damage_healed":0,"gold_gain":1,"player_choice":"1","damage_taken":0,"max_hp_gain":0,"max_hp_loss":0,"event_name":"betterStone:BetterStone","floor":3,"gold_loss":0},{"damage_healed":0,"gold_gain":0,"player_choice":"2","damage_taken":0,"max_hp_gain":0,"max_hp_loss":0,"event_name":"betterMatch:BetterMatch","floor":7,"gold_loss":0,"cards_obtained":["betterMatch:ColorlessRareCard","betterMatch:RareCard"]},{"damage_healed":0,"gold_gain":0,"player_choice":"Lose Max HP","damage_taken":0,"relics_obtained":["Golden Idol"],"max_hp_gain":0,"max_hp_loss":6,"event_name":"Golden Idol","floor":13,"gold_loss":0},{"cards_removed":["Apotheosis"],"damage_healed":0,"gold_gain":0,"player_choice":"Take \u0026 Give","damage_taken":0,"max_hp_gain":0,"max_hp_loss":0,"event_name":"betterNote:BetterNote","floor":20,"gold_loss":0,"cards_obtained":["Shockwave"]},{"damage_healed":0,"gold_gain":0,"cards_transformed":["Strike_R","Strike_R"],"player_choice":"Transformed Cards","damage_taken":0,"max_hp_gain":0,"max_hp_loss":0,"event_name":"Designer","floor":21,"gold_loss":60,"cards_obtained":["Infernal Blade","Burning Pact"]},{"damage_healed":0,"gold_gain":0,"player_choice":"Ignored","damage_taken":0,"max_hp_gain":0,"max_hp_loss":0,"event_name":"Ghosts","floor":31,"gold_loss":0},{"damage_healed":0,"gold_gain":0,"player_choice":"Ignored","damage_taken":0,"max_hp_gain":0,"max_hp_loss":0,"event_name":"Tomb of Lord Red Mask","floor":38,"gold_loss":0},{"cards_removed":["Strike_R"],"damage_healed":0,"gold_gain":0,"player_choice":"Offered Basic","damage_taken":0,"max_hp_gain":0,"max_hp_loss":0,"event_name":"Bonfire Elementals","floor":47,"gold_loss":0},{"damage_healed":0,"gold_gain":0,"player_choice":"Fight","damage_taken":0,"max_hp_gain":0,"max_hp_loss":0,"event_name":"MindBloom","floor":48,"gold_loss":0}],"is_beta":false,"boss_relics":[{"not_picked":["Black Star","SlaversCollar"],"picked":"Mark of Pain"},{"not_picked":["Cursed Key","Astrolabe"],"picked":"Snecko Eye"}],"items_purged_floors":[14,39],"is_endless":false,"potions_floor_spawned":[1,4,16,23,27,29,30,37,41,48],"ascension_level":5}}