{"host":"9n6i2vl93jt4o42q","time":1611402933,"event":{"mods":["BaseMod","Minty Spire (QoL Compilation)","Relic Stats"],"gold_per_floor":[109,159,170,190,1,1,27,27,107,119,84,84,94,107,107,184,184,199,219,269,280,29,29,63,83,106,106,106,137,137,137,137,213,213,227,252,55,81,81,107,107,134,134,134,134,134,154,181,181,181,181,181,181,19,50,50,50],"floor_reached":56,"language":"ENG","playtime":7438,"items_purged":[],"score":1938,"play_id":"bc8ab37f-11d1-4c70-b8bd-d4249eadd00e","local_time":"20210123125533","is_ascension_mode":true,"campfire_choices":[{"floor":8.0,"key":"REST"},{"data":"Unload","floor":12.0,"key":"SMITH"},{"data":"Blade Dance","floor":15.0,"key":"SMITH"},{"floor":23.0,"key":"REST"},{"floor":28.0,"key":"REST"},{"data":"Sadistic Nature","floor":32.0,"key":"SMITH"},{"floor":41,"key":"RECALL"},{"data":"Tactician","floor":44,"key":"SMITH"},{"data":"Footwork","floor":46,"key":"SMITH"},{"data":"Acrobatics","floor":49,"key":"SMITH"},{"data":"Neutralize","floor":53,"key":"SMITH"}],"circlet_count":0,"master_deck":["AscendersBane","Defend_G","Defend_G","Defend_G+1","Defend_G","Survivor","Neutralize+1","Flying Knee","Blade Dance+1","Acrobatics+1","Crippling Poison","Slice","Leg Sweep+1","Unload+1","PiercingWail","Deadly Poison","Venomology","Eviscerate","Footwork+1","Bouncing Flask+1","Tactician+1","Sadistic Nature+1","Backflip","Escape Plan","Unload","Backflip","Crippling Poison+1","Footwork+1","Blur","Prepared+1","Outmaneuver"],"relics":["Ring of the Snake","War Paint","Pear","SlaversCollar","Paper Crane","Nunchaku","Ancient Tea Set","Runic Pyramid","TungstenRod","Toy Ornithopter","Potion Belt","Art of War","Pantograph","Mummified Hand","OrangePellets","Bottled Lightning"],"acts_visited":["Exordium","TheCity","TheBeyond","TheEnding"],"potions_floor_usage":[40,48,50,51,51,55,55,56],"damage_taken":[{"damage":1.0,"enemies":"Jaw Worm","floor":1.0,"turns":4.0},{"damage":0.0,"enemies":"Cultist","floor":3.0,"turns":4.0},{"damage":7.0,"enemies":"Small Slimes","floor":4.0,"turns":4.0},{"damage":34.0,"enemies":"3 Sentries","floor":7.0,"turns":14.0},{"damage":9.0,"enemies":"3 Louse","floor":10.0,"turns":3.0},{"damage":0.0,"enemies":"Gremlin Gang","floor":13.0,"turns":4.0},{"damage":0.0,"enemies":"Large Slime","floor":14.0,"turns":5.0},{"damage":46.0,"enemies":"Slime Boss","floor":16.0,"turns":12.0},{"damage":21.0,"enemies":"Shell Parasite","floor":18.0,"turns":7.0},{"damage":13.0,"enemies":"Chosen","floor":19.0,"turns":4.0},{"damage":36.0,"enemies":"Sentry and Sphere","floor":21.0,"turns":11.0},{"damage":8.0,"enemies":"Slavers","floor":24.0,"turns":7.0},{"damage":4.0,"enemies":"Chosen and Byrds","floor":25.0,"turns":9.0},{"damage":0.0,"enemies":"Gremlin Leader","floor":29.0,"turns":6.0},{"damage":17.0,"enemies":"Automaton","floor":33.0,"turns":10.0},{"damage":0.0,"enemies":"3 Shapes","floor":35.0,"turns":4.0},{"damage":1.0,"enemies":"Mind Bloom Boss Battle","floor":36.0,"turns":6.0},{"damage":15,"enemies":"Giant Head","floor":40,"turns":8},{"damage":9,"enemies":"Nemesis","floor":42,"turns":7},{"damage":0,"enemies":"3 Darklings","floor":47,"turns":5},{"damage":15,"enemies":"Giant Head","floor":48,"turns":8},{"damage":41,"enemies":"Donu and Deca","floor":50,"turns":16},{"damage":17,"enemies":"Awakened One","floor":51,"turns":16},{"damage":2,"enemies":"Shield and Spear","floor":55,"turns":7},{"damage":75,"enemies":"The Heart","floor":56,"turns":12}],"seed_played":"2394146787788520920","potions_obtained":[{"floor":3.0,"key":"SkillPotion"},{"floor":7.0,"key":"Fruit Juice"},{"floor":13.0,"key":"AttackPotion"},{"floor":16.0,"key":"FairyPotion"},{"floor":21.0,"key":"CunningPotion"},{"floor":25.0,"key":"EntropicBrew"},{"floor":29.0,"key":"CultistPotion"},{"floor":33.0,"key":"CultistPotion"},{"floor":42,"key":"Regen Potion"},{"floor":47,"key":"ColorlessPotion"}],"is_trial":false,"path_per_floor":["M","?","M","M","$","?","E","R","T","M","?","R","M","M","R","B",null,"M","M","?","M","$","R","E","M","T","?","R","E","?","?","R","B",null,"M","?","$","T","?","E","R","E","T","R","?","R","M","E","R","B","B",null,"R","$","E","B"],"character_chosen":"THE_SILENT","items_purchased":["Crippling Poison","Slice","AttackPotion","Tactician","Sadistic Nature","Toy Ornithopter","Footwork","OrangePellets"],"campfire_rested":3,"item_purchase_floors":[5,5,5,22,22,37,37,54],"current_hp_per_floor":[58,52,52,45,45,45,11,35,45,36,54,54,54,54,54,8,58,37,24,24,11,11,33,25,21,21,21,43,43,43,43,43,26,63,63,62,62,62,62,52,52,43,43,43,43,43,43,33,33,37,55,67,67,67,69,0,0],"gold":50,"neow_bonus":"REMOVE_TWO","is_daily":false,"chose_seed":false,"campfire_upgraded":7,"win_rate":0.0,"timestamp":1611402933,"path_taken":["M","?","?","M","$","?","E","R","T","M","?","R","M","M","R","BOSS","M","M","?","?","$","R","E","M","T","?","R","E","?","?","R","BOSS","M","?","$","?","?","E","R","E","T","R","?","R","M","E","R","BOSS","BOSS","R","$","E","BOSS"],"items_purchased_type":["Card","Card","Potion","Card","Card","Relic","Card","Relic"],"build_version":"2020-12-22","purchased_purges":0,"victory":false,"max_hp_per_floor":[60,60,60,60,60,60,60,65,75,75,75,75,75,75,75,75,75,75,75,75,75,75,75,75,75,75,75,75,75,75,75,75,75,75,75,75,75,75,71,71,71,71,71,71,71,71,71,71,71,71,71,71,71,71,71,71,71],"relic_stats":{"OrangePellets":[3],"Nunchaku":[21],"counters":[25,193],"Mummified Hand":[16],"Pantograph":52,"Art of War":[14],"War Paint":["Leg Sweep","Defend_G"],"obtain_stats":[{"Potion Belt":40,"Pear":9,"War Paint":7,"Paper Crane":24,"Ancient Tea Set":29,"SlaversCollar":17,"OrangePellets":54,"Nunchaku":26,"Mummified Hand":48,"Pantograph":43,"Art of War":42,"Bottled Lightning":55,"TungstenRod":36,"Toy Ornithopter":37,"Ring of the Snake":0,"Runic Pyramid":34},{"Potion Belt":18,"Pear":4,"War Paint":4,"Paper Crane":12,"Ancient Tea Set":14,"SlaversCollar":8,"OrangePellets":23,"Nunchaku":13,"Mummified Hand":21,"Pantograph":19,"Art of War":19,"Bottled Lightning":24,"TungstenRod":17,"Toy Ornithopter":17,"Ring of the Snake":0,"Runic Pyramid":15},{"Potion Belt":122,"Pear":26,"War Paint":26,"Paper Crane":79,"Ancient Tea Set":94,"SlaversCollar":50,"OrangePellets":174,"Nunchaku":88,"Mummified Hand":142,"Pantograph":129,"Art of War":129,"Bottled Lightning":181,"TungstenRod":114,"Toy Ornithopter":114,"Ring of the Snake":0,"Runic Pyramid":104}],"TungstenRod":52,"Toy Ornithopter":31,"Ring of the Snake":[50]},"card_choices":[{"not_picked":["Acrobatics","Leg Sweep"],"picked":"Flying Knee","floor":1.0},{"not_picked":["Dodge and Roll","Poisoned Stab"],"picked":"Blade Dance","floor":3.0},{"not_picked":["Expertise","Caltrops"],"picked":"Acrobatics","floor":4.0},{"not_picked":["Outmaneuver","Quick Slash"],"picked":"Unload","floor":7.0},{"not_picked":["Noxious Fumes","Leg Sweep"],"picked":"PiercingWail","floor":10.0},{"not_picked":["Flying Knee","All Out Attack","Slice"],"picked":"SKIP","floor":13.0},{"not_picked":["Cloak And Dagger","Dagger Throw"],"picked":"Deadly Poison","floor":14.0},{"not_picked":["Wraith Form v2","Storm of Steel"],"picked":"Venomology","floor":16.0},{"not_picked":["Bouncing Flask","Quick Slash"],"picked":"Eviscerate","floor":18.0},{"not_picked":["Underhanded Strike","PiercingWail"],"picked":"Footwork+1","floor":19.0},{"not_picked":["All Out Attack","Terror"],"picked":"Bouncing Flask+1","floor":21.0},{"not_picked":["Outmaneuver","Sucker Punch"],"picked":"Backflip","floor":24.0},{"not_picked":["Sucker Punch","Quick Slash"],"picked":"Escape Plan","floor":25.0},{"not_picked":["All Out Attack","Sucker Punch","Finisher"],"picked":"SKIP","floor":29.0},{"not_picked":["Phantasmal Killer","Glass Knife"],"picked":"A Thousand Cuts","floor":33.0},{"not_picked":["Bouncing Flask","Dodge and Roll","Backflip"],"picked":"SKIP","floor":35.0},{"not_picked":["Sucker Punch","Cloak And Dagger"],"picked":"Crippling Poison+1","floor":36.0},{"not_picked":["Dodge and Roll","Tools of the Trade"],"picked":"Blur","floor":40},{"not_picked":["Infinite Blades","Tactician","Underhanded Strike"],"picked":"SKIP","floor":42},{"not_picked":["Prepared","Crippling Poison","Dagger Throw+1"],"picked":"SKIP","floor":47},{"not_picked":["Flying Knee","Dagger Throw+1"],"picked":"Prepared+1","floor":48},{"not_picked":["Riddle With Holes","Calculated Gamble"],"picked":"Outmaneuver","floor":55}],"player_experience":2236593,"relics_obtained":[{"floor":7.0,"key":"War Paint"},{"floor":9.0,"key":"Pear"},{"floor":24.0,"key":"Paper Crane"},{"floor":26.0,"key":"Nunchaku"},{"floor":29.0,"key":"Ancient Tea Set"},{"floor":36.0,"key":"TungstenRod"},{"floor":40,"key":"Potion Belt"},{"floor":42,"key":"Art of War"},{"floor":43,"key":"Pantograph"},{"floor":48,"key":"Mummified Hand"},{"floor":55,"key":"Bottled Lightning"}],"event_choices":[{"damage_healed":0.0,"max_hp_gain":0.0,"max_hp_loss":0.0,"gold_gain":50.0,"event_name":"FaceTrader","player_choice":"Touch","floor":2.0,"gold_loss":0.0,"damage_taken":6.0},{"damage_healed":0.0,"max_hp_gain":0.0,"max_hp_loss":0.0,"gold_gain":0.0,"cards_transformed":["Strike_G"],"event_name":"Living Wall","player_choice":"Change","floor":6.0,"gold_loss":0.0,"damage_taken":0.0,"cards_obtained":["Leg Sweep"]},{"damage_healed":18.0,"max_hp_gain":0.0,"max_hp_loss":0.0,"gold_gain":0.0,"event_name":"The Cleric","player_choice":"Healed","floor":11.0,"gold_loss":35.0,"damage_taken":0.0},{"damage_healed":0.0,"max_hp_gain":0.0,"max_hp_loss":0.0,"gold_gain":50.0,"event_name":"Golden Shrine","player_choice":"Pray","floor":20.0,"gold_loss":0.0,"damage_taken":0.0},{"damage_healed":0.0,"max_hp_gain":0.0,"max_hp_loss":0.0,"gold_gain":0.0,"cards_transformed":["Strike_G","Strike_G"],"event_name":"Drug Dealer","player_choice":"Became Test Subject","floor":27.0,"gold_loss":0.0,"damage_taken":0.0,"cards_obtained":["Unload","Backflip"]},{"damage_healed":0.0,"max_hp_gain":0.0,"max_hp_loss":0.0,"gold_gain":0.0,"event_name":"Vampires","player_choice":"Ignored","floor":30.0,"gold_loss":0.0,"damage_taken":0.0},{"cards_removed":["Strike_G"],"damage_healed":0.0,"max_hp_gain":0.0,"max_hp_loss":0.0,"gold_gain":0.0,"event_name":"Purifier","player_choice":"Purged","floor":31.0,"gold_loss":0.0,"damage_taken":0.0},{"damage_healed":0.0,"max_hp_gain":0.0,"max_hp_loss":0.0,"gold_gain":0.0,"event_name":"MindBloom","player_choice":"Fight","floor":36.0,"gold_loss":0.0,"damage_taken":0.0},{"damage_healed":0,"gold_gain":0,"player_choice":"Max HP","damage_taken":0,"max_hp_gain":0,"max_hp_loss":4,"event_name":"Winding Halls","floor":39,"gold_loss":0},{"cards_removed":["A Thousand Cuts"],"damage_healed":0,"gold_gain":0,"player_choice":"Removed Power","damage_taken":0,"max_hp_gain":0,"max_hp_loss":0,"event_name":"Falling","floor":45,"gold_loss":0}],"is_beta":false,"boss_relics":[{"not_picked":["Black Star","Empty Cage"],"picked":"SlaversCollar"},{"not_picked":["Snecko Eye","Velvet Choker"],"picked":"Runic Pyramid"}],"items_purged_floors":[],"is_endless":false,"potions_floor_spawned":[3,7,13,16,21,25,29,33,42,47],"killed_by":"The Heart","ascension_level":20}}