{"host":"Rowan","time":1611391770,"event":{"mods":["BaseMod","Minty Spire (QoL Compilation)"],"gold_per_floor":[118,137,137,147,1,1,11,11,60,91,106,140,140,150,150,246,246,258,258,288,74,123,123,157,157,232,252,252,268,279,298,298,394,394,413,433,446,546,273,273,298,298,324,358,372,372,383,394,394,394,394],"floor_reached":50,"language":"ENG","playtime":4625,"items_purged":[],"score":529,"play_id":"e41d9d3b-c98e-45d4-b282-80c1fe89b45e","local_time":"20210123004930","is_ascension_mode":false,"campfire_choices":[{"floor":6,"key":"RECALL"},{"data":"Rainbow","floor":8,"key":"SMITH"},{"data":"Dualcast","floor":13,"key":"SMITH"},{"data":"Darkness","floor":15,"key":"SMITH"},{"data":"Creative AI","floor":23,"key":"SMITH"},{"data":"Tempest","floor":25,"key":"SMITH"},{"data":"Streamline","floor":32,"key":"SMITH"},{"floor":40,"key":"REST"},{"floor":46,"key":"REST"},{"data":"Loop","floor":49,"key":"SMITH"}],"circlet_count":0,"master_deck":["Strike_B+1","Defend_B+1","Defend_B+1","Defend_B+1","Defend_B+1","Zap+1","Dualcast+1","Rainbow+1","Blizzard+1","Capacitor","Cold Snap+1","Chill+1","Darkness+1","Tempest+1","Streamline+1","Creative AI+1","CurseOfTheBell","Sweeping Beam+1","Aggregate+1","Loop+1","Lockon+1","Ball Lightning+1","Beam Cell","Stack","Auto Shields","Amplify","Sweeping Beam+1","Blizzard+1","Buffer+1","Gash+1","Heatsinks+1","Gash+1","Self Repair","Redo","Ball Lightning+1","Hello World+1","Double Energy+1"],"relics":["Cracked Core","Blood Vial","Oddly Smooth Stone","Orichalcum","White Beast Statue","Calling Bell","War Paint","Meat on the Bone","CaptainsWheel","Red Mask","Anchor","Vajra","Darkstone Periapt","Astrolabe","Ornamental Fan","Regal Pillow","Centennial Puzzle","Whetstone"],"acts_visited":["Exordium","TheCity","TheBeyond"],"potions_floor_usage":[12,16,18,18,20,20,30,30,33,33,36,44,44,45,50],"damage_taken":[{"damage":0,"enemies":"2 Louse","floor":1,"turns":3},{"damage":0,"enemies":"Cultist","floor":2,"turns":4},{"damage":3,"enemies":"Small Slimes","floor":4,"turns":3},{"damage":7,"enemies":"2 Fungi Beasts","floor":7,"turns":4},{"damage":10,"enemies":"Lagavulin","floor":10,"turns":5},{"damage":0,"enemies":"Exordium Wildlife","floor":11,"turns":3},{"damage":9,"enemies":"3 Sentries","floor":12,"turns":5},{"damage":0,"enemies":"3 Louse","floor":14,"turns":2},{"damage":12,"enemies":"The Guardian","floor":16,"turns":10},{"damage":8,"enemies":"Spheric Guardian","floor":18,"turns":5},{"damage":6,"enemies":"Masked Bandits","floor":20,"turns":4},{"damage":12,"enemies":"Slavers","floor":24,"turns":6},{"damage":9,"enemies":"3 Byrds","floor":27,"turns":4},{"damage":15,"enemies":"Cultist and Chosen","floor":29,"turns":6},{"damage":0,"enemies":"Snecko","floor":30,"turns":4},{"damage":0,"enemies":"Sentry and Sphere","floor":31,"turns":4},{"damage":36,"enemies":"Automaton","floor":33,"turns":11},{"damage":0,"enemies":"3 Shapes","floor":35,"turns":3},{"damage":0,"enemies":"Orb Walker","floor":36,"turns":4},{"damage":36,"enemies":"Transient","floor":37,"turns":5},{"damage":37,"enemies":"Reptomancer","floor":44,"turns":9},{"damage":15,"enemies":"Maw","floor":45,"turns":8},{"damage":10,"enemies":"4 Shapes","floor":47,"turns":5},{"damage":19,"enemies":"3 Darklings","floor":48,"turns":4},{"damage":53,"enemies":"Time Eater","floor":50,"turns":5}],"seed_played":"-5886580816680503647","potions_obtained":[{"floor":1,"key":"GamblersBrew"},{"floor":2,"key":"DuplicationPotion"},{"floor":10,"key":"Explosive Potion"},{"floor":11,"key":"EssenceOfSteel"},{"floor":14,"key":"Energy Potion"},{"floor":16,"key":"Explosive Potion"},{"floor":18,"key":"PotionOfCapacity"},{"floor":20,"key":"SpeedPotion"},{"floor":24,"key":"DistilledChaos"},{"floor":27,"key":"EssenceOfSteel"},{"floor":29,"key":"Fire Potion"},{"floor":30,"key":"EssenceOfDarkness"},{"floor":31,"key":"LiquidMemories"},{"floor":33,"key":"SpeedPotion"},{"floor":35,"key":"LiquidBronze"},{"floor":36,"key":"Regen Potion"},{"floor":44,"key":"EssenceOfSteel"},{"floor":45,"key":"EssenceOfDarkness"},{"floor":47,"key":"SkillPotion"},{"floor":48,"key":"Swift Potion"}],"is_trial":false,"path_per_floor":["M","M","?","M","$","R","M","R","T","E","M","E","R","M","R","B",null,"M","?","?","$","T","R","E","R","T","M","?","M","M","M","R","B",null,"M","M","M","?","$","R","T","?","T","E","M","R","M","M","R","B"],"character_chosen":"DEFECT","items_purchased":["Blood Vial","Anchor","Loop","Self Repair","Ornamental Fan"],"campfire_rested":2,"item_purchase_floors":[5,21,21,39,39],"current_hp_per_floor":[75,75,75,72,72,72,67,67,67,59,61,54,54,56,56,46,75,67,67,63,63,63,63,53,53,53,46,46,45,47,49,49,27,75,75,75,39,39,39,61,61,61,61,55,49,71,61,51,51,0,0],"gold":394,"neow_bonus":"TRANSFORM_CARD","is_daily":false,"chose_seed":false,"campfire_upgraded":7,"win_rate":0.0,"timestamp":1611391770,"path_taken":["M","M","?","?","$","R","M","R","T","E","M","E","R","M","R","BOSS","M","?","?","$","?","R","E","R","T","M","?","?","M","M","R","BOSS","M","M","?","?","?","R","?","?","T","E","?","R","M","M","R","BOSS"],"items_purchased_type":["Relic","Relic","Card","Card","Relic"],"build_version":"2020-12-18","purchased_purges":0,"victory":false,"max_hp_per_floor":[75,75,75,75,75,75,75,75,75,75,75,75,75,75,75,75,75,75,75,75,75,75,75,75,75,75,75,75,75,75,75,75,75,75,75,75,75,75,75,75,75,71,71,71,71,71,71,71,71,71,71],"card_choices":[{"not_picked":["Reinforced Body","Compile Driver"],"picked":"Blizzard","floor":1},{"not_picked":["Force Field","Steam Power"],"picked":"Compile Driver","floor":2},{"not_picked":["Gash","Barrage"],"picked":"Capacitor","floor":4},{"not_picked":["Stack","Ball Lightning"],"picked":"Cold Snap","floor":7},{"not_picked":["Skim","Steam"],"picked":"Chill","floor":10},{"not_picked":["Ball Lightning","Skim"],"picked":"Darkness","floor":11},{"not_picked":["Meteor Strike","Stack"],"picked":"Tempest","floor":12},{"not_picked":["Stack","Fusion"],"picked":"Streamline","floor":14},{"not_picked":["Machine Learning","Seek"],"picked":"Creative AI","floor":16},{"not_picked":["Cold Snap+1","Gash"],"picked":"Sweeping Beam+1","floor":18},{"not_picked":["Ball Lightning","Leap"],"picked":"Aggregate+1","floor":20},{"not_picked":["Undo+1","Scrape+1"],"picked":"Lockon+1","floor":24},{"not_picked":["FTL","Loop+1"],"picked":"Ball Lightning+1","floor":27},{"not_picked":["Chill","Steam"],"picked":"Beam Cell","floor":29},{"not_picked":["Coolheaded","All For One"],"picked":"Stack","floor":30},{"not_picked":["Stack+1","Coolheaded"],"picked":"Auto Shields","floor":31},{"not_picked":["Seek","Reboot"],"picked":"Amplify","floor":33},{"not_picked":["Lockon","Coolheaded+1"],"picked":"Gash+1","floor":35},{"not_picked":["Static Discharge","Reinforced Body"],"picked":"Heatsinks+1","floor":36},{"not_picked":["Echo Form","Sunder"],"picked":"Gash+1","floor":37},{"not_picked":["Coolheaded+1","Go for the Eyes"],"picked":"Redo","floor":44},{"not_picked":["Stack","Steam+1"],"picked":"Ball Lightning+1","floor":45},{"not_picked":["Turbo","Ball Lightning"],"picked":"Hello World+1","floor":47},{"not_picked":["Sweeping Beam+1","Beam Cell"],"picked":"Double Energy+1","floor":48}],"player_experience":411139,"relics_obtained":[{"floor":9,"key":"Oddly Smooth Stone"},{"floor":10,"key":"Orichalcum"},{"floor":12,"key":"White Beast Statue"},{"floor":17,"key":"War Paint"},{"floor":17,"key":"Meat on the Bone"},{"floor":17,"key":"CaptainsWheel"},{"floor":20,"key":"Red Mask"},{"floor":24,"key":"Vajra"},{"floor":26,"key":"Darkstone Periapt"},{"floor":41,"key":"Regal Pillow"},{"floor":43,"key":"Centennial Puzzle"},{"floor":44,"key":"Whetstone"}],"event_choices":[{"damage_healed":0,"gold_gain":0,"player_choice":"Forge","damage_taken":0,"max_hp_gain":0,"max_hp_loss":0,"event_name":"Accursed Blacksmith","floor":3,"gold_loss":0,"cards_upgraded":["Zap"]},{"damage_healed":0,"gold_gain":0,"player_choice":"Simplicity","damage_taken":0,"max_hp_gain":0,"max_hp_loss":0,"event_name":"Back to Basics","floor":19,"gold_loss":0,"cards_upgraded":["Strike_B","Strike_B","Strike_B","Defend_B","Defend_B","Defend_B"]},{"damage_healed":0,"gold_gain":0,"player_choice":"Fought Bandits","damage_taken":0,"max_hp_gain":0,"max_hp_loss":0,"event_name":"Masked Bandits","floor":20,"gold_loss":0},{"damage_healed":0,"gold_gain":0,"player_choice":"Ignored","damage_taken":0,"max_hp_gain":0,"max_hp_loss":0,"event_name":"Ghosts","floor":28,"gold_loss":0},{"damage_healed":0,"gold_gain":100,"player_choice":"Pray","damage_taken":0,"max_hp_gain":0,"max_hp_loss":0,"event_name":"Golden Shrine","floor":38,"gold_loss":0},{"damage_healed":0,"gold_gain":0,"player_choice":"Max HP","damage_taken":0,"max_hp_gain":0,"max_hp_loss":4,"event_name":"Winding Halls","floor":42,"gold_loss":0}],"is_beta":true,"boss_relics":[{"not_picked":["Busted Crown","Fusion Hammer"],"picked":"Calling Bell"},{"not_picked":["Pandora\u0027s Box","SacredBark"],"picked":"Astrolabe"}],"items_purged_floors":[],"is_endless":false,"potions_floor_spawned":[1,2,10,11,14,16,18,20,24,27,29,30,31,33,35,36,37,44,45,47,48],"killed_by":"Time Eater","ascension_level":0}}