{"host":"l60rmjjsfi0fipmi","time":1611409414,"event":{"mods":["BaseMod","Colored Map","DeckTracker","Highlight Path","Minty Spire (QoL Compilation)","StSLib","The Cursed","The Servant 0.9.4"],"gold_per_floor":[116,32,49,49,65,65,90,64,64,80,80,80,80,5,5,129,129,143,143,62,62,77,118,118,143,143,177,197,97,97,25,25,150,150,174,197,260,135,135,135,149,183,183,195,223,260,295,321,333,345],"floor_reached":51,"language":"ENG","playtime":3105,"items_purged":["Regret","Strike_R","Strike_R"],"score":1043,"play_id":"8f3af854-d36a-4c63-8fba-0386eec96ad3","local_time":"20210123084334","is_ascension_mode":true,"campfire_choices":[{"data":"Perfected Strike","floor":6,"key":"SMITH"},{"data":"Wild Strike","floor":11,"key":"SMITH"},{"floor":15,"key":"REST"},{"data":"Fire Breathing","floor":24,"key":"SMITH"},{"data":"Feed","floor":30,"key":"SMITH"},{"data":"Whirlwind","floor":32,"key":"SMITH"},{"data":"Demon Form","floor":40,"key":"SMITH"},{"data":"Flame Barrier","floor":44,"key":"SMITH"},{"data":"Metallicize","floor":49,"key":"SMITH"}],"circlet_count":0,"master_deck":["Strike_R","Defend_R","Defend_R","Defend_R","Defend_R","Bash","Wild Strike+1","Uppercut+1","Perfected Strike+1","Reaper","Fire Breathing+1","Heavy Blade","Feed+1","Shrug It Off+1","Flame Barrier+1","Impervious","Disarm+1","Whirlwind+1","Demon Form+1","Metallicize+1","Body Slam+1","Barricade+1","Parasite"],"relics":["Snecko Eye","HornCleat","Thread and Needle","Mercury Hourglass","Golden Idol","SlaversCollar","Red Skull","Oddly Smooth Stone","Lizard Tail","Empty Cage","Incense Burner","Frozen Egg 2","MawBank"],"acts_visited":["Exordium","TheCity","TheBeyond"],"potions_floor_usage":[50],"damage_taken":[{"damage":9,"enemies":"Jaw Worm","floor":1,"turns":3},{"damage":0,"enemies":"Cultist","floor":3,"turns":2},{"damage":0,"enemies":"2 Louse","floor":5,"turns":2},{"damage":10,"enemies":"3 Sentries","floor":7,"turns":5},{"damage":0,"enemies":"Looter","floor":10,"turns":2},{"damage":31,"enemies":"The Guardian","floor":16,"turns":11},{"damage":0,"enemies":"Spheric Guardian","floor":18,"turns":3},{"damage":0,"enemies":"Chosen","floor":22,"turns":3},{"damage":13,"enemies":"Slavers","floor":23,"turns":3},{"damage":0,"enemies":"3 Cultists","floor":25,"turns":4},{"damage":0,"enemies":"Book of Stabbing","floor":27,"turns":4},{"damage":0,"enemies":"Snake Plant","floor":28,"turns":3},{"damage":36,"enemies":"Champ","floor":33,"turns":10},{"damage":1,"enemies":"Orb Walker","floor":35,"turns":3},{"damage":10,"enemies":"3 Darklings","floor":36,"turns":4},{"damage":0,"enemies":"Mind Bloom Boss Battle","floor":37,"turns":5},{"damage":0,"enemies":"Spire Growth","floor":41,"turns":5},{"damage":1,"enemies":"Giant Head","floor":42,"turns":7},{"damage":14,"enemies":"Jaw Worm Horde","floor":45,"turns":6},{"damage":0,"enemies":"Maw","floor":46,"turns":7},{"damage":0,"enemies":"4 Shapes","floor":47,"turns":3},{"damage":3,"enemies":"Writhing Mass","floor":48,"turns":7},{"damage":0,"enemies":"Time Eater","floor":50,"turns":9}],"seed_played":"312713424121926904","potions_obtained":[{"floor":5,"key":"HeartOfIron"},{"floor":18,"key":"GamblersBrew"},{"floor":22,"key":"BlessingOfTheForge"},{"floor":28,"key":"Explosive Potion"},{"floor":35,"key":"DistilledChaos"},{"floor":37,"key":"FairyPotion"}],"is_trial":false,"path_per_floor":["M","$","M","?","M","R","E","$","T","M","R","?","?","$","R","B",null,"M","?","$","?","M","E","R","M","T","E","M","$","R","$","R","B",null,"M","M","?","$","?","R","M","E","T","R","M","M","M","M","R","B",null],"character_chosen":"IRONCLAD","items_purchased":["Uppercut","Perfected Strike","Heavy Blade","Flame Barrier","Whirlwind"],"campfire_rested":1,"item_purchase_floors":[2,2,8,20,31],"current_hp_per_floor":[71,71,71,71,71,71,69,69,69,69,69,69,49,49,73,48,80,80,80,80,80,80,79,79,82,82,83,83,83,83,83,83,51,83,82,72,81,81,81,81,83,82,82,82,77,77,87,84,84,87],"gold":357,"neow_bonus":"BOSS_RELIC","is_daily":false,"chose_seed":false,"campfire_upgraded":8,"win_rate":0.0,"timestamp":1611409414,"path_taken":["M","$","M","?","?","R","E","$","T","M","R","?","?","$","R","BOSS","M","?","$","?","?","E","R","M","T","E","M","?","R","$","R","BOSS","M","M","?","$","?","R","M","E","T","R","M","M","M","M","R","BOSS"],"items_purchased_type":["Card","Card","Card","Card","Card"],"build_version":"2020-12-22","purchased_purges":3,"victory":true,"max_hp_per_floor":[80,80,80,80,80,80,80,80,80,80,80,80,80,80,80,80,80,80,80,80,80,80,80,80,83,83,83,83,83,83,83,83,83,83,83,83,83,83,83,83,83,83,83,83,87,87,87,87,87,87],"card_choices":[{"not_picked":["Sword Boomerang","Thunderclap"],"picked":"Wild Strike","floor":1},{"not_picked":["Havoc","Body Slam"],"picked":"Reaper","floor":3},{"not_picked":["Clash","Rage","Rupture"],"picked":"SKIP","floor":5},{"not_picked":["Havoc","Seeing Red"],"picked":"Fire Breathing","floor":7},{"not_picked":["Uppercut","Bloodletting","Intimidate"],"picked":"SKIP","floor":10},{"not_picked":["Exhume","Barricade"],"picked":"Feed","floor":16},{"not_picked":["Havoc","Perfected Strike+1"],"picked":"Shrug It Off+1","floor":18},{"not_picked":["Warcry","True Grit","Clothesline"],"picked":"SKIP","floor":22},{"not_picked":["Thunderclap","Clash"],"picked":"Impervious","floor":23},{"not_picked":["Sword Boomerang+1","Thunderclap","Armaments"],"picked":"SKIP","floor":25},{"not_picked":["Corruption","Anger+1"],"picked":"Disarm+1","floor":27},{"not_picked":["Shrug It Off","Rampage","Sword Boomerang"],"picked":"SKIP","floor":28},{"not_picked":["Exhume","Berserk"],"picked":"Demon Form","floor":33},{"not_picked":["Wild Strike+1","Pommel Strike","Bloodletting"],"picked":"SKIP","floor":35},{"not_picked":["Bloodletting+1","Seeing Red","Clash+1"],"picked":"SKIP","floor":36},{"not_picked":["Iron Wave+1","Bloodletting"],"picked":"Metallicize","floor":37},{"not_picked":["Searing Blow","Clothesline+1","Dual Wield"],"picked":"SKIP","floor":41},{"not_picked":["Whirlwind","Rampage","Sentinel"],"picked":"SKIP","floor":42},{"not_picked":["Sword Boomerang+1","Clash"],"picked":"Body Slam+1","floor":45},{"not_picked":["Ghostly Armor+1","Infernal Blade","Clash+1"],"picked":"SKIP","floor":46},{"not_picked":["Heavy Blade","Perfected Strike"],"picked":"Barricade+1","floor":47},{"not_picked":["Intimidate+1","Disarm","Wild Strike"],"picked":"SKIP","floor":48}],"player_experience":563547,"relics_obtained":[{"floor":7,"key":"HornCleat"},{"floor":9,"key":"Thread and Needle"},{"floor":23,"key":"Red Skull"},{"floor":26,"key":"Oddly Smooth Stone"},{"floor":27,"key":"Lizard Tail"},{"floor":37,"key":"Incense Burner"},{"floor":42,"key":"Frozen Egg 2"},{"floor":43,"key":"MawBank"}],"event_choices":[{"damage_healed":0,"gold_gain":0,"player_choice":"Forge","damage_taken":0,"max_hp_gain":0,"max_hp_loss":0,"event_name":"Accursed Blacksmith","floor":4,"gold_loss":0,"cards_upgraded":["Uppercut"]},{"damage_healed":0,"gold_gain":0,"player_choice":"Box","damage_taken":0,"relics_obtained":["Mercury Hourglass"],"max_hp_gain":0,"max_hp_loss":0,"event_name":"Big Fish","floor":12,"gold_loss":0,"cards_obtained":["Regret"]},{"damage_healed":0,"gold_gain":0,"player_choice":"Take Damage","damage_taken":20,"relics_obtained":["Golden Idol"],"max_hp_gain":0,"max_hp_loss":0,"event_name":"Golden Idol","floor":13,"gold_loss":0},{"damage_healed":0,"gold_gain":0,"player_choice":"Ignored","damage_taken":0,"max_hp_gain":0,"max_hp_loss":0,"event_name":"Vampires","floor":19,"gold_loss":0},{"damage_healed":0,"gold_gain":0,"player_choice":"Ignored","damage_taken":0,"max_hp_gain":0,"max_hp_loss":0,"event_name":"N\u0027loth","floor":21,"gold_loss":0},{"damage_healed":0,"gold_gain":0,"player_choice":"Fight","damage_taken":0,"max_hp_gain":0,"max_hp_loss":0,"event_name":"MindBloom","floor":37,"gold_loss":0},{"damage_healed":0,"gold_gain":0,"player_choice":"0 cards matched","damage_taken":0,"max_hp_gain":0,"max_hp_loss":0,"event_name":"Match and Keep!","floor":39,"gold_loss":0,"cards_obtained":[]}],"is_beta":false,"boss_relics":[{"not_picked":["Ectoplasm","Runic Dome"],"picked":"SlaversCollar"},{"not_picked":["Tiny House","Velvet Choker"],"picked":"Empty Cage"}],"items_purged_floors":[14,29,38],"is_endless":false,"potions_floor_spawned":[5,18,22,27,28,35,37,45,46,47],"ascension_level":4}}