{"host":"uclt3t1usqzz4m5p","time":1611370902,"event":{"mods":["100% Spire Juice","AchievementEnabler","BaseMod","Better Altar","Better Match","Better Sensory Stone","Better Skull","Better Third Choice","Booster Modes","Card Forge","Colored Powertips","Displayed Cursed Tome","Downfall","GifTheSpireLib","Gremlin Skip","Minty Spire (QoL Compilation)","Permanent Neow","Quick Restart","StSLib","SuperFastMode","The Dragonkin"],"gold_per_floor":[99,118,133,144,164,164,217,229,229,258,258,268,2,19,33,33,33,33],"floor_reached":16,"language":"ENG","playtime":1037,"items_purged":[],"score":106,"play_id":"c1848d86-28d1-41c8-b1fd-a5f3476fc352","local_time":"20210122190142","is_ascension_mode":false,"campfire_choices":[{"data":"bronze:Goto","floor":1,"key":"SMITH"},{"data":"bronze:Overheat","floor":6,"key":"SMITH"},{"data":"bronze:Assembly","floor":11,"key":"SMITH"}],"circlet_count":0,"master_deck":["bronze:Strike","bronze:Strike","bronze:Strike","bronze:Strike","bronze:Defend","bronze:Defend","bronze:Defend","bronze:Defend","bronze:Replicate","bronze:Goto+1","bronze:Overheat+1","bronze:CutThrough","bronze:OilSpill","bronze:WildBeam","bronze:Assembly+1","bronze:DarkDash","bronze:Refactor","bronze:Shell","bronze:InfiniteLoop","bronze:Flail","bronze:Repulsor","bronze:WhirlingStrike","bronze:Turbo"],"relics":["bronze:BronzeCore","Hammer of Thor","Seething Fire","Anvil of the Gods","bronze:BronzeIdol","hexamod:BolsterEngine","Guardian:PocketSentry"],"acts_visited":["Exordium"],"potions_floor_usage":[16],"damage_taken":[{"damage":5,"enemies":"Jaw Worm","floor":2,"turns":4},{"damage":0,"enemies":"2 Louse","floor":3,"turns":2},{"damage":3,"enemies":"Small Slimes","floor":4,"turns":2},{"damage":8,"enemies":"Gremlin Gang","floor":5,"turns":4},{"damage":6,"enemies":"3 Louse","floor":8,"turns":2},{"damage":23,"enemies":"3 Sentries","floor":10,"turns":7},{"damage":3,"enemies":"Red Slaver","floor":12,"turns":3},{"damage":5,"enemies":"downfall:FleeingMerchant","floor":13,"turns":4},{"damage":0,"enemies":"Large Slime","floor":14,"turns":4},{"damage":8,"enemies":"Exordium Thugs","floor":15,"turns":4},{"damage":9,"enemies":"SI_SHIV_ARCHETYPE","floor":16,"turns":2}],"seed_played":"-3132130400844231991","potions_obtained":[{"floor":3,"key":"Swift Potion"},{"floor":5,"key":"SneckoOil"},{"floor":10,"key":"champ:CounterPotion"},{"floor":14,"key":"ColorlessPotion"}],"is_trial":false,"path_per_floor":["R","M","M","M","M","R","T","M","?","E","R","M","$","M","M","B"],"character_chosen":"THE_AUTOMATON","items_purchased":["bronze:InfiniteLoop","bronze:Flail","bronze:Repulsor"],"campfire_rested":0,"item_purchase_floors":[13,13,13],"current_hp_per_floor":[70,65,65,62,54,54,54,48,48,25,25,22,17,17,9,0,0,0],"gold":33,"neow_bonus":"RANDOM_COMMON_RELIC","is_daily":false,"chose_seed":false,"campfire_upgraded":3,"win_rate":0.0,"timestamp":1611370902,"path_taken":["R","M","M","M","M","R","T","M","?","E","R","M","$","M","M","BOSS"],"items_purchased_type":["Card","Card","Card"],"build_version":"2020-12-22","purchased_purges":0,"victory":false,"max_hp_per_floor":[70,70,70,70,70,70,70,70,70,70,70,70,70,70,70,70,70,70],"card_choices":[{"not_picked":["bronze:Shield","bronze:Constructor"],"picked":"bronze:Overheat","floor":2},{"not_picked":["bronze:ForLoop","bronze:Overheat"],"picked":"bronze:CutThrough","floor":3},{"not_picked":["bronze:DelayedGuard","bronze:Overheat"],"picked":"bronze:OilSpill","floor":4},{"not_picked":["bronze:Return","bronze:Deprecate"],"picked":"bronze:WildBeam","floor":5},{"not_picked":["bronze:Turbo","bronze:BuggyMess"],"picked":"bronze:Assembly","floor":8},{"not_picked":["bronze:BugBarrage","bronze:Frontload"],"picked":"bronze:DarkDash","floor":10},{"not_picked":["bronze:BuggyMess","bronze:DigitalCarnage"],"picked":"bronze:Refactor","floor":12},{"not_picked":["bronze:BronzeArmor","bronze:Optimize"],"picked":"bronze:Shell","floor":13},{"not_picked":["bronze:CutThrough","bronze:Repulsor"],"picked":"bronze:WhirlingStrike","floor":14},{"not_picked":["bronze:Overheat","bronze:CutThrough"],"picked":"bronze:Turbo","floor":15}],"player_experience":634053,"relics_obtained":[{"floor":7,"key":"hexamod:BolsterEngine"},{"floor":10,"key":"Guardian:PocketSentry"}],"event_choices":[],"is_beta":false,"boss_relics":[],"items_purged_floors":[],"is_endless":false,"potions_floor_spawned":[3,5,10,14],"killed_by":"SI_SHIV_ARCHETYPE","ascension_level":0}}