{"host":"n91kx4xj3dn3811n","time":1611366592,"event":{"mods":["Act Like it!","BaseMod","Colored Powertips","Highlight Path","Minty Spire (QoL Compilation)","MostiFishMod","Quick Restart","RumiaBox-露米娅的神秘盒子","Spicy Shops","StSLib","TestMod","Waifu the Spire","[IsaacMod]以撒尖塔"],"gold_per_floor":[110,126,126,43,54,82,82,109,133,146,180,200,200,219,219,296,296,314,325,343,355,355,389,389,421,421,434,467,480,496,511,511,590,590,610,626,644,655,705,733,733,760,760,780,805,805,821,481,481,481,481,481,481,55,87,87,87],"floor_reached":56,"language":"ZHS","playtime":4000,"items_purged":["Parasite","Bash+1","Strike_R","MostiFishMod:OrdinaryWorld"],"score":2435,"play_id":"e9b4415a-1073-4e8e-adbc-8d5bef22ab2e","local_time":"20210123094952","is_ascension_mode":true,"campfire_choices":[{"data":"Offering","floor":7.0,"key":"SMITH"},{"data":"Pommel Strike","floor":15,"key":"SMITH"},{"data":"True Grit","floor":24,"key":"SMITH"},{"floor":32,"key":"RECALL"},{"data":"MostiFishMod:FlyOverUtopia","floor":41,"key":"SMITH"},{"floor":49,"key":"REST"},{"floor":53,"key":"REST"}],"circlet_count":0,"master_deck":["AscendersBane","Strike_R","Strike_R","Strike_R+1","Strike_R+1","Defend_R","Defend_R","Defend_R+1","Offering+1","Inflame","Hemokinesis","Clash","MostiFishMod:ChineseTea","Pommel Strike+1","Sword Boomerang","Thunderclap","Combust","MostiFishMod:FlyOverUtopia+1","Pummel","True Grit+1","Sever Soul","Clash","Battle Trance","Headbutt","Second Wind","Limit Break","Blood for Blood","MostiFishMod:RacingGame","True Grit+1","MostiFishMod:UltimateDefense","Second Wind","Flex+1","MostiFishMod:HellRitual+1","Rupture+1","MostiFishMod:MusicBox+1","MostiFishMod:CullingBlade"],"relics":["Burning Blood","DaveBox","testmod-TestBox","HushsDoor","HaiYi:Twilight","testmod-SaigiyounoYou","MoneyPower","SynthV:TestCard","Whetstone","testmod-BalancedPeriapt","AnarchistCookbook","ExusiaiGun","Letter Opener","UnicornStump","Strawberry","Red Mask","Runic Pyramid","Frozen Egg 2","Lantern","DoctorsRemote","ForgetMeNow","GnawedLeaf","BelialBook","War Paint","Bottled Tornado","DiscerningMonocle","SynthV:C4","testmod-Justice","Medical Kit","SatanicBible","Pear"],"acts_visited":["Exordium","TheCity","TheBeyond","TheEnding"],"potions_floor_usage":[11,12,16,16,36,42,48,56,56,56,56],"damage_taken":[{"damage":5.0,"enemies":"Small Slimes","floor":1.0,"turns":3.0},{"damage":10.0,"enemies":"2 Louse","floor":2.0,"turns":3.0},{"damage":20.0,"enemies":"Jaw Worm","floor":5.0,"turns":4.0},{"damage":28.0,"enemies":"3 Sentries","floor":6.0,"turns":5.0},{"damage":38.0,"enemies":"Lagavulin","floor":8.0,"turns":7.0},{"damage":8,"enemies":"Large Slime","floor":10,"turns":3},{"damage":15,"enemies":"3 Sentries","floor":11,"turns":4},{"damage":12,"enemies":"Lots of Slimes","floor":12,"turns":2},{"damage":0,"enemies":"2 Fungi Beasts","floor":14,"turns":2},{"damage":59,"enemies":"Hexaghost","floor":16,"turns":5},{"damage":7,"enemies":"2 Thieves","floor":18,"turns":2},{"damage":0,"enemies":"Chosen","floor":19,"turns":1},{"damage":0,"enemies":"Shelled Parasite and Fungi","floor":20,"turns":1},{"damage":4,"enemies":"Centurion and Healer","floor":21,"turns":2},{"damage":6,"enemies":"Book of Stabbing","floor":23,"turns":1},{"damage":6,"enemies":"Slavers","floor":25,"turns":1},{"damage":6,"enemies":"Chosen and Byrds","floor":27,"turns":1},{"damage":0,"enemies":"Masked Bandits","floor":28,"turns":2},{"damage":1,"enemies":"3 Cultists","floor":29,"turns":2},{"damage":0,"enemies":"Shelled Parasite and Fungi","floor":30,"turns":1},{"damage":6,"enemies":"Snake Plant","floor":31,"turns":1},{"damage":0,"enemies":"Collector","floor":33,"turns":2},{"damage":58,"enemies":"3 Shapes","floor":35,"turns":2},{"damage":22,"enemies":"3 Darklings","floor":36,"turns":3},{"damage":10,"enemies":"Transient","floor":37,"turns":6},{"damage":0,"enemies":"Spire Growth","floor":38,"turns":1},{"damage":4,"enemies":"Hiden Room Battle","floor":39,"turns":2},{"damage":10,"enemies":"Giant Head","floor":40,"turns":2},{"damage":16,"enemies":"Reptomancer","floor":42,"turns":2},{"damage":4,"enemies":"Jaw Worm Horde","floor":44,"turns":1},{"damage":4,"enemies":"Nemesis","floor":45,"turns":1},{"damage":46,"enemies":"4 Shapes","floor":47,"turns":1},{"damage":22,"enemies":"Time Eater","floor":50,"turns":2},{"damage":58,"enemies":"Donu and Deca","floor":51,"turns":3},{"damage":4,"enemies":"Shield and Spear","floor":55,"turns":1},{"damage":92,"enemies":"Delirium","floor":56,"turns":4}],"seed_played":"-7125139217900916113","potions_obtained":[{"floor":1.0,"key":"SkillPotion"},{"floor":5.0,"key":"Dexterity Potion"},{"floor":12,"key":"testmod-SpacePotion"},{"floor":14,"key":"testmod-TestPotion"},{"floor":20,"key":"PowerPotion"},{"floor":23,"key":"Block Potion"},{"floor":27,"key":"AttackPotion"},{"floor":29,"key":"ElixirPotion"},{"floor":36,"key":"Explosive Potion"},{"floor":44,"key":"Ancient Potion"}],"is_trial":false,"path_per_floor":["M","M","?","$","M","E","R","E","T","M","E","M","?","M","R","B",null,"M","M","M","M","?","E","R","E","T","M","?","M","M","M","R","B",null,"M","M","M","M","?","E","R","E","T","M","E","?","M","$","R","B","B",null,"R","$","E","B"],"character_chosen":"IRONCLAD","items_purchased":["Hemokinesis","MostiFishMod:OrdinaryWorld","War Paint","testmod-SpacePotion","Bottled Tornado","DiscerningMonocle","SynthV:C4","testmod-Justice","Medical Kit","AttackPotion","AttackPotion","SatanicBible","MostiFishMod:MusicBox+1"],"campfire_rested":2,"item_purchase_floors":[4,34,48,48,54,54,54,54,54,54,54,54,54],"current_hp_per_floor":[75,75,75,75,64,51,51,38,38,54,64,75,75,75,75,37,66,75,75,75,75,75,75,75,75,75,75,75,75,75,75,75,75,70,27,31,72,72,72,72,72,67,67,72,72,62,42,42,63,68,43,65,72,72,72,0,0],"gold":87,"neow_bonus":"UPGRADE_CARD","is_daily":false,"chose_seed":false,"campfire_upgraded":4,"win_rate":0.0,"timestamp":1611366592,"path_taken":["M","M","?","$","M","E","R","E","T","M","E","M","?","M","R","BOSS","M","M","?","M","?","E","R","E","T","M","?","?","M","M","R","BOSS","M","M","M","M","?","E","R","E","T","M","E","?","M","$","R","BOSS","BOSS","R","$","E","BOSS"],"items_purchased_type":["Card","Card","Relic","Potion","Relic","Relic","Relic","Relic","Relic","Potion","Potion","Relic","Card"],"build_version":"2020-12-22","purchased_purges":4,"victory":false,"max_hp_per_floor":[75,75,75,75,75,75,75,75,75,75,75,75,75,75,75,75,75,75,75,75,75,75,75,75,75,75,75,75,75,75,75,75,75,72,72,72,72,72,72,72,72,72,72,72,72,72,72,72,72,72,72,72,72,72,72,72,72],"card_choices":[{"not_picked":[],"picked":"Bomb","floor":0.0},{"not_picked":["Havoc","Clothesline"],"picked":"Offering","floor":1.0},{"not_picked":["Pummel","Shrug It Off","Clothesline","Heavy Blade"],"picked":"Inflame","floor":2.0},{"not_picked":["Headbutt","Rage","True Grit","Body Slam"],"picked":"Clash","floor":5.0},{"not_picked":["Bomb","Rage","Searing Blow","True Grit"],"picked":"MostiFishMod:ChineseTea","floor":6.0},{"not_picked":["Rage","Flame Barrier","Battle Trance","Bomb"],"picked":"Uppercut","floor":8.0},{"not_picked":["Shrug It Off","Pummel","Dropkick","Body Slam"],"picked":"Pommel Strike","floor":10},{"not_picked":["Shrug It Off","Dual Wield","True Grit","Seeing Red"],"picked":"Sword Boomerang","floor":11},{"not_picked":["Bloodletting","True Grit","Perfected Strike","Iron Wave"],"picked":"Thunderclap","floor":12},{"not_picked":["Wild Strike","Shockwave","Headbutt","Iron Wave"],"picked":"Combust","floor":14},{"not_picked":["MostiFishMod:WingOfPhoenix","MostiFishMod:RainCloud","Corruption","Fiend Fire"],"picked":"MostiFishMod:FlyOverUtopia","floor":16},{"not_picked":["Headbutt","Twin Strike","Heavy Blade","Cleave"],"picked":"Pummel","floor":18},{"not_picked":["Carnage","Shockwave","Clothesline","Anger"],"picked":"True Grit","floor":19},{"not_picked":["Anger","Thunderclap","Carnage","True Grit"],"picked":"Sever Soul","floor":20},{"not_picked":["Shrug It Off","Warcry+1","Barricade","Heavy Blade"],"picked":"Clash","floor":21},{"not_picked":["Shockwave","Perfected Strike","Anger","Wild Strike+1","True Grit"],"picked":"SKIP","floor":23},{"not_picked":["Wild Strike","Evolve","Shrug It Off","Barricade","Pommel Strike+1"],"picked":"SKIP","floor":25},{"not_picked":["Shockwave","Heavy Blade+1","Warcry","Iron Wave"],"picked":"Second Wind","floor":27},{"not_picked":["Dark Embrace","Sword Boomerang","Perfected Strike+1","Clash"],"picked":"Limit Break","floor":29},{"not_picked":["Twin Strike","Dropkick","Body Slam+1","Wild Strike","Combust"],"picked":"SKIP","floor":30},{"not_picked":["Fire Breathing","Uppercut+1","Dual Wield","Disarm"],"picked":"Blood for Blood","floor":31},{"not_picked":["MostiFishMod:CullingBlade","MostiFishMod:RainCloud","MostiFishMod:PerfectStrikeMKII","Reaper"],"picked":"MostiFishMod:RacingGame","floor":33},{"not_picked":["Clash+1","Searing Blow","Shrug It Off+1","Blood for Blood+1"],"picked":"True Grit+1","floor":35},{"not_picked":["Blood for Blood","Searing Blow","Clothesline","Twin Strike"],"picked":"MostiFishMod:UltimateDefense","floor":36},{"not_picked":["True Grit","Battle Trance+1","Body Slam","Reckless Charge+1"],"picked":"Second Wind","floor":37},{"not_picked":["Thunderclap+1","Pommel Strike","Clash","Sword Boomerang","Armaments"],"picked":"SKIP","floor":38},{"not_picked":["Clothesline","Searing Blow","Shrug It Off","Burning Pact"],"picked":"Flex+1","floor":40},{"not_picked":["Wild Strike+1","Havoc","Sword Boomerang","Twin Strike"],"picked":"MostiFishMod:HellRitual","floor":42},{"not_picked":["Body Slam+1","Reckless Charge","Flex+1","Shrug It Off+1"],"picked":"Rupture+1","floor":44},{"not_picked":["Clothesline","Searing Blow","MostiFishMod:#F4004","Metallicize+1","Heavy Blade+1"],"picked":"SKIP","floor":45},{"not_picked":["Headbutt","True Grit","Fire Breathing+1","Twin Strike","Second Wind"],"picked":"SKIP","floor":47},{"not_picked":["Sword Boomerang","Dual Wield","Juggernaut+1","Rage"],"picked":"MostiFishMod:CullingBlade","floor":55}],"player_experience":159241,"relics_obtained":[{"floor":1.0,"key":"SynthV:TestCard"},{"floor":6.0,"key":"Whetstone"},{"floor":8.0,"key":"testmod-BalancedPeriapt"},{"floor":11,"key":"AnarchistCookbook"},{"floor":23,"key":"Letter Opener"},{"floor":25,"key":"UnicornStump"},{"floor":26,"key":"Strawberry"},{"floor":28,"key":"Red Mask"},{"floor":39,"key":"Frozen Egg 2"},{"floor":39,"key":"Lantern"},{"floor":40,"key":"DoctorsRemote"},{"floor":42,"key":"ForgetMeNow"},{"floor":43,"key":"GnawedLeaf"},{"floor":45,"key":"BelialBook"},{"floor":55,"key":"Pear"}],"event_choices":[{"damage_healed":0.0,"max_hp_gain":0.0,"max_hp_loss":0.0,"gold_gain":0.0,"event_name":"The Cleric","player_choice":"Leave","floor":3.0,"gold_loss":0.0,"damage_taken":0.0},{"damage_healed":18,"gold_gain":0,"player_choice":"Healed and dodged fight","damage_taken":0,"max_hp_gain":0,"max_hp_loss":0,"event_name":"Mushrooms","floor":13,"gold_loss":0,"cards_obtained":["Parasite"]},{"damage_healed":0,"gold_gain":0,"cards_transformed":["Uppercut","Defend_R"],"player_choice":"Became Test Subject","damage_taken":0,"max_hp_gain":0,"max_hp_loss":0,"event_name":"Drug Dealer","floor":22,"gold_loss":0,"cards_obtained":["Battle Trance","Headbutt"]},{"damage_healed":0,"gold_gain":0,"player_choice":"Fought Bandits","damage_taken":0,"max_hp_gain":0,"max_hp_loss":0,"event_name":"Masked Bandits","floor":28,"gold_loss":0},{"damage_healed":0,"gold_gain":0,"player_choice":"Fight","damage_taken":0,"max_hp_gain":0,"max_hp_loss":0,"event_name":"HidenRoomEvent","floor":39,"gold_loss":0},{"damage_healed":0,"gold_gain":0,"player_choice":"Damaged","damage_taken":10,"max_hp_gain":0,"max_hp_loss":0,"event_name":"Wheel of Change","floor":46,"gold_loss":0}],"is_beta":false,"boss_relics":[{"not_picked":["testmod-DreamHouse","TakeMeEscape"],"picked":"ExusiaiGun"},{"not_picked":[]},{"not_picked":["ChampionBelt","RhineFirstAidKit"],"picked":"Runic Pyramid"},{"not_picked":[]}],"items_purged_floors":[34,48,48,54],"is_endless":false,"potions_floor_spawned":[1,5,10,12,14,20,23,27,29,31,36,44,47,55],"killed_by":"Delirium","ascension_level":20}}