{"host":"fworv1gvvajf3x0f","time":1611376098,"event":{"mods":["AchievementEnabler","Aspiration","BaseMod","Better Match","Better Note","Better Sensory Stone","Better Third Choice","Better Vampires","Better-Laid Plans","BetterRewards","Colored Map","Colored Powertips","Displayed Cursed Tome","Energized Spire","Good Game Mod","Highlight Path","Infinite Spire","Minty Spire (QoL Compilation)","Poor People Problems","Relic Stats","Replay The Spire","Spicy Shops","StSLib"],"gold_per_floor":[110,185,4,37,92,92,111,111,158,158,198,229,266,37,37,142,142,153,153,153,153],"floor_reached":20,"language":"ZHS","playtime":1285,"items_purged":[],"score":290,"play_id":"b2392b4a-d919-4573-811a-f217e437bca9","local_time":"20210123122818","is_ascension_mode":true,"campfire_choices":[{"data":"Eruption","floor":6,"key":"SMITH"},{"data":"Phantasmal Killer","floor":8,"key":"SMITH"},{"data":"Study","floor":10,"key":"SMITH"},{"data":"Scrawl","floor":15,"key":"SMITH"}],"circlet_count":0,"master_deck":["Strike_P","Strike_P","Strike_P","Defend_P","Defend_P","Defend_P","Eruption+1","Vigilance","Study+1","HandOfGreed","Conclude","Conclude","Crescendo","Tantrum","ReachHeaven","Phantasmal Killer+1","Collect","Replay:BluntJabs","Vengeance","EmptyFist","LikeWater","Scrawl+1","FearNoEvil","Brilliance","Wallop","Replay:AllIn","ClearTheMind"],"relics":["PureWater","REME:ComplimentaryCards","infinitespire:Lychee Nut","aspiration:TomeofQuesting","Medical Kit","PreservedInsect","Lantern","Orrery","Replay:Baseball","Empty Cage"],"acts_visited":["Exordium","TheCity"],"potions_floor_usage":[16,16,16],"damage_taken":[{"damage":0,"enemies":"Small Slimes","floor":1,"turns":1},{"damage":0,"enemies":"Jaw Worm","floor":4,"turns":3},{"damage":11,"enemies":"2 Louse","floor":7,"turns":2},{"damage":13,"enemies":"Blue Slaver","floor":11,"turns":2},{"damage":0,"enemies":"Gremlin Gang","floor":12,"turns":1},{"damage":0,"enemies":"Exordium Thugs","floor":13,"turns":2},{"damage":17,"enemies":"The Guardian","floor":16,"turns":6},{"damage":45,"enemies":"3 Byrds","floor":18,"turns":4},{"damage":17,"enemies":"Shell Parasite","floor":20,"turns":2}],"seed_played":"-4515397386972687959","potions_obtained":[{"floor":4,"key":"Adrenaline Potion"},{"floor":5,"key":"GamblersBrew"},{"floor":5,"key":"Dexterity Potion"},{"floor":13,"key":"Regen Potion"},{"floor":19,"key":"Dexterity Potion"},{"floor":19,"key":"EssenceOfSteel"},{"floor":19,"key":"LiquidBronze"}],"is_trial":false,"path_per_floor":["M","?","$","M","?","R","M","R","T","R","M","M","M","$","R","B",null,"M","?","M"],"character_chosen":"WATCHER","items_purchased":["Study","HandOfGreed","Conclude","aspiration:TomeofQuesting","Crescendo","Medical Kit","ReachHeaven","Orrery","Replay:Baseball"],"campfire_rested":0,"item_purchase_floors":[0,0,0,0,0,3,3,14,14],"current_hp_per_floor":[54,43,43,48,35,35,27,27,27,27,17,17,20,20,20,14,54,10,10,0,0],"gold":153,"neow_bonus":"","is_daily":false,"chose_seed":false,"campfire_upgraded":4,"win_rate":0.0,"timestamp":1611376098,"path_taken":["M","?","$","M","?","R","M","R","T","R","M","M","M","$","R","BOSS","M","?","M"],"items_purchased_type":["Card","Card","Card","Relic","Card","Relic","Card","Relic","Relic"],"build_version":"2020-12-22","purchased_purges":0,"victory":false,"max_hp_per_floor":[54,54,54,54,54,54,54,54,54,54,54,54,54,54,54,54,54,54,54,54,54],"relic_stats":{"counters":[165,688],"PreservedInsect":0,"Medical Kit":[0],"obtain_stats":[{"Golden Egg":31,"energizedSpire:UnstableMolecules":34,"Vampiric Spirits":29,"Whetstone":6,"Ginger":26,"Boot":40,"aspiration:RitualStick":19,"Ring of Searing":11,"Old Coin":6,"Blood Vial":8,"aspiration:PoetsPen":51,"aspiration:BabyByrd":7,"MealTicket":13,"infinitespire:Golems Mask":7,"Fusion Hammer":17,"HandDrill":0,"Kunai":31,"Pear":54,"Counterbalance":5,"Velvet Choker":34,"infinitespire:Magic Flask":10,"Akabeko":29,"aspiration:FrozenJewel":47,"Snecko Scales":29,"infinitespire:Lychee Nut":0,"ReplayTheSpireMod:Ring of Collecting":12,"Bird Faced Urn":0,"Snecko Eye":34,"Pandora\u0027s Box":17,"CultistMask":14,"Unceasing Top":0,"energizedSpire:PogoStick":34,"Lantern":9,"King of Hearts":0,"Smiling Mask":7,"Burning Blood":0,"Pet Ghost":9,"Ring of Peace":20,"aspiration:AnachronicSnailShell":46,"Replay:Lucky Slots":24,"WingedGreaves":40,"energizedSpire:HugeHouse":17,"aspiration:FutureDiary":26,"Ring of Panic":11,"Ring of the Snake":0,"NeowsBlessing":0,"Self Forming Clay":9,"betterThird:NestCultRelic":21,"PreservedInsect":23,"infinitespire:Lucky Rock":20,"Ornamental Fan":54,"betterThird:SlimedRelic":4,"Orrery":53,"Art of War":7,"Garlic":12,"Bottled Lightning":26,"Champion Belt":42,"ReplayTheSpireMod:Ring of Challenge":26,"ReplayTheSpireMod:Lightbulb":36,"Toy Ornithopter":28,"infinitespire:Midas Blood":9,"Divine Protection":28,"Calipers":26,"CeramicFish":47,"Vajra":9,"Lizard Tail":9,"Honey Jar":17,"aspiration:ArtOfWarUpgrade":10,"Ring of Hypnosis":12,"Happy Flower":53,"ReplayTheSpireMod:CursedCoin":10,"Dead Branch":27,"aspiration:SeaSaltIceCream":26,"Letter Opener":30,"Replay:Baseball":14,"Shuriken":9,"Bronze Scales":42,"Molten Egg 2":7,"Simple Rune":43,"Onion Ring":46,"infinitespire:EmpoweringShard":19,"Grinning Jar":0,"Pocketwatch":0,"ReplayFunnel":53,"ReplayTheSpireMod:Ring of Exchange":22,"Snecko Heart":17,"aspiration:TomeofQuesting":0,"Incense Burner":36,"Empty Cage":17,"PrismaticShard":27,"ReplayTheSpireMod:EnergyBall":27,"Replay:Bandana":10,"energizedSpire:CursedPentagram":17,"Chameleon Ring":23,"Mummified Hand":53,"infinitespire:Chaos":0,"Cracked Core":0,"Gremlin Food":36,"aspiration:FetidBarrel":46,"infinitespire:CursedDice":42,"Guide Book":36,"Quantum Egg":2,"infinitespire:EmptyRelic":0,"Odd Mushroom":8,"Orichalcum":0,"Medical Kit":11,"White Beast Statue":0,"Mercury Hourglass":23,"Strange Spoon":31,"REME:ComplimentaryCards":0,"aspiration:WatcherSkillbook":34,"infinitespire:Satchel":12,"Bag of Marbles":41,"Membership Card":0,"PureWater":0,"FossilizedHelix":20},{"Golden Egg":119,"energizedSpire:UnstableMolecules":146,"Vampiric Spirits":35,"Whetstone":57,"Ginger":142,"Boot":148,"aspiration:RitualStick":62,"Ring of Searing":82,"Old Coin":132,"Blood Vial":133,"aspiration:PoetsPen":46,"aspiration:BabyByrd":67,"MealTicket":26,"infinitespire:Golems Mask":81,"Fusion Hammer":112,"HandDrill":64,"Kunai":145,"Pear":155,"Counterbalance":131,"Velvet Choker":94,"infinitespire:Magic Flask":23,"Akabeko":13,"aspiration:FrozenJewel":44,"Snecko Scales":35,"infinitespire:Lychee Nut":156,"ReplayTheSpireMod:Ring of Collecting":6,"Bird Faced Urn":53,"Snecko Eye":120,"Pandora\u0027s Box":73,"CultistMask":6,"Unceasing Top":18,"energizedSpire:PogoStick":14,"Lantern":159,"King of Hearts":104,"Smiling Mask":23,"Burning Blood":0,"Pet Ghost":133,"Ring of Peace":9,"aspiration:AnachronicSnailShell":126,"Replay:Lucky Slots":77,"WingedGreaves":97,"energizedSpire:HugeHouse":61,"aspiration:FutureDiary":12,"Ring of Panic":82,"Ring of the Snake":0,"NeowsBlessing":0,"Self Forming Clay":53,"betterThird:NestCultRelic":76,"PreservedInsect":88,"infinitespire:Lucky Rock":9,"Ornamental Fan":103,"betterThird:SlimedRelic":131,"Orrery":154,"Art of War":53,"Garlic":83,"Bottled Lightning":90,"Champion Belt":98,"ReplayTheSpireMod:Ring of Challenge":12,"ReplayTheSpireMod:Lightbulb":95,"Toy Ornithopter":117,"infinitespire:Midas Blood":23,"Divine Protection":13,"Calipers":33,"CeramicFish":152,"Vajra":107,"Lizard Tail":5,"Honey Jar":137,"aspiration:ArtOfWarUpgrade":53,"Ring of Hypnosis":6,"Happy Flower":154,"ReplayTheSpireMod:CursedCoin":23,"Dead Branch":143,"aspiration:SeaSaltIceCream":12,"Letter Opener":92,"Replay:Baseball":162,"Shuriken":81,"Bronze Scales":149,"Molten Egg 2":4,"Simple Rune":124,"Onion Ring":126,"infinitespire:EmpoweringShard":113,"Grinning Jar":18,"Pocketwatch":47,"ReplayFunnel":102,"ReplayTheSpireMod:Ring of Exchange":30,"Snecko Heart":85,"aspiration:TomeofQuesting":156,"Incense Burner":39,"Empty Cage":7,"PrismaticShard":12,"ReplayTheSpireMod:EnergyBall":90,"Replay:Bandana":23,"energizedSpire:CursedPentagram":28,"Chameleon Ring":31,"Mummified Hand":154,"infinitespire:Chaos":53,"Cracked Core":0,"Gremlin Food":39,"aspiration:FetidBarrel":100,"infinitespire:CursedDice":124,"Guide Book":39,"Quantum Egg":130,"infinitespire:EmptyRelic":53,"Odd Mushroom":68,"Orichalcum":104,"Medical Kit":58,"White Beast Statue":53,"Mercury Hourglass":11,"Strange Spoon":13,"REME:ComplimentaryCards":0,"aspiration:WatcherSkillbook":38,"infinitespire:Satchel":110,"Bag of Marbles":42,"Membership Card":18,"PureWater":53,"FossilizedHelix":138},{"Golden Egg":525,"energizedSpire:UnstableMolecules":633,"Vampiric Spirits":170,"Whetstone":242,"Ginger":617,"Boot":641,"aspiration:RitualStick":272,"Ring of Searing":346,"Old Coin":582,"Blood Vial":585,"aspiration:PoetsPen":208,"aspiration:BabyByrd":291,"MealTicket":124,"infinitespire:Golems Mask":344,"Fusion Hammer":482,"HandDrill":280,"Kunai":626,"Pear":664,"Counterbalance":579,"Velvet Choker":389,"infinitespire:Magic Flask":112,"Akabeko":55,"aspiration:FrozenJewel":199,"Snecko Scales":170,"infinitespire:Lychee Nut":665,"ReplayTheSpireMod:Ring of Collecting":18,"Bird Faced Urn":233,"Snecko Eye":533,"Pandora\u0027s Box":318,"CultistMask":18,"Unceasing Top":95,"energizedSpire:PogoStick":66,"Lantern":671,"King of Hearts":435,"Smiling Mask":112,"Burning Blood":0,"Pet Ghost":585,"Ring of Peace":38,"aspiration:AnachronicSnailShell":561,"Replay:Lucky Slots":332,"WingedGreaves":399,"energizedSpire:HugeHouse":265,"aspiration:FutureDiary":49,"Ring of Panic":346,"Ring of the Snake":0,"NeowsBlessing":0,"Self Forming Clay":233,"betterThird:NestCultRelic":327,"PreservedInsect":371,"infinitespire:Lucky Rock":38,"Ornamental Fan":428,"betterThird:SlimedRelic":579,"Orrery":662,"Art of War":233,"Garlic":349,"Bottled Lightning":376,"Champion Belt":403,"ReplayTheSpireMod:Ring of Challenge":49,"ReplayTheSpireMod:Lightbulb":391,"Toy Ornithopter":514,"infinitespire:Midas Blood":112,"Divine Protection":55,"Calipers":160,"CeramicFish":655,"Vajra":447,"Lizard Tail":16,"Honey Jar":598,"aspiration:ArtOfWarUpgrade":233,"Ring of Hypnosis":18,"Happy Flower":662,"ReplayTheSpireMod:CursedCoin":112,"Dead Branch":621,"aspiration:SeaSaltIceCream":49,"Letter Opener":381,"Replay:Baseball":676,"Shuriken":344,"Bronze Scales":645,"Molten Egg 2":11,"Simple Rune":551,"Onion Ring":561,"infinitespire:EmpoweringShard":489,"Grinning Jar":95,"Pocketwatch":209,"ReplayFunnel":422,"ReplayTheSpireMod:Ring of Exchange":147,"Snecko Heart":361,"aspiration:TomeofQuesting":665,"Incense Burner":184,"Empty Cage":29,"PrismaticShard":49,"ReplayTheSpireMod:EnergyBall":376,"Replay:Bandana":112,"energizedSpire:CursedPentagram":138,"Chameleon Ring":153,"Mummified Hand":662,"infinitespire:Chaos":233,"Cracked Core":0,"Gremlin Food":184,"aspiration:FetidBarrel":413,"infinitespire:CursedDice":551,"Guide Book":184,"Quantum Egg":577,"infinitespire:EmptyRelic":233,"Odd Mushroom":295,"Orichalcum":435,"Medical Kit":247,"White Beast Statue":233,"Mercury Hourglass":46,"Strange Spoon":55,"REME:ComplimentaryCards":0,"aspiration:WatcherSkillbook":181,"infinitespire:Satchel":465,"Bag of Marbles":193,"Membership Card":95,"PureWater":233,"FossilizedHelix":601}]},"card_choices":[{"not_picked":["CrushJoints","Evaluate"],"picked":"Tantrum","floor":1},{"not_picked":["Replay:AtTheReady","BowlingBash"],"picked":"Collect","floor":4},{"not_picked":["Protect","Replay:Hum"],"picked":"Replay:BluntJabs","floor":5},{"not_picked":["FlyingSleeves","Replay:DivineShield"],"picked":"Vengeance","floor":7},{"not_picked":["SpiritShield","Replay:DivineShield"],"picked":"EmptyFist","floor":11},{"not_picked":["ForeignInfluence","SashWhip","Consecrate"],"picked":"SKIP","floor":12},{"not_picked":["PathToVictory","ThirdEye"],"picked":"LikeWater","floor":13},{"not_picked":["Crescendo","CrushJoints"],"picked":"Scrawl","floor":14},{"not_picked":["Indignation","Wallop"],"picked":"FearNoEvil","floor":14},{"not_picked":["PathToVictory","Replay:BluntJabs"],"picked":"Brilliance","floor":14},{"not_picked":["Replay:Vibes","CutThroughFate"],"picked":"Wallop","floor":14},{"not_picked":["Ragnarok","SpiritShield"],"picked":"Replay:AllIn","floor":16},{"not_picked":["Consecrate+1","Halt"],"picked":"ClearTheMind","floor":18}],"player_experience":293763,"relics_obtained":[{"floor":5,"key":"PreservedInsect"},{"floor":9,"key":"Lantern"}],"event_choices":[{"damage_healed":0,"gold_gain":75,"player_choice":"Gold","damage_taken":11,"max_hp_gain":0,"max_hp_loss":0,"event_name":"betterThird:BetterGoop","floor":2,"gold_loss":0},{"damage_healed":0,"gold_gain":0,"player_choice":"Got Potions","damage_taken":0,"max_hp_gain":0,"max_hp_loss":0,"event_name":"Lab","floor":19,"gold_loss":0}],"is_beta":false,"boss_relics":[{"not_picked":["Sozu","energizedSpire:StickyHand"],"picked":"Empty Cage"}],"items_purged_floors":[],"is_endless":false,"potions_floor_spawned":[4,7,13],"killed_by":"Shell Parasite","ascension_level":2}}