{"host":"sy26bfguqtls01um","time":1611383696,"event":{"mods":["BaseMod","DeckTracker","Hermit","Minty Spire (QoL Compilation)","Random Character Button","StSLib","SuperFastMode","The Hierophant","The Necromancer","The Servant 0.9.4","The Wild Card"],"gold_per_floor":[116,133,283,71,86,414,414,434,503,522,533,95,114,143,143,221,221,237,253,71,71,87,87,119,119,119,119,144,144,173,184,184,258,258,269,315,340,340,265,283,283,296,296,296,315,237,237,237],"floor_reached":47,"language":"KOR","playtime":2804,"items_purged":["Doubt","Strike_W","Parasite"],"score":1175,"play_id":"64c0c350-463f-4643-b1bc-72edcad4ce5e","local_time":"20210123153456","is_ascension_mode":true,"campfire_choices":[{"data":"Summon_Vampire_Lady","floor":7.0,"key":"SMITH"},{"data":"Apotheosis","floor":15.0,"key":"SMITH"},{"data":"Sadistic Nature","floor":23.0,"key":"SMITH"},{"floor":25.0,"key":"RECALL"},{"floor":29.0,"key":"REST"},{"floor":32.0,"key":"REST"},{"floor":41.0,"key":"REST"}],"circlet_count":0,"master_deck":["AscendersBane","Negative_Energy_Arrows","Bone_Wall","Summon_Vampire_Lady+1","Life_Drain","Negative_Energy_Mist","Sadistic Nature+1","Negative_Energy_Javelin","Negative_Energy_Shield","Negative_Energy_Mist","Negative_Energy_Sphere","Apotheosis+1","Violent_Necrosis","Blood_Wake","Bone_Shift","Reap_The_Weak","Bone_Shift","Summon_Lich","Writhe","Negative_Energy_Mist","Spectral_Walk","Consume_Illness","Negative_Energy_Shield","Negative_Energy_Sphere+1","Corrupt","Spectral_Armor","Scare"],"relics":["Vampire_Amulet","Old Coin","Letter Opener","Membership Card","Strawberry","Empty Cage","Bottled Tornado","Bronze Scales","Blue Candle","Dream Catcher","Sundial","Bag of Preparation","Fusion Hammer","Unceasing Top","TungstenRod","White Beast Statue"],"acts_visited":["Exordium","TheCity","TheBeyond"],"potions_floor_usage":[43],"damage_taken":[{"damage":3.0,"enemies":"Small Slimes","floor":1.0,"turns":4.0},{"damage":18.0,"enemies":"Jaw Worm","floor":2.0,"turns":5.0},{"damage":8.0,"enemies":"2 Louse","floor":5.0,"turns":4.0},{"damage":72.0,"enemies":"3 Sentries","floor":6.0,"turns":11.0},{"damage":13.0,"enemies":"Blue Slaver","floor":8.0,"turns":3.0},{"damage":10.0,"enemies":"2 Fungi Beasts","floor":10.0,"turns":3.0},{"damage":13.0,"enemies":"Lots of Slimes","floor":11.0,"turns":3.0},{"damage":9.0,"enemies":"Looter","floor":13.0,"turns":3.0},{"damage":36.0,"enemies":"Gremlin Nob","floor":14.0,"turns":4.0},{"damage":22.0,"enemies":"The Guardian","floor":16.0,"turns":10.0},{"damage":19.0,"enemies":"Spheric Guardian","floor":18.0,"turns":5.0},{"damage":13.0,"enemies":"Chosen","floor":19.0,"turns":5.0},{"damage":15.0,"enemies":"Snake Plant","floor":22.0,"turns":3.0},{"damage":0.0,"enemies":"Gremlin Leader","floor":24.0,"turns":5.0},{"damage":51.0,"enemies":"Slavers","floor":28.0,"turns":3.0},{"damage":3.0,"enemies":"Gremlin Leader","floor":30.0,"turns":6.0},{"damage":49.0,"enemies":"Shelled Parasite and Fungi","floor":31.0,"turns":5.0},{"damage":32.0,"enemies":"Collector","floor":33.0,"turns":7.0},{"damage":7.0,"enemies":"3 Shapes","floor":35.0,"turns":1.0},{"damage":48.0,"enemies":"2 Orb Walkers","floor":36.0,"turns":3.0},{"damage":0.0,"enemies":"Mind Bloom Boss Battle","floor":37.0,"turns":5.0},{"damage":3.0,"enemies":"3 Darklings","floor":40.0,"turns":3.0},{"damage":39.0,"enemies":"Sphere and 2 Shapes","floor":42.0,"turns":5.0},{"damage":0,"enemies":"Giant Head","floor":43,"turns":1},{"damage":41,"enemies":"Writhing Mass","floor":45,"turns":5},{"damage":43,"enemies":"Jaw Worm Horde","floor":47,"turns":2}],"seed_played":"-1630382141353794177","potions_obtained":[{"floor":2.0,"key":"DistilledChaos"},{"floor":6.0,"key":"SmokeBomb"},{"floor":16.0,"key":"AttackPotion"},{"floor":28.0,"key":"Explosive Potion"},{"floor":31.0,"key":"PowerPotion"},{"floor":35.0,"key":"Dexterity Potion"},{"floor":45,"key":"CultistPotion"}],"is_trial":false,"path_per_floor":["M","M","?","$","M","E","R","M","T","M","M","$","M","E","R","B",null,"M","M","$","?","M","R","E","R","T","?","E","R","E","M","R","B",null,"M","?","?","?","?","M","R","M","E","T","M","$","M"],"character_chosen":"NECROMANCER","items_purchased":["Sadistic Nature","Apotheosis","Membership Card","Bottled Tornado","Scare"],"campfire_rested":3,"item_purchase_floors":[4,12,12,20,46],"current_hp_per_floor":[56,64,64,64,71,38,38,33,33,30,33,33,32,20,20,28,66,58,68,68,68,61,61,78,78,78,78,36,59,78,42,65,57,73,72,28,45,45,45,44,67,52,52,52,25,25,0,0],"gold":237,"neow_bonus":"TRANSFORM_TWO_CARDS","is_daily":false,"chose_seed":false,"campfire_upgraded":3,"win_rate":0.0,"timestamp":1611383696,"path_taken":["M","M","?","$","M","E","R","M","T","M","M","$","M","E","R","BOSS","M","M","$","?","M","R","E","R","T","?","E","R","E","M","R","BOSS","M","?","?","?","?","M","R","M","E","T","M","$","?"],"items_purchased_type":["Card","Card","Relic","Relic","Card"],"build_version":"2020-12-22","purchased_purges":3,"victory":false,"max_hp_per_floor":[71,71,71,71,71,71,71,71,71,71,71,71,71,78,78,78,78,78,78,78,78,78,78,78,78,78,78,78,78,78,78,78,78,78,78,78,78,78,78,78,78,78,78,78,78,75,75,75],"card_choices":[{"not_picked":["Vampiric_Strike","Blood_Curse","Bones_to_Steel"],"picked":"SKIP","floor":1.0},{"not_picked":["Bone_Armory","Bone_Spikes"],"picked":"Negative_Energy_Mist","floor":2.0},{"not_picked":["Blood_Curse","Vampiric_Strike"],"picked":"Negative_Energy_Javelin","floor":5.0},{"not_picked":["Bone_Bullets","Death_March_Dance"],"picked":"Negative_Energy_Shield","floor":6.0},{"not_picked":["Reap_The_Weak","Bones_to_Steel"],"picked":"Negative_Energy_Mist","floor":8.0},{"not_picked":["Finger_Of_Death","Flesh_Made_Foul","Bone_Spikes"],"picked":"SKIP","floor":10.0},{"not_picked":["Scare","Chill_Blood"],"picked":"Negative_Energy_Sphere","floor":11.0},{"not_picked":["Bones_to_Steel","Negative_Energy_Mist"],"picked":"Violent_Necrosis","floor":13.0},{"not_picked":["Shackles_Of_Pain","Bone_Shift"],"picked":"Blood_Wake","floor":14.0},{"not_picked":["Vampiric_Strike","Bone_Armor"],"picked":"Bone_Shift","floor":18.0},{"not_picked":["Bone_Shift","Thousand_Bone_Knives","Consume_Illness"],"picked":"SKIP","floor":19.0},{"not_picked":["Reap_The_Weak","Negative_Energy_Sphere","Death_Knell+1"],"picked":"SKIP","floor":22.0},{"not_picked":["Skeleton_Dragon","Bones_to_Steel"],"picked":"Summon_Lich","floor":24.0},{"not_picked":["Necromantic_Selection","Flesh_Made_Foul","Bone_Armory"],"picked":"SKIP","floor":28.0},{"not_picked":["Blood_Whip","Negative_Energy_Javelin"],"picked":"Negative_Energy_Mist","floor":29.0},{"not_picked":["Whirlwind_of_Bones","Chill_Blood"],"picked":"Spectral_Walk","floor":30.0},{"not_picked":["Bone_Bullets","Shackles_Of_Pain"],"picked":"Consume_Illness","floor":31.0},{"not_picked":["Bone_Armory","Negative_Energy_Javelin"],"picked":"Negative_Energy_Shield","floor":32.0},{"not_picked":["Bone_Bullets","Negative_Energy_Mist+1"],"picked":"Negative_Energy_Sphere+1","floor":35.0},{"not_picked":["Bone_Spikes","Necromantic_Selection"],"picked":"Corrupt","floor":37.0},{"not_picked":["Necromantic_Selection","Negative_Energy_Sphere"],"picked":"Spectral_Armor","floor":40.0},{"not_picked":["Negative_Energy_Javelin","Chill_Blood","Skeleton_Dragon"],"picked":"SKIP","floor":42.0},{"not_picked":["Finger_Of_Death","Bone_Bullets","Flesh_Made_Foul"],"picked":"SKIP","floor":45}],"player_experience":1883013,"relics_obtained":[{"floor":6.0,"key":"Old Coin"},{"floor":9.0,"key":"Letter Opener"},{"floor":14.0,"key":"Strawberry"},{"floor":24.0,"key":"Bronze Scales"},{"floor":26.0,"key":"Blue Candle"},{"floor":28.0,"key":"Sundial"},{"floor":30.0,"key":"Bag of Preparation"},{"floor":36.0,"key":"Unceasing Top"},{"floor":37.0,"key":"TungstenRod"},{"floor":44,"key":"White Beast Statue"}],"event_choices":[{"damage_healed":0.0,"max_hp_gain":0.0,"max_hp_loss":0.0,"gold_gain":150.0,"event_name":"Liars Game","player_choice":"AGREE","floor":3.0,"gold_loss":0.0,"damage_taken":0.0,"cards_obtained":["Doubt"]},{"damage_healed":0.0,"max_hp_gain":0.0,"max_hp_loss":0.0,"gold_gain":0.0,"cards_transformed":["Defend_W","Defend_W"],"event_name":"Drug Dealer","player_choice":"Became Test Subject","floor":21.0,"gold_loss":0.0,"damage_taken":0.0,"cards_obtained":["Reap_The_Weak","Bone_Shift"]},{"damage_healed":0.0,"max_hp_gain":0.0,"max_hp_loss":0.0,"gold_gain":0.0,"event_name":"The Mausoleum","player_choice":"Opened","floor":27.0,"gold_loss":0.0,"damage_taken":0.0,"relics_obtained":["Dream Catcher"],"cards_obtained":["Writhe"]},{"damage_healed":0.0,"max_hp_gain":0.0,"max_hp_loss":0.0,"gold_gain":0.0,"event_name":"Mysterious Sphere","player_choice":"Fight","floor":36.0,"gold_loss":0.0,"damage_taken":0.0},{"damage_healed":0.0,"max_hp_gain":0.0,"max_hp_loss":0.0,"gold_gain":0.0,"event_name":"MindBloom","player_choice":"Fight","floor":37.0,"gold_loss":0.0,"damage_taken":0.0},{"damage_healed":0.0,"max_hp_gain":0.0,"max_hp_loss":0.0,"gold_gain":0.0,"event_name":"Tomb of Lord Red Mask","player_choice":"Ignored","floor":38.0,"gold_loss":0.0,"damage_taken":0.0},{"cards_removed":["Defend_W"],"damage_healed":0.0,"max_hp_gain":0.0,"max_hp_loss":0.0,"gold_gain":0.0,"event_name":"Designer","player_choice":"Single Remove","floor":39.0,"gold_loss":75.0,"damage_taken":0.0}],"is_beta":false,"boss_relics":[{"not_picked":["Ectoplasm","Coffee Dripper"],"picked":"Empty Cage"},{"not_picked":["Black Star","SlaversCollar"],"picked":"Fusion Hammer"}],"items_purged_floors":[12,20,46],"is_endless":false,"potions_floor_spawned":[2,6,10,14,16,28,30,31,35,37,43,45],"killed_by":"Jaw Worm Horde","ascension_level":20}}