{"host":"ejd7fmryc2gtg4h9","time":1611426189,"event":{"mods":["AchievementEnabler","BaseMod","BetterRewards","Colored Map","Colored Powertips","Custom Start","Downfall","Hubris","Minty Spire (QoL Compilation)","Rare Cards Sparkle","StSLib"],"gold_per_floor":[109,123,139,314,327,327,327,343,369,369,403,52,72,91,91,91,91],"floor_reached":16,"language":"ENG","playtime":1116,"items_purged":["Strike_P"],"score":104,"play_id":"e5579d62-d1b2-4222-9e44-17f91efb2aea","local_time":"20210123132309","is_ascension_mode":false,"campfire_choices":[{"data":"Eruption","floor":6,"key":"SMITH"},{"data":"FlurryOfBlows","floor":10,"key":"SMITH"},{"data":"Omniscience","floor":15,"key":"SMITH"}],"circlet_count":0,"master_deck":["Strike_P","Strike_P","Strike_P","Defend_P","Defend_P","Defend_P","Defend_P","Eruption+1","Vigilance","FlurryOfBlows+1","Omniscience+1","Consecrate","Doubt","CrushJoints","ReachHeaven","SashWhip","Worship","Consecrate","Meditate","WheelKick"],"relics":["PureWater","Blood Vial","Centennial Puzzle","Bag of Preparation"],"acts_visited":["Exordium"],"potions_floor_usage":[],"damage_taken":[{"damage":0,"enemies":"Small Slimes","floor":1,"turns":2},{"damage":0,"enemies":"2 Louse","floor":2,"turns":2},{"damage":0,"enemies":"Cultist","floor":3,"turns":2},{"damage":6,"enemies":"Gremlin Gang","floor":5,"turns":4},{"damage":6,"enemies":"Exordium Wildlife","floor":8,"turns":3},{"damage":40,"enemies":"Lagavulin","floor":11,"turns":6},{"damage":0,"enemies":"Looter","floor":13,"turns":1},{"damage":10,"enemies":"Gremlin Gang","floor":14,"turns":2},{"damage":27,"enemies":"The Guardian","floor":16,"turns":3}],"seed_played":"-7647314023213490841","potions_obtained":[{"floor":5,"key":"Regen Potion"},{"floor":7,"key":"BlessingOfTheForge"},{"floor":7,"key":"FearPotion"},{"floor":7,"key":"bronze:BurnAndBuffPotion"},{"floor":14,"key":"Ambrosia"}],"is_trial":false,"path_per_floor":["M","M","M","?","M","R","?","M","T","R","E","$","M","M","R","B"],"character_chosen":"WATCHER","items_purchased":["Bag of Preparation","Worship","Consecrate"],"campfire_rested":0,"item_purchase_floors":[12,12,12],"current_hp_per_floor":[79,79,79,79,73,73,73,67,67,67,29,29,31,23,23,0,0],"gold":91,"neow_bonus":"TEN_PERCENT_HP_BONUS","is_daily":false,"chose_seed":false,"campfire_upgraded":3,"win_rate":0.0,"timestamp":1611426189,"path_taken":["M","M","M","?","M","R","?","M","T","R","E","$","?","?","R","BOSS"],"items_purchased_type":["Relic","Card","Card"],"build_version":"2020-12-22","purchased_purges":1,"victory":false,"max_hp_per_floor":[79,79,79,79,79,79,79,79,79,79,79,79,79,79,79,79,79],"card_choices":[{"not_picked":["BowlingBash","Consecrate"],"picked":"FlurryOfBlows","floor":1},{"not_picked":["EmptyBody","Protect"],"picked":"Omniscience","floor":2},{"not_picked":["Halt","Protect"],"picked":"Consecrate","floor":3},{"not_picked":["Vengeance","WindmillStrike"],"picked":"CrushJoints","floor":5},{"not_picked":["JustLucky","Protect"],"picked":"ReachHeaven","floor":8},{"not_picked":["FlyingSleeves","Protect"],"picked":"SashWhip","floor":11},{"not_picked":["Evaluate","Swivel"],"picked":"Meditate","floor":13},{"not_picked":["SashWhip","SignatureMove"],"picked":"WheelKick","floor":14}],"player_experience":79432,"relics_obtained":[{"floor":9,"key":"Blood Vial"},{"floor":11,"key":"Centennial Puzzle"}],"event_choices":[{"damage_healed":0,"gold_gain":175,"player_choice":"AGREE","damage_taken":0,"max_hp_gain":0,"max_hp_loss":0,"event_name":"Liars Game","floor":4,"gold_loss":0,"cards_obtained":["Doubt"]},{"damage_healed":0,"gold_gain":0,"player_choice":"Got Potions","damage_taken":0,"max_hp_gain":0,"max_hp_loss":0,"event_name":"Lab","floor":7,"gold_loss":0}],"is_beta":false,"boss_relics":[],"items_purged_floors":[12],"is_endless":false,"potions_floor_spawned":[5,13,14],"killed_by":"The Guardian","ascension_level":0}}