{"host":"37ccm3d17clopct7","time":1611420591,"event":{"mods":["BaseMod","Lobotomy","Minty Spire (QoL Compilation)","StSLib","The Bug Knight","The Cursed","The Hierophant","The Runesmith"],"gold_per_floor":[117,3,3,22,36,36,36,36,63,74,74,91,105,105,105,105,105],"floor_reached":16,"language":"KOR","playtime":1249,"items_purged":["SpecialBullet"],"score":92,"play_id":"355bc844-f6dc-4e0b-9c26-4e79f9ebed54","local_time":"20210124014951","is_ascension_mode":false,"campfire_choices":[{"floor":11,"key":"REST"}],"circlet_count":0,"master_deck":["SpecialBullet","SpecialBullet","SpecialBullet","SpecialBullet","SpecialBullet","SpecialBullet","SpecialBullet","InformationCode","CentralCode","TrainingCode","Wellcheers","Harvest","Heaven","OldLady","SomewhereSpear","UniverseFragment","Soda","ControlCode","Gaze","RedEyes","InTheNameOfLoveAndHate","ExtractionCode"],"relics":["CogitoBucket","Potion Belt","Ancient Tea Set"],"acts_visited":["Exordium"],"potions_floor_usage":[],"damage_taken":[{"damage":7,"enemies":"2 Louse","floor":1,"turns":2},{"damage":0,"enemies":"Cultist","floor":4,"turns":2},{"damage":11,"enemies":"Jaw Worm","floor":5,"turns":2},{"damage":22,"enemies":"Exordium Thugs","floor":10,"turns":3},{"damage":20,"enemies":"Exordium Wildlife","floor":12,"turns":5},{"damage":44,"enemies":"2 Fungi Beasts","floor":13,"turns":4},{"damage":32,"enemies":"The Guardian","floor":16,"turns":2}],"seed_played":"7962251833115941358","potions_obtained":[{"floor":1,"key":"Swift Potion"},{"floor":4,"key":"FearPotion"},{"floor":5,"key":"Swift Potion"}],"is_trial":false,"path_per_floor":["M","$","?","M","M","R","?","$","T","M","R","M","M","?","R","B"],"character_chosen":"Angela","items_purchased":["Heaven"],"campfire_rested":1,"item_purchase_floors":[2],"current_hp_per_floor":[63,63,63,63,52,52,52,52,52,34,55,48,5,5,5,0,0],"gold":105,"neow_bonus":"THREE_CARDS","is_daily":false,"chose_seed":false,"campfire_upgraded":0,"win_rate":0.0,"timestamp":1611420591,"path_taken":["M","$","?","?","M","R","?","?","T","M","R","M","M","?","R","BOSS"],"items_purchased_type":["Card"],"build_version":"2020-12-22","purchased_purges":1,"victory":false,"max_hp_per_floor":[70,70,70,70,70,70,70,70,70,70,70,70,70,70,70,70,70],"card_choices":[{"not_picked":["PunishingBird","BeautyBeast"],"picked":"Wellcheers","floor":1},{"not_picked":["GreenStem"],"picked":"Harvest","floor":1},{"not_picked":["CherryBlossoms","Scorched"],"picked":"OldLady","floor":4},{"not_picked":["BloodyDesire"],"picked":"SomewhereSpear","floor":4},{"not_picked":["BigBadWolf","ShyLook"],"picked":"UniverseFragment","floor":5},{"not_picked":["Hypocrisy"],"picked":"Soda","floor":5},{"not_picked":["CrumblingArmor","DespairKnight"],"picked":"Murderer","floor":10},{"not_picked":["Soda"],"picked":"Gaze","floor":10},{"not_picked":["ShedSkin"],"picked":"RedEyes","floor":12},{"not_picked":["FourthMatchFlame"],"picked":"InTheNameOfLoveAndHate","floor":13}],"player_experience":95227,"relics_obtained":[{"floor":9,"key":"Ancient Tea Set"}],"event_choices":[{"damage_healed":0,"gold_gain":0,"player_choice":"Gave Potion","damage_taken":0,"relics_obtained":["Potion Belt"],"max_hp_gain":0,"max_hp_loss":0,"event_name":"WeMeetAgain","floor":3,"gold_loss":0},{"damage_healed":0,"gold_gain":0,"player_choice":"Ignored","damage_taken":0,"max_hp_gain":0,"max_hp_loss":0,"event_name":"Golden Idol","floor":7,"gold_loss":0},{"damage_healed":0,"gold_gain":0,"player_choice":"Ignored","damage_taken":0,"max_hp_gain":0,"max_hp_loss":0,"event_name":"Liars Game","floor":14,"gold_loss":0}],"is_beta":false,"boss_relics":[],"items_purged_floors":[2],"is_endless":false,"potions_floor_spawned":[1,4,5],"killed_by":"The Guardian","ascension_level":0}}