{"host":"6eswuwtz6j8isipc","time":1611439077,"event":{"mods":["BaseMod","Better Third Choice","BetterRewards","Colored Map","Conspire","Hubris","Infinite Spire","Minty Spire (QoL Compilation)","Replay The Spire","Spicy Shops","StSLib","The Animator","The Bug Knight"],"gold_per_floor":[119,119,119,133,24,24,51,51,76,103,117,137,153,328,328,433,433,452,486,486,486,486],"floor_reached":21,"language":"ENG","playtime":593,"items_purged":[],"score":212,"play_id":"127a07ec-109e-4c52-8458-1e6de53c58d2","local_time":"20210123165757","is_ascension_mode":false,"campfire_choices":[{"data":"HollowMod:FocusHealStart","floor":6.0,"key":"SMITH"},{"data":"HollowMod:ZotesMagnificence","floor":8.0,"key":"SMITH"},{"data":"HollowMod:SlysStrikes","floor":15,"key":"SMITH"}],"circlet_count":0,"master_deck":["HollowMod:NailStrikeStart","HollowMod:NailStrikeStart","HollowMod:NailStrikeStart","HollowMod:QuickDashStart","HollowMod:QuickDashStart","HollowMod:QuickDashStart","HollowMod:QuickDashStart","HollowMod:FocusHealStart+1","HollowMod:PogoStrike","hubris:Sloth","HollowMod:ZotesMagnificence+1","HollowMod:CycloneSlash","HollowMod:HeavyBlow","HollowMod:RecoilStrike","HollowMod:SlysStrikes+1","Doubt","HollowMod:ZotesMagnificence","HollowMod:DashSlash","hubris:Lust","Voices","infinitespire:SevenWalls"],"relics":["HollowMod:VesselMask","NeowsBlessing","hubris:Towel","ReplayTheSpireMod:CursedCoin","infinitespire:WardingShard","Replay:Bottled Flurry","Blood Vial","hubris:TenFootPole","Black Star","Red Mask"],"acts_visited":["Exordium","TheCity"],"potions_floor_usage":[10,16,18],"damage_taken":[{"damage":0.0,"enemies":"Jaw Worm","floor":1.0,"turns":1.0},{"damage":0.0,"enemies":"Small Slimes","floor":4.0,"turns":1.0},{"damage":0.0,"enemies":"Gremlin Nob","floor":7.0,"turns":1.0},{"damage":30,"enemies":"Lagavulin","floor":10,"turns":4},{"damage":0,"enemies":"Cultist","floor":11,"turns":1},{"damage":0,"enemies":"Blue Slaver","floor":12,"turns":1},{"damage":4,"enemies":"Looter","floor":13,"turns":3},{"damage":48,"enemies":"Slime Boss","floor":16,"turns":8},{"damage":23,"enemies":"Spheric Guardian","floor":18,"turns":4},{"damage":70,"enemies":"Masked Bandits","floor":19,"turns":5},{"damage":23,"enemies":"conspire:FuzzyDice","floor":21,"turns":2}],"seed_played":"-235955730855400891","potions_obtained":[{"floor":4.0,"key":"FearPotion"},{"floor":12,"key":"Fire Potion"},{"floor":16,"key":"conspire:TimeTravelPotion"},{"floor":19,"key":"Elixir"}],"is_trial":false,"path_per_floor":["M","?","?","M","$","R","E","R","T","E","M","M","M","?","R","B",null,"M","?","?","M"],"character_chosen":"THE_BUGKNIGHT","items_purchased":["ReplayTheSpireMod:CursedCoin","infinitespire:WardingShard"],"campfire_rested":0,"item_purchase_floors":[5,5],"current_hp_per_floor":[75,75,75,75,75,75,75,75,75,51,53,55,53,53,53,13,75,72,10,10,0,0],"gold":486,"neow_bonus":"THREE_ENEMY_KILL","is_daily":false,"chose_seed":false,"campfire_upgraded":3,"win_rate":0.0,"timestamp":1611439077,"path_taken":["M","?","?","M","$","R","E","R","T","E","M","M","?","?","R","BOSS","M","?","?","M"],"items_purchased_type":["Relic","Relic"],"build_version":"2020-12-22","purchased_purges":0,"victory":false,"max_hp_per_floor":[75,75,75,75,75,75,75,75,75,75,75,75,75,75,75,75,75,75,75,75,75,75],"card_choices":[{"not_picked":["HollowMod:GoodIntentions","HollowMod:SharpenedShadows","HollowMod:VengefulSpirit"],"picked":"SKIP","floor":1.0},{"not_picked":["HollowMod:SoulStrike","HollowMod:Grubsong","HollowMod:DoubleDash"],"picked":"SKIP","floor":4.0},{"not_picked":["HollowMod:CornifersMapStart","HollowMod:SoulEater"],"picked":"HollowMod:ZotesMagnificence","floor":7.0},{"not_picked":["HollowMod:FallenFury","HollowMod:SoulMaster"],"picked":"HollowMod:CycloneSlash","floor":10},{"not_picked":["HollowMod:InfectedAttack","HollowMod:CycloneSlash"],"picked":"HollowMod:HeavyBlow","floor":11},{"not_picked":["HollowMod:CrystalDash","HollowMod:InfectionAssault"],"picked":"HollowMod:RecoilStrike","floor":12},{"not_picked":["HollowMod:CloakDash","HollowMod:SiblingsShadow"],"picked":"HollowMod:SlysStrikes","floor":13},{"not_picked":["HollowMod:LordofShades","HollowMod:LifebloodCore"],"picked":"HollowMod:ZotesMagnificence","floor":16},{"not_picked":["HollowMod:CloakDash","HollowMod:CoiledNail"],"picked":"HollowMod:DashSlash","floor":18},{"not_picked":["ReplayTheSpireMod:Black Plague","ReplayTheSpireMod:Echoes of Time"],"picked":"infinitespire:SevenWalls","floor":20}],"player_experience":1321337,"relics_obtained":[{"floor":7.0,"key":"Replay:Bottled Flurry"},{"floor":9.0,"key":"Blood Vial"},{"floor":10,"key":"hubris:TenFootPole"},{"floor":19,"key":"Red Mask"}],"event_choices":[{"damage_healed":0,"gold_gain":175,"player_choice":"AGREE","damage_taken":153,"max_hp_gain":0,"max_hp_loss":0,"event_name":"betterThird:BetterSerpent","floor":14,"gold_loss":0},{"damage_healed":0,"gold_gain":0,"player_choice":"Fought Bandits","damage_taken":0,"max_hp_gain":0,"max_hp_loss":0,"event_name":"Masked Bandits","floor":19,"gold_loss":0}],"is_beta":false,"boss_relics":[{"not_picked":["SacredBark","Velvet Choker"],"picked":"Black Star"}],"items_purged_floors":[],"is_endless":false,"potions_floor_spawned":[4,12,16,19],"killed_by":"conspire:FuzzyDice","ascension_level":0}}