{"host":"opg65mucj6ra7dr1","time":1611405333,"event":{"mods":["BaseMod","DeckTracker","Keyboard Shortcuts","Minty Spire (QoL Compilation)","Permanent Neow","Quick Restart","everything is the same but u backflip on backflip"],"gold_per_floor":[109,121,135,65,76,76,93,119,119,192,192,192,206,233,233,338,338,356,374,399,416,165,165,165,165],"floor_reached":24,"language":"KOR","playtime":395,"items_purged":["Strike_G"],"score":302,"play_id":"98468907-4859-45c8-a87c-a0a24ccbf44e","local_time":"20210123213533","is_ascension_mode":true,"campfire_choices":[{"data":"Dagger Spray","floor":6.0,"key":"SMITH"},{"data":"Dagger Spray","floor":12.0,"key":"SMITH"},{"data":"Masterful Stab","floor":15,"key":"SMITH"},{"data":"Poisoned Stab","floor":23,"key":"SMITH"}],"circlet_count":0,"master_deck":["Strike_G","Strike_G","Strike_G","Defend_G","Defend_G","Defend_G","Defend_G","Defend_G","Survivor","Neutralize","Backstab","Backstab","Prepared","Blade Dance","Deflect","Dagger Spray+1","Dagger Spray+1","Masterful Stab+1","Catalyst","Flying Knee","Blur","After Image","Quick Slash","Finisher+1","Prepared","Acrobatics","Catalyst+1","Poisoned Stab+1","Catalyst","Acrobatics","Deadly Poison"],"relics":["Ring of the Snake","NeowsBlessing","Eternal Feather","Akabeko","Tiny Chest","SacredBark","Boot","Orrery"],"acts_visited":["Exordium","TheCity"],"potions_floor_usage":[16,16,16],"damage_taken":[{"damage":0.0,"enemies":"Jaw Worm","floor":1.0,"turns":1.0},{"damage":0.0,"enemies":"2 Louse","floor":2.0,"turns":1.0},{"damage":0.0,"enemies":"Cultist","floor":3.0,"turns":1.0},{"damage":0.0,"enemies":"Red Slaver","floor":5.0,"turns":3.0},{"damage":0.0,"enemies":"Lots of Slimes","floor":7.0,"turns":1.0},{"damage":10.0,"enemies":"Lagavulin","floor":8.0,"turns":6.0},{"damage":0,"enemies":"Large Slime","floor":13,"turns":2},{"damage":3,"enemies":"3 Sentries","floor":14,"turns":4},{"damage":13,"enemies":"Slime Boss","floor":16,"turns":6},{"damage":0,"enemies":"Spheric Guardian","floor":18,"turns":2},{"damage":0,"enemies":"Chosen","floor":19,"turns":4},{"damage":40,"enemies":"Snake Plant","floor":21,"turns":5},{"damage":45,"enemies":"Book of Stabbing","floor":24,"turns":4}],"seed_played":"-6214703918591624288","potions_obtained":[{"floor":1.0,"key":"LiquidMemories"},{"floor":2.0,"key":"Strength Potion"},{"floor":13,"key":"DistilledChaos"},{"floor":14,"key":"ColorlessPotion"},{"floor":21,"key":"Explosive Potion"}],"is_trial":false,"path_per_floor":["M","M","M","$","M","R","M","E","T","?","?","R","M","E","R","B",null,"M","M","T","M","$","R","E"],"character_chosen":"THE_SILENT","items_purchased":["Blade Dance","Deflect","Orrery","Deadly Poison"],"campfire_rested":0,"item_purchase_floors":[4,4,22,22],"current_hp_per_floor":[63,63,63,63,63,63,63,53,53,53,53,65,65,62,70,57,67,67,67,67,27,27,45,0,0],"gold":165,"neow_bonus":"THREE_ENEMY_KILL","is_daily":false,"chose_seed":false,"campfire_upgraded":4,"win_rate":0.0,"timestamp":1611405333,"path_taken":["M","M","M","$","M","R","M","E","T","?","?","R","?","E","R","BOSS","M","M","?","?","$","R","E"],"items_purchased_type":["Card","Card","Relic","Card"],"build_version":"2020-12-22","purchased_purges":1,"victory":false,"max_hp_per_floor":[70,70,70,70,70,70,70,70,70,70,70,70,70,70,70,70,70,70,70,70,70,70,70,70,70],"card_choices":[{"not_picked":["Poisoned Stab","Bane"],"picked":"Backstab","floor":1.0},{"not_picked":["Setup","Deflect"],"picked":"Backstab","floor":2.0},{"not_picked":["Sucker Punch","Escape Plan"],"picked":"Prepared","floor":3.0},{"not_picked":["Outmaneuver","PiercingWail"],"picked":"Dagger Spray","floor":5.0},{"not_picked":["All Out Attack","Flying Knee"],"picked":"Dagger Spray","floor":7.0},{"not_picked":["Blade Dance","Eviscerate"],"picked":"Masterful Stab","floor":8.0},{"not_picked":["Quick Slash","Deflect"],"picked":"Flying Knee","floor":13},{"not_picked":["Backstab","Catalyst"],"picked":"Blur","floor":14},{"not_picked":["Night Terror","Die Die Die"],"picked":"After Image","floor":16},{"not_picked":["Endless Agony","Reflex"],"picked":"Quick Slash","floor":18},{"not_picked":["Cloak And Dagger","Dagger Spray"],"picked":"Finisher+1","floor":19},{"not_picked":["Bane+1","Eviscerate+1"],"picked":"Prepared","floor":21},{"not_picked":["PiercingWail","Bane"],"picked":"Acrobatics","floor":22},{"not_picked":["Tactician","Expertise"],"picked":"Catalyst+1","floor":22},{"not_picked":["A Thousand Cuts","Prepared+1"],"picked":"Poisoned Stab","floor":22},{"not_picked":["Reflex","Deflect"],"picked":"Catalyst","floor":22},{"not_picked":["Dagger Spray","Flechettes+1"],"picked":"Acrobatics","floor":22}],"player_experience":148500,"relics_obtained":[{"floor":8.0,"key":"Eternal Feather"},{"floor":9.0,"key":"Akabeko"},{"floor":14,"key":"Tiny Chest"},{"floor":20,"key":"Boot"}],"event_choices":[{"damage_healed":0.0,"max_hp_gain":0.0,"max_hp_loss":0.0,"gold_gain":73.0,"event_name":"Golden Wing","player_choice":"Gained Gold","floor":10.0,"gold_loss":0.0,"damage_taken":0.0},{"damage_healed":0.0,"max_hp_gain":0.0,"max_hp_loss":0.0,"gold_gain":0.0,"cards_transformed":["Strike_G"],"event_name":"Transmorgrifier","player_choice":"Transformed","floor":11.0,"gold_loss":0.0,"damage_taken":0.0,"cards_obtained":["Catalyst"]}],"is_beta":false,"boss_relics":[{"not_picked":["Cursed Key","Velvet Choker"],"picked":"SacredBark"}],"items_purged_floors":[22],"is_endless":false,"potions_floor_spawned":[1,2,13,14,21],"killed_by":"Book of Stabbing","ascension_level":9}}