{"host":"aukiz5jlacd3g5yc","time":1611368981,"event":{"mods":["2.2 Compatiblity","BaseMod","Bestiary","Colored Map","Colored Powertips","Downfall","GifTheSpireLib","Minty Spire (QoL Compilation)","Permanent Neow","Quick Restart","Random Character Button","Rare Cards Sparkle","Relic Sorter","Relic Stats","StSLib","everything is the same but u backflip on backflip","slay the spire mod where everything is the same but ironclad has a cowboy hat"],"gold_per_floor":[199,213,35,35,35,35,35,52,52,77,236,271,77,77,77,77],"floor_reached":14,"language":"ENG","playtime":474,"items_purged":["downfall:Malfunctioning"],"score":84,"play_id":"6eef515e-0ce0-451d-b51f-70b8b8e62b23","local_time":"20210122202941","is_ascension_mode":false,"campfire_choices":[{"data":"bronze:Goto","floor":1,"key":"SMITH"},{"data":"bronze:Optimize","floor":9,"key":"SMITH"}],"circlet_count":0,"master_deck":["bronze:Strike","bronze:Strike+1","bronze:Strike","bronze:Strike","bronze:Defend","bronze:Defend+1","bronze:Defend","bronze:Defend","bronze:Replicate","bronze:Goto+1","bronze:Optimize+1","bronze:HardenedForm+1","bronze:WhirlingStrike","downfall:Icky","bronze:ForceShield","bronze:BitShift","bronze:ChildClass","bronze:CutThrough"],"relics":["bronze:BronzeCore","bronze:ProtectiveGoggles","Pear","CeramicFish","Bottled Flame"],"acts_visited":["Exordium"],"potions_floor_usage":[13],"damage_taken":[{"damage":1,"enemies":"Cultist","floor":2,"turns":3},{"damage":5,"enemies":"downfall:FleeingMerchant","floor":3,"turns":4},{"damage":20,"enemies":"Jaw Worm","floor":8,"turns":4},{"damage":34,"enemies":"Gremlin Nob","floor":12,"turns":5},{"damage":3,"enemies":"downfall:FleeingMerchant","floor":13,"turns":4},{"damage":18,"enemies":"Lagavulin","floor":14,"turns":3}],"seed_played":"-7760592468013282862","potions_obtained":[{"floor":2,"key":"Block Potion"},{"floor":12,"key":"Explosive Potion"}],"is_trial":false,"path_per_floor":["R","M","$","?","?","?","T","M","R","T","?","E","$","E"],"character_chosen":"THE_AUTOMATON","items_purchased":["bronze:HardenedForm","bronze:BitShift","bronze:ChildClass","bronze:CutThrough"],"campfire_rested":0,"item_purchase_floors":[3,13,13,13],"current_hp_per_floor":[70,69,64,31,31,54,64,44,44,44,44,10,7,0,0,0],"gold":77,"neow_bonus":"HUNDRED_GOLD","is_daily":false,"chose_seed":false,"campfire_upgraded":2,"win_rate":0.0,"timestamp":1611368981,"path_taken":["R","M","?","?","?","?","T","M","R","?","?","E","$","E"],"items_purchased_type":["Card","Card","Card","Card"],"build_version":"2020-12-22","purchased_purges":1,"victory":false,"max_hp_per_floor":[70,70,70,70,70,70,80,80,80,80,80,80,80,80,80,80],"relic_stats":{"counters":[6,23],"CeramicFish":45,"obtain_stats":[{"Bottled Flame":12,"bronze:BronzeCore":0,"Pear":7,"bronze:ProtectiveGoggles":4,"CeramicFish":10},{"Bottled Flame":4,"bronze:BronzeCore":0,"Pear":2,"bronze:ProtectiveGoggles":2,"CeramicFish":3},{"Bottled Flame":16,"bronze:BronzeCore":0,"Pear":7,"bronze:ProtectiveGoggles":7,"CeramicFish":11}]},"card_choices":[{"not_picked":["bronze:Deprecate","bronze:Turbo"],"picked":"bronze:Optimize","floor":2},{"not_picked":["bronze:Safeguard","bronze:Shield","bronze:BitShift"],"picked":"SKIP","floor":3},{"not_picked":["bronze:Shield","bronze:NullPointer"],"picked":"bronze:WhirlingStrike","floor":8},{"not_picked":["bronze:Shield","bronze:FineTuning"],"picked":"bronze:ForceShield","floor":12},{"not_picked":["bronze:Return","bronze:Overheat","bronze:WildBeam"],"picked":"SKIP","floor":13}],"player_experience":352499,"relics_obtained":[{"floor":7,"key":"Pear"},{"floor":10,"key":"CeramicFish"},{"floor":12,"key":"Bottled Flame"}],"event_choices":[{"damage_healed":0,"gold_gain":0,"player_choice":"Success","damage_taken":33,"relics_obtained":["bronze:ProtectiveGoggles"],"max_hp_gain":0,"max_hp_loss":0,"event_name":"Scrap Ooze","floor":4,"gold_loss":0},{"damage_healed":23,"gold_gain":0,"player_choice":"Banana","damage_taken":0,"max_hp_gain":0,"max_hp_loss":0,"event_name":"Big Fish","floor":6,"gold_loss":0}],"is_beta":false,"boss_relics":[],"items_purged_floors":[13],"is_endless":false,"potions_floor_spawned":[2,12],"killed_by":"Lagavulin","ascension_level":0}}