{"host":"oehe2dxjvdgux73m","time":1611387045,"event":{"mods":["AchievementEnabler","BaseMod","Colored Map","Colored Powertips","DeckTracker","Keyboard Shortcuts","Minty Spire (QoL Compilation)","Permanent Neow","Quick Restart","StSLib","SuperFastMode"],"gold_per_floor":[112,127,127,146,158,184,184,199,199,124,124,159,159,194,194,272,272,286,157,173,173,223,223,258,258,258,271,271,283,283,310,310,384,384,402,140,140,189,189,219,219,253,253,35,35,45,70,100,112,124,136],"floor_reached":52,"language":"KOR","playtime":2001,"items_purged":["Defend_G","Defend_G"],"score":2138,"play_id":"8ff0a3ed-63e5-45ad-ae38-00e11e2a3be5","local_time":"20210123163045","is_ascension_mode":true,"campfire_choices":[{"floor":7.0,"key":"REST"},{"floor":13.0,"key":"REST"},{"data":"Terror","floor":15.0,"key":"SMITH"},{"data":"Wraith Form v2","floor":23.0,"key":"SMITH"},{"data":"Neutralize","floor":25.0,"key":"SMITH"},{"floor":28.0,"key":"REST"},{"floor":30.0,"key":"REST"},{"data":"Blade Dance","floor":32.0,"key":"SMITH"},{"data":"Blade Dance","floor":41.0,"key":"SMITH"},{"data":"After Image","floor":49.0,"key":"SMITH"}],"circlet_count":0,"master_deck":["AscendersBane","Defend_G","Defend_G","Survivor","Neutralize+1","Blade Dance+1","PiercingWail+1","Blade Dance+1","Terror+1","Underhanded Strike","Flechettes","PiercingWail","Wraith Form v2+1","Finisher+1","Concentrate+1","Grand Finale+1","Noxious Fumes+1","Well Laid Plans","Adrenaline+1","Backflip","Malaise","After Image+1","Dagger Throw+1","Riddle With Holes+1","Blade Dance+1"],"relics":["Ring of the Snake","Omamori","PreservedInsect","Mercury Hourglass","InkBottle","Matryoshka","Astrolabe","The Courier","Bag of Marbles","Shuriken","Boot","Black Star","War Paint","StoneCalendar","Ninja Scroll","White Beast Statue","Molten Egg 2","Centennial Puzzle","Darkstone Periapt","Ice Cream","Eternal Feather","MawBank","Question Card"],"acts_visited":["Exordium","TheCity","TheBeyond"],"potions_floor_usage":[50,50],"damage_taken":[{"damage":1.0,"enemies":"2 Louse","floor":1.0,"turns":4.0},{"damage":0.0,"enemies":"Cultist","floor":2.0,"turns":3.0},{"damage":0.0,"enemies":"Jaw Worm","floor":4.0,"turns":5.0},{"damage":16.0,"enemies":"Exordium Wildlife","floor":5.0,"turns":7.0},{"damage":26.0,"enemies":"3 Sentries","floor":6.0,"turns":11.0},{"damage":6.0,"enemies":"Blue Slaver","floor":8.0,"turns":4.0},{"damage":15.0,"enemies":"Lagavulin","floor":12.0,"turns":3.0},{"damage":3.0,"enemies":"Gremlin Nob","floor":14.0,"turns":3.0},{"damage":16.0,"enemies":"The Guardian","floor":16.0,"turns":14.0},{"damage":25.0,"enemies":"3 Byrds","floor":18.0,"turns":6.0},{"damage":0.0,"enemies":"Spheric Guardian","floor":20.0,"turns":1.0},{"damage":16.0,"enemies":"Slavers","floor":24.0,"turns":6.0},{"damage":26.0,"enemies":"Shelled Parasite and Fungi","floor":27.0,"turns":7.0},{"damage":3.0,"enemies":"Snake Plant","floor":29.0,"turns":5.0},{"damage":19.0,"enemies":"Book of Stabbing","floor":31.0,"turns":6.0},{"damage":19.0,"enemies":"Automaton","floor":33.0,"turns":10.0},{"damage":2.0,"enemies":"Orb Walker","floor":35.0,"turns":4.0},{"damage":0.0,"enemies":"2 Orb Walkers","floor":38.0,"turns":5.0},{"damage":4.0,"enemies":"Giant Head","floor":40.0,"turns":5.0},{"damage":0.0,"enemies":"Nemesis","floor":42.0,"turns":1.0},{"damage":0.0,"enemies":"3 Darklings","floor":46.0,"turns":5.0},{"damage":3.0,"enemies":"Giant Head","floor":47.0,"turns":5.0},{"damage":3.0,"enemies":"Sphere and 2 Shapes","floor":48.0,"turns":4.0},{"damage":43,"enemies":"Time Eater","floor":50,"turns":9},{"damage":0,"enemies":"Donu and Deca","floor":51,"turns":6}],"seed_played":"8672361881377480333","potions_obtained":[{"floor":2.0,"key":"SkillPotion"},{"floor":5.0,"key":"LiquidBronze"},{"floor":8.0,"key":"Energy Potion"},{"floor":18.0,"key":"Regen Potion"},{"floor":27.0,"key":"EntropicBrew"},{"floor":33.0,"key":"SneckoOil"},{"floor":35.0,"key":"DistilledChaos"},{"floor":40.0,"key":"LiquidBronze"},{"floor":42.0,"key":"GamblersBrew"},{"floor":46.0,"key":"Weak Potion"},{"floor":47.0,"key":"DistilledChaos"},{"floor":48.0,"key":"LiquidMemories"}],"is_trial":false,"path_per_floor":["M","M","?","M","M","E","R","M","T","?","?","E","R","E","R","B",null,"M","$","M","?","?","R","E","R","T","M","R","M","R","E","R","B",null,"M","$","?","?","?","E","R","E","T","$","?","M","E","M","R","B","B",null],"character_chosen":"THE_SILENT","items_purchased":["SkillPotion","War Paint","Backflip","Eternal Feather"],"campfire_rested":4,"item_purchase_floors":[19,36,36,44],"current_hp_per_floor":[58,58,58,58,42,16,35,29,29,29,29,14,33,30,30,14,53,28,28,28,28,28,28,27,27,27,1,20,17,36,17,17,17,54,52,52,52,52,52,48,48,48,48,48,48,48,45,42,57,14,14],"gold":148,"neow_bonus":"RANDOM_COMMON_RELIC","is_daily":false,"chose_seed":false,"campfire_upgraded":6,"win_rate":0.0,"timestamp":1611387045,"path_taken":["M","M","?","?","M","E","R","M","T","?","?","E","R","E","R","BOSS","M","$","M","?","?","R","E","R","T","M","R","M","R","E","R","BOSS","M","$","?","?","?","E","R","E","T","$","?","M","E","M","R","BOSS","BOSS"],"items_purchased_type":["Potion","Relic","Card","Relic"],"build_version":"2020-12-22","purchased_purges":2,"victory":true,"max_hp_per_floor":[66,66,66,66,66,66,66,66,66,66,66,66,66,66,66,66,66,66,66,66,66,66,66,66,66,66,66,66,66,66,66,66,66,66,66,66,66,66,63,63,63,63,63,63,63,63,63,63,63,63,63],"card_choices":[{"not_picked":["Escape Plan","Acrobatics"],"picked":"Blade Dance","floor":1.0},{"not_picked":["Underhanded Strike","Bane"],"picked":"PiercingWail","floor":2.0},{"not_picked":["Bane","Dodge and Roll"],"picked":"Blade Dance","floor":4.0},{"not_picked":["Tactician","Poisoned Stab"],"picked":"Terror","floor":5.0},{"not_picked":["Dodge and Roll","Unload"],"picked":"Underhanded Strike","floor":6.0},{"not_picked":["Bane","Dodge and Roll"],"picked":"Flechettes","floor":8.0},{"not_picked":["Infinite Blades","Riddle With Holes","Cloak And Dagger"],"picked":"SKIP","floor":12.0},{"not_picked":["Predator","Sucker Punch"],"picked":"PiercingWail","floor":14.0},{"not_picked":["Adrenaline","Phantasmal Killer"],"picked":"Wraith Form v2","floor":16.0},{"not_picked":["Concentrate+1","Flying Knee"],"picked":"Noxious Fumes+1","floor":18.0},{"not_picked":["Escape Plan","Riddle With Holes"],"picked":"Well Laid Plans","floor":20.0},{"not_picked":["Poisoned Stab","Finisher+1","Slice"],"picked":"SKIP","floor":24.0},{"not_picked":["Setup","Blade Dance","Quick Slash"],"picked":"SKIP","floor":27.0},{"not_picked":["Caltrops+1","Sucker Punch","Dagger Spray"],"picked":"SKIP","floor":29.0},{"not_picked":["Distraction","Concentrate","Heel Hook"],"picked":"SKIP","floor":31.0},{"not_picked":["Storm of Steel","Corpse Explosion"],"picked":"Adrenaline","floor":33.0},{"not_picked":["Dodge and Roll","Bane","Prepared"],"picked":"SKIP","floor":35.0},{"not_picked":["Envenom","Outmaneuver"],"picked":"Malaise","floor":40.0},{"not_picked":["Calculated Gamble+1","Escape Plan+1"],"picked":"After Image","floor":42.0},{"not_picked":["Setup+1","Predator+1"],"picked":"Dagger Throw+1","floor":46.0},{"not_picked":["Calculated Gamble","Dagger Spray+1"],"picked":"Riddle With Holes+1","floor":47.0},{"not_picked":["Expertise","Well Laid Plans+1","Crippling Poison"],"picked":"Blade Dance+1","floor":48.0}],"player_experience":301608,"relics_obtained":[{"floor":6.0,"key":"PreservedInsect"},{"floor":9.0,"key":"Mercury Hourglass"},{"floor":12.0,"key":"InkBottle"},{"floor":14.0,"key":"Matryoshka"},{"floor":24.0,"key":"The Courier"},{"floor":26.0,"key":"Bag of Marbles"},{"floor":26.0,"key":"Shuriken"},{"floor":31.0,"key":"Boot"},{"floor":38.0,"key":"StoneCalendar"},{"floor":40.0,"key":"Ninja Scroll"},{"floor":40.0,"key":"White Beast Statue"},{"floor":42.0,"key":"Molten Egg 2"},{"floor":42.0,"key":"Centennial Puzzle"},{"floor":43.0,"key":"Darkstone Periapt"},{"floor":43.0,"key":"Ice Cream"},{"floor":47.0,"key":"MawBank"},{"floor":47.0,"key":"Question Card"}],"event_choices":[{"cards_removed":["Strike_G"],"damage_healed":0.0,"max_hp_gain":0.0,"max_hp_loss":0.0,"gold_gain":0.0,"event_name":"Purifier","player_choice":"Purged","floor":3.0,"gold_loss":0.0,"damage_taken":0.0},{"cards_removed":["Strike_G"],"damage_healed":0.0,"max_hp_gain":0.0,"max_hp_loss":0.0,"gold_gain":0.0,"event_name":"The Cleric","player_choice":"Card Removal","floor":10.0,"gold_loss":75.0,"damage_taken":0.0},{"damage_healed":0.0,"max_hp_gain":0.0,"max_hp_loss":0.0,"gold_gain":0.0,"event_name":"Shining Light","player_choice":"Ignored","floor":11.0,"gold_loss":0.0,"damage_taken":0.0},{"damage_healed":0.0,"max_hp_gain":0.0,"max_hp_loss":0.0,"gold_gain":0.0,"event_name":"The Mausoleum","player_choice":"Ignored","floor":21.0,"gold_loss":0.0,"damage_taken":0.0},{"damage_healed":0.0,"max_hp_gain":0.0,"max_hp_loss":0.0,"gold_gain":50.0,"event_name":"Golden Shrine","player_choice":"Pray","floor":22.0,"gold_loss":0.0,"damage_taken":0.0},{"damage_healed":0.0,"max_hp_gain":0.0,"max_hp_loss":0.0,"gold_gain":0.0,"event_name":"Tomb of Lord Red Mask","player_choice":"Ignored","floor":37.0,"gold_loss":0.0,"damage_taken":0.0},{"damage_healed":0.0,"max_hp_gain":0.0,"max_hp_loss":0.0,"gold_gain":0.0,"event_name":"Mysterious Sphere","player_choice":"Fight","floor":38.0,"gold_loss":0.0,"damage_taken":0.0},{"damage_healed":0.0,"max_hp_gain":0.0,"max_hp_loss":3.0,"gold_gain":0.0,"event_name":"Winding Halls","player_choice":"Max HP","floor":39.0,"gold_loss":0.0,"damage_taken":0.0},{"cards_removed":["Defend_G"],"damage_healed":0.0,"max_hp_gain":0.0,"max_hp_loss":0.0,"gold_gain":0.0,"event_name":"Falling","player_choice":"Removed Skill","floor":45.0,"gold_loss":0.0,"damage_taken":0.0}],"is_beta":false,"boss_relics":[{"not_picked":["Coffee Dripper","Calling Bell"],"picked":"Astrolabe"},{"not_picked":["Tiny House","SlaversCollar"],"picked":"Black Star"}],"items_purged_floors":[19,36],"is_endless":false,"potions_floor_spawned":[2,5,8,18,27,33,35,40,42,46,47,48],"ascension_level":20}}