{"host":"kvdgttz6fg1t1san","time":1611436270,"event":{"mods":["Aspiration","BaseMod","Colored Map","Downfall","Halation","Hubris","Lobotomy","Minty Spire (QoL Compilation)","Replay The Spire","StSLib"],"gold_per_floor":[199,217,236,262,284,309,332,332,356,372,2,22,41,41,65,172,172,172,65,65,77,77,91,170,170,170,170],"floor_reached":25,"language":"ENG","playtime":1434,"items_purged":["hexamod:Strike","hexamod:Defend"],"score":199,"play_id":"b298cfad-a3e9-403b-af1b-dc3132a3af03","local_time":"20210123161110","is_ascension_mode":false,"campfire_choices":[{"data":"hexamod:Incineration","floor":18,"key":"SMITH"}],"circlet_count":0,"master_deck":["hexamod:Strike","hexamod:Strike","hexamod:Strike","hexamod:Defend","hexamod:Defend","hexamod:Defend","hexamod:Sear+1","hexamod:Float","hexamod:FourthSeal","hexamod:BurningTouch","hexamod:SecondSeal","hexamod:AdvancingGuard","hexamod:SpectersWail","hexamod:ThirdSeal","hexamod:Hexaguard","hexamod:Incineration+1","hexamod:HeatMetal","hexamod:Hexaguard","hexamod:ExtraCrispy","hexamod:ThermalTransfer+1"],"relics":["hexamod:SpiritBrand","Nunchaku","halation:BottledLove","aspiration:IroncladSkillbook","hubris:Reverence"],"acts_visited":["Exordium","TheCity"],"potions_floor_usage":[3,15,16,16,16],"damage_taken":[{"damage":7,"enemies":"Jaw Worm","floor":2,"turns":4},{"damage":0,"enemies":"Cultist","floor":3,"turns":3},{"damage":5,"enemies":"Small Slimes","floor":4,"turns":5},{"damage":11,"enemies":"3 Louse","floor":5,"turns":6},{"damage":3,"enemies":"Exordium Thugs","floor":6,"turns":6},{"damage":1,"enemies":"Gremlin Gang","floor":9,"turns":6},{"damage":9,"enemies":"Large Slime","floor":10,"turns":6},{"damage":5,"enemies":"downfall:FleeingMerchant","floor":11,"turns":4},{"damage":7,"enemies":"2 Fungi Beasts","floor":12,"turns":4},{"damage":1,"enemies":"Exordium Wildlife","floor":13,"turns":3},{"damage":7,"enemies":"Blue Slaver","floor":15,"turns":3},{"damage":6,"enemies":"IC_STATUS_ARCHETYPE","floor":16,"turns":6},{"damage":1,"enemies":"downfall:FleeingMerchant","floor":19,"turns":4},{"damage":4,"enemies":"Spheric Guardian","floor":21,"turns":4},{"damage":41,"enemies":"Sentry and Sphere","floor":23,"turns":6},{"damage":42,"enemies":"Centurion and Healer","floor":25,"turns":7}],"seed_played":"2485455108639221041","potions_obtained":[{"floor":3,"key":"Fruit Juice"},{"floor":4,"key":"EssenceOfSteel"},{"floor":4,"key":"Explosive Potion"},{"floor":5,"key":"Adrenaline Potion"},{"floor":15,"key":"Adrenaline Potion"}],"is_trial":false,"path_per_floor":["R_BF","M","M","M","M","M","T","?","M","M","$","M","M","?","M","B",null,"R","$","?","M","?","M","T","M"],"character_chosen":"THE_SPIRIT","items_purchased":["hexamod:Incineration","halation:BottledLove"],"campfire_rested":0,"item_purchase_floors":[11,11],"current_hp_per_floor":[70,63,68,63,52,49,49,49,48,39,34,27,26,26,19,13,75,75,75,75,75,75,38,38,0,0,0],"gold":170,"neow_bonus":"THREE_CARDS","is_daily":false,"chose_seed":false,"campfire_upgraded":1,"win_rate":0.0,"timestamp":1611436270,"path_taken":["R_BF","M","M","M","M","M","T","?","M","?","$","M","M","?","M","BOSS","R","$","?","M","?","M","T","M"],"items_purchased_type":["Card","Relic"],"build_version":"2020-12-22","purchased_purges":2,"victory":false,"max_hp_per_floor":[70,70,75,75,75,75,75,75,75,75,75,75,75,75,75,75,75,75,75,75,75,75,75,75,75,75,75],"card_choices":[{"not_picked":["hexamod:RadiantFlame","hexamod:CatchUp"],"picked":"hexamod:FourthSeal","floor":0},{"not_picked":["hexamod:ThermalTransfer","hexamod:FastForward"],"picked":"hexamod:BurningTouch","floor":2},{"not_picked":["hexamod:CatchUp","hexamod:GhostLash"],"picked":"hexamod:SecondSeal","floor":3},{"not_picked":["hexamod:SwordOfDarkness","hexamod:CatchUp","hexamod:ShieldOfDarkness"],"picked":"SKIP","floor":4},{"not_picked":["hexamod:GhostShield","hexamod:NightmareGuise"],"picked":"hexamod:AdvancingGuard","floor":5},{"not_picked":["hexamod:RainOfEmbers","hexamod:TurnItUp"],"picked":"hexamod:SpectersWail","floor":6},{"not_picked":["hexamod:HauntingEcho","hexamod:SwordOfDarkness","hexamod:ThermalTransfer"],"picked":"SKIP","floor":9},{"not_picked":["hexamod:ExtraCrispy","hexamod:ThermalTransfer"],"picked":"hexamod:ThirdSeal","floor":10},{"not_picked":["hexamod:HauntingEcho","hexamod:ShieldOfDarkness"],"picked":"hexamod:Hexaguard","floor":11},{"not_picked":["hexamod:NightmareGuise","hexamod:RainOfEmbers","hexamod:NecessarySacrifice"],"picked":"SKIP","floor":11},{"not_picked":["hexamod:Hexaguard","hexamod:Firestarter"],"picked":"hexamod:HeatMetal","floor":12},{"not_picked":["hexamod:GhostOfSpirePast","hexamod:HeatMetal","hexamod:ThermalTransfer"],"picked":"SKIP","floor":12},{"not_picked":["hexamod:ThermalTransfer","hexamod:FastForward"],"picked":"hexamod:Hexaguard","floor":13},{"not_picked":["hexamod:BurningTouch","hexamod:Firestarter"],"picked":"hexamod:ExtraCrispy","floor":13},{"not_picked":["hexamod:InspiringFlames","hexamod:HauntingEcho","hexamod:DynamicBlow"],"picked":"SKIP","floor":15},{"not_picked":["hexamod:SecondSeal","hexamod:BacktrackSmack","hexamod:GhostShield"],"picked":"SKIP","floor":15},{"not_picked":["ReplayTheSpireMod:LeadingStrike+1","ReplayReversal+1","hubris:ReadiedAction"],"picked":"hexamod:ThermalTransfer+1","floor":19},{"not_picked":["ReplayTheSpireMod:Stacked+1","hubris:ReadiedAction+1","Havoc","hexamod:TurnItUp"],"picked":"SKIP","floor":19},{"not_picked":["hexamod:SpectersWail+1","hexamod:NightmareStrike+1","Warcry","hexamod:SoulSteal"],"picked":"SKIP","floor":21},{"not_picked":["hexamod:InspiringFlames","hexamod:ThermalTransfer","Thunderclap","Dark Embrace"],"picked":"SKIP","floor":21},{"not_picked":["Second Wind","Havoc","Shockwave","Thunderclap+1"],"picked":"SKIP","floor":23},{"not_picked":["Sentinel","Reckless Charge","hexamod:HeatShield","Feel No Pain"],"picked":"SKIP","floor":23}],"player_experience":145209,"relics_obtained":[{"floor":7,"key":"Nunchaku"},{"floor":24,"key":"hubris:Reverence"}],"event_choices":[{"damage_healed":0,"gold_gain":0,"player_choice":"Ignored","damage_taken":0,"max_hp_gain":0,"max_hp_loss":0,"event_name":"NoteForYourself","floor":22,"gold_loss":0}],"is_beta":false,"boss_relics":[{"not_picked":["Calling Bell","aspiration:SilentSkillbook"],"picked":"aspiration:IroncladSkillbook"}],"items_purged_floors":[11,19],"is_endless":false,"potions_floor_spawned":[4,5,6,9,13,15],"killed_by":"Centurion and Healer","ascension_level":0}}