{"host":"u5p72gjg7qm9i6r4","time":1611391731,"event":{"mods":["AchievementEnabler","BaseMod","Curses Come First","Highlight Path","Minty Spire (QoL Compilation)","Rare Cards Sparkle","StSLib"],"gold_per_floor":[109,120,120,140,155,172,172,199,199,164,164,11,40,73,73,170,170,185,185,0,0,0,31,31,64,64,44,143,143,177,188,188,188,188],"floor_reached":33,"language":"ENG","playtime":1490,"items_purged":[],"score":437,"play_id":"e618e435-6e88-4f28-94e6-921b9d388927","local_time":"20210123024851","is_ascension_mode":true,"campfire_choices":[{"floor":7,"key":"REST"},{"data":"Glass Knife","floor":11,"key":"SMITH"},{"floor":15,"key":"REST"},{"floor":24,"key":"REST"},{"floor":29,"key":"REST"},{"floor":32,"key":"REST"}],"circlet_count":0,"master_deck":["Strike_G","Strike_G","Strike_G","Strike_G","Strike_G","Defend_G","Defend_G","Defend_G","Defend_G","Defend_G","Survivor","Neutralize","Flying Knee","PiercingWail","Bouncing Flask","Backstab","Glass Knife+1","PiercingWail","Backstab","Flying Knee","Bullet Time","Blur","Blur","Venomology","Malaise","Dodge and Roll","Noxious Fumes","Corpse Explosion","Dodge and Roll+1","Acrobatics+1"],"relics":["Ring of the Snake","Thread and Needle","Prayer Wheel","Dream Catcher","Smiling Mask","Chemical X","Odd Mushroom","Ninja Scroll","Sozu","Enchiridion","Orichalcum","Meat on the Bone","Paper Crane"],"acts_visited":["Exordium","TheCity"],"potions_floor_usage":[8,8,16,23],"damage_taken":[{"damage":0,"enemies":"Small Slimes","floor":1,"turns":4},{"damage":0,"enemies":"Jaw Worm","floor":2,"turns":5},{"damage":0,"enemies":"2 Louse","floor":4,"turns":4},{"damage":0,"enemies":"2 Fungi Beasts","floor":5,"turns":3},{"damage":14,"enemies":"Large Slime","floor":6,"turns":7},{"damage":8,"enemies":"Gremlin Nob","floor":8,"turns":3},{"damage":2,"enemies":"The Mushroom Lair","floor":13,"turns":4},{"damage":7,"enemies":"3 Sentries","floor":14,"turns":8},{"damage":39,"enemies":"The Guardian","floor":16,"turns":12},{"damage":0,"enemies":"Spheric Guardian","floor":18,"turns":1},{"damage":16,"enemies":"Book of Stabbing","floor":23,"turns":5},{"damage":14,"enemies":"Slavers","floor":25,"turns":7},{"damage":0,"enemies":"2 Thieves","floor":27,"turns":4},{"damage":0,"enemies":"Gremlin Leader","floor":30,"turns":6},{"damage":0,"enemies":"Snecko","floor":31,"turns":3},{"damage":80,"enemies":"Collector","floor":33,"turns":13}],"seed_played":"6983418065765218559","potions_obtained":[{"floor":1,"key":"Weak Potion"},{"floor":6,"key":"Strength Potion"},{"floor":13,"key":"Energy Potion"},{"floor":14,"key":"GamblersBrew"}],"is_trial":false,"path_per_floor":["M","M","?","M","M","M","R","E","T","?","R","$","?","E","R","B",null,"M","?","?","$","?","E","R","E","T","M","?","R","E","M","R","B"],"character_chosen":"THE_SILENT","items_purchased":["Chemical X"],"campfire_rested":5,"item_purchase_floors":[12],"current_hp_per_floor":[45,45,42,42,42,28,49,41,41,58,58,58,56,49,70,31,60,60,47,47,47,31,15,37,23,23,35,35,57,57,57,75,0,0],"gold":188,"neow_bonus":"ONE_RARE_RELIC","is_daily":false,"chose_seed":false,"campfire_upgraded":1,"win_rate":0.0,"timestamp":1611391731,"path_taken":["M","M","?","M","M","M","R","E","T","?","R","$","?","E","R","BOSS","M","?","?","$","?","E","R","E","T","M","?","R","E","M","R","BOSS"],"items_purchased_type":["Relic"],"build_version":"2020-12-22","purchased_purges":0,"victory":false,"max_hp_per_floor":[70,70,70,70,70,70,70,70,70,70,70,70,70,70,70,70,70,70,75,75,75,75,75,75,75,75,75,75,75,75,75,75,75,75],"card_choices":[{"not_picked":["PiercingWail","Acrobatics"],"picked":"Flying Knee","floor":1},{"not_picked":["Prepared","Dodge and Roll"],"picked":"PiercingWail","floor":2},{"not_picked":["Choke","Well Laid Plans"],"picked":"Bouncing Flask","floor":4},{"not_picked":["Bane","Eviscerate"],"picked":"Backstab","floor":4},{"not_picked":["Heel Hook","Masterful Stab","Sucker Punch"],"picked":"SKIP","floor":5},{"not_picked":["Outmaneuver","Expertise","Escape Plan"],"picked":"SKIP","floor":5},{"not_picked":["Heel Hook","Outmaneuver"],"picked":"Glass Knife","floor":6},{"not_picked":["Reflex","Prepared"],"picked":"PiercingWail","floor":6},{"not_picked":["Calculated Gamble","Flying Knee"],"picked":"Backstab","floor":8},{"not_picked":["Blade Dance","Bane"],"picked":"Flying Knee","floor":13},{"not_picked":["Slice","Underhanded Strike","Blade Dance"],"picked":"SKIP","floor":14},{"not_picked":["A Thousand Cuts","Wraith Form v2"],"picked":"Bullet Time","floor":16},{"not_picked":["Blade Dance+1","Flying Knee"],"picked":"Blur","floor":18},{"not_picked":["Dagger Throw","Caltrops"],"picked":"Blur","floor":18},{"not_picked":["Underhanded Strike","Well Laid Plans+1"],"picked":"Venomology","floor":23},{"not_picked":["Predator","Eviscerate"],"picked":"Malaise","floor":25},{"not_picked":["Choke+1","Escape Plan"],"picked":"Dodge and Roll","floor":27},{"not_picked":["Expertise","Escape Plan","Flechettes+1"],"picked":"SKIP","floor":27},{"not_picked":["Sucker Punch","Escape Plan"],"picked":"Noxious Fumes","floor":29},{"not_picked":["Flying Knee","Tactician"],"picked":"Corpse Explosion","floor":30},{"not_picked":["Bane+1","Finisher+1"],"picked":"Dodge and Roll+1","floor":31},{"not_picked":["Cloak And Dagger","Backstab"],"picked":"Acrobatics+1","floor":31}],"player_experience":133246,"relics_obtained":[{"floor":8,"key":"Dream Catcher"},{"floor":9,"key":"Smiling Mask"},{"floor":13,"key":"Odd Mushroom"},{"floor":14,"key":"Ninja Scroll"},{"floor":22,"key":"Enchiridion"},{"floor":23,"key":"Orichalcum"},{"floor":25,"key":"Meat on the Bone"},{"floor":26,"key":"Paper Crane"}],"event_choices":[{"damage_healed":0,"gold_gain":0,"player_choice":"Success","damage_taken":3,"relics_obtained":["Prayer Wheel"],"max_hp_gain":0,"max_hp_loss":0,"event_name":"Scrap Ooze","floor":3,"gold_loss":0},{"damage_healed":17,"gold_gain":0,"player_choice":"Healed","damage_taken":0,"max_hp_gain":0,"max_hp_loss":0,"event_name":"The Cleric","floor":10,"gold_loss":35},{"damage_healed":0,"gold_gain":0,"player_choice":"Fought Mushrooms","damage_taken":0,"max_hp_gain":0,"max_hp_loss":0,"event_name":"Mushrooms","floor":13,"gold_loss":0},{"damage_healed":0,"gold_gain":0,"player_choice":"Shed Blood","damage_taken":18,"max_hp_gain":5,"max_hp_loss":0,"event_name":"Forgotten Altar","floor":19,"gold_loss":0},{"damage_healed":0,"gold_gain":0,"player_choice":"Paid Fearfully","damage_taken":0,"max_hp_gain":0,"max_hp_loss":0,"event_name":"Masked Bandits","floor":20,"gold_loss":185},{"damage_healed":0,"gold_gain":0,"player_choice":"Obtained Book","damage_taken":16,"max_hp_gain":0,"max_hp_loss":0,"event_name":"Cursed Tome","floor":22,"gold_loss":0},{"damage_healed":0,"gold_gain":99,"player_choice":"Stole From Cult","damage_taken":0,"max_hp_gain":0,"max_hp_loss":0,"event_name":"Nest","floor":28,"gold_loss":0}],"is_beta":false,"boss_relics":[{"not_picked":["Empty Cage","SacredBark"],"picked":"Sozu"}],"items_purged_floors":[],"is_endless":false,"potions_floor_spawned":[1,6,13,14,18,23,25],"killed_by":"Collector","ascension_level":6}}