{"host":"omgphoea13lnyb7y","time":1611421229,"event":{"mods":["Aspiration","BaseMod","Better Note","BetterRewards","Colored Map","DeckTracker","Hubris","Minty Spire (QoL Compilation)","StSLib","The Construct","The Cursed","The Jungle","The Necromancer"],"gold_per_floor":[115,115,115,127,127,158,158,158,181,194,224,324,335,350,350,446,446,464,315,315,326,286,318,318,331,331,351,351,361,393,196,196,291,341,357,357,371,77,123,143,143,18,18,71,84,115,115,15,15,15],"floor_reached":51,"language":"ENG","playtime":2006,"items_purged":["Strike_G+1","Strike_G","Strike_G"],"score":798,"play_id":"60db472b-e262-4b98-93d8-03cab53366f1","local_time":"20210123090029","is_ascension_mode":false,"campfire_choices":[{"floor":7,"key":"REST"},{"floor":15,"key":"REST"},{"floor":24,"key":"REST"},{"floor":28,"key":"REST"},{"floor":32,"key":"REST"},{"floor":41,"key":"REST"},{"floor":47,"key":"REST"},{"floor":49,"key":"REST"}],"circlet_count":0,"master_deck":["Strike_G+1","Strike_G+1","Defend_G","Defend_G","Defend_G","Defend_G","Defend_G","Survivor","Neutralize+1","Dash+1","Poisoned Stab+1","Burst","Catalyst","Envenom","Corpse Explosion+1","Crippling Poison","Poisoned Stab","Crippling Poison","Bouncing Flask","Adrenaline","Bouncing Flask+1"],"relics":["Ring of the Snake","Pantograph","Happy Flower","hubris:ToyBattleship","hubris:BottledRain","Black Star","Orrery","Snake Skull","hubris:SlimyHat","TungstenRod","hubris:Reverence","Thread and Needle","Tiny House","hubris:Icosahedron","Strange Spoon","hubris:FunFungus","Whetstone","Orichalcum","FossilizedHelix","aspiration:HiddenCompartment"],"acts_visited":["Exordium","TheCity","TheBeyond"],"potions_floor_usage":[6,11,14,16,23,30,33,33,33,33,40,40,45,46,50],"damage_taken":[{"damage":3,"enemies":"Jaw Worm","floor":1,"turns":5},{"damage":0,"enemies":"Small Slimes","floor":4,"turns":3},{"damage":11,"enemies":"Lagavulin","floor":6,"turns":5},{"damage":0,"enemies":"Cultist","floor":10,"turns":3},{"damage":1,"enemies":"Gremlin Nob","floor":11,"turns":4},{"damage":11,"enemies":"Exordium Wildlife","floor":13,"turns":4},{"damage":0,"enemies":"3 Louse","floor":14,"turns":1},{"damage":16,"enemies":"Hexaghost","floor":16,"turns":8},{"damage":12,"enemies":"3 Byrds","floor":18,"turns":6},{"damage":27,"enemies":"Spheric Guardian","floor":21,"turns":5},{"damage":35,"enemies":"Book of Stabbing","floor":23,"turns":5},{"damage":6,"enemies":"Cultist and Chosen","floor":25,"turns":3},{"damage":14,"enemies":"Sentry and Sphere","floor":27,"turns":5},{"damage":4,"enemies":"Snake Plant","floor":29,"turns":4},{"damage":20,"enemies":"Gremlin Leader","floor":30,"turns":8},{"damage":46,"enemies":"Automaton","floor":33,"turns":7},{"damage":5,"enemies":"3 Shapes","floor":35,"turns":2},{"damage":6,"enemies":"3 Darklings","floor":37,"turns":3},{"damage":57,"enemies":"2 Orb Walkers","floor":39,"turns":5},{"damage":8,"enemies":"Sphere and 2 Shapes","floor":40,"turns":6},{"damage":9,"enemies":"Jaw Worm Horde","floor":45,"turns":3},{"damage":36,"enemies":"Nemesis","floor":46,"turns":7},{"damage":0,"enemies":"hubris:GrandSnecko","floor":50,"turns":3}],"seed_played":"6407383814385044537","potions_obtained":[{"floor":1,"key":"LiquidMemories"},{"floor":3,"key":"GhostInAJar"},{"floor":3,"key":"Explosive Potion"},{"floor":6,"key":"ColorlessPotion"},{"floor":16,"key":"FairyPotion"},{"floor":18,"key":"Dexterity Potion"},{"floor":22,"key":"Block Potion"},{"floor":30,"key":"EntropicBrew"},{"floor":34,"key":"AntidotePotion"},{"floor":40,"key":"Explosive Potion"},{"floor":45,"key":"DuplicationPotion"},{"floor":46,"key":"Swift Potion"}],"is_trial":false,"path_per_floor":["M","?","?","M","?","E","R","?","T","M","E","?","M","M","R","B",null,"M","$","?","M","?","E","R","M","T","M","R","M","E","$","R","B",null,"M","?","M","$","?","M","R","$","T","T","M","E","R","$","R","B",null],"character_chosen":"THE_SILENT","items_purchased":["Orrery","Bouncing Flask","Poison Potion","Strange Spoon","Fire Potion","Block Potion","BlessingOfTheForge"],"campfire_rested":8,"item_purchase_floors":[19,31,31,38,38,48,48],"current_hp_per_floor":[74,59,59,59,26,15,38,38,38,38,37,37,26,26,49,58,77,65,65,65,38,38,3,26,20,20,6,29,25,5,5,28,7,82,77,77,71,71,14,11,35,35,35,35,26,24,48,48,72,82],"gold":15,"neow_bonus":"TEN_PERCENT_HP_BONUS","is_daily":false,"chose_seed":false,"campfire_upgraded":0,"win_rate":0.0,"timestamp":1611421229,"path_taken":["M","?","?","?","?","E","R","?","T","?","E","?","?","M","R","BOSS","M","$","?","M","?","E","R","M","T","M","R","M","E","$","R","BOSS","M","?","M","$","?","M","R","$","T","?","M","E","R","$","R","BOSS"],"items_purchased_type":["Relic","Card","Potion","Relic","Potion","Potion","Potion"],"build_version":"2020-12-22","purchased_purges":3,"victory":true,"max_hp_per_floor":[77,77,77,77,77,77,77,77,77,77,77,77,77,77,77,77,77,77,77,77,77,77,77,77,77,77,77,77,77,77,77,77,77,82,82,82,82,82,82,82,82,82,82,82,82,82,82,82,82,82],"card_choices":[{"not_picked":["Masterful Stab","Skewer"],"picked":"Dash","floor":1},{"not_picked":["Bane","Backflip"],"picked":"Poisoned Stab","floor":4},{"not_picked":["Slice","Escape Plan"],"picked":"Burst","floor":6},{"not_picked":["Dagger Throw","Dodge and Roll"],"picked":"Catalyst","floor":10},{"not_picked":["Dodge and Roll","Dagger Spray","Backflip"],"picked":"SKIP","floor":11},{"not_picked":["Dagger Throw","Underhanded Strike","Concentrate"],"picked":"SKIP","floor":13},{"not_picked":["Tactician","Cloak And Dagger","Prepared"],"picked":"SKIP","floor":14},{"not_picked":["A Thousand Cuts","Wraith Form v2"],"picked":"Envenom","floor":16},{"not_picked":["Distraction","Acrobatics+1","Endless Agony"],"picked":"SKIP","floor":18},{"not_picked":["PiercingWail","Masterful Stab"],"picked":"Corpse Explosion","floor":19},{"not_picked":["Flying Knee","Underhanded Strike","Finisher"],"picked":"SKIP","floor":21},{"not_picked":["Glass Knife","Dagger Throw","Dodge and Roll"],"picked":"SKIP","floor":23},{"not_picked":["Caltrops","Flying Knee+1"],"picked":"Crippling Poison","floor":25},{"not_picked":["Dodge and Roll","Choke"],"picked":"Poisoned Stab","floor":27},{"not_picked":["Outmaneuver","Footwork"],"picked":"Crippling Poison","floor":29},{"not_picked":["Slice","Blade Dance","Deflect"],"picked":"SKIP","floor":30},{"not_picked":["Tools of the Trade","Storm of Steel"],"picked":"Adrenaline","floor":33},{"not_picked":["PiercingWail+1","Outmaneuver+1","Blade Dance+1"],"picked":"SKIP","floor":35},{"not_picked":["Dagger Spray","Prepared"],"picked":"Bouncing Flask+1","floor":37},{"not_picked":["Predator+1","PiercingWail+1","Unload"],"picked":"SKIP","floor":40},{"not_picked":["Blade Dance+1","Cloak And Dagger","Quick Slash"],"picked":"SKIP","floor":45},{"not_picked":["Cloak And Dagger+1","PiercingWail","Well Laid Plans+1"],"picked":"SKIP","floor":46}],"player_experience":56659,"relics_obtained":[{"floor":6,"key":"Happy Flower"},{"floor":9,"key":"hubris:ToyBattleship"},{"floor":11,"key":"hubris:BottledRain"},{"floor":23,"key":"Snake Skull"},{"floor":23,"key":"hubris:SlimyHat"},{"floor":26,"key":"TungstenRod"},{"floor":30,"key":"hubris:Reverence"},{"floor":30,"key":"Thread and Needle"},{"floor":39,"key":"hubris:FunFungus"},{"floor":43,"key":"Whetstone"},{"floor":44,"key":"Orichalcum"},{"floor":46,"key":"FossilizedHelix"},{"floor":46,"key":"aspiration:HiddenCompartment"}],"event_choices":[{"damage_healed":0,"gold_gain":0,"player_choice":"Entered Light","damage_taken":15,"max_hp_gain":0,"max_hp_loss":0,"event_name":"Shining Light","floor":2,"gold_loss":0,"cards_upgraded":["Neutralize","Strike_G"]},{"damage_healed":0,"gold_gain":0,"player_choice":"Got Potions","damage_taken":0,"max_hp_gain":0,"max_hp_loss":0,"event_name":"Lab","floor":3,"gold_loss":0},{"damage_healed":0,"gold_gain":0,"player_choice":"Success","damage_taken":33,"relics_obtained":["Pantograph"],"max_hp_gain":0,"max_hp_loss":0,"event_name":"Scrap Ooze","floor":5,"gold_loss":0},{"damage_healed":0,"gold_gain":0,"player_choice":"Forge","damage_taken":0,"max_hp_gain":0,"max_hp_loss":0,"event_name":"Accursed Blacksmith","floor":8,"gold_loss":0,"cards_upgraded":["Poisoned Stab"]},{"damage_healed":0,"gold_gain":100,"player_choice":"Pray","damage_taken":0,"max_hp_gain":0,"max_hp_loss":0,"event_name":"Golden Shrine","floor":12,"gold_loss":0},{"damage_healed":0,"gold_gain":0,"player_choice":"Upgraded","damage_taken":0,"max_hp_gain":0,"max_hp_loss":0,"event_name":"Upgrade Shrine","floor":20,"gold_loss":0,"cards_upgraded":["Corpse Explosion"]},{"damage_healed":0,"gold_gain":0,"player_choice":"Bought 3 Potions","damage_taken":0,"max_hp_gain":0,"max_hp_loss":0,"event_name":"The Woman in Blue","floor":22,"gold_loss":0},{"damage_healed":0,"gold_gain":0,"player_choice":"Fight","damage_taken":0,"max_hp_gain":0,"max_hp_loss":0,"event_name":"Mysterious Sphere","floor":39,"gold_loss":0}],"is_beta":false,"boss_relics":[{"not_picked":["Cursed Key","construct:WeddingRing"],"picked":"Black Star"},{"not_picked":["Calling Bell","aspiration:DefectSkillbook"],"picked":"Tiny House"}],"items_purged_floors":[31,38,42],"is_endless":false,"potions_floor_spawned":[1,6,10,16,18,30,40,45,46],"ascension_level":0}}