{"host":"6rz02yiipefhcw4r","time":1611424573,"event":{"mods":["2.2 Compatiblity","BaseMod","Block Reminder","Colored Map","Curses Come First","DeckTracker","Googly Eyes","Minty Spire (QoL Compilation)","Quick Restart","Rare Cards Sparkle","StSLib"],"gold_per_floor":[117,117,136,149,149,177,177,206,229,21,21,37,112,44,44,123,123,123,123],"floor_reached":18,"language":"ENG","playtime":863,"items_purged":["Strike_G"],"score":336,"play_id":"5460cfaa-b0bb-41c1-bfad-0ad1638d9d9a","local_time":"20210123155613","is_ascension_mode":true,"campfire_choices":[{"floor":7,"key":"REST"},{"floor":11,"key":"REST"},{"floor":15,"key":"REST"}],"circlet_count":0,"master_deck":["AscendersBane","Strike_G+1","Strike_G","Strike_G+1","Strike_G","Defend_G","Defend_G+1","Defend_G","Defend_G","Defend_G+1","Survivor","Neutralize","Dagger Throw","Storm of Steel","Deadly Poison","Noxious Fumes","Footwork","Dagger Spray","Dodge and Roll","Well Laid Plans","A Thousand Cuts","CurseOfTheBell"],"relics":["Ring of the Snake","Blood Vial","Centennial Puzzle","War Paint","Oddly Smooth Stone","Membership Card","Calling Bell","Tiny Chest","Ninja Scroll","Turnip"],"acts_visited":["Exordium","TheCity"],"potions_floor_usage":[6,16],"damage_taken":[{"damage":0.0,"enemies":"2 Louse","floor":1.0,"turns":4.0},{"damage":5.0,"enemies":"Jaw Worm","floor":3.0,"turns":3.0},{"damage":0.0,"enemies":"Small Slimes","floor":4.0,"turns":2.0},{"damage":36,"enemies":"Gremlin Nob","floor":6,"turns":4},{"damage":20,"enemies":"3 Sentries","floor":8,"turns":8},{"damage":0,"enemies":"Blue Slaver","floor":12,"turns":4},{"damage":29,"enemies":"The Guardian","floor":16,"turns":10},{"damage":11,"enemies":"Chosen","floor":18,"turns":5}],"seed_played":"1687969455029659682","potions_obtained":[{"floor":3.0,"key":"Dexterity Potion"},{"floor":4.0,"key":"SteroidPotion"},{"floor":8,"key":"ColorlessPotion"}],"is_trial":false,"path_per_floor":["M","?","M","M","?","E","R","E","T","$","R","M","?","$","R","B",null,"M"],"character_chosen":"THE_SILENT","items_purchased":["Membership Card","Dagger Spray","Dodge and Roll","Well Laid Plans"],"campfire_rested":3,"item_purchase_floors":[10,10,14,14],"current_hp_per_floor":[61,41,38,40,45,11,32,14,14,14,35,37,26,26,47,20,58,49,49],"gold":123,"neow_bonus":"RANDOM_COMMON_RELIC","is_daily":false,"chose_seed":false,"campfire_upgraded":0,"win_rate":0.0,"timestamp":1611424573,"path_taken":["M","?","M","M","?","E","R","E","T","$","R","M","?","$","R","BOSS","M"],"items_purchased_type":["Relic","Card","Card","Card"],"build_version":"2020-12-22","purchased_purges":1,"victory":false,"max_hp_per_floor":[66,66,66,66,71,71,71,71,71,71,71,71,71,71,71,71,71,71,71],"card_choices":[{"not_picked":["Underhanded Strike","Acrobatics"],"picked":"Dagger Throw","floor":1.0},{"not_picked":["Caltrops","Sucker Punch"],"picked":"Storm of Steel","floor":3.0},{"not_picked":["Flying Knee","Caltrops"],"picked":"Deadly Poison","floor":4.0},{"not_picked":["Accuracy","Skewer"],"picked":"Noxious Fumes","floor":6},{"not_picked":["Die Die Die","PiercingWail"],"picked":"Footwork","floor":8},{"not_picked":["Outmaneuver","Setup","Terror"],"picked":"SKIP","floor":12},{"not_picked":["Doppelganger","Tools of the Trade"],"picked":"A Thousand Cuts","floor":16}],"player_experience":725648,"relics_obtained":[{"floor":6,"key":"Centennial Puzzle"},{"floor":8,"key":"War Paint"},{"floor":9,"key":"Oddly Smooth Stone"},{"floor":17,"key":"Tiny Chest"},{"floor":17,"key":"Ninja Scroll"},{"floor":17,"key":"Turnip"}],"event_choices":[{"damage_healed":0.0,"max_hp_gain":0.0,"max_hp_loss":0.0,"gold_gain":0.0,"event_name":"Shining Light","player_choice":"Entered Light","floor":2.0,"gold_loss":0.0,"damage_taken":20.0,"cards_upgraded":["Strike_G","Strike_G"]},{"damage_healed":0.0,"max_hp_gain":5.0,"max_hp_loss":0.0,"gold_gain":0.0,"event_name":"Big Fish","player_choice":"Donut","floor":5.0,"gold_loss":0.0,"damage_taken":0.0},{"damage_healed":0,"gold_gain":75,"player_choice":"Gather Gold","damage_taken":11,"max_hp_gain":0,"max_hp_loss":0,"event_name":"World of Goop","floor":13,"gold_loss":0}],"is_beta":false,"boss_relics":[{"not_picked":["SacredBark","Runic Dome"],"picked":"Calling Bell"}],"items_purged_floors":[10],"is_endless":false,"potions_floor_spawned":[3,4,8],"killed_by":"Chosen","ascension_level":20}}