{"host":"g01l53quoe6lrer0","time":1611436806,"event":{"mods":["2.2 Compatiblity","AchievementEnabler","BaseMod","Colored Map","Highlight Path","Keyboard Shortcuts","Minty Spire (QoL Compilation)","Permanent Neow","StSLib","SuperFastMode","everything is the same but u backflip on backflip"],"gold_per_floor":[16,16,16,28,47,47,60,60,60,75,75,55,75,94,94,191,191,204,189,24,36,52,52,52,52],"floor_reached":24,"language":"KOR","playtime":647,"items_purged":["Strike_G"],"score":307,"play_id":"6d329756-043d-470c-a4f6-2e455317afc6","local_time":"20210124062006","is_ascension_mode":true,"campfire_choices":[{"data":"Neutralize","floor":6.0,"key":"SMITH"},{"floor":8.0,"key":"REST"},{"data":"Calculated Gamble","floor":11.0,"key":"SMITH"},{"data":"PiercingWail","floor":15.0,"key":"SMITH"},{"floor":23,"key":"REST"}],"circlet_count":0,"master_deck":["AscendersBane","Strike_G","Strike_G","Strike_G","Strike_G","Defend_G","Defend_G","Defend_G","Defend_G","Defend_G","Survivor","Neutralize+1","Apotheosis+1","Blade Dance","Quick Slash","Calculated Gamble+1","Deadly Poison","PiercingWail+1","Choke","Dagger Throw","Wraith Form v2","Footwork+1","Terror","Footwork","Underhanded Strike","Calculated Gamble","Acrobatics"],"relics":["Ring of the Serpent","Du-Vu Doll"],"acts_visited":["Exordium","TheCity"],"potions_floor_usage":[24],"damage_taken":[{"damage":4.0,"enemies":"Small Slimes","floor":1.0,"turns":3.0},{"damage":0.0,"enemies":"Jaw Worm","floor":4.0,"turns":4.0},{"damage":0.0,"enemies":"Cultist","floor":5.0,"turns":3.0},{"damage":20.0,"enemies":"Lots of Slimes","floor":7.0,"turns":4.0},{"damage":2.0,"enemies":"3 Louse","floor":10.0,"turns":5.0},{"damage":4.0,"enemies":"2 Fungi Beasts","floor":13.0,"turns":3.0},{"damage":0.0,"enemies":"Exordium Wildlife","floor":14.0,"turns":3.0},{"damage":18.0,"enemies":"Slime Boss","floor":16.0,"turns":9.0},{"damage":8.0,"enemies":"Shell Parasite","floor":18.0,"turns":6.0},{"damage":23.0,"enemies":"2 Thieves","floor":19.0,"turns":4.0},{"damage":20,"enemies":"Shelled Parasite and Fungi","floor":21,"turns":6},{"damage":7,"enemies":"Centurion and Healer","floor":22,"turns":6},{"damage":37,"enemies":"Slavers","floor":24,"turns":2}],"seed_played":"7845536331284590000","potions_obtained":[{"floor":1.0,"key":"Swift Potion"},{"floor":4.0,"key":"Fruit Juice"},{"floor":12.0,"key":"PowerPotion"},{"floor":14.0,"key":"PowerPotion"},{"floor":19.0,"key":"LiquidBronze"}],"is_trial":false,"path_per_floor":["M","?","$","M","M","R","M","R","T","M","R","?","M","M","R","B",null,"M","M","$","M","M","R","E"],"character_chosen":"THE_SILENT","items_purchased":["Footwork","Underhanded Strike"],"campfire_rested":2,"item_purchase_floors":[20,20],"current_hp_per_floor":[59,59,59,59,64,64,44,66,66,64,64,64,60,60,60,42,67,59,36,36,16,9,31,0,0],"gold":52,"neow_bonus":"RANDOM_COLORLESS_2","is_daily":false,"chose_seed":false,"campfire_upgraded":3,"win_rate":0.0,"timestamp":1611436806,"path_taken":["M","?","?","M","M","R","M","R","T","M","R","?","M","?","R","BOSS","M","M","$","?","M","R","E"],"items_purchased_type":["Card","Card"],"build_version":"2020-12-22","purchased_purges":1,"victory":false,"max_hp_per_floor":[70,70,70,70,75,75,75,75,75,75,75,75,75,75,75,75,75,75,75,75,75,75,75,75,75],"card_choices":[{"not_picked":["Master of Strategy","Thinking Ahead"],"picked":"Apotheosis","floor":0.0},{"not_picked":["Dagger Spray","Bane"],"picked":"Blade Dance","floor":1.0},{"not_picked":["Bane","Predator"],"picked":"Quick Slash","floor":4.0},{"not_picked":["Escape Plan","Eviscerate"],"picked":"Calculated Gamble","floor":5.0},{"not_picked":["Flying Knee","Slice"],"picked":"Deadly Poison","floor":7.0},{"not_picked":["Sucker Punch","Dagger Spray"],"picked":"PiercingWail","floor":10.0},{"not_picked":["All Out Attack","Endless Agony"],"picked":"Choke","floor":13.0},{"not_picked":["All Out Attack","Flying Knee"],"picked":"Dagger Throw","floor":14.0},{"not_picked":["Venomology","Adrenaline"],"picked":"Wraith Form v2","floor":16.0},{"not_picked":["Backflip+1","Deflect"],"picked":"Footwork+1","floor":18.0},{"not_picked":["Outmaneuver+1","Caltrops"],"picked":"Terror","floor":19.0},{"not_picked":["Flying Knee","Terror"],"picked":"Calculated Gamble","floor":21},{"not_picked":["Poisoned Stab","Eviscerate"],"picked":"Acrobatics","floor":22}],"player_experience":268801,"relics_obtained":[{"floor":9.0,"key":"Du-Vu Doll"}],"event_choices":[{"damage_healed":0.0,"max_hp_gain":0.0,"max_hp_loss":0.0,"gold_gain":0.0,"event_name":"Living Wall","player_choice":"Grow","floor":2.0,"gold_loss":0.0,"damage_taken":0.0,"cards_upgraded":["Apotheosis"]},{"damage_healed":0.0,"max_hp_gain":0.0,"max_hp_loss":0.0,"gold_gain":0.0,"event_name":"The Woman in Blue","player_choice":"Bought 1 Potion","floor":12.0,"gold_loss":0.0,"damage_taken":0.0}],"is_beta":false,"boss_relics":[{"not_picked":["Velvet Choker","Philosopher\u0027s Stone"],"picked":"Ring of the Serpent"}],"items_purged_floors":[20],"is_endless":false,"potions_floor_spawned":[1,4,14,19],"killed_by":"Slavers","ascension_level":12}}