{"host":"blqtz7f1wyqlnbm9","time":1611373376,"event":{"mods":["Arknights The Spire","BaseMod","Minty Spire (QoL Compilation)","StSLib"],"gold_per_floor":[118,130,146,159,159,159,159,159],"floor_reached":7,"language":"ZHS","playtime":362,"items_purged":[],"score":43,"play_id":"35e2b708-274b-4540-96e3-42f0c0dff50e","local_time":"20210123114256","is_ascension_mode":false,"campfire_choices":[{"data":"ats:Apocalypse","floor":6,"key":"SMITH"}],"circlet_count":0,"master_deck":["ats:Strike C","ats:Strike G","ats:Strike S","ats:Strike V","ats:Armor Crushing Shot","ats:Defend","ats:Defend","ats:Defend","ats:Defend","ats:Emotion Absorption","ats:Leaping Hammer","ats:Apocalypse+1","ats:Assault Order","ats:Shadow Raid"],"relics":["ats:Sanity","Orichalcum","Golden Idol"],"acts_visited":["Exordium"],"potions_floor_usage":[7],"damage_taken":[{"damage":1,"enemies":"Small Slimes","floor":1,"turns":3},{"damage":8,"enemies":"2 Louse","floor":2,"turns":2},{"damage":3,"enemies":"Cultist","floor":3,"turns":4},{"damage":3,"enemies":"2 Fungi Beasts","floor":4,"turns":4},{"damage":88,"enemies":"Lagavulin","floor":7,"turns":13}],"seed_played":"-3506749750530018976","potions_obtained":[{"floor":1,"key":"SpeedPotion"},{"floor":2,"key":"GamblersBrew"}],"is_trial":false,"path_per_floor":["M","M","M","M","?","R","E"],"character_chosen":"DOCTOR_CLASS","items_purchased":[],"campfire_rested":0,"item_purchase_floors":[],"current_hp_per_floor":[71,63,65,67,67,67,0,0],"gold":159,"neow_bonus":"RANDOM_COMMON_RELIC","is_daily":false,"chose_seed":false,"campfire_upgraded":1,"win_rate":0.0,"timestamp":1611373376,"path_taken":["M","M","M","M","?","R","E"],"items_purchased_type":[],"build_version":"2020-12-22","purchased_purges":0,"victory":false,"max_hp_per_floor":[72,72,72,72,67,67,67,67],"card_choices":[{"not_picked":["ats:Overload","ats:Neurotoxin"],"picked":"ats:Leaping Hammer","floor":1},{"not_picked":["ats:Blood Oath","ats:Cat Scratch"],"picked":"ats:Apocalypse","floor":2},{"not_picked":["ats:Guardian Obelisk","ats:Cat Scratch"],"picked":"ats:Assault Order","floor":3},{"not_picked":["ats:Ignite","ats:Hook Shot"],"picked":"ats:Shadow Raid","floor":4}],"player_experience":240313,"relics_obtained":[],"event_choices":[{"damage_healed":0,"gold_gain":0,"player_choice":"Lose Max HP","damage_taken":0,"relics_obtained":["Golden Idol"],"max_hp_gain":0,"max_hp_loss":5,"event_name":"Golden Idol","floor":5,"gold_loss":0}],"is_beta":false,"boss_relics":[],"items_purged_floors":[],"is_endless":false,"potions_floor_spawned":[1,2],"killed_by":"Lagavulin","ascension_level":0}}