{"host":"t7mx8yfj1no5p62f","time":1611381125,"event":{"mods":["BaseMod","Bestiary","Colored Map","Colored Powertips","Minty Spire (QoL Compilation)","Relic Stats","StSLib","ojb\u0027s Info Mod"],"gold_per_floor":[110,110,121,139,209,209,221,8,8,18,32,32,32],"floor_reached":12,"language":"ENG","playtime":290,"items_purged":[],"score":144,"play_id":"9eae6eb3-a325-4bce-8fa6-44bc165a9167","local_time":"20210123005205","is_ascension_mode":true,"campfire_choices":[{"data":"Bouncing Flask","floor":6.0,"key":"SMITH"}],"circlet_count":0,"master_deck":["AscendersBane","Strike_G","Strike_G","Strike_G","Strike_G","Strike_G","Defend_G","Defend_G","Defend_G","Defend_G+1","Defend_G","Survivor","Neutralize+1","Bouncing Flask+1","Dash","Dagger Spray","Leg Sweep","Backflip","Tools of the Trade"],"relics":["Cursed Key","ClockworkSouvenir"],"acts_visited":["Exordium"],"potions_floor_usage":[12,12],"damage_taken":[{"damage":3.0,"enemies":"Cultist","floor":1.0,"turns":4.0},{"damage":0.0,"enemies":"Small Slimes","floor":3.0,"turns":3.0},{"damage":12.0,"enemies":"Jaw Worm","floor":4.0,"turns":4.0},{"damage":4.0,"enemies":"Exordium Thugs","floor":7.0,"turns":6.0},{"damage":1,"enemies":"Blue Slaver","floor":10,"turns":3},{"damage":3,"enemies":"Looter","floor":11,"turns":2},{"damage":24,"enemies":"Gremlin Nob","floor":12,"turns":3}],"seed_played":"8765595220774632347","potions_obtained":[{"floor":1.0,"key":"Strength Potion"},{"floor":4.0,"key":"EssenceOfSteel"},{"floor":11,"key":"Energy Potion"}],"is_trial":false,"path_per_floor":["M","?","M","M","?","R","M","$","T","M","M","E"],"character_chosen":"THE_SILENT","items_purchased":["ClockworkSouvenir","Backflip"],"campfire_rested":0,"item_purchase_floors":[8,8],"current_hp_per_floor":[56,36,36,24,24,24,20,20,20,19,16,0,0],"gold":32,"neow_bonus":"BOSS_RELIC","is_daily":false,"chose_seed":false,"campfire_upgraded":1,"win_rate":0.0,"timestamp":1611381125,"path_taken":["M","?","M","M","?","R","M","$","T","M","M","E"],"items_purchased_type":["Relic","Card"],"build_version":"2020-12-22","purchased_purges":0,"victory":false,"max_hp_per_floor":[66,66,66,66,66,66,66,66,66,66,66,66,66],"relic_stats":{"counters":[7,25],"Cursed Key":0,"obtain_stats":[{"Cursed Key":0,"Ring of the Snake":0,"ClockworkSouvenir":8},{"Cursed Key":0,"Ring of the Snake":0,"ClockworkSouvenir":4},{"Cursed Key":0,"Ring of the Snake":0,"ClockworkSouvenir":17}]},"card_choices":[{"not_picked":["Calculated Gamble","Catalyst"],"picked":"Bouncing Flask","floor":1.0},{"not_picked":["Slice","Dagger Spray"],"picked":"Dash","floor":3.0},{"not_picked":["Choke","Expertise"],"picked":"Dagger Spray","floor":4.0},{"not_picked":["Prepared","Sucker Punch"],"picked":"Leg Sweep","floor":7.0},{"not_picked":["Sucker Punch","Dodge and Roll","Dagger Throw"],"picked":"SKIP","floor":10},{"not_picked":["Bouncing Flask","Cloak And Dagger"],"picked":"Tools of the Trade","floor":11}],"player_experience":1828966,"relics_obtained":[],"event_choices":[{"damage_healed":0.0,"max_hp_gain":0.0,"max_hp_loss":0.0,"gold_gain":0.0,"event_name":"Shining Light","player_choice":"Entered Light","floor":2.0,"gold_loss":0.0,"damage_taken":20.0,"cards_upgraded":["Neutralize","Defend_G"]},{"damage_healed":0.0,"max_hp_gain":0.0,"max_hp_loss":0.0,"gold_gain":70.0,"event_name":"Golden Wing","player_choice":"Gained Gold","floor":5.0,"gold_loss":0.0,"damage_taken":0.0}],"is_beta":false,"boss_relics":[],"items_purged_floors":[],"is_endless":false,"potions_floor_spawned":[1,4,11],"killed_by":"Gremlin Nob","ascension_level":20}}