{"host":"uv231blk40vjdojr","time":1611387588,"event":{"mods":["AchievementEnabler","BaseMod","Bestiary","Minty Spire (QoL Compilation)","Relic Stats"],"gold_per_floor":[110,120,138,138,138,138,177,201,201,222,222,238,44,58,58,152,152,173,173,88,108,108,108,120,139,164,164,39,39,39],"floor_reached":29,"language":"ENG","playtime":1189,"items_purged":["Strike_G"],"score":454,"play_id":"7df29603-7d68-427e-8c8f-a558dc549fcf","local_time":"20210123083948","is_ascension_mode":true,"campfire_choices":[{"data":"Dash","floor":6,"key":"SMITH"},{"data":"Malaise","floor":11,"key":"SMITH"},{"floor":15,"key":"REST"},{"data":"Adrenaline","floor":23,"key":"SMITH"},{"data":"Poisoned Stab","floor":27,"key":"SMITH"}],"circlet_count":0,"master_deck":["AscendersBane","Strike_G","Strike_G","Strike_G","Strike_G","Defend_G","Defend_G","Defend_G","Defend_G","Defend_G","Survivor","Neutralize","Malaise+1","Dash+1","Blade Dance","Blur","Quick Slash","Leg Sweep","Poisoned Stab","Night Terror","Adrenaline+1","Dagger Spray","Poisoned Stab+1","Footwork","Noxious Fumes"],"relics":["Ring of the Snake","Bloody Idol","Omamori","The Courier","Medical Kit","Sozu","White Beast Statue","Anchor"],"acts_visited":["Exordium","TheCity"],"potions_floor_usage":[7,16],"damage_taken":[{"damage":1,"enemies":"2 Louse","floor":1,"turns":3},{"damage":5,"enemies":"Cultist","floor":2,"turns":4},{"damage":4,"enemies":"Jaw Worm","floor":3,"turns":5},{"damage":7,"enemies":"3 Sentries","floor":7,"turns":9},{"damage":1,"enemies":"2 Fungi Beasts","floor":8,"turns":3},{"damage":15,"enemies":"Exordium Wildlife","floor":10,"turns":6},{"damage":7,"enemies":"Exordium Thugs","floor":12,"turns":6},{"damage":0,"enemies":"Blue Slaver","floor":14,"turns":4},{"damage":24,"enemies":"Hexaghost","floor":16,"turns":18},{"damage":0,"enemies":"3 Byrds","floor":18,"turns":7},{"damage":25,"enemies":"Shell Parasite","floor":21,"turns":7},{"damage":4,"enemies":"Centurion and Healer","floor":24,"turns":8},{"damage":32,"enemies":"Chosen and Byrds","floor":25,"turns":10},{"damage":22,"enemies":"3 Cultists","floor":29,"turns":4}],"seed_played":"-7335790508217340860","potions_obtained":[{"floor":1,"key":"GamblersBrew"},{"floor":12,"key":"SteroidPotion"}],"is_trial":false,"path_per_floor":["M","M","M","?","?","R","E","M","T","M","R","M","$","M","R","B",null,"M","?","?","M","?","R","M","M","T","R","$","M"],"character_chosen":"THE_SILENT","items_purchased":["Medical Kit","Footwork","Noxious Fumes"],"campfire_rested":1,"item_purchase_floors":[13,28,28],"current_hp_per_floor":[58,53,49,49,40,40,33,32,32,17,17,10,10,10,28,4,46,46,46,46,26,38,38,39,12,17,17,17,0,0],"gold":39,"neow_bonus":"ONE_RANDOM_RARE_CARD","is_daily":false,"chose_seed":false,"campfire_upgraded":4,"win_rate":0.0,"timestamp":1611387588,"path_taken":["M","M","M","?","?","R","E","M","T","?","R","M","$","M","R","BOSS","M","?","?","M","?","R","M","M","T","R","$","?"],"items_purchased_type":["Relic","Card","Card"],"build_version":"2020-12-22","purchased_purges":1,"victory":false,"max_hp_per_floor":[66,66,66,60,60,60,60,60,60,60,60,60,60,60,60,60,60,60,60,60,60,60,60,60,60,60,60,60,60,60],"relic_stats":{"Sozu":3,"counters":[14,94],"Bloody Idol":20,"Medical Kit":[13],"obtain_stats":[{"Sozu":17,"Anchor":26,"Golden Idol":4,"Bloody Idol":19,"The Courier":9,"Omamori":7,"Medical Kit":13,"White Beast Statue":20,"Ring of the Snake":0},{"Sozu":9,"Anchor":13,"Golden Idol":3,"Bloody Idol":10,"The Courier":5,"Omamori":4,"Medical Kit":7,"White Beast Statue":10,"Ring of the Snake":0},{"Sozu":58,"Anchor":90,"Golden Idol":12,"Bloody Idol":65,"The Courier":24,"Omamori":21,"Medical Kit":36,"White Beast Statue":65,"Ring of the Snake":0}],"Ring of the Snake":[28]},"card_choices":[{"not_picked":["Deadly Poison","Finisher"],"picked":"Dash","floor":1},{"not_picked":["Poisoned Stab","Escape Plan"],"picked":"Blade Dance","floor":2},{"not_picked":["Outmaneuver","PiercingWail"],"picked":"Blur","floor":3},{"not_picked":["Deadly Poison","Unload"],"picked":"Quick Slash","floor":7},{"not_picked":["Underhanded Strike","Dodge and Roll","Dagger Spray"],"picked":"SKIP","floor":8},{"not_picked":["Dagger Throw","Dagger Spray"],"picked":"Leg Sweep","floor":10},{"not_picked":["Flying Knee","Dodge and Roll"],"picked":"Poisoned Stab","floor":12},{"not_picked":["Blade Dance","Prepared"],"picked":"Night Terror","floor":14},{"not_picked":["Corpse Explosion","Night Terror"],"picked":"Adrenaline","floor":16},{"not_picked":["Infinite Blades","Bane"],"picked":"Dagger Spray","floor":18},{"not_picked":["Slice","All Out Attack","Dagger Throw"],"picked":"SKIP","floor":21},{"not_picked":["Dagger Spray","Prepared"],"picked":"Poisoned Stab","floor":24},{"not_picked":["Underhanded Strike+1","Dagger Throw","Quick Slash+1"],"picked":"SKIP","floor":25}],"player_experience":717983,"relics_obtained":[{"floor":7,"key":"Omamori"},{"floor":9,"key":"The Courier"},{"floor":26,"key":"Anchor"}],"event_choices":[{"damage_healed":0,"gold_gain":0,"player_choice":"Lose Max HP","damage_taken":0,"relics_obtained":["Golden Idol"],"max_hp_gain":0,"max_hp_loss":6,"event_name":"Golden Idol","floor":4,"gold_loss":0},{"damage_healed":0,"gold_gain":0,"player_choice":"Damaged","damage_taken":9,"max_hp_gain":0,"max_hp_loss":0,"event_name":"Wheel of Change","floor":5,"gold_loss":0},{"damage_healed":0,"gold_gain":0,"player_choice":"Gave Idol","damage_taken":0,"relics_obtained":["Bloody Idol"],"max_hp_gain":0,"max_hp_loss":0,"event_name":"Forgotten Altar","floor":19,"relics_lost":["Golden Idol"],"gold_loss":0},{"damage_healed":0,"gold_gain":0,"player_choice":"Obtained Relic","damage_taken":0,"relics_obtained":["White Beast Statue"],"max_hp_gain":0,"max_hp_loss":0,"event_name":"Addict","floor":20,"gold_loss":85},{"damage_healed":12,"gold_gain":0,"player_choice":"Heal","damage_taken":0,"max_hp_gain":0,"max_hp_loss":0,"event_name":"The Library","floor":22,"gold_loss":0}],"is_beta":false,"boss_relics":[{"not_picked":["Ring of the Serpent","Fusion Hammer"],"picked":"Sozu"}],"items_purged_floors":[13],"is_endless":false,"potions_floor_spawned":[1,12,21,24,25],"killed_by":"3 Cultists","ascension_level":20}}