{"host":"qsusua7l529r8z9k","time":1611372411,"event":{"mods":["BaseMod","KomeijiMod","Minty Spire (QoL Compilation)","Spicy Shops","StSLib"],"gold_per_floor":[113,113,131,306,306,341,371,371,371],"floor_reached":8,"language":"ZHS","playtime":330,"items_purged":[],"score":79,"play_id":"dd73fe7b-edf6-4f37-9793-b3f17cb47799","local_time":"20210123112651","is_ascension_mode":false,"campfire_choices":[],"circlet_count":0,"master_deck":["Strike_Komeiji","Strike_Komeiji","Strike_Komeiji","Strike_Komeiji","Defend_Komeiji","Defend_Komeiji","Defend_Komeiji","Defend_Komeiji","Dash_Komeiji","DemonLordCradle"],"relics":["KomeijisEye","SpellCardsRule","MusicBox","NeowsBlessing","Shuriken","Question Card"],"acts_visited":["Exordium"],"potions_floor_usage":[],"damage_taken":[{"damage":0,"enemies":"2 Louse","floor":1,"turns":2},{"damage":0,"enemies":"Jaw Worm","floor":3,"turns":1},{"damage":0,"enemies":"3 Sentries","floor":6,"turns":2},{"damage":54,"enemies":"Lagavulin","floor":8,"turns":13}],"seed_played":"6771920024459245772","potions_obtained":[{"floor":1,"key":"LiquidMemories"}],"is_trial":false,"path_per_floor":["M","?","M","?","?","E","?","E"],"character_chosen":"KomeijiSatori","items_purchased":[],"campfire_rested":0,"item_purchase_floors":[],"current_hp_per_floor":[50,50,50,50,50,50,50,0,0],"gold":371,"neow_bonus":"THREE_ENEMY_KILL","is_daily":false,"chose_seed":false,"campfire_upgraded":0,"win_rate":0.0,"timestamp":1611372411,"path_taken":["M","?","M","?","?","E","?","E"],"items_purchased_type":[],"build_version":"2020-12-22","purchased_purges":0,"victory":false,"max_hp_per_floor":[50,50,50,50,50,50,50,50,50],"card_choices":[{"not_picked":["DochyakuKami+1","ShyakuBuku"],"picked":"DemonLordCradle","floor":1},{"not_picked":["NingyouSP+1","InscribeRedSoul","RikonNoKama+1"],"picked":"SKIP","floor":3},{"not_picked":["KoKei+1","LunaticRedEyes","NingyouMusou+1"],"picked":"SKIP","floor":6}],"player_experience":464395,"relics_obtained":[{"floor":6,"key":"Shuriken"}],"event_choices":[{"damage_healed":0,"gold_gain":175,"player_choice":"AGREE","damage_taken":0,"max_hp_gain":0,"max_hp_loss":0,"event_name":"Liars Game","floor":4,"gold_loss":0,"cards_obtained":["Doubt"]},{"cards_removed":["Doubt"],"damage_healed":0,"gold_gain":0,"player_choice":"Forget","damage_taken":0,"max_hp_gain":0,"max_hp_loss":0,"event_name":"Living Wall","floor":5,"gold_loss":0},{"damage_healed":0,"gold_gain":30,"player_choice":"Searched \u00273\u0027 times","damage_taken":0,"relics_obtained":["Question Card"],"max_hp_gain":0,"max_hp_loss":0,"event_name":"Dead Adventurer","floor":7,"gold_loss":0}],"is_beta":false,"boss_relics":[],"items_purged_floors":[],"is_endless":false,"potions_floor_spawned":[1],"killed_by":"Lagavulin","ascension_level":0}}