{"host":"5vely6jbi66u1z8q","time":1611424923,"event":{"mods":["2.2 Compatiblity","Act Like it!","Aspiration","BaseMod","Conspire","Downfall","Hermit","Hubris","Infinite Spire","Minty Spire (QoL Compilation)","Shade Mod","Spicy Shops","StSLib","The Construct"],"gold_per_floor":[99,114,133,233,252,277,277,302,321,321,341,81,94,120,132,234,234,234,252,270,295,295,323,323,337,356,391,419,449,449,483,500,599,599,499,515,535,546,562,594,594,612,156,184,184,84,116,116,116,116],"floor_reached":48,"language":"ENG","playtime":5904,"items_purged":["bronze:Iterate","bronze:Iterate","Barricade","bronze:Branch"],"score":944,"play_id":"c5071c00-edb9-4763-b1ea-458bf9623759","local_time":"20210123130203","daily_mods":["Draft","DeadlyEvents","Elite Swarm"],"is_ascension_mode":false,"campfire_choices":[{"data":"bronze:Shell","floor":1.0,"key":"SMITH"},{"floor":10.0,"key":"REST"},{"floor":18.0,"key":"REST"},{"floor":30.0,"key":"RECALL"},{"floor":35.0,"key":"REST"},{"floor":46.0,"key":"REST"}],"circlet_count":0,"master_deck":["bronze:Repulsor","bronze:Fortify","bronze:Shell+1","bronze:DelayedSlice","bronze:BuggyMess","bronze:ChosenStrike","bronze:BitShift","bronze:WhirlingStrike","bronze:Flail","bronze:Boost","bronze:Frontload","bronze:DelayedGuard","bronze:ChosenStrike","bronze:Shell","bronze:FineTuning","bronze:Verify","bronze:FindAndReplace","bronze:FineTuning","bronze:ChildClass","bronze:Optimize","bronze:ClassDefault","expansioncontent:AwakenDeath","bronze:Mutator","bronze:DelayedGuard","bronze:HardenedForm","bronze:Turbo","bronze:BuggyMess+1","bronze:HardenedForm","bronze:DelayedGuard+1","bronze:Repulsor+1","bronze:AlphaBuild","bronze:AlphaBuild","bronze:HardenedForm","bronze:SpaghettiCode","bronze:DelayedGuard","bronze:DelayedGuard","bronze:Assembly","bronze:DelayedSlice+1","bronze:DelayedSlice+1","bronze:Frontload+1","bronze:AlphaBuild","bronze:BuggyMess","Fire Breathing","champ:StrikeOfGenius"],"relics":["bronze:BronzeCore","Mummified Hand","conspire:DeflatedDodgeball","aspiration:DSix","aspiration:StickyExplosives_weak","Fusion Hammer","Potion Belt","hubris:Icosahedron","infinitespire:Eraser","Vajra","aspiration:SeaSaltIceCream","aspiration:Nostalgia","Guardian:ModeShifter","Unceasing Top","Pen Nib","Prayer Wheel","aspiration:IroncladSkillbook","downfall:HeartBlessingRed","construct:BoolHorns","aspiration:HummingbirdHeart","conspire:TreasureMap","Nunchaku","PrismaticShard","CaptainsWheel","Oddly Smooth Stone","champ:DeflectingBracers","Anchor","downfall:HeartBlessingGreen","hubris:AstralHammer"],"acts_visited":["Exordium","TheCity","TheBeyond"],"potions_floor_usage":[],"damage_taken":[{"damage":13.0,"enemies":"Jaw Worm","floor":2.0,"turns":4.0},{"damage":0.0,"enemies":"Cultist","floor":3.0,"turns":3.0},{"damage":0.0,"enemies":"Small Slimes","floor":5.0,"turns":2.0},{"damage":26.0,"enemies":"Lagavulin","floor":6.0,"turns":7.0},{"damage":26.0,"enemies":"Gremlin Nob","floor":8.0,"turns":5.0},{"damage":8.0,"enemies":"Red Slaver","floor":9.0,"turns":4.0},{"damage":3.0,"enemies":"Lots of Slimes","floor":11.0,"turns":2.0},{"damage":0.0,"enemies":"downfall:FleeingMerchant","floor":12.0,"turns":4.0},{"damage":0.0,"enemies":"Gremlin Gang","floor":13.0,"turns":3.0},{"damage":18.0,"enemies":"Lagavulin","floor":14.0,"turns":6.0},{"damage":1.0,"enemies":"3 Louse","floor":15.0,"turns":3.0},{"damage":0.0,"enemies":"IC_STATUS_ARCHETYPE","floor":16.0,"turns":7.0},{"damage":10.0,"enemies":"Chosen","floor":19.0,"turns":3.0},{"damage":0.0,"enemies":"Spheric Guardian","floor":20.0,"turns":4.0},{"damage":11.0,"enemies":"conspire:MimicChest","floor":21.0,"turns":4.0},{"damage":21.0,"enemies":"Slavers","floor":23.0,"turns":5.0},{"damage":4.0,"enemies":"Centurion and Healer","floor":25.0,"turns":4.0},{"damage":0.0,"enemies":"3 Cultists","floor":26.0,"turns":5.0},{"damage":32.0,"enemies":"Book of Stabbing","floor":27.0,"turns":6.0},{"damage":33.0,"enemies":"Gremlin Leader","floor":28.0,"turns":6.0},{"damage":0.0,"enemies":"conspire:SneckoGhost","floor":29.0,"turns":5.0},{"damage":31.0,"enemies":"Nightmare","floor":31.0,"turns":7.0},{"damage":0.0,"enemies":"conspire:HollyBat","floor":32.0,"turns":11.0},{"damage":0.0,"enemies":"WA_ARCHETYPE_CALM","floor":33.0,"turns":5.0},{"damage":0.0,"enemies":"Orb Walker","floor":36.0,"turns":3.0},{"damage":1.0,"enemies":"3 Shapes","floor":37.0,"turns":4.0},{"damage":0.0,"enemies":"Spire Growth","floor":38.0,"turns":2.0},{"damage":8.0,"enemies":"Sphere and 2 Shapes","floor":39.0,"turns":3.0},{"damage":0.0,"enemies":"Reptomancer","floor":40.0,"turns":5.0},{"damage":0.0,"enemies":"Jaw Worm Horde","floor":42.0,"turns":3.0},{"damage":0.0,"enemies":"downfall:FleeingMerchant","floor":43.0,"turns":4.0},{"damage":8.0,"enemies":"Giant Head","floor":44.0,"turns":6.0},{"damage":0.0,"enemies":"Nemesis","floor":47.0,"turns":5.0},{"damage":0,"enemies":"2 Orb Walkers","floor":48,"turns":1}],"seed_played":"3188688546142968","potions_obtained":[{"floor":5.0,"key":"Regen Potion"},{"floor":6.0,"key":"AttackPotion"},{"floor":11.0,"key":"DistilledChaos"},{"floor":14.0,"key":"SneckoOil"},{"floor":15.0,"key":"Energy Potion"},{"floor":16.0,"key":"bronze:BurnAndBuffPotion"},{"floor":20.0,"key":"Energy Potion"},{"floor":21.0,"key":"hexamod:SoulburnPotion"},{"floor":31.0,"key":"Strength Potion"},{"floor":32.0,"key":"Regen Potion"},{"floor":33.0,"key":"ColorlessPotion"},{"floor":38.0,"key":"hexamod:SoulburnPotion"},{"floor":40.0,"key":"Explosive Potion"},{"floor":47.0,"key":"GamblersBrew"}],"is_trial":true,"path_per_floor":["R","M","M","?","M","E","T","E","M","R","M","$","M","E","M","B",null,"R","M","M","?","?","E","T","M","M","E","E","E","R","NM","M","B",null,"R","M","M","M","M","E","T","M","$","E","$","R","E","?"],"character_chosen":"THE_AUTOMATON","items_purchased":["bronze:ClassDefault","expansioncontent:AwakenDeath","Fire Breathing","conspire:TreasureMap","Nunchaku","PrismaticShard","Oddly Smooth Stone","champ:DeflectingBracers","Anchor"],"campfire_rested":4,"item_purchase_floors":[12,12,43,43,43,43,45,45,45],"current_hp_per_floor":[70,57,57,57,57,43,43,17,9,30,27,27,27,9,8,8,70,70,60,60,49,49,28,28,24,24,20,48,48,48,17,17,31,70,70,70,70,70,66,70,70,70,70,66,14,35,39,39,39,39],"gold":116,"neow_bonus":"","is_daily":false,"chose_seed":false,"campfire_upgraded":1,"win_rate":0.0,"timestamp":1611424923,"path_taken":["R","M","M","?","M","E","T","E","M","R","M","$","M","?","M","BOSS","R","M","M","?","?","E","T","?","?","E","?","E","R","NM","M","BOSS","R","M","M","M","M","E","T","M","$","E","?","R","E","?"],"items_purchased_type":["Card","Card","Card","Relic","Relic","Relic","Relic","Relic","Relic"],"build_version":"2020-12-22","purchased_purges":4,"victory":false,"max_hp_per_floor":[70,70,70,70,70,70,70,70,70,70,70,70,70,70,70,70,70,70,70,70,70,70,70,70,70,70,70,70,70,70,70,70,70,70,70,70,70,70,70,70,70,70,70,70,70,70,70,70,70,70],"card_choices":[{"not_picked":["bronze:Frontload","bronze:Invalidate"],"picked":"bronze:Repulsor","floor":0.0},{"not_picked":["bronze:Frontload","bronze:BuggyMess"],"picked":"bronze:Fortify","floor":0.0},{"not_picked":["bronze:DelayedSlice","bronze:WhirlingStrike"],"picked":"bronze:Iterate","floor":0.0},{"not_picked":["bronze:WildBeam","bronze:BugBarrage"],"picked":"bronze:Shell","floor":0.0},{"not_picked":["bronze:Backtrace","bronze:Boost"],"picked":"bronze:DelayedSlice","floor":0.0},{"not_picked":["bronze:FollowUp","bronze:Philosophize"],"picked":"bronze:BuggyMess","floor":0.0},{"not_picked":["bronze:Turbo","bronze:Invalidate"],"picked":"bronze:ChosenStrike","floor":0.0},{"not_picked":["bronze:OilSpill","bronze:WildBeam"],"picked":"bronze:BitShift","floor":0.0},{"not_picked":["bronze:WildBeam","bronze:BitShift"],"picked":"bronze:Branch","floor":0.0},{"not_picked":["bronze:Optimize","bronze:OilSpill"],"picked":"bronze:WhirlingStrike","floor":0.0},{"not_picked":["bronze:BuggyMess","bronze:Deprecate"],"picked":"bronze:Flail","floor":0.0},{"not_picked":["bronze:WhirlingStrike","bronze:Deprecate"],"picked":"bronze:Boost","floor":0.0},{"not_picked":["bronze:Shield","bronze:BugBarrage"],"picked":"bronze:Frontload","floor":0.0},{"not_picked":["bronze:DelayedSlice","bronze:Shield"],"picked":"bronze:DelayedGuard","floor":0.0},{"not_picked":["bronze:FollowUp","bronze:BitShift"],"picked":"bronze:ChosenStrike","floor":0.0},{"not_picked":["bronze:OilSpill","bronze:Shield"],"picked":"bronze:Iterate","floor":2.0},{"not_picked":["bronze:BronzeArmor","bronze:OilSpill"],"picked":"bronze:Shell","floor":3.0},{"not_picked":["bronze:MaxOutput","bronze:Frontload"],"picked":"bronze:FineTuning","floor":5.0},{"not_picked":["bronze:HyperBeam","bronze:Assembly"],"picked":"bronze:Verify","floor":6.0},{"not_picked":["bronze:RecursiveStrike","bronze:Virus"],"picked":"bronze:FindAndReplace","floor":8.0},{"not_picked":["bronze:WildBeam","bronze:BitShift"],"picked":"bronze:FineTuning","floor":9.0},{"not_picked":["bronze:BugBarrage","bronze:Return"],"picked":"bronze:ChildClass","floor":11.0},{"not_picked":["bronze:CloningBeam","bronze:Branch"],"picked":"bronze:Optimize","floor":12.0},{"not_picked":["bronze:ForceShield","bronze:Optimize","bronze:Allocate"],"picked":"SKIP","floor":13.0},{"not_picked":["bronze:Break","bronze:Assembly"],"picked":"bronze:Mutator","floor":14.0},{"not_picked":["bronze:Flail","bronze:Optimize"],"picked":"bronze:DelayedGuard","floor":15.0},{"not_picked":["bronze:SpaghettiCode","bronze:ThunderWave"],"picked":"bronze:HardenedForm","floor":16.0},{"not_picked":["bronze:Iterate","bronze:Invalidate","bronze:WildBeam"],"picked":"SKIP","floor":19.0},{"not_picked":["bronze:ForLoop+1","bronze:WhirlingStrike"],"picked":"bronze:Turbo","floor":20.0},{"not_picked":["bronze:OilSpill","bronze:Safeguard"],"picked":"bronze:BuggyMess+1","floor":21.0},{"not_picked":["bronze:BurnOut","bronze:ThunderWave"],"picked":"bronze:HardenedForm","floor":23.0},{"not_picked":["bronze:DigitalCarnage","bronze:BuggyMess"],"picked":"bronze:DelayedGuard+1","floor":25.0},{"not_picked":["bronze:Repair+1","bronze:ForLoop+1"],"picked":"bronze:Repulsor+1","floor":26.0},{"not_picked":["bronze:FindAndReplace","bronze:SpaghettiCode"],"picked":"bronze:AlphaBuild","floor":27.0},{"not_picked":["bronze:CleanCode","bronze:ShipIt"],"picked":"bronze:AlphaBuild","floor":28.0},{"not_picked":["bronze:Break","bronze:Format"],"picked":"bronze:HardenedForm","floor":29.0},{"not_picked":["bronze:FindAndReplace","bronze:Virus"],"picked":"bronze:SpaghettiCode","floor":31.0},{"not_picked":["bronze:Turbo","bronze:WhirlingStrike+1"],"picked":"bronze:DelayedGuard","floor":32.0},{"not_picked":["bronze:WildBeam","bronze:Flail","bronze:CutThrough"],"picked":"SKIP","floor":32.0},{"not_picked":["Flex","Headbutt+1","Shockwave"],"picked":"bronze:DelayedGuard","floor":36.0},{"not_picked":["Wild Strike+1","Headbutt","Twin Strike","bronze:Shield+1"],"picked":"SKIP","floor":36.0},{"not_picked":["Iron Wave","bronze:Iterate","Havoc"],"picked":"bronze:Assembly","floor":37.0},{"not_picked":["Wild Strike+1","Flex","Twin Strike","bronze:BugBarrage"],"picked":"SKIP","floor":37.0},{"not_picked":["bronze:FineTuning","Sword Boomerang+1","Searing Blow"],"picked":"bronze:DelayedSlice+1","floor":38.0},{"not_picked":["Second Wind","Dark Embrace","Power Through"],"picked":"Barricade","floor":38.0},{"not_picked":["bronze:BitShift","Flex+1","Hemokinesis"],"picked":"bronze:DelayedSlice+1","floor":39.0},{"not_picked":["Twin Strike","Burning Pact+1","Anger"],"picked":"bronze:Frontload+1","floor":39.0},{"not_picked":["bronze:Mutator","Immolate","Bludgeon"],"picked":"bronze:AlphaBuild","floor":40.0},{"not_picked":["bronze:Return","bronze:Shield+1","bronze:BugBarrage"],"picked":"bronze:BuggyMess","floor":42.0},{"not_picked":["bronze:FineTuning","Thunderclap+1","bronze:Deprecate+1","Clothesline+1"],"picked":"SKIP","floor":42.0},{"not_picked":["Spot Weakness","Sentinel","Double Tap","bronze:Overload+1"],"picked":"SKIP","floor":43.0},{"not_picked":["Judgement","Die Die Die","construct:MassProduction","bronze:BurnOut"],"picked":"SKIP","floor":44.0},{"not_picked":["sneckomod:UnknownRareSkill","hermit:HeroicBravado","bronze:Format"],"picked":"champ:StrikeOfGenius","floor":47.0}],"player_experience":119410,"relics_obtained":[{"floor":6.0,"key":"Mummified Hand"},{"floor":7.0,"key":"conspire:DeflatedDodgeball"},{"floor":8.0,"key":"aspiration:DSix"},{"floor":14.0,"key":"aspiration:StickyExplosives_weak"},{"floor":21.0,"key":"Potion Belt"},{"floor":23.0,"key":"infinitespire:Eraser"},{"floor":24.0,"key":"Vajra"},{"floor":27.0,"key":"aspiration:SeaSaltIceCream"},{"floor":28.0,"key":"Unceasing Top"},{"floor":29.0,"key":"Pen Nib"},{"floor":31.0,"key":"Prayer Wheel"},{"floor":40.0,"key":"construct:BoolHorns"},{"floor":41.0,"key":"aspiration:HummingbirdHeart"},{"floor":44.0,"key":"CaptainsWheel"},{"floor":47.0,"key":"hubris:AstralHammer"}],"event_choices":[{"damage_healed":0,"gold_gain":0,"player_choice":"Fight","damage_taken":0,"max_hp_gain":0,"max_hp_loss":0,"event_name":"Mysterious Sphere","floor":48,"gold_loss":0}],"is_beta":false,"boss_relics":[{"not_picked":["sneckomod:SneckoTalon","hubris:VirtuousBlindfold"],"picked":"Fusion Hammer"},{"not_picked":["aspiration:SecretTechniqueScroll","Calling Bell"],"picked":"aspiration:IroncladSkillbook"}],"items_purged_floors":[12,43,45,45],"is_endless":true,"potions_floor_spawned":[5,6,11,14,15,16,20,21,31,32,33,38,40,47],"killed_by":"2 Orb Walkers","ascension_level":0}}