{"host":"ymn6un3ro3vi042j","time":1611396562,"event":{"mods":["AchievementEnabler","Act Like it!","Aspiration","BaseMod","Bestiary","Better Match","Better Note","Better Skull","Better Third Choice","BetterRewards","Block Reminder","Colored Map","Colored Powertips","Conspire","Curses Come First","Dark Map","DeckTracker","Downfall","Energized Spire","Friendly Minions","GifTheSpireLib","Googly Eyes","Highlight Path","Mimic Mod","Minty Spire (QoL Compilation)","Poor People Problems","Quick Restart","Rare Cards Sparkle","Relic Stats","Spicy Shops","StSLib","SuperFastMode","Synergy Search","The IronCluck","Wandering Minibosses","everything is the same but u backflip on backflip","slay the spire mod where everything is the same but ironclad has a cowboy hat"],"gold_per_floor":[114,133,146,146,146,146,146],"floor_reached":6,"language":"ENG","playtime":191,"items_purged":[],"score":36,"play_id":"5e338015-135f-498c-b5be-4b830dc7f71a","local_time":"20210123020922","is_ascension_mode":false,"campfire_choices":[],"circlet_count":0,"master_deck":["Strike_P","Strike_P","Strike_P","Strike_P","Defend_P","Defend_P","Defend_P","Defend_P","Eruption","Vigilance","BowlingBash","Halt","DeceiveReality"],"relics":["PureWater","NeowsBlessing","Meat on the Bone","Sundial"],"acts_visited":["Exordium"],"potions_floor_usage":[6],"damage_taken":[{"damage":0,"enemies":"Cultist","floor":1,"turns":1},{"damage":0,"enemies":"Jaw Worm","floor":2,"turns":1},{"damage":0,"enemies":"Small Slimes","floor":3,"turns":1},{"damage":105,"enemies":"Gremlin Nob","floor":6,"turns":4}],"seed_played":"-3815270240487527147","potions_obtained":[{"floor":1,"key":"Block Potion"}],"is_trial":false,"path_per_floor":["M","M","M","?","?","E"],"character_chosen":"WATCHER","items_purchased":[],"campfire_rested":0,"item_purchase_floors":[],"current_hp_per_floor":[72,72,72,56,56,0,0],"gold":146,"neow_bonus":"THREE_ENEMY_KILL","is_daily":false,"chose_seed":false,"campfire_upgraded":0,"win_rate":0.0,"timestamp":1611396562,"path_taken":["M","M","?","?","?","E"],"items_purchased_type":[],"build_version":"2020-12-22","purchased_purges":0,"victory":false,"max_hp_per_floor":[72,72,72,72,72,72,72],"relic_stats":{"counters":[4,7],"Sundial":[0],"obtain_stats":[{"NeowsBlessing":0,"Sundial":5,"PureWater":0,"Meat on the Bone":4},{"NeowsBlessing":0,"Sundial":3,"PureWater":0,"Meat on the Bone":3},{"NeowsBlessing":0,"Sundial":3,"PureWater":0,"Meat on the Bone":3}],"Meat on the Bone":0},"card_choices":[{"not_picked":["FollowUp","Protect"],"picked":"BowlingBash","floor":1},{"not_picked":["Wallop","EmptyFist"],"picked":"Halt","floor":2},{"not_picked":["Consecrate","CutThroughFate"],"picked":"DeceiveReality","floor":3}],"player_experience":55570,"relics_obtained":[],"event_choices":[{"cards_removed":["Bloodletting"],"damage_healed":0,"gold_gain":0,"player_choice":"Gave Card","damage_taken":0,"relics_obtained":["Sundial"],"max_hp_gain":0,"max_hp_loss":0,"event_name":"WeMeetAgain","floor":5,"gold_loss":0}],"is_beta":false,"boss_relics":[],"items_purged_floors":[],"is_endless":false,"potions_floor_spawned":[1],"killed_by":"Gremlin Nob","ascension_level":0}}