{"host":"bxn2em57qlx5u4i0","time":1611372783,"event":{"mods":["BaseMod","Colored Map","Colored Powertips","Highlight Path","Minty Spire (QoL Compilation)","Random Character Button","Relic Sorter","Relic Stats","StSLib","SuperFastMode"],"gold_per_floor":[114,114,35,62,78,78,110,139,139,174,174,203,36,68,68,146,146,159,170,95,145,37,68,93,123,123,149,184,184,184,184,184,258,258,276,60,0,0,14,40,40,68,121,138,157,187,221,255,255,255,255,255,255,56,88,88],"floor_reached":57,"language":"ENG","playtime":2574,"items_purged":["Deflect","Deflect"],"score":4152,"play_id":"087f9e7f-6749-4ecd-b5ad-3efbec67c9c6","local_time":"20210122223303","daily_mods":["SealedDeck","Heirloom","Time Dilation","Flight","DeadlyEvents"],"is_ascension_mode":true,"campfire_choices":[{"data":"Catalyst","floor":6.0,"key":"SMITH"},{"data":"Tactician","floor":11.0,"key":"SMITH"},{"data":"Noxious Fumes","floor":15.0,"key":"SMITH"},{"data":"Footwork","floor":29,"key":"SMITH"},{"data":"Acrobatics","floor":30,"key":"SMITH"},{"data":"Leg Sweep","floor":32,"key":"SMITH"},{"floor":41,"key":"RECALL"},{"floor":49,"key":"REST"},{"floor":53,"key":"REST"}],"circlet_count":0,"master_deck":["AscendersBane","Tactician+1","Backflip","PiercingWail","Leg Sweep+1","Escape Plan","Acrobatics+1","Deadly Poison","Noxious Fumes+1","Bouncing Flask+1","Catalyst+1","Calculated Gamble+1","Catalyst+1","Adrenaline+1","Backflip+1","Acrobatics+1","Footwork+1","Concentrate+1","Crippling Poison+1","Master of Strategy+1","Bandage Up+1","Sadistic Nature+1","Footwork+1","Noxious Fumes+1","Blur+1","Dodge and Roll+1","Purity+1","Tactician+1"],"relics":["Ring of the Snake","TungstenRod","MealTicket","Darkstone Periapt","Dream Catcher","War Paint","Paper Crane","PreservedInsect","Toxic Egg 2","WristBlade","Nunchaku","Toy Ornithopter","Bag of Marbles","Frozen Egg 2","Turnip","Fusion Hammer","Membership Card","Red Mask","Lantern","StoneCalendar","Blood Vial","Ancient Tea Set","Tough Bandages","Strawberry","OrangePellets","Boot"],"acts_visited":["Exordium","TheCity","TheBeyond","TheEnding"],"potions_floor_usage":[56,56],"damage_taken":[{"damage":0.0,"enemies":"Jaw Worm","floor":1.0,"turns":4.0},{"damage":0.0,"enemies":"Cultist","floor":5.0,"turns":3.0},{"damage":8.0,"enemies":"Gremlin Nob","floor":7.0,"turns":3.0},{"damage":0.0,"enemies":"Lagavulin","floor":8.0,"turns":5.0},{"damage":21.0,"enemies":"3 Sentries","floor":10.0,"turns":8.0},{"damage":0.0,"enemies":"Lagavulin","floor":12.0,"turns":4.0},{"damage":0.0,"enemies":"Gremlin Nob","floor":14.0,"turns":3.0},{"damage":0.0,"enemies":"The Guardian","floor":16.0,"turns":3.0},{"damage":0.0,"enemies":"3 Byrds","floor":18.0,"turns":4.0},{"damage":0.0,"enemies":"Shell Parasite","floor":19.0,"turns":1.0},{"damage":0.0,"enemies":"Book of Stabbing","floor":23.0,"turns":2.0},{"damage":5.0,"enemies":"Gremlin Leader","floor":24.0,"turns":4.0},{"damage":0.0,"enemies":"Book of Stabbing","floor":25.0,"turns":3.0},{"damage":0.0,"enemies":"Gremlin Leader","floor":27.0,"turns":2.0},{"damage":2.0,"enemies":"Slavers","floor":28.0,"turns":4.0},{"damage":0,"enemies":"Champ","floor":33,"turns":4},{"damage":0,"enemies":"3 Darklings","floor":35,"turns":3},{"damage":0,"enemies":"3 Shapes","floor":39,"turns":3},{"damage":0,"enemies":"Reptomancer","floor":40,"turns":3},{"damage":0,"enemies":"Nemesis","floor":42,"turns":3},{"damage":0,"enemies":"3 Darklings","floor":44,"turns":2},{"damage":0,"enemies":"Jaw Worm Horde","floor":45,"turns":2},{"damage":0,"enemies":"Reptomancer","floor":46,"turns":2},{"damage":0,"enemies":"Giant Head","floor":47,"turns":3},{"damage":0,"enemies":"Nemesis","floor":48,"turns":3},{"damage":0,"enemies":"Awakened One","floor":50,"turns":7},{"damage":0,"enemies":"Time Eater","floor":51,"turns":7},{"damage":0,"enemies":"Shield and Spear","floor":55,"turns":3},{"damage":18,"enemies":"The Heart","floor":56,"turns":8}],"seed_played":"-4292747704136290106","potions_obtained":[{"floor":2.0,"key":"LiquidBronze"},{"floor":2.0,"key":"AttackPotion"},{"floor":8.0,"key":"Dexterity Potion"},{"floor":12.0,"key":"Ancient Potion"},{"floor":40,"key":"SpeedPotion"}],"is_trial":true,"path_per_floor":["M","?","$","T","M","R","E","E","T","E","R","E","$","E","R","B",null,"M","M","$","?","$","E","E","E","T","E","E","R","R","?","R","B",null,"M","$","?","?","M","E","R","E","T","M","M","E","E","E","R","B","B",null,"R","$","E","B",null],"character_chosen":"THE_SILENT","items_purchased":["Bouncing Flask","PreservedInsect","Acrobatics+1","Footwork","Membership Card","OrangePellets","Blur+1","Dodge and Roll+1","Purity+1"],"campfire_rested":2,"item_purchase_floors":[3,13,22,22,36,54,54,54,54],"current_hp_per_floor":[59,59,59,59,59,59,51,51,51,30,30,30,45,45,45,45,61,61,61,66,66,66,66,61,61,61,61,59,59,59,42,42,42,60,60,66,66,57,63,66,66,66,66,66,66,66,66,73,73,73,73,73,73,73,73,61],"gold":88,"neow_bonus":"","is_daily":false,"chose_seed":false,"campfire_upgraded":6,"win_rate":0.0,"timestamp":1611372783,"path_taken":["M","?","?","?","M","R","E","E","T","E","R","E","$","E","R","BOSS","M","M","$","?","$","E","E","E","T","E","E","R","R","?","R","BOSS","M","$","?","?","?","E","R","E","T","?","M","?","E","E","R","BOSS","BOSS","R","$","E","BOSS"],"items_purchased_type":["Card","Relic","Card","Card","Relic","Relic","Card","Card","Card"],"build_version":"2020-12-22","purchased_purges":2,"victory":true,"max_hp_per_floor":[66,66,66,66,66,66,66,66,66,66,66,66,66,66,66,66,66,66,66,66,66,66,66,66,66,66,66,66,66,66,66,66,66,66,66,66,66,66,66,66,66,66,66,66,66,66,66,73,73,73,73,73,73,73,73,73],"relic_stats":{"Darkstone Periapt":0,"counters":[29,106],"StoneCalendar":[104],"PreservedInsect":678,"War Paint":["Bouncing Flask","Calculated Gamble"],"Boot":[0],"Blood Vial":0,"OrangePellets":[0],"Dream Catcher":2,"Nunchaku":[0],"Tough Bandages":[189],"MealTicket":26,"Turnip":[6],"obtain_stats":[{"Darkstone Periapt":7,"Lantern":40,"StoneCalendar":42,"Ancient Tea Set":46,"Boot":55,"Blood Vial":43,"Dream Catcher":8,"Nunchaku":23,"Tough Bandages":47,"WristBlade":17,"Strawberry":48,"MealTicket":4,"Fusion Hammer":34,"Red Mask":37,"Toxic Egg 2":14,"Ring of the Snake":0,"PreservedInsect":13,"War Paint":10,"Paper Crane":12,"Frozen Egg 2":26,"OrangePellets":54,"Turnip":27,"Bag of Marbles":25,"Membership Card":36,"TungstenRod":0,"Toy Ornithopter":24},{"Darkstone Periapt":3,"Lantern":19,"StoneCalendar":20,"Ancient Tea Set":23,"Boot":28,"Blood Vial":20,"Dream Catcher":4,"Nunchaku":11,"Tough Bandages":24,"WristBlade":8,"Strawberry":25,"MealTicket":1,"Fusion Hammer":16,"Red Mask":17,"Toxic Egg 2":7,"Ring of the Snake":0,"PreservedInsect":6,"War Paint":5,"Paper Crane":6,"Frozen Egg 2":13,"OrangePellets":27,"Turnip":14,"Bag of Marbles":13,"Membership Card":17,"TungstenRod":0,"Toy Ornithopter":12},{"Darkstone Periapt":10,"Lantern":66,"StoneCalendar":69,"Ancient Tea Set":75,"Boot":98,"Blood Vial":69,"Dream Catcher":15,"Nunchaku":40,"Tough Bandages":78,"WristBlade":33,"Strawberry":81,"MealTicket":4,"Fusion Hammer":57,"Red Mask":60,"Toxic Egg 2":30,"Ring of the Snake":0,"PreservedInsect":27,"War Paint":23,"Paper Crane":27,"Frozen Egg 2":47,"OrangePellets":95,"Turnip":49,"Bag of Marbles":47,"Membership Card":60,"TungstenRod":0,"Toy Ornithopter":44}],"TungstenRod":19,"Toy Ornithopter":0,"Ring of the Snake":[58]},"card_choices":[{"not_picked":["Dash","Backflip","PiercingWail"],"picked":"SKIP","floor":1.0},{"not_picked":["Flying Knee","Skewer"],"picked":"Catalyst","floor":5.0},{"not_picked":["Dagger Spray","PiercingWail","Backflip"],"picked":"SKIP","floor":7.0},{"not_picked":["Calculated Gamble","Infinite Blades","Masterful Stab"],"picked":"SKIP","floor":8.0},{"not_picked":["Calculated Gamble","Infinite Blades","Masterful Stab"],"picked":"SKIP","floor":8.0},{"not_picked":["Infinite Blades","Masterful Stab"],"picked":"Calculated Gamble","floor":8.0},{"not_picked":["Underhanded Strike","Terror","Backstab"],"picked":"SKIP","floor":10.0},{"not_picked":["Flechettes","Slice","Heel Hook"],"picked":"SKIP","floor":12.0},{"not_picked":["Underhanded Strike","Poisoned Stab"],"picked":"Catalyst+1","floor":14.0},{"not_picked":["Grand Finale","Phantasmal Killer+1"],"picked":"Adrenaline+1","floor":16.0},{"not_picked":["Backflip+1","Flying Knee","Dagger Throw"],"picked":"SKIP","floor":18.0},{"not_picked":["Flying Knee","Dagger Throw"],"picked":"Backflip+1","floor":18.0},{"not_picked":["Dagger Spray","Dagger Throw","Caltrops"],"picked":"SKIP","floor":19.0},{"not_picked":["Footwork","Bouncing Flask+1","Expertise+1"],"picked":"SKIP","floor":23.0},{"not_picked":["PiercingWail+1","Cloak And Dagger+1","Predator"],"picked":"SKIP","floor":24.0},{"not_picked":["Accuracy","Underhanded Strike"],"picked":"Concentrate+1","floor":25.0},{"not_picked":["Bullet Time+1","Dagger Throw+1","Cloak And Dagger+1"],"picked":"SKIP","floor":27.0},{"not_picked":["Underhanded Strike+1","Dodge and Roll+1","Well Laid Plans+1"],"picked":"SKIP","floor":28},{"not_picked":["Dash+1","Terror+1"],"picked":"Crippling Poison+1","floor":35},{"not_picked":["Sadistic Nature+1","Transmutation+1"],"picked":"Master of Strategy+1","floor":38},{"not_picked":["Deep Breath+1","Blind+1"],"picked":"Bandage Up+1","floor":38},{"not_picked":["Mind Blast","Dark Shackles+1"],"picked":"Sadistic Nature+1","floor":38},{"not_picked":["Prepared+1","Well Laid Plans+1","Terror+1"],"picked":"SKIP","floor":39},{"not_picked":["Eviscerate+1","Sucker Punch+1","Storm of Steel+1"],"picked":"SKIP","floor":40},{"not_picked":["Backflip+1","Endless Agony","Backstab"],"picked":"SKIP","floor":42},{"not_picked":["Flying Knee+1","Deflect+1"],"picked":"Footwork+1","floor":44},{"not_picked":["Expertise+1","Accuracy+1","Dagger Throw"],"picked":"SKIP","floor":45},{"not_picked":["Dagger Throw","Bane","Eviscerate"],"picked":"SKIP","floor":46},{"not_picked":["Prepared+1","Blade Dance+1","Skewer"],"picked":"SKIP","floor":47},{"not_picked":["All Out Attack","Quick Slash","Slice"],"picked":"SKIP","floor":48},{"not_picked":["Cloak And Dagger+1","Outmaneuver+1"],"picked":"Noxious Fumes+1","floor":53},{"not_picked":["Adrenaline+1","Deflect+1"],"picked":"Tactician+1","floor":55}],"player_experience":2912876,"relics_obtained":[{"floor":4.0,"key":"MealTicket"},{"floor":7.0,"key":"Darkstone Periapt"},{"floor":8.0,"key":"Dream Catcher"},{"floor":10.0,"key":"War Paint"},{"floor":12.0,"key":"Paper Crane"},{"floor":14.0,"key":"Toxic Egg 2"},{"floor":23.0,"key":"Nunchaku"},{"floor":24.0,"key":"Toy Ornithopter"},{"floor":25.0,"key":"Bag of Marbles"},{"floor":26.0,"key":"Frozen Egg 2"},{"floor":27.0,"key":"Turnip"},{"floor":40,"key":"Lantern"},{"floor":42,"key":"StoneCalendar"},{"floor":43,"key":"Blood Vial"},{"floor":46,"key":"Ancient Tea Set"},{"floor":47,"key":"Tough Bandages"},{"floor":48,"key":"Strawberry"},{"floor":55,"key":"Boot"}],"event_choices":[{"damage_healed":0.0,"max_hp_gain":0.0,"max_hp_loss":0.0,"gold_gain":0.0,"event_name":"Lab","player_choice":"Got Potions","floor":2.0,"gold_loss":0.0,"damage_taken":0.0},{"damage_healed":0.0,"max_hp_gain":0.0,"max_hp_loss":0.0,"gold_gain":50.0,"event_name":"Nest","player_choice":"Stole From Cult","floor":21.0,"gold_loss":0.0,"damage_taken":0.0},{"damage_healed":0,"gold_gain":0,"player_choice":"Obtained Book","damage_taken":21,"max_hp_gain":0,"max_hp_loss":0,"event_name":"Cursed Tome","floor":31,"gold_loss":0},{"damage_healed":0,"gold_gain":0,"player_choice":"Paid","damage_taken":0,"relics_obtained":["Red Mask"],"max_hp_gain":0,"max_hp_loss":0,"event_name":"Tomb of Lord Red Mask","floor":37,"gold_loss":60},{"damage_healed":0,"gold_gain":0,"player_choice":"Memory 3","damage_taken":10,"max_hp_gain":0,"max_hp_loss":0,"event_name":"SensoryStone","floor":38,"gold_loss":0}],"is_beta":false,"boss_relics":[{"not_picked":["Snecko Eye","Velvet Choker"],"picked":"WristBlade"},{"not_picked":["Astrolabe","Tiny House"],"picked":"Fusion Hammer"}],"items_purged_floors":[20,36],"is_endless":false,"potions_floor_spawned":[5,8,12,16,19,23,24,27,35,40,42,44,48],"ascension_level":20}}