{"host":"jkv7p1g4a08kh4zt","time":1611404308,"event":{"mods":["BaseMod","Downfall","Minty Spire (QoL Compilation)","StSLib"],"gold_per_floor":[99,112,112,131,131,144,144,161,161,175,175,192,192,102,121,121,121,121],"floor_reached":16,"language":"ENG","playtime":624,"items_purged":["Regret"],"score":94,"play_id":"19a81ed7-5e40-4b87-80f4-7881f3974cc1","local_time":"20210123121828","is_ascension_mode":false,"campfire_choices":[{"data":"Slimebound:PrepareCrush","floor":1,"key":"SMITH"},{"data":"Slimebound:LivingWall","floor":9,"key":"SMITH"},{"data":"Slimebound:Schlurp","floor":11,"key":"SMITH"},{"floor":13,"key":"REST"}],"circlet_count":0,"master_deck":["Slimebound:Strike_Slimebound","Slimebound:Strike_Slimebound","Slimebound:Strike_Slimebound","Slimebound:Tackle","Slimebound:Defend_Slimebound","Slimebound:Defend_Slimebound","Slimebound:Defend_Slimebound","Slimebound:Defend_Slimebound","Slimebound:Split","Slimebound:CorrosiveSpit+1","Clumsy","Slimebound:PrepareCrush+1","Slimebound:Grow+1","Slimebound:Schlurp+1","Regret","Slimebound:LivingWall+1","Slimebound:RainOfGoop"],"relics":["Slimebound:AbsorbEndCombat","Kunai","Bottled Lightning"],"acts_visited":["Exordium"],"potions_floor_usage":[],"damage_taken":[{"damage":0,"enemies":"Small Slimes","floor":2,"turns":3},{"damage":10,"enemies":"2 Louse","floor":4,"turns":3},{"damage":2,"enemies":"Cultist","floor":6,"turns":2},{"damage":12,"enemies":"Blue Slaver","floor":8,"turns":2},{"damage":13,"enemies":"Exordium Wildlife","floor":10,"turns":3},{"damage":0,"enemies":"Large Slime","floor":12,"turns":2},{"damage":7,"enemies":"downfall:FleeingMerchant","floor":14,"turns":4},{"damage":10,"enemies":"2 Fungi Beasts","floor":15,"turns":4},{"damage":54,"enemies":"DF_ARCHETYPE_STREAMLINE","floor":16,"turns":13}],"seed_played":"2158916195985717158","potions_obtained":[{"floor":4,"key":"FearPotion"},{"floor":10,"key":"champ:CounterPotion"},{"floor":15,"key":"BlessingOfTheForge"}],"is_trial":false,"path_per_floor":["R","M","?","M","?","M","T","M","R","M","R","M","R","$","M","B"],"character_chosen":"SLIMEBOUND","items_purchased":[],"campfire_rested":1,"item_purchase_floors":[],"current_hp_per_floor":[65,65,65,55,55,55,55,45,45,34,34,36,55,52,44,0,0,0],"gold":121,"neow_bonus":"THREE_RARE_CARDS","is_daily":false,"chose_seed":false,"campfire_upgraded":3,"win_rate":0.0,"timestamp":1611404308,"path_taken":["R","M","?","M","?","M","T","M","R","?","R","M","R","$","M","BOSS"],"items_purchased_type":[],"build_version":"2020-12-22","purchased_purges":1,"victory":false,"max_hp_per_floor":[65,65,65,65,65,65,65,65,65,65,65,65,65,65,65,65,65,65],"card_choices":[{"not_picked":["Slimebound:Overexert","Slimebound:FirmFortitude"],"picked":"Slimebound:PrepareCrush","floor":0},{"not_picked":["Slimebound:GrowthPunch","Slimebound:FinishingTackle"],"picked":"Slimebound:Grow","floor":2},{"not_picked":["Slimebound:ComboTackle","Slimebound:SplitAcid"],"picked":"Slimebound:Schlurp","floor":4},{"not_picked":["Slimebound:ProtectTheBoss","Slimebound:ItLooksTasty"],"picked":"Slimebound:LivingWall","floor":6},{"not_picked":["Slimebound:DisruptingSlam","Slimebound:RollThrough","Slimebound:Schlurp"],"picked":"SKIP","floor":8},{"not_picked":["Slimebound:SlimeBrawl","Slimebound:SplitAcid","Slimebound:SplitBruiser"],"picked":"SKIP","floor":10},{"not_picked":["Slimebound:Nibble","Slimebound:PressTheAttack","Slimebound:FinishingTackle"],"picked":"SKIP","floor":12},{"not_picked":["Slimebound:FirmFortitude","Slimebound:SlimeBrawl","Slimebound:GoopTackle"],"picked":"SKIP","floor":14},{"not_picked":["Slimebound:ProtectTheBoss","Slimebound:SplitLeeching"],"picked":"Slimebound:RainOfGoop","floor":15}],"player_experience":49885,"relics_obtained":[{"floor":7,"key":"Bottled Lightning"}],"event_choices":[{"damage_healed":0,"gold_gain":0,"player_choice":"Box","damage_taken":0,"relics_obtained":["Kunai"],"max_hp_gain":0,"max_hp_loss":0,"event_name":"Big Fish","floor":3,"gold_loss":0,"cards_obtained":["Regret"]}],"is_beta":false,"boss_relics":[],"items_purged_floors":[14],"is_endless":false,"potions_floor_spawned":[4,10,15],"killed_by":"DF_ARCHETYPE_STREAMLINE","ascension_level":0}}