{"host":"746m694if73h3gai","time":1611390655,"event":{"mods":["2.2 Compatiblity","AchievementEnabler","Act Like it!","BaseMod","Colored Map","Colored Powertips","Downfall","Minty Spire (QoL Compilation)","Quick Restart","Rare Cards Sparkle","Relic Stats","StSLib","everything is the same but u backflip on backflip","slay the spire mod where everything is the same but ironclad has a cowboy hat"],"gold_per_floor":[214,59,59,70,82,82,115,140,140,166,28,28,28],"floor_reached":12,"language":"ENG","playtime":289,"items_purged":[],"score":99,"play_id":"e5b140ef-43f3-468b-b866-e964417d1b2b","local_time":"20210123093055","is_ascension_mode":true,"campfire_choices":[{"data":"Sweeping Beam","floor":6,"key":"SMITH"}],"circlet_count":0,"master_deck":["Strike_B","Strike_B","Strike_B","Strike_B","Defend_B","Defend_B","Defend_B","Defend_B","Zap","Dualcast","Hologram","Gash","Sweeping Beam+1","Compile Driver","Chill","Seek"],"relics":["Cracked Core","ClockworkSouvenir","Ancient Tea Set","Nunchaku","Tiny Chest","Matryoshka","Pear"],"acts_visited":["Exordium"],"potions_floor_usage":[7,10],"damage_taken":[{"damage":1,"enemies":"Cultist","floor":1,"turns":3},{"damage":8,"enemies":"Jaw Worm","floor":4,"turns":4},{"damage":7,"enemies":"Small Slimes","floor":5,"turns":2},{"damage":32,"enemies":"Gremlin Nob","floor":7,"turns":4},{"damage":22,"enemies":"3 Sentries","floor":10,"turns":6},{"damage":13,"enemies":"Gremlin Nob","floor":12,"turns":2}],"seed_played":"7487523535790518240","potions_obtained":[{"floor":4,"key":"AttackPotion"},{"floor":7,"key":"AttackPotion"}],"is_trial":false,"path_per_floor":["M","$","?","M","M","R","E","T","T","E","$","E"],"character_chosen":"DEFECT","items_purchased":["ClockworkSouvenir","Seek"],"campfire_rested":0,"item_purchase_floors":[2,11],"current_hp_per_floor":[74,74,71,63,56,56,24,24,24,12,12,0,0],"gold":28,"neow_bonus":"HUNDRED_GOLD","is_daily":false,"chose_seed":false,"campfire_upgraded":1,"win_rate":0.0,"timestamp":1611390655,"path_taken":["M","$","?","M","M","R","E","?","T","E","$","E"],"items_purchased_type":["Relic","Card"],"build_version":"2020-12-22","purchased_purges":0,"victory":false,"max_hp_per_floor":[75,75,75,75,75,75,75,75,75,85,85,85,85],"relic_stats":{"Nunchaku":[1],"counters":[6,21],"Tiny Chest":0,"obtain_stats":[{"Nunchaku":7,"Matryoshka":9,"Pear":10,"Tiny Chest":8,"Cracked Core":0,"Ancient Tea Set":3,"ClockworkSouvenir":2},{"Nunchaku":4,"Matryoshka":4,"Pear":5,"Tiny Chest":4,"Cracked Core":0,"Ancient Tea Set":1,"ClockworkSouvenir":1},{"Nunchaku":13,"Matryoshka":13,"Pear":19,"Tiny Chest":13,"Cracked Core":0,"Ancient Tea Set":3,"ClockworkSouvenir":3}]},"card_choices":[{"not_picked":["Leap","BootSequence"],"picked":"Hologram","floor":1},{"not_picked":["Conserve Battery","Rip and Tear"],"picked":"Gash","floor":4},{"not_picked":["Rebound","Barrage"],"picked":"Sweeping Beam","floor":5},{"not_picked":["Stack","Streamline"],"picked":"Compile Driver","floor":7},{"not_picked":["Chaos","Barrage"],"picked":"Chill","floor":10}],"player_experience":136179,"relics_obtained":[{"floor":7,"key":"Nunchaku"},{"floor":8,"key":"Tiny Chest"},{"floor":9,"key":"Matryoshka"},{"floor":10,"key":"Pear"}],"event_choices":[{"damage_healed":0,"gold_gain":0,"player_choice":"Success","damage_taken":3,"relics_obtained":["Ancient Tea Set"],"max_hp_gain":0,"max_hp_loss":0,"event_name":"Scrap Ooze","floor":3,"gold_loss":0}],"is_beta":false,"boss_relics":[],"items_purged_floors":[],"is_endless":false,"potions_floor_spawned":[4,7],"killed_by":"Gremlin Nob","ascension_level":3}}