{"host":"75t5dw8c2tyw3fa7","time":1611398999,"event":{"mods":["BaseMod","Minty Spire (QoL Compilation)","Replay The Spire","StSLib"],"gold_per_floor":[113,113,113,113,136,180,180,218,218,218,237,237,256,280,280,404,404,427,427,451,142,163,194,194,194],"floor_reached":24,"language":"ENG","playtime":993,"items_purged":["Writhe"],"score":364,"play_id":"5641892d-84bf-4c75-af2a-c6ca4a92a788","local_time":"20210123024959","is_ascension_mode":true,"campfire_choices":[{"data":"BasicCrystalCard","floor":7,"key":"SMITH"},{"floor":10,"key":"REST"},{"data":"Coolheaded","floor":12,"key":"SMITH"},{"floor":15,"key":"RECALL"}],"circlet_count":0,"master_deck":["Strike_B+1","Strike_B","Strike_B","Defend_B","Defend_B","Defend_B","Defend_B","Zap","Dualcast","Coolheaded+1","Heatsinks+1","BasicCrystalCard+1","Static Discharge+1","Buffer+1","Defragment+1","Loop+1","Static Discharge+1","Sweeping Beam+1","Defragment+1"],"relics":["Cracked Core","NeowsBlessing","InkBottle","Golden Idol","Happy Flower","Replay:WaspNest","Frozen Egg 2","Nuclear Battery","Omamori","Guide Book","Eternal Feather"],"acts_visited":["Exordium","TheCity"],"potions_floor_usage":[16,22,22,23,24],"damage_taken":[{"damage":0,"enemies":"2 Louse","floor":1,"turns":1},{"damage":0,"enemies":"Jaw Worm","floor":5,"turns":1},{"damage":0,"enemies":"Lagavulin","floor":6,"turns":1},{"damage":29,"enemies":"Replay:BlueRogue","floor":8,"turns":4},{"damage":9,"enemies":"Small Slimes","floor":11,"turns":3},{"damage":3,"enemies":"Exordium Thugs","floor":13,"turns":4},{"damage":3,"enemies":"2 Fungi Beasts","floor":14,"turns":3},{"damage":12,"enemies":"Hexaghost","floor":16,"turns":6},{"damage":12,"enemies":"Shell Parasite","floor":18,"turns":4},{"damage":0,"enemies":"Chosen","floor":20,"turns":6},{"damage":9,"enemies":"3 Cultists","floor":22,"turns":4},{"damage":23,"enemies":"Book of Stabbing","floor":23,"turns":6},{"damage":33,"enemies":"Chosen and Byrds","floor":24,"turns":4}],"seed_played":"-7519248552581918612","potions_obtained":[{"floor":5,"key":"Explosive Potion"},{"floor":8,"key":"DuplicationPotion"},{"floor":13,"key":"AttackPotion"},{"floor":18,"key":"SpeedPotion"},{"floor":23,"key":"Languid Potion"}],"is_trial":false,"path_per_floor":["M","?","?","?","M","E","R","E","T","R","M","R","M","M","R","B",null,"M","?","M","$","M","E","M"],"character_chosen":"DEFECT","items_purchased":["Guide Book","Static Discharge+1"],"campfire_rested":1,"item_purchase_floors":[21,21],"current_hp_per_floor":[68,61,61,61,61,61,61,32,32,52,43,43,40,37,37,25,58,46,46,46,46,37,14,0,0],"gold":194,"neow_bonus":"THREE_ENEMY_KILL","is_daily":false,"chose_seed":false,"campfire_upgraded":2,"win_rate":0.0,"timestamp":1611398999,"path_taken":["M","?","?","?","M","E","R","E","T","R","M","R","M","M","R","BOSS","M","?","M","$","M","E","M"],"items_purchased_type":["Relic","Card"],"build_version":"2020-12-22","purchased_purges":1,"victory":false,"max_hp_per_floor":[75,75,75,69,69,69,69,69,69,69,69,69,69,69,69,69,69,69,69,69,69,69,69,69,69],"card_choices":[{"not_picked":["Double Energy","Go for the Eyes"],"picked":"Coolheaded","floor":1},{"not_picked":["Barrage","ReplaySolidLightProjector","ReplaySort"],"picked":"SKIP","floor":5},{"not_picked":["Conserve Battery","Compile Driver"],"picked":"BasicCrystalCard","floor":6},{"not_picked":["Gash","BasicCrystalCard","Barrage"],"picked":"SKIP","floor":8},{"not_picked":["Ball Lightning","Leap"],"picked":"Static Discharge+1","floor":11},{"not_picked":["BasicCrystalCard","Hologram","Conserve Battery"],"picked":"SKIP","floor":13},{"not_picked":["Leap","Rebound","Meteor Strike"],"picked":"SKIP","floor":14},{"not_picked":["Amplify","Core Surge"],"picked":"Buffer+1","floor":16},{"not_picked":["Steam","ReplayTheSpireMod:Calculation Training"],"picked":"Defragment+1","floor":18},{"not_picked":["Coolheaded+1","Beam Cell+1"],"picked":"Loop+1","floor":20},{"not_picked":["Redo","Tempest"],"picked":"Sweeping Beam+1","floor":22},{"not_picked":["Go for the Eyes","Fission"],"picked":"Defragment+1","floor":23}],"player_experience":453983,"relics_obtained":[{"floor":6,"key":"Happy Flower"},{"floor":8,"key":"Replay:WaspNest"},{"floor":9,"key":"Frozen Egg 2"},{"floor":23,"key":"Eternal Feather"}],"event_choices":[{"damage_healed":0,"gold_gain":0,"player_choice":"Success","damage_taken":7,"relics_obtained":["InkBottle"],"max_hp_gain":0,"max_hp_loss":0,"event_name":"Scrap Ooze","floor":2,"gold_loss":0},{"damage_healed":0,"gold_gain":0,"cards_transformed":["Strike_B"],"player_choice":"Change","damage_taken":0,"max_hp_gain":0,"max_hp_loss":0,"event_name":"Living Wall","floor":3,"gold_loss":0,"cards_obtained":["Heatsinks"]},{"damage_healed":0,"gold_gain":0,"player_choice":"Lose Max HP","damage_taken":0,"relics_obtained":["Golden Idol"],"max_hp_gain":0,"max_hp_loss":6,"event_name":"Golden Idol","floor":4,"gold_loss":0},{"damage_healed":0,"gold_gain":0,"player_choice":"Opened","damage_taken":0,"relics_obtained":["Omamori"],"max_hp_gain":0,"max_hp_loss":0,"event_name":"The Mausoleum","floor":19,"gold_loss":0,"cards_obtained":["Writhe"]}],"is_beta":false,"boss_relics":[{"not_picked":["SacredBark","ReplayTheSpireMod:DimensionalGlitch"],"picked":"Nuclear Battery"}],"items_purged_floors":[21],"is_endless":false,"potions_floor_spawned":[5,8,13,14,18,23],"killed_by":"Chosen and Byrds","ascension_level":9}}