{"host":"sgwqwgbtco1nn2mb","time":1611426093,"event":{"mods":["ATMod(°¢èªMod)","Act Like it!","BaseMod","Downfall","Gensokyo","Hermit","KinomotoSakuraMod(Ä¾Ö®±¾Ó£)","Marisa£¨ìFÓê¡¡Ä§ÀíÉ³£©","Minty Spire (QoL Compilation)","MostiFishMod","Quick Restart","Replay The Spire","RumiaBox-Â¶Ã×æ«µÄÉñÃØºÐ×Ó","StSLib","The Marked","Waifu the Spire","vexMod","¡¾¹¦ÄÜMod¡¿»ìãçÖ®»·ÐÞ¸´²¹¶¡","¡¾ÒÅÎï¿¨ÅÆ¡¿REMEMod"],"gold_per_floor":[99,115,115,25,44,44,44,69,116,16,146,189,189,243,284,399,399,399,428,460,479,284,309,309,209,246,246,292,320,420,470,505,618,618,618,651,687,687,748,748,748,748,784,831,867,867,543,543,575,591],"floor_reached":51,"language":"ZHS","playtime":2320,"items_purged":["hexamod:Defend","hexamod:Defend","hexamod:Strike"],"score":884,"play_id":"b6419c1d-7f2e-4157-826f-63229846724f","local_time":"20210124022133","is_ascension_mode":false,"campfire_choices":[{"data":"AT_ShrugMaster","floor":1.0,"key":"SMITH"},{"floor":6.0,"key":"RECALL"},{"data":"hexamod:RainOfEmbers","floor":10.0,"key":"SMITH"},{"data":"hexamod:Float","floor":13.0,"key":"SMITH"},{"data":"hexamod:Strike","floor":18,"key":"PURGE"},{"data":"hexamod:VolcanoVisage","floor":25,"key":"SMITH"},{"data":"hexamod:ExtraCrispy","floor":27,"key":"SMITH"},{"data":"hexamod:GhostOfSpirePresent","floor":40,"key":"SMITH"},{"data":"hexamod:WildfireWeapon","floor":46,"key":"SMITH"}],"circlet_count":0,"master_deck":["hexamod:Defend","hexamod:Sear","hexamod:Float+1","AT_ShrugMaster+1","hexamod:PhantomFireball","Defend_R","hexamod:Defend","hexamod:SecondSeal","hexamod:RainOfEmbers+1","hexamod:FirstSeal","hexamod:Incineration","hexamod:ExtraCrispy+1","hexamod:ChargedBarrage","hexamod:FourthSeal","hexamod:VolcanoVisage+1","hexamod:Hexaguard+1","hexamod:HeatCrush+1","hexamod:FlamesFromBeyond","REME_FirmDetermination","hexamod:FlamesFromBeyond","hexamod:HeatMetal+1","hexamod:GhostOfSpirePresent+1","hexamod:WildfireWeapon+1","hexamod:ExtraCrispy","hexamod:CatchUp+1","hexamod:ThirdSeal"],"relics":["DaveBox","AT_ATBox","REME_ComplimentaryCards","JellyFishMachine","RhineFirstAidKit","vexMod:ConsolationPrize","Tiny Chest","downfall:HeartBlessingRed","White Beast Statue","Odd Mushroom","EasyGame_NEW","Guardian:PocketSentry","downfall:HeartBlessingBlue","Dream Catcher","Boot","PreservedInsect","Busted Crown","CatCart","Ornamental Fan","Spirit Poop","Toy Ornithopter","AT_SunfireAegis","vexMod:Dragonfruit","CombinedTypeHook"],"acts_visited":["Exordium","TheCity","TheBeyond"],"potions_floor_usage":[20,21,21,22,26,26,26,28,28,28,28,29,31,31,33,33,36,36,37,38,39,43,43,45,45,47,49,49,50,50],"damage_taken":[{"damage":0.0,"enemies":"Cultist","floor":2.0,"turns":3.0},{"damage":0.0,"enemies":"downfall:FleeingMerchant","floor":4.0,"turns":4.0},{"damage":14.0,"enemies":"2 Louse","floor":5.0,"turns":3.0},{"damage":6.0,"enemies":"Jaw Worm","floor":8.0,"turns":3.0},{"damage":9.0,"enemies":"3 Sentries","floor":9.0,"turns":9.0},{"damage":22.0,"enemies":"downfall:LadyInBlue","floor":11.0,"turns":7.0},{"damage":16.0,"enemies":"Large Slime","floor":12.0,"turns":5.0},{"damage":25.0,"enemies":"The Mushroom Lair","floor":14.0,"turns":5.0},{"damage":16.0,"enemies":"Lots of Slimes","floor":15.0,"turns":3.0},{"damage":10.0,"enemies":"IC_STATUS_ARCHETYPE","floor":16.0,"turns":4.0},{"damage":11,"enemies":"3 Byrds","floor":19,"turns":4},{"damage":14,"enemies":"Spheric Guardian","floor":20,"turns":4},{"damage":0,"enemies":"Centurion and Healer","floor":21,"turns":4},{"damage":0,"enemies":"downfall:FleeingMerchant","floor":22,"turns":4},{"damage":0,"enemies":"Book of Stabbing","floor":26,"turns":4},{"damage":4,"enemies":"Slavers","floor":28,"turns":3},{"damage":0,"enemies":"Snecko","floor":29,"turns":3},{"damage":8,"enemies":"Book of Stabbing","floor":31,"turns":4},{"damage":7,"enemies":"Shelled Parasite and Fungi","floor":32,"turns":4},{"damage":0,"enemies":"WA_ARCHETYPE_CALM","floor":33,"turns":5},{"damage":10,"enemies":"Orb Walker","floor":36,"turns":3},{"damage":19,"enemies":"3 Shapes","floor":37,"turns":3},{"damage":0,"enemies":"Jaw Worm Horde","floor":38,"turns":1},{"damage":7,"enemies":"Orin","floor":39,"turns":5},{"damage":1,"enemies":"Giant Head","floor":43,"turns":5},{"damage":26,"enemies":"Sphere and 2 Shapes","floor":45,"turns":3},{"damage":7,"enemies":"downfall:FleeingMerchant","floor":47,"turns":4},{"damage":12,"enemies":"4 Shapes","floor":49,"turns":2},{"damage":16,"enemies":"DF_ARCHETYPE_ORBS","floor":50,"turns":4}],"seed_played":"-4254143365631527178","potions_obtained":[{"floor":2.0,"key":"Strength Potion"},{"floor":5.0,"key":"Languid Potion"},{"floor":9.0,"key":"Fire Potion"},{"floor":11.0,"key":"BlessingOfTheForge"},{"floor":11.0,"key":"DistilledChaos"},{"floor":15.0,"key":"SmokeBomb"},{"floor":15.0,"key":"EssenceOfSteel"},{"floor":16.0,"key":"Fire Potion"},{"floor":16.0,"key":"Fire Potion"},{"floor":19,"key":"AttackPotion"},{"floor":20,"key":"ColorlessPotion"},{"floor":21,"key":"Dexterity Potion"},{"floor":21,"key":"LifebloodPotion"},{"floor":22,"key":"Milkshake"},{"floor":22,"key":"Fire Potion"},{"floor":26,"key":"ColorlessPotion"},{"floor":26,"key":"EntropicBrew"},{"floor":28,"key":"SpeedPotion"},{"floor":29,"key":"Milkshake"},{"floor":29,"key":"AttackPotion"},{"floor":31,"key":"Toxic Potion"},{"floor":31,"key":"SteroidPotion"},{"floor":32,"key":"PowerPotion"},{"floor":32,"key":"AttackPotion"},{"floor":33,"key":"SmokeBomb"},{"floor":33,"key":"Fire Potion"},{"floor":36,"key":"AttackPotion"},{"floor":37,"key":"champ:CounterPotion"},{"floor":37,"key":"champ:CounterPotion"},{"floor":39,"key":"Languid Potion"},{"floor":39,"key":"Explosive Potion"},{"floor":43,"key":"Death Potion"},{"floor":43,"key":"Swift Potion"},{"floor":45,"key":"EssenceOfSteel"},{"floor":45,"key":"Fire Potion"},{"floor":47,"key":"AttackPotion"},{"floor":49,"key":"Flashbang"},{"floor":49,"key":"LiquidBronze"}],"is_trial":false,"path_per_floor":["R","M","?","$","M","R","T","M","E","R","?","M","R","?","M","B",null,"R","M","M","M","$","T","T","R","E","R","E","M","?","E","M","B",null,"R","M","M","M","?","R","T","?","E","T","M","R","$","?","M","B",null],"character_chosen":"THE_SPIRIT","items_purchased":["REME_FirmDetermination","vexMod:Dragonfruit","CombinedTypeHook"],"campfire_rested":0,"item_purchase_floors":[22,47,47],"current_hp_per_floor":[70,70,70,70,56,56,56,50,48,48,70,61,61,43,34,70,70,70,66,59,66,70,70,70,80,80,80,76,80,80,72,72,79,80,80,70,51,51,51,51,51,51,57,57,48,48,58,58,56,57],"gold":591,"neow_bonus":"BOSS_RELIC","is_daily":false,"chose_seed":false,"campfire_upgraded":7,"win_rate":0.0,"timestamp":1611426093,"path_taken":["R","M","?","?","M","R","T","M","E","R","?","?","R","?","M","BOSS","R","M","M","M","$","?","T","R","E","R","E","M","?","E","M","BOSS","R","M","M","M","?","R","T","?","E","?","M","R","$","?","M","BOSS"],"items_purchased_type":["Card","Relic","Relic"],"build_version":"2020-12-22","purchased_purges":3,"victory":true,"max_hp_per_floor":[70,70,70,70,70,70,70,70,70,70,70,70,70,70,70,70,70,70,70,70,70,70,70,70,80,80,80,80,80,80,80,80,80,80,80,80,80,80,80,80,80,80,80,80,80,80,85,85,85,85],"card_choices":[{"not_picked":["hexamod:SkipABeat","hexamod:PhantomCloak"],"picked":"hexamod:PhantomFireball","floor":2.0},{"not_picked":["hexamod:GhostflameBarrier","hexamod:FlamesFromBeyond"],"picked":"hexamod:SecondSeal","floor":4.0},{"not_picked":["hexamod:PhantomCloak","hexamod:GhostLash"],"picked":"hexamod:RainOfEmbers","floor":5.0},{"not_picked":["hexamod:SwordOfDarkness","hexamod:FastForward"],"picked":"hexamod:FirstSeal","floor":8.0},{"not_picked":["hexamod:PhantomCloak","hexamod:FlamesFromBeyond"],"picked":"hexamod:Incineration","floor":9.0},{"not_picked":["hexamod:SuperheatedStrike","hexamod:GhostShield"],"picked":"hexamod:ExtraCrispy","floor":11.0},{"not_picked":["hexamod:SwordOfDarkness","hexamod:GhostLash"],"picked":"hexamod:ChargedBarrage","floor":12.0},{"not_picked":["hexamod:SuperheatedStrike","hexamod:SwordOfDarkness"],"picked":"hexamod:FourthSeal","floor":14.0},{"not_picked":["hexamod:InspiringFlames","hexamod:AdvancingGuard","hexamod:SwordOfDarkness"],"picked":"SKIP","floor":15.0},{"not_picked":["hexamod:TimeWarp","hexamod:GiftsFromTheDead"],"picked":"hexamod:VolcanoVisage","floor":16.0},{"not_picked":["hexamod:FourthSeal","hexamod:ShieldOfDarkness"],"picked":"hexamod:Hexaguard+1","floor":19},{"not_picked":["hexamod:RetreatToShadows","hexamod:ExtraCrispy"],"picked":"hexamod:HeatCrush+1","floor":20},{"not_picked":["hexamod:EtherealExpedition","hexamod:ChargedBarrage"],"picked":"hexamod:FlamesFromBeyond","floor":21},{"not_picked":["hexamod:AdvancingGuard+1","hexamod:HeatShield","hexamod:DynamicBlow"],"picked":"SKIP","floor":22},{"not_picked":["hexamod:RecurringNightmare","hexamod:SpectralSpark"],"picked":"hexamod:FlamesFromBeyond","floor":26},{"not_picked":["hexamod:SpectralSpark","hexamod:AdvancingGuard+1"],"picked":"hexamod:HeatMetal+1","floor":28},{"not_picked":["hexamod:Haunt","hexamod:GhostLash","hexamod:DynamicBlow+1"],"picked":"SKIP","floor":29},{"not_picked":["hexamod:DynamicBlow","hexamod:StepThrough"],"picked":"hexamod:GhostOfSpirePresent","floor":31},{"not_picked":["hexamod:GhostLash+1","hexamod:AdvancingGuard","hexamod:SwordOfDarkness"],"picked":"SKIP","floor":32},{"not_picked":["hexamod:UnleashSpirits","hexamod:TurnItUp"],"picked":"hexamod:WildfireWeapon","floor":33},{"not_picked":[],"picked":"hexamod:SuperheatedStrike+1","floor":36},{"not_picked":["hexamod:ChargedBarrage"],"picked":"SKIP","floor":37},{"not_picked":[],"picked":"hexamod:ExtraCrispy","floor":39},{"not_picked":["hexamod:HauntingEcho"],"picked":"SKIP","floor":43},{"not_picked":[],"picked":"hexamod:CatchUp+1","floor":45},{"not_picked":["hexamod:ChargedBarrage+1"],"picked":"SKIP","floor":47},{"not_picked":["hexamod:InspiringFlames"],"picked":"SKIP","floor":49}],"player_experience":557211,"relics_obtained":[{"floor":7.0,"key":"vexMod:ConsolationPrize"},{"floor":9.0,"key":"Tiny Chest"},{"floor":11.0,"key":"White Beast Statue"},{"floor":14.0,"key":"Odd Mushroom"},{"floor":24,"key":"Guardian:PocketSentry"},{"floor":26,"key":"Dream Catcher"},{"floor":28,"key":"Boot"},{"floor":31,"key":"PreservedInsect"},{"floor":39,"key":"CatCart"},{"floor":41,"key":"Ornamental Fan"},{"floor":43,"key":"Toy Ornithopter"},{"floor":44,"key":"AT_SunfireAegis"}],"event_choices":[{"damage_healed":0.0,"max_hp_gain":0.0,"max_hp_loss":0.0,"gold_gain":0.0,"event_name":"Mushrooms","player_choice":"Fought Mushrooms","floor":14.0,"gold_loss":0.0,"damage_taken":0.0},{"damage_healed":0,"gold_gain":0,"player_choice":"Fight","damage_taken":0,"max_hp_gain":0,"max_hp_loss":0,"event_name":"OrinTheCat","floor":39,"gold_loss":0},{"cards_removed":["downfall:Aged"],"damage_healed":0,"gold_gain":0,"player_choice":"Offered Curse","damage_taken":0,"relics_obtained":["Spirit Poop"],"max_hp_gain":0,"max_hp_loss":0,"event_name":"Bonfire Elementals","floor":42,"gold_loss":0}],"is_beta":false,"boss_relics":[{"not_picked":["Runic Dome","Black Star"],"picked":"EasyGame_NEW"},{"not_picked":["REME_ChargedStone","Philosopher\u0027s Stone"],"picked":"Busted Crown"}],"items_purged_floors":[4,22,47],"is_endless":false,"potions_floor_spawned":[2,5,9,12,14,15,16,19,20,21,22,26,28,29,31,32,33,36,37,38,39,43,45,47,49],"ascension_level":0}}