{"host":"srk2drlvga69hbot","time":1611408851,"event":{"mods":["BaseMod","Bestiary","Block Reminder","Colored Map","Colored Powertips","Dark Map","DeckTracker","Highlight Path","Minty Spire (QoL Compilation)","Quick Restart","Rare Cards Sparkle","Relic Stats","SuperFastMode","Unceasing Turn Reminder"],"gold_per_floor":[119,44,44,54,54,54,72,72,123,123,123,140,140,153,153,248,248,263,263,273,29,29,29,44,79,79,97,123,147,147,147,147,252,302,321,339,94,108,108,124,124,124,194,213,213,213],"floor_reached":45,"language":"ZHS","playtime":1996,"items_purged":["Strike_R","Strike_R","Defend_R"],"score":608,"play_id":"81a5c6a8-2f1b-4e33-b2aa-55a3ba4481ec","local_time":"20210123213411","is_ascension_mode":true,"campfire_choices":[{"data":"Bash","floor":6.0,"key":"SMITH"},{"data":"Body Slam","floor":8.0,"key":"SMITH"},{"data":"Warcry","floor":10.0,"key":"SMITH"},{"floor":15.0,"key":"REST"},{"data":"Double Tap","floor":23.0,"key":"SMITH"},{"floor":30.0,"key":"REST"},{"floor":32.0,"key":"REST"},{"floor":42.0,"key":"REST"}],"circlet_count":0,"master_deck":["Strike_R+1","Defend_R+1","Defend_R","Defend_R","Bash+1","Infernal Blade+1","Warcry+1","Body Slam+1","Rampage+1","Double Tap+1","Shrug It Off+1","Offering+1","Clash+1","Havoc+1","Dual Wield+1","Finesse+1","Second Wind+1"],"relics":["Burning Blood","Happy Flower","Pen Nib","Runic Cube","TheAbacus","MutagenicStrength","Pantograph","Toxic Egg 2","Whetstone","Blood Vial","MealTicket","Tiny House","Eternal Feather"],"acts_visited":["Exordium","TheCity","TheBeyond"],"potions_floor_usage":[45,45],"damage_taken":[{"damage":9.0,"enemies":"2 Louse","floor":1.0,"turns":3.0},{"damage":14.0,"enemies":"Jaw Worm","floor":4.0,"turns":3.0},{"damage":6.0,"enemies":"Cultist","floor":7.0,"turns":3.0},{"damage":0.0,"enemies":"2 Fungi Beasts","floor":12.0,"turns":3.0},{"damage":13.0,"enemies":"Lots of Slimes","floor":14.0,"turns":3.0},{"damage":42.0,"enemies":"Hexaghost","floor":16.0,"turns":8.0},{"damage":15.0,"enemies":"Spheric Guardian","floor":18.0,"turns":3.0},{"damage":28.0,"enemies":"Shell Parasite","floor":20.0,"turns":4.0},{"damage":6.0,"enemies":"Shelled Parasite and Fungi","floor":24.0,"turns":3.0},{"damage":26.0,"enemies":"Slavers","floor":25.0,"turns":5.0},{"damage":5.0,"enemies":"Snecko","floor":27.0,"turns":4.0},{"damage":6.0,"enemies":"Gremlin Leader","floor":28.0,"turns":1.0},{"damage":53.0,"enemies":"Champ","floor":33.0,"turns":9.0},{"damage":23.0,"enemies":"3 Darklings","floor":35.0,"turns":5.0},{"damage":6.0,"enemies":"Orb Walker","floor":36.0,"turns":1.0},{"damage":45.0,"enemies":"Jaw Worm Horde","floor":38.0,"turns":3.0},{"damage":25.0,"enemies":"Writhing Mass","floor":40.0,"turns":4.0},{"damage":39,"enemies":"Maw","floor":44,"turns":7},{"damage":29,"enemies":"Giant Head","floor":45,"turns":7}],"seed_played":"450651909030690989","potions_obtained":[{"floor":4.0,"key":"Strength Potion"},{"floor":14.0,"key":"Swift Potion"},{"floor":16.0,"key":"DistilledChaos"},{"floor":20.0,"key":"Weak Potion"},{"floor":25.0,"key":"Energy Potion"},{"floor":34.0,"key":"LiquidMemories"},{"floor":36.0,"key":"LiquidBronze"},{"floor":44,"key":"SkillPotion"}],"is_trial":false,"path_per_floor":["M","$","?","M","?","R","M","R","T","R","?","M","?","M","R","B",null,"M","?","M","$","?","R","M","E","T","M","E","T","R","?","R","B",null,"M","M","$","M","?","M","?","R","T","M","E"],"character_chosen":"IRONCLAD","items_purchased":["TheAbacus","Finesse+1","Second Wind+1"],"campfire_rested":4,"item_purchase_floors":[21,37,37],"current_hp_per_floor":[69,69,62,54,54,54,54,54,54,54,54,60,44,37,61,25,66,57,57,35,35,35,35,35,15,15,16,16,16,40,40,64,33,73,58,60,75,38,38,21,21,45,45,14,0,0],"gold":213,"neow_bonus":"RANDOM_COMMON_RELIC","is_daily":false,"chose_seed":false,"campfire_upgraded":4,"win_rate":0.0,"timestamp":1611408851,"path_taken":["M","$","?","M","?","R","?","R","T","R","?","?","?","M","R","BOSS","M","?","M","$","?","R","M","E","T","M","E","?","R","?","R","BOSS","M","M","$","M","?","M","?","R","T","M","E"],"items_purchased_type":["Relic","Card","Card"],"build_version":"2020-12-22","purchased_purges":3,"victory":false,"max_hp_per_floor":[80,80,80,80,80,80,80,80,80,80,80,80,80,80,80,80,80,80,80,80,80,80,80,80,80,80,80,80,80,80,80,80,80,85,85,85,85,85,85,85,81,81,81,81,81,81],"relic_stats":{"Blood Vial":14,"TheAbacus":[156],"Happy Flower":[26],"counters":[19,79],"Pantograph":14,"MealTicket":15,"Eternal Feather":0,"Pen Nib":[17],"Whetstone":[],"obtain_stats":[{"Tiny House":34,"Happy Flower":0,"Eternal Feather":43,"Pen Nib":9,"Whetstone":28,"Burning Blood":0,"Blood Vial":29,"TheAbacus":21,"MutagenicStrength":22,"Pantograph":25,"MealTicket":31,"Toxic Egg 2":26,"Runic Cube":17},{"Tiny House":13,"Happy Flower":0,"Eternal Feather":17,"Pen Nib":3,"Whetstone":12,"Burning Blood":0,"Blood Vial":12,"TheAbacus":8,"MutagenicStrength":8,"Pantograph":10,"MealTicket":12,"Toxic Egg 2":10,"Runic Cube":6},{"Tiny House":52,"Happy Flower":0,"Eternal Feather":65,"Pen Nib":9,"Whetstone":43,"Burning Blood":0,"Blood Vial":43,"TheAbacus":30,"MutagenicStrength":30,"Pantograph":38,"MealTicket":43,"Toxic Egg 2":38,"Runic Cube":23}],"Burning Blood":108,"Runic Cube":[31]},"card_choices":[{"not_picked":["True Grit","Sever Soul"],"picked":"Infernal Blade","floor":1.0},{"not_picked":["Flex","Heavy Blade"],"picked":"Warcry","floor":4.0},{"not_picked":["Clash","Thunderclap"],"picked":"Body Slam","floor":7.0},{"not_picked":["Bloodletting","Pommel Strike"],"picked":"Rampage","floor":12.0},{"not_picked":["Flex","Thunderclap","Carnage"],"picked":"SKIP","floor":14.0},{"not_picked":["Exhume","Offering"],"picked":"Double Tap","floor":16.0},{"not_picked":["Metallicize+1","Thunderclap","True Grit"],"picked":"SKIP","floor":18.0},{"not_picked":["True Grit+1","Anger","Perfected Strike+1"],"picked":"SKIP","floor":20.0},{"not_picked":["Whirlwind+1","Twin Strike"],"picked":"Shrug It Off+1","floor":24.0},{"not_picked":["Sever Soul","Wild Strike","Sentinel"],"picked":"SKIP","floor":25.0},{"not_picked":["Ghostly Armor+1","Thunderclap+1"],"picked":"Offering+1","floor":27.0},{"not_picked":["Second Wind+1","Heavy Blade+1"],"picked":"Clash+1","floor":28.0},{"not_picked":["Heavy Blade","Blood for Blood+1"],"picked":"Havoc+1","floor":34.0},{"not_picked":["Combust+1","Intimidate+1"],"picked":"Dual Wield+1","floor":35.0},{"not_picked":["Armaments+1","Evolve","Flex+1"],"picked":"SKIP","floor":36.0},{"not_picked":["Wild Strike","Havoc+1","Feel No Pain+1"],"picked":"SKIP","floor":38.0},{"not_picked":["Pummel","Infernal Blade+1","Anger"],"picked":"SKIP","floor":40.0},{"not_picked":["Body Slam+1","True Grit+1","Dark Embrace"],"picked":"SKIP","floor":44}],"player_experience":170704,"relics_obtained":[{"floor":9.0,"key":"Pen Nib"},{"floor":25.0,"key":"Pantograph"},{"floor":26.0,"key":"Toxic Egg 2"},{"floor":28.0,"key":"Whetstone"},{"floor":29.0,"key":"Blood Vial"},{"floor":43.0,"key":"Eternal Feather"}],"event_choices":[{"cards_removed":["Strike_R"],"damage_healed":0.0,"max_hp_gain":0.0,"max_hp_loss":0.0,"gold_gain":0.0,"event_name":"Golden Wing","player_choice":"Card Removal","floor":3.0,"gold_loss":0.0,"damage_taken":7.0},{"damage_healed":0.0,"max_hp_gain":0.0,"max_hp_loss":0.0,"gold_gain":0.0,"event_name":"Upgrade Shrine","player_choice":"Upgraded","floor":5.0,"gold_loss":0.0,"damage_taken":0.0,"cards_upgraded":["Infernal Blade"]},{"cards_removed":["Strike_R"],"damage_healed":0.0,"max_hp_gain":0.0,"max_hp_loss":0.0,"gold_gain":0.0,"event_name":"Purifier","player_choice":"Purged","floor":11.0,"gold_loss":0.0,"damage_taken":0.0},{"damage_healed":0.0,"max_hp_gain":0.0,"max_hp_loss":0.0,"gold_gain":0.0,"event_name":"Shining Light","player_choice":"Entered Light","floor":13.0,"gold_loss":0.0,"damage_taken":16.0,"cards_upgraded":["Strike_R","Rampage"]},{"damage_healed":0.0,"max_hp_gain":0.0,"max_hp_loss":0.0,"gold_gain":0.0,"event_name":"Vampires","player_choice":"Ignored","floor":19.0,"gold_loss":0.0,"damage_taken":0.0},{"damage_healed":0.0,"max_hp_gain":0.0,"max_hp_loss":0.0,"gold_gain":0.0,"event_name":"Drug Dealer","player_choice":"Inject Mutagens","floor":22.0,"gold_loss":0.0,"damage_taken":0.0,"relics_obtained":["MutagenicStrength"]},{"damage_healed":0.0,"max_hp_gain":0.0,"max_hp_loss":0.0,"gold_gain":0.0,"event_name":"The Mausoleum","player_choice":"Opened","floor":31.0,"gold_loss":0.0,"damage_taken":0.0,"relics_obtained":["MealTicket"]},{"damage_healed":0.0,"max_hp_gain":0.0,"max_hp_loss":0.0,"gold_gain":0.0,"event_name":"The Moai Head","player_choice":"Ignored","floor":39.0,"gold_loss":0.0,"damage_taken":0.0},{"damage_healed":0.0,"max_hp_gain":0.0,"max_hp_loss":4.0,"gold_gain":0.0,"event_name":"Winding Halls","player_choice":"Max HP","floor":41.0,"gold_loss":0.0,"damage_taken":0.0}],"is_beta":false,"boss_relics":[{"not_picked":["Coffee Dripper","Calling Bell"],"picked":"Runic Cube"},{"not_picked":["Mark of Pain","Philosopher\u0027s Stone"],"picked":"Tiny House"}],"items_purged_floors":[2,21,37],"is_endless":false,"potions_floor_spawned":[4,14,16,20,25,28,36,44],"killed_by":"Giant Head","ascension_level":6}}