{"host":"Rowan","time":1611387123,"event":{"mods":["BaseMod","Minty Spire (QoL Compilation)"],"gold_per_floor":[117,117,82,98,115,142,142,142,196,196,212,227,227,35,35,134,134,149,169,169,179,23,58,58,58,82,96,96,114,114,41,41,138,138,151,151,170,19,74,74,74],"floor_reached":40,"language":"ENG","playtime":3249,"items_purged":[],"score":404,"play_id":"0e8993eb-7648-43db-aa92-2e90c7e9fbfa","local_time":"20210122233203","is_ascension_mode":false,"campfire_choices":[{"floor":10,"key":"RECALL"},{"floor":13,"key":"REST"},{"data":"Terror","floor":15,"key":"SMITH"},{"floor":24,"key":"REST"},{"data":"Finisher","floor":28,"key":"SMITH"},{"floor":32,"key":"REST"}],"circlet_count":0,"master_deck":["Strike_G","Strike_G+1","Strike_G+1","Defend_G","Defend_G","Defend_G","Defend_G","Defend_G","Survivor","Neutralize+1","Accuracy+1","Terror+1","Dagger Throw","Cloak And Dagger","Finisher+1","Backflip","A Thousand Cuts","Outmaneuver+1","Infinite Blades+1","Deflect","Blade Dance","Accuracy+1","Underhanded Strike","Caltrops","Night Terror","Skewer+1","Backflip+1","Accuracy+1","Dodge and Roll+1"],"relics":["Ring of the Snake","Nunchaku","Whetstone","MealTicket","Sozu","HandDrill","Matryoshka","Enchiridion","White Beast Statue","Happy Flower","SlaversCollar","DollysMirror","Pocketwatch"],"acts_visited":["Exordium","TheCity","TheBeyond"],"potions_floor_usage":[6,6,16,19],"damage_taken":[{"damage":0,"enemies":"2 Louse","floor":1,"turns":4},{"damage":0,"enemies":"Jaw Worm","floor":4,"turns":4},{"damage":0,"enemies":"Cultist","floor":5,"turns":4},{"damage":11,"enemies":"Lagavulin","floor":6,"turns":6},{"damage":7,"enemies":"3 Louse","floor":11,"turns":4},{"damage":8,"enemies":"2 Fungi Beasts","floor":12,"turns":4},{"damage":25,"enemies":"The Guardian","floor":16,"turns":11},{"damage":0,"enemies":"Chosen","floor":18,"turns":5},{"damage":4,"enemies":"3 Byrds","floor":19,"turns":5},{"damage":9,"enemies":"Snake Plant","floor":21,"turns":4},{"damage":22,"enemies":"Book of Stabbing","floor":23,"turns":5},{"damage":0,"enemies":"Cultist and Chosen","floor":27,"turns":4},{"damage":14,"enemies":"Centurion and Healer","floor":29,"turns":3},{"damage":25,"enemies":"Champ","floor":33,"turns":7},{"damage":30,"enemies":"3 Darklings","floor":35,"turns":5},{"damage":9,"enemies":"3 Shapes","floor":37,"turns":5},{"damage":57,"enemies":"2 Orb Walkers","floor":39,"turns":4},{"damage":9,"enemies":"Nemesis","floor":40,"turns":3}],"seed_played":"2303296183560234776","potions_obtained":[{"floor":1,"key":"EssenceOfSteel"},{"floor":5,"key":"Energy Potion"},{"floor":11,"key":"Fire Potion"}],"is_trial":false,"path_per_floor":["M","?","?","M","M","E","?","?","T","R","M","M","R","$","R","B",null,"M","M","?","M","$","E","R","?","T","M","R","M","?","$","R","B",null,"M","$","M","$","?","E"],"character_chosen":"THE_SILENT","items_purchased":["MealTicket","Block Potion","HandDrill","Caltrops","DollysMirror"],"campfire_rested":3,"item_purchase_floors":[14,14,22,31,38],"current_hp_per_floor":[70,56,70,70,70,59,52,52,52,52,45,37,58,58,58,33,70,70,66,53,44,59,37,59,43,43,43,43,29,29,44,66,41,75,45,60,51,66,9,0,0],"gold":74,"neow_bonus":"RANDOM_COMMON_RELIC","is_daily":false,"chose_seed":false,"campfire_upgraded":2,"win_rate":0.0,"timestamp":1611387123,"path_taken":["M","?","?","M","M","E","?","?","T","R","M","M","R","$","R","BOSS","M","M","?","M","$","E","R","?","T","M","R","M","?","$","R","BOSS","M","$","M","$","?","E"],"items_purchased_type":["Relic","Potion","Relic","Card","Relic"],"build_version":"2020-12-18","purchased_purges":0,"victory":false,"max_hp_per_floor":[70,70,70,70,70,70,70,70,70,70,70,70,70,70,70,70,70,70,70,75,75,75,75,75,75,75,75,75,75,75,75,75,75,75,75,75,75,75,75,75,75],"card_choices":[{"not_picked":["Blade Dance","Slice"],"picked":"Accuracy","floor":1},{"not_picked":["Predator","Eviscerate"],"picked":"Terror","floor":4},{"not_picked":["Deadly Poison","Prepared"],"picked":"Dagger Throw","floor":5},{"not_picked":["Bouncing Flask","Poisoned Stab"],"picked":"Cloak And Dagger","floor":6},{"not_picked":["Dodge and Roll","Prepared"],"picked":"Backflip","floor":11},{"not_picked":["Predator","Doppelganger","Eviscerate"],"picked":"SKIP","floor":12},{"not_picked":["Phantasmal Killer","Grand Finale"],"picked":"A Thousand Cuts","floor":16},{"not_picked":["Escape Plan","Deflect+1"],"picked":"Outmaneuver+1","floor":18},{"not_picked":["Deadly Poison","Blade Dance"],"picked":"Infinite Blades+1","floor":19},{"not_picked":["Predator","Backflip"],"picked":"Deflect","floor":21},{"not_picked":["Distraction","Grand Finale"],"picked":"Blade Dance","floor":23},{"not_picked":["Dagger Throw","Slice"],"picked":"Accuracy+1","floor":27},{"not_picked":["Crippling Poison","Riddle With Holes"],"picked":"Underhanded Strike","floor":29},{"not_picked":["Unload","Burst"],"picked":"Night Terror","floor":33},{"not_picked":["Deadly Poison","Blur+1"],"picked":"Skewer+1","floor":35},{"not_picked":["Bouncing Flask","Cloak And Dagger"],"picked":"Backflip+1","floor":37},{"not_picked":["Blur","Outmaneuver+1"],"picked":"Dodge and Roll+1","floor":39}],"player_experience":407890,"relics_obtained":[{"floor":6,"key":"Whetstone"},{"floor":23,"key":"Matryoshka"},{"floor":25,"key":"Enchiridion"},{"floor":26,"key":"White Beast Statue"},{"floor":26,"key":"Happy Flower"},{"floor":39,"key":"Pocketwatch"}],"event_choices":[{"damage_healed":0,"gold_gain":0,"player_choice":"Entered Light","damage_taken":14,"max_hp_gain":0,"max_hp_loss":0,"event_name":"Shining Light","floor":2,"gold_loss":0,"cards_upgraded":["Accuracy","Strike_G"]},{"damage_healed":17,"gold_gain":0,"player_choice":"Healed","damage_taken":0,"max_hp_gain":0,"max_hp_loss":0,"event_name":"The Cleric","floor":3,"gold_loss":35},{"cards_removed":["Strike_G"],"damage_healed":0,"gold_gain":0,"player_choice":"Card Removal","damage_taken":7,"max_hp_gain":0,"max_hp_loss":0,"event_name":"Golden Wing","floor":7,"gold_loss":0},{"damage_healed":0,"gold_gain":0,"cards_transformed":["Strike_G"],"player_choice":"Transformed","damage_taken":0,"max_hp_gain":0,"max_hp_loss":0,"event_name":"Transmorgrifier","floor":8,"gold_loss":0,"cards_obtained":["Finisher"]},{"damage_healed":0,"gold_gain":0,"player_choice":"Shed Blood","damage_taken":18,"max_hp_gain":5,"max_hp_loss":0,"event_name":"Forgotten Altar","floor":20,"gold_loss":0},{"damage_healed":0,"gold_gain":0,"player_choice":"Obtained Book","damage_taken":16,"max_hp_gain":0,"max_hp_loss":0,"event_name":"Cursed Tome","floor":25,"gold_loss":0},{"damage_healed":0,"gold_gain":0,"player_choice":"Ignored","damage_taken":0,"max_hp_gain":0,"max_hp_loss":0,"event_name":"Ghosts","floor":30,"gold_loss":0},{"damage_healed":0,"gold_gain":0,"player_choice":"Fight","damage_taken":0,"max_hp_gain":0,"max_hp_loss":0,"event_name":"Mysterious Sphere","floor":39,"gold_loss":0}],"is_beta":true,"boss_relics":[{"not_picked":["Coffee Dripper","Snecko Eye"],"picked":"Sozu"},{"not_picked":["Empty Cage","SacredBark"],"picked":"SlaversCollar"}],"items_purged_floors":[],"is_endless":false,"potions_floor_spawned":[1,5,11,18,23,27,29,33,35,37,39],"killed_by":"Nemesis","ascension_level":0}}