{"host":"1tl36azeqm6yhdgj","time":1611360769,"event":{"mods":["AchievementEnabler","BaseMod","Minty Spire (QoL Compilation)","StSLib","The IronCluck","everything is the same but u backflip on backflip"],"gold_per_floor":[119,119,119,137,137,169,169,189,189,189,207,18,29,52,52,128,128,141,161,161,172,12,12,38,38,38,38,73,85,101,126,126,199,199,209,220,231,127,137,137,169,180,180,226,226,242,254,88,88,88,88],"floor_reached":50,"language":"ENG","playtime":2707,"items_purged":["Regret"],"score":1093,"play_id":"58274231-6f96-46bf-9837-ca5d01bc4a37","local_time":"20210122191249","is_ascension_mode":true,"campfire_choices":[{"floor":7.0,"key":"REST"},{"data":"Shrug It Off","floor":10.0,"key":"SMITH"},{"data":"Body Slam","floor":15.0,"key":"SMITH"},{"data":"Double Tap","floor":23.0,"key":"SMITH"},{"data":"Inflame","floor":25.0,"key":"SMITH"},{"data":"Bash","floor":32.0,"key":"SMITH"},{"floor":40,"key":"RECALL"},{"floor":45,"key":"REST"},{"data":"Thunderclap","floor":49,"key":"SMITH"}],"circlet_count":0,"master_deck":["AscendersBane","Strike_R","Strike_R","Strike_R","Defend_R","Defend_R","Defend_R","Defend_R","Bash+1","Blind","Metallicize","Iron Wave+1","Whirlwind+1","Seeing Red","Shrug It Off+1","Body Slam+1","Reckless Charge","Double Tap+1","Intimidate","Heavy Blade+1","Dropkick","Thunderclap+1","Inflame+1","Ghostly Armor+1","Flex+1","Limit Break+1","Cleave","Shockwave+1","Armaments+1","Clash","Exhume+1","Headbutt","Parasite","Warcry+1","Offering+1"],"relics":["Black Blood","Turnip","Orichalcum","Self Forming Clay","Ancient Tea Set","Lee\u0027s Waffle","Bag of Preparation","Toxic Egg 2","MealTicket","Vajra","Blood Vial","Art of War","Incense Burner"],"acts_visited":["Exordium","TheCity","TheBeyond"],"potions_floor_usage":[36,37,42,42,50],"damage_taken":[{"damage":5.0,"enemies":"2 Louse","floor":1.0,"turns":3.0},{"damage":14.0,"enemies":"Jaw Worm","floor":4.0,"turns":5.0},{"damage":19.0,"enemies":"Lagavulin","floor":6.0,"turns":9.0},{"damage":4.0,"enemies":"Small Slimes","floor":8.0,"turns":4.0},{"damage":5.0,"enemies":"3 Louse","floor":11.0,"turns":2.0},{"damage":4.0,"enemies":"2 Fungi Beasts","floor":13.0,"turns":3.0},{"damage":59.0,"enemies":"Slime Boss","floor":16.0,"turns":12.0},{"damage":10.0,"enemies":"Shell Parasite","floor":18.0,"turns":7.0},{"damage":19.0,"enemies":"Chosen","floor":19.0,"turns":6.0},{"damage":26.0,"enemies":"Sentry and Sphere","floor":21.0,"turns":8.0},{"damage":46.0,"enemies":"Book of Stabbing","floor":24.0,"turns":6.0},{"damage":1.0,"enemies":"Slavers","floor":28.0,"turns":5.0},{"damage":18.0,"enemies":"3 Cultists","floor":29.0,"turns":5.0},{"damage":15.0,"enemies":"Centurion and Healer","floor":30.0,"turns":9.0},{"damage":11.0,"enemies":"Gremlin Leader","floor":31.0,"turns":8.0},{"damage":61.0,"enemies":"Automaton","floor":33.0,"turns":10.0},{"damage":2.0,"enemies":"3 Shapes","floor":35.0,"turns":2.0},{"damage":0,"enemies":"Orb Walker","floor":36,"turns":2},{"damage":18,"enemies":"Maw","floor":37,"turns":6},{"damage":10,"enemies":"3 Darklings","floor":39,"turns":3},{"damage":44,"enemies":"Nemesis","floor":41,"turns":9},{"damage":51,"enemies":"Spire Growth","floor":42,"turns":7},{"damage":23,"enemies":"2 Orb Walkers","floor":44,"turns":4},{"damage":18,"enemies":"Writhing Mass","floor":46,"turns":7},{"damage":10,"enemies":"4 Shapes","floor":47,"turns":11},{"damage":69,"enemies":"Awakened One","floor":50,"turns":5}],"seed_played":"-7065683649652110839","potions_obtained":[{"floor":1.0,"key":"EntropicBrew"},{"floor":16.0,"key":"Weak Potion"},{"floor":19.0,"key":"GamblersBrew"},{"floor":24.0,"key":"BloodPotion"},{"floor":28.0,"key":"Regen Potion"},{"floor":30.0,"key":"Fire Potion"},{"floor":33.0,"key":"FearPotion"},{"floor":36,"key":"ColorlessPotion"},{"floor":41,"key":"Block Potion"},{"floor":46,"key":"LiquidMemories"}],"is_trial":false,"path_per_floor":["M","?","?","M","?","E","R","M","T","R","M","$","M","T","R","B",null,"M","M","?","M","$","R","E","R","T","?","E","M","M","E","R","B",null,"M","M","M","?","M","R","E","M","T","?","R","M","M","$","R","B"],"character_chosen":"IRONCLAD","items_purchased":["Fruit Juice","Lee\u0027s Waffle","Offering+1"],"campfire_rested":2,"item_purchase_floors":[12,22,48],"current_hp_per_floor":[69,69,69,61,38,25,47,49,49,49,50,50,52,52,52,30,68,70,63,63,49,87,87,53,53,53,53,64,72,69,70,70,21,71,81,87,81,81,85,85,55,35,35,26,52,48,52,67,67,0,0],"gold":88,"neow_bonus":"RANDOM_COLORLESS","is_daily":false,"chose_seed":false,"campfire_upgraded":6,"win_rate":0.0,"timestamp":1611360769,"path_taken":["M","?","?","M","?","E","R","M","T","R","M","$","M","?","R","BOSS","M","M","?","M","$","R","E","R","T","?","E","M","M","E","R","BOSS","M","M","M","?","?","R","E","M","T","?","R","M","M","$","R","BOSS"],"items_purchased_type":["Potion","Relic","Card"],"build_version":"2020-12-22","purchased_purges":1,"victory":false,"max_hp_per_floor":[75,75,75,75,75,75,75,75,75,75,75,75,75,75,75,80,80,80,80,80,80,87,87,87,87,87,87,87,87,87,87,87,87,87,87,87,87,87,87,87,87,87,87,87,87,87,87,87,87,87,87],"card_choices":[{"not_picked":["Good Instincts","Deep Breath"],"picked":"Blind","floor":0.0},{"not_picked":["Thunderclap","Body Slam"],"picked":"Metallicize","floor":1.0},{"not_picked":["Blood for Blood","Pommel Strike"],"picked":"Whirlwind","floor":4.0},{"not_picked":["Iron Wave","Heavy Blade"],"picked":"Seeing Red","floor":6.0},{"not_picked":["Warcry","Intimidate"],"picked":"Shrug It Off","floor":8.0},{"not_picked":["Havoc","Perfected Strike"],"picked":"Body Slam","floor":11.0},{"not_picked":["Ghostly Armor","Pommel Strike"],"picked":"Reckless Charge","floor":13.0},{"not_picked":["Fiend Fire","Berserk"],"picked":"Double Tap","floor":16.0},{"not_picked":["Second Wind","Dark Embrace"],"picked":"Intimidate","floor":18.0},{"not_picked":["Pommel Strike","Clash"],"picked":"Heavy Blade+1","floor":19.0},{"not_picked":["Bloodletting","Warcry"],"picked":"Thunderclap","floor":21.0},{"not_picked":["Sword Boomerang","Dual Wield"],"picked":"Inflame","floor":24.0},{"not_picked":["Shrug It Off+1","Anger","Wild Strike"],"picked":"SKIP","floor":28.0},{"not_picked":["Clothesline","Sever Soul"],"picked":"Ghostly Armor+1","floor":29.0},{"not_picked":["Clothesline","Iron Wave","Rupture"],"picked":"SKIP","floor":30.0},{"not_picked":["Blood for Blood","Power Through+1"],"picked":"Flex+1","floor":31.0},{"not_picked":["Juggernaut","Corruption"],"picked":"Limit Break+1","floor":33.0},{"not_picked":["Shrug It Off+1","Intimidate+1"],"picked":"Cleave","floor":35.0},{"not_picked":["Sword Boomerang+1","Inflame"],"picked":"Shockwave+1","floor":36},{"not_picked":["Shockwave+1","Thunderclap+1"],"picked":"Armaments+1","floor":37},{"not_picked":["Sentinel+1","Wild Strike"],"picked":"Clash","floor":39},{"not_picked":["Pommel Strike","Sword Boomerang+1"],"picked":"Exhume+1","floor":41},{"not_picked":["Inflame","Shrug It Off+1"],"picked":"Headbutt","floor":42},{"not_picked":["Shockwave+1","Sword Boomerang","Armaments+1"],"picked":"SKIP","floor":46},{"not_picked":["Combust","Thunderclap"],"picked":"Warcry+1","floor":47}],"player_experience":2018459,"relics_obtained":[{"floor":6.0,"key":"Orichalcum"},{"floor":9.0,"key":"Self Forming Clay"},{"floor":14.0,"key":"Ancient Tea Set"},{"floor":24.0,"key":"Bag of Preparation"},{"floor":26.0,"key":"Toxic Egg 2"},{"floor":28.0,"key":"MealTicket"},{"floor":31.0,"key":"Vajra"},{"floor":41,"key":"Art of War"},{"floor":44,"key":"Incense Burner"}],"event_choices":[{"damage_healed":0.0,"max_hp_gain":0.0,"max_hp_loss":0.0,"gold_gain":0.0,"cards_transformed":["Strike_R"],"event_name":"Living Wall","player_choice":"Change","floor":2.0,"gold_loss":0.0,"damage_taken":0.0,"cards_obtained":["Iron Wave"]},{"damage_healed":0.0,"max_hp_gain":0.0,"max_hp_loss":0.0,"gold_gain":0.0,"event_name":"Big Fish","player_choice":"Box","floor":3.0,"gold_loss":0.0,"damage_taken":0.0,"relics_obtained":["Turnip"],"cards_obtained":["Regret"]},{"damage_healed":0.0,"max_hp_gain":0.0,"max_hp_loss":0.0,"gold_gain":0.0,"event_name":"Shining Light","player_choice":"Entered Light","floor":5.0,"gold_loss":0.0,"damage_taken":23.0,"cards_upgraded":["Whirlwind","Iron Wave"]},{"damage_healed":0.0,"max_hp_gain":0.0,"max_hp_loss":0.0,"gold_gain":0.0,"event_name":"The Library","player_choice":"Read","floor":20.0,"gold_loss":0.0,"damage_taken":0.0,"cards_obtained":["Dropkick"]},{"cards_removed":["Strike_R"],"damage_healed":0.0,"max_hp_gain":0.0,"max_hp_loss":0.0,"gold_gain":0.0,"event_name":"Back to Basics","player_choice":"Elegance","floor":27.0,"gold_loss":0.0,"damage_taken":0.0},{"damage_healed":0,"gold_gain":0,"player_choice":"Paid Gold","damage_taken":0,"relics_obtained":["Blood Vial"],"max_hp_gain":0,"max_hp_loss":0,"event_name":"WeMeetAgain","floor":38,"gold_loss":104},{"damage_healed":0,"gold_gain":0,"player_choice":"Fight","damage_taken":0,"max_hp_gain":0,"max_hp_loss":0,"event_name":"Mysterious Sphere","floor":44,"gold_loss":0}],"is_beta":false,"boss_relics":[{"not_picked":["Ectoplasm","Philosopher\u0027s Stone"],"picked":"Black Blood"},{"not_picked":["Runic Pyramid","Coffee Dripper","Sozu"]}],"items_purged_floors":[12],"is_endless":false,"potions_floor_spawned":[1,16,19,24,28,30,33,36,41,46],"killed_by":"Awakened One","ascension_level":20}}