{"host":"lnnm69al9x392px5","time":1611387846,"event":{"mods":["BaseMod","Downfall","Minty Spire (QoL Compilation)","StSLib"],"gold_per_floor":[99,119,119,132,49,49,123,152,51,79,79,79,92,106,116,116,116,116],"floor_reached":16,"language":"ENG","playtime":794,"items_purged":[],"score":110,"play_id":"0950653b-4bd2-4373-bd38-59f980ec55a4","local_time":"20210122234406","is_ascension_mode":false,"campfire_choices":[{"data":"sneckomod:TailWhip","floor":1,"key":"SMITH"},{"data":"sneckomod:SerpentMind","floor":6,"key":"SMITH"},{"floor":11,"key":"REST"}],"circlet_count":0,"master_deck":["sneckomod:Defend","sneckomod:Defend","sneckomod:Defend","sneckomod:TailWhip+1","sneckomod:SnekBite","sneckomod:Unknown","sneckomod:Unknown","sneckomod:RainOfDice","sneckomod:SerpentIdol","sneckomod:SerpentMind+1","Parasite","sneckomod:Unknown2Cost","sneckomod:RainOfDice","sneckomod:MorePower","sneckomod:UnknownVulnerable","sneckomod:UnknownBoss+1","sneckomod:Rotation","sneckomod:UnknownExhaust+1","sneckomod:TrashToTreasure","sneckomod:SnakeSap","sneckomod:SlitherStrike","sneckomod:UnknownColorless+1","sneckomod:UnknownRareSkill","sneckomod:Unknown3Cost+1","sneckomod:SnakeSap","sneckomod:WideSting","sneckomod:IronFang"],"relics":["Sozu","The Courier","Frozen Egg 2","White Beast Statue","Mercury Hourglass"],"acts_visited":["Exordium"],"potions_floor_usage":[],"damage_taken":[{"damage":9,"enemies":"Small Slimes","floor":2,"turns":4},{"damage":0,"enemies":"Cultist","floor":4,"turns":3},{"damage":5,"enemies":"downfall:FleeingMerchant","floor":5,"turns":4},{"damage":52,"enemies":"Gremlin Nob","floor":8,"turns":5},{"damage":0,"enemies":"downfall:FleeingMerchant","floor":9,"turns":4},{"damage":13,"enemies":"Lagavulin","floor":10,"turns":5},{"damage":1,"enemies":"Jaw Worm","floor":13,"turns":2},{"damage":0,"enemies":"Gremlin Gang","floor":14,"turns":4},{"damage":14,"enemies":"Blue Slaver","floor":15,"turns":4},{"damage":23,"enemies":"IC_STATUS_ARCHETYPE","floor":16,"turns":2}],"seed_played":"-2897589553988798440","potions_obtained":[],"is_trial":false,"path_per_floor":["R","M","?","M","$","R","T","E","$","E","R","T","M","M","M","B"],"character_chosen":"THE_SNECKO","items_purchased":["sneckomod:UnknownVulnerable","sneckomod:SnakeSap","sneckomod:SlitherStrike"],"campfire_rested":1,"item_purchase_floors":[5,9,9],"current_hp_per_floor":[90,81,81,81,76,76,76,24,24,11,38,38,37,37,23,0,0,0],"gold":116,"neow_bonus":"BOSS_RELIC","is_daily":false,"chose_seed":false,"campfire_upgraded":2,"win_rate":0.0,"timestamp":1611387846,"path_taken":["R","M","?","M","$","R","T","E","?","E","R","?","M","?","M","BOSS"],"items_purchased_type":["Card","Card","Card"],"build_version":"2020-12-22","purchased_purges":0,"victory":false,"max_hp_per_floor":[90,90,90,90,90,90,90,90,90,90,90,90,90,90,90,90,90,90],"card_choices":[{"not_picked":["sneckomod:SoulRoll","sneckomod:UnknownDraw"],"picked":"sneckomod:RainOfDice","floor":2},{"not_picked":["sneckomod:UnknownWeak","sneckomod:UnknownDraw"],"picked":"sneckomod:RainOfDice","floor":4},{"not_picked":["sneckomod:MasterEye","sneckomod:DiceBoulder"],"picked":"sneckomod:MorePower","floor":5},{"not_picked":["sneckomod:UnknownDexterity+1","sneckomod:UnknownUncommonSkill+1"],"picked":"sneckomod:UnknownBoss+1","floor":8},{"not_picked":["sneckomod:DefensiveFlair","sneckomod:ImprovisedAttack"],"picked":"sneckomod:Rotation","floor":8},{"not_picked":["sneckomod:UnknownClassGUARDIAN+1","sneckomod:UnknownCommonAttack+1"],"picked":"sneckomod:UnknownExhaust+1","floor":9},{"not_picked":["sneckomod:SerpentMind+1","sneckomod:UnknownCommonAttack"],"picked":"sneckomod:TrashToTreasure","floor":9},{"not_picked":["sneckomod:UnknownVulnerable+1","sneckomod:Unknown2Cost+1"],"picked":"sneckomod:UnknownColorless+1","floor":10},{"not_picked":["sneckomod:Memorize","sneckomod:UnknownCommonSkill"],"picked":"sneckomod:UnknownRareSkill","floor":10},{"not_picked":["sneckomod:Unknown1Cost+1","sneckomod:UnknownX+1"],"picked":"sneckomod:Unknown3Cost+1","floor":13},{"not_picked":["sneckomod:SoulRoll","sneckomod:DiceCrush"],"picked":"sneckomod:SnakeSap","floor":13},{"not_picked":["sneckomod:DiceBlock","sneckomod:UnknownBlock"],"picked":"sneckomod:WideSting","floor":14},{"not_picked":["sneckomod:UnknownCommonSkill","sneckomod:Rotation"],"picked":"sneckomod:IronFang","floor":15}],"player_experience":244166,"relics_obtained":[{"floor":7,"key":"The Courier"},{"floor":8,"key":"Frozen Egg 2"},{"floor":10,"key":"White Beast Statue"},{"floor":12,"key":"Mercury Hourglass"}],"event_choices":[],"is_beta":false,"boss_relics":[],"items_purged_floors":[],"is_endless":false,"potions_floor_spawned":[4,8,13,14,15],"killed_by":"IC_STATUS_ARCHETYPE","ascension_level":0}}