{"host":"e6sgj53qqwx3piqv","time":1611363477,"event":{"mods":["AchievementEnabler","Aspiration","BaseMod","BetterRewards","Colored Powertips","Downfall","Hermit","Highlight Path","Hubris","Infinite Spire","Minty Spire (QoL Compilation)","Quick Restart","Rare Cards Sparkle","Replay The Spire","Shop Mod","StSLib","The Cursed","The Disciple","The Jungle","The Runesmith"],"gold_per_floor":[153,153,153,204,47,47,47,95,95,95,95,332,332,437,437,746,746,803,13,13,113,113,203,282,557,606,657,657,693,693,693,693,1002,1002,1059,1119,163,463,463,463,463,463,490,547,547,37,37,37,37,37,37,37,37,142,142],"floor_reached":56,"language":"ENG","playtime":5224,"items_purged":[],"score":1478,"play_id":"030c9fda-5d84-406e-93d6-b64f6914dffe","local_time":"20210122195757","daily_mods":["Allstar","Colorless Cards","Heirloom","Time Dilation","Flight","downfall:Lament","Cursed Run","Midas"],"is_ascension_mode":false,"campfire_choices":[{"floor":6.0,"key":"RECALL"},{"data":"1","floor":7.0,"key":"LIFT"},{"data":"2","floor":10.0,"key":"LIFT"},{"data":"3","floor":11.0,"key":"LIFT"},{"floor":15.0,"key":"REST"},{"floor":32.0,"key":"REST"},{"floor":40.0,"key":"REST"},{"floor":42.0,"key":"REST"},{"floor":47.0,"key":"REST"},{"floor":52,"key":"REST"}],"circlet_count":0,"master_deck":["Strike_R","Strike_R","Strike_R","Strike_R","Strike_R","Defend_R","Defend_R","Defend_R","Defend_R","Bash","Dramatic Entrance","Apotheosis","Sadistic Nature","hubris:Ssssneak","Swift Strike","Armaments","Intimidate","Bloodletting","Replay:Bootleg Shield Generator","Pain","Thunderclap","infinitespire:OneForAll","downfall:Haunted","Power Through","hubris:Despair","Limit Break","Good Instincts+1","Normality","Dark Embrace","Impervious","Cleave","Carnage+1","Armaments","Chrysalis","ReplayTheSpireMod:Uncanny Aura","Intimidate","Flame Barrier","Shame","Regret","Delirium","Power Through+1","hubris:Disease","Heavy Blade+1","Normality","Violence","Flex+1","Anger","Trip","Heavy Blade+1","Shrug It Off","Feel No Pain","Rampage","Replay:Fractal Strike","Heavy Blade+1","Delirium","downfall:Aged","infinitespire:SevenWalls","hubris:Compulsion","Infernal Blade+1","Flex","Inflame","Doubt","infinitespire:Pacifist","Replay:Sssssssssstrike","hubris:Despair"],"relics":["Cursed Key","Darkstone Periapt","Du-Vu Doll","NeowsBlessing","Girya","Bronze Scales","Pear","ChewingGum","ReplayTheSpireMod:CursedCoin","Pocketwatch","DollysMirror","aspiration:ArtOfWarUpgrade","Bottled Tornado","Pen Nib","aspiration:FetidBarrel","Philosopher\u0027s Stone","Pantograph","infinitespire:BottledMercury","Medical Kit","hubris:BundleOfHerbs","Vajra","King of Hearts","Replay:Baseball","Oddly Smooth Stone","Juzu Bracelet","Guardian:PocketSentry","Mummified Hand","aspiration:Nostalgia","m_IronCrown","Sling","hubris:FruitBowl","hubris:EvacipatedBox","Lantern","Paper Frog","hubris:CrystalStatue"],"acts_visited":["Exordium","theJungle:Jungle","TheBeyond","TheEnding"],"potions_floor_usage":[55,55,55],"damage_taken":[{"damage":0.0,"enemies":"Jaw Worm","floor":1.0,"turns":1.0},{"damage":0.0,"enemies":"Small Slimes","floor":4.0,"turns":1.0},{"damage":0.0,"enemies":"infinitespire:Voidling","floor":8.0,"turns":1.0},{"damage":12.0,"enemies":"3 Sentries","floor":14.0,"turns":4.0},{"damage":12.0,"enemies":"Slime Boss","floor":16.0,"turns":7.0},{"damage":11.0,"enemies":"theJungle:GiantWrat","floor":18.0,"turns":3.0},{"damage":28.0,"enemies":"theJungle:Cassacara","floor":23.0,"turns":5.0},{"damage":13.0,"enemies":"Shell Parasite","floor":27.0,"turns":3.0},{"damage":15.0,"enemies":"theJungle:Snecko_Cultist_And_Trap","floor":29.0,"turns":3.0},{"damage":4.0,"enemies":"theJungle:QueenSpyder","floor":33.0,"turns":5.0},{"damage":3.0,"enemies":"3 Shapes","floor":35.0,"turns":1.0},{"damage":0.0,"enemies":"3 Darklings","floor":36.0,"turns":2.0},{"damage":0.0,"enemies":"infinitespire:Three Voidlings","floor":38.0,"turns":1.0},{"damage":133.0,"enemies":"Nightmare_Alpha","floor":38.0,"turns":9.0},{"damage":4.0,"enemies":"Sphere and 2 Shapes","floor":44.0,"turns":2.0},{"damage":42,"enemies":"Donu and Deca","floor":50,"turns":4},{"damage":8,"enemies":"Shield and Spear","floor":54,"turns":2},{"damage":91,"enemies":"The Heart","floor":55,"turns":5}],"seed_played":"-4355330918418774035","potions_obtained":[{"floor":1.0,"key":"Fire Potion"},{"floor":23.0,"key":"LiquidBronze"},{"floor":29.0,"key":"GamblersBrew"},{"floor":36.0,"key":"AttackPotion"},{"floor":44.0,"key":"Adrenaline Potion"}],"is_trial":true,"path_per_floor":["M","?","?","M","$","R","R","M","T","R","R","?","?","E","R","B",null,"M","$","AVR","?","?","E","T","?","T","M","T","M","R","?","R","B",null,"M","M","$","?","?","R","?","R","T","M","$","$","R","?","R","B",null,"R","$","E","B",null],"character_chosen":"IRONCLAD","items_purchased":["Intimidate","Bloodletting","ReplayTheSpireMod:CursedCoin","Dark Embrace","Impervious","Cleave","Carnage+1","Armaments","Chrysalis","ReplayTheSpireMod:Uncanny Aura","Pocketwatch","Trip","Heavy Blade+1","Shrug It Off","Feel No Pain","Pantograph","infinitespire:BottledMercury","Medical Kit","Rampage","King of Hearts","Replay:Baseball","Oddly Smooth Stone","Juzu Bracelet","Guardian:PocketSentry","Mummified Hand","aspiration:Nostalgia","Sling","hubris:FruitBowl","hubris:EvacipatedBox","Lantern","Paper Frog","Flex","Inflame"],"campfire_rested":6,"item_purchase_floors":[5,5,19,19,19,19,19,19,19,19,19,37,37,37,37,37,37,37,37,45,45,45,45,45,45,45,45,45,45,46,46,46,46],"current_hp_per_floor":[80,80,90,90,90,90,90,90,96,96,96,102,108,106,118,112,124,113,119,119,110,110,82,88,94,100,87,93,78,78,78,124,126,160,157,157,157,24,36,87,87,138,144,140,16,16,69,187,187,160,196,196,196,194,120],"gold":142,"neow_bonus":"","is_daily":false,"chose_seed":false,"campfire_upgraded":0,"win_rate":0.0,"timestamp":1611363477,"path_taken":["M","?","?","?","$","R","R","?","T","R","R","?","?","E","R","BOSS","M","$","AVR","?","?","E","?","?","T","?","?","?","R","?","R","BOSS","M","?","$","?","?","R","?","R","T","?","?","$","R","?","R","BOSS","R","$","E","BOSS"],"items_purchased_type":["Card","Card","Relic","Card","Card","Card","Card","Card","Card","Card","Relic","Card","Card","Card","Card","Relic","Relic","Relic","Card","Relic","Relic","Relic","Relic","Relic","Relic","Relic","Relic","Relic","Relic","Relic","Relic","Card","Card"],"build_version":"2020-12-22","purchased_purges":0,"victory":true,"max_hp_per_floor":[80,80,90,90,90,90,90,90,96,96,96,102,108,118,118,124,124,124,130,130,130,130,130,136,142,148,148,154,154,154,154,154,160,160,160,160,160,160,172,172,172,172,178,178,178,178,178,187,187,196,196,196,196,196,205],"card_choices":[{"not_picked":["Body Slam","Clash"],"picked":"Swift Strike","floor":1.0},{"not_picked":["Perfected Strike","Run Through"],"picked":"Armaments","floor":4.0},{"not_picked":["True Grit","Body Slam"],"picked":"Replay:Bootleg Shield Generator","floor":8.0},{"not_picked":["Perfected Strike","Body Slam"],"picked":"Thunderclap","floor":12.0},{"not_picked":["Abandon","Clash"],"picked":"infinitespire:OneForAll","floor":12.0},{"not_picked":["Body Slam","Iron Wave"],"picked":"Power Through","floor":14.0},{"not_picked":["Crow Ritual","Master of Strategy"],"picked":"Limit Break","floor":16.0},{"not_picked":["Armaments","Sword Boomerang"],"picked":"Good Instincts+1","floor":18.0},{"not_picked":["Massacre","Replay:Undeath\u0027s Touch"],"picked":"Flame Barrier","floor":23.0},{"not_picked":["Warcry+1","Specialist"],"picked":"Power Through+1","floor":27.0},{"not_picked":["Warcry","ReplayTheSpireMod:Strike From Hell+1"],"picked":"Heavy Blade+1","floor":29.0},{"not_picked":["Secret Weapon","ReplayUltimateDefense"],"picked":"Violence","floor":33.0},{"not_picked":["Dramatic Entrance+1","Clash"],"picked":"Flex+1","floor":35.0},{"not_picked":["Havoc","Evolve+1"],"picked":"Anger","floor":36.0},{"not_picked":["infinitespire:Menacing","hubris:Rewind"],"picked":"Replay:Fractal Strike","floor":38.0},{"not_picked":["Run Through","hubris:Insight+1"],"picked":"Heavy Blade+1","floor":38.0},{"not_picked":["infinitespire:Menacing","hubris:Rewind"],"picked":"infinitespire:SevenWalls","floor":39.0},{"not_picked":["Flame Barrier+1","Clothesline+1"],"picked":"Infernal Blade+1","floor":44.0},{"not_picked":["Perfected Strike","Burning Pact"],"picked":"Replay:Sssssssssstrike","floor":54}],"player_experience":221557,"relics_obtained":[{"floor":12.0,"key":"Bronze Scales"},{"floor":14.0,"key":"Pear"},{"floor":23.0,"key":"Art of War"},{"floor":24.0,"key":"Bottled Tornado"},{"floor":26.0,"key":"Pen Nib"},{"floor":28.0,"key":"aspiration:FetidBarrel"},{"floor":38.0,"key":"hubris:BundleOfHerbs"},{"floor":43.0,"key":"Vajra"},{"floor":54,"key":"hubris:CrystalStatue"}],"event_choices":[{"damage_healed":0.0,"max_hp_gain":0.0,"max_hp_loss":0.0,"gold_gain":0.0,"event_name":"The Cleric","player_choice":"Leave","floor":2.0,"gold_loss":0.0,"damage_taken":0.0},{"cards_removed":["Crow Ritual"],"damage_healed":0.0,"max_hp_gain":10.0,"max_hp_loss":0.0,"gold_gain":0.0,"event_name":"Bonfire Elementals","player_choice":"Offered Rare","floor":3.0,"gold_loss":0.0,"damage_taken":0.0},{"damage_healed":0.0,"max_hp_gain":0.0,"max_hp_loss":0.0,"gold_gain":275.0,"event_name":"Golden Shrine","player_choice":"Desecrate","floor":25.0,"gold_loss":0.0,"damage_taken":0.0,"cards_obtained":["Regret"]},{"damage_healed":0.0,"max_hp_gain":0.0,"max_hp_loss":0.0,"gold_gain":0.0,"event_name":"NoteForYourself","player_choice":"Ignored","floor":31.0,"gold_loss":0.0,"damage_taken":0.0},{"damage_healed":0.0,"max_hp_gain":0.0,"max_hp_loss":0.0,"gold_gain":0.0,"event_name":"NoteForYourself","player_choice":"Ignored","floor":38.0,"gold_loss":0.0,"damage_taken":0.0},{"damage_healed":0.0,"max_hp_gain":0.0,"max_hp_loss":0.0,"gold_gain":0.0,"event_name":"Purifier","player_choice":"Ignored","floor":41.0,"gold_loss":0.0,"damage_taken":0.0},{"damage_healed":109.0,"max_hp_gain":0.0,"max_hp_loss":0.0,"gold_gain":0.0,"event_name":"MindBloom","player_choice":"Heal","floor":48.0,"gold_loss":0.0,"damage_taken":0.0,"cards_obtained":["Doubt"]}],"is_beta":false,"boss_relics":[{"not_picked":["aspiration:FutureDiary","Snecko Eye"],"picked":"ChewingGum"},{"not_picked":["Busted Crown","ReplayTheSpireMod:SealedPack"],"picked":"Philosopher\u0027s Stone"}],"items_purged_floors":[],"is_endless":false,"potions_floor_spawned":[1,23,29,36,44,54],"ascension_level":0}}