{"host":"aqym1xxr3lb31d9m","time":1611370968,"event":{"mods":["BaseMod","Block Reminder","Colored Map","Colored Powertips","DeckTracker","Highlight Path","Minty Spire (QoL Compilation)","Quick Restart","Random Character Button","StSLib","SuperFastMode","UnlockEverythingMod"],"gold_per_floor":[113,113,113,88,163,163,196,196,222,222,252,267,279,311,311,385,385,395,310,310,310,322,353,353,379,379,379,379,394,42,57,57,134,134,148,0,11,11,21,46,57,92,146,191,201,201,95,105,105,105,105,105,105,8,43,43,43],"floor_reached":56,"language":"JPN","playtime":9259,"items_purged":["Shame"],"score":1997,"play_id":"e8395431-490c-4e43-9b40-b27f6c4601de","local_time":"20210123120248","is_ascension_mode":true,"campfire_choices":[{"data":"Bash","floor":6.0,"key":"SMITH"},{"data":"Pommel Strike","floor":10.0,"key":"SMITH"},{"data":"Fiend Fire","floor":15.0,"key":"SMITH"},{"data":"Double Tap","floor":24.0,"key":"SMITH"},{"data":"Ghostly","floor":27.0,"key":"SMITH"},{"data":"Ghostly","floor":32,"key":"SMITH"},{"floor":46,"key":"RECALL"},{"floor":49,"key":"REST"},{"data":"Feel No Pain","floor":53,"key":"SMITH"}],"circlet_count":0,"master_deck":["AscendersBane","Strike_R+1","Strike_R","Strike_R+1","Strike_R","Defend_R","Defend_R","Defend_R","Defend_R","Bash+1","Spot Weakness","Pommel Strike+1","Flame Barrier","Seeing Red","Wild Strike","Fiend Fire+1","Reckless Charge","Double Tap+1","Blood for Blood+1","Ghostly+1","Ghostly+1","Ghostly","Dropkick","Fire Breathing","Shrug It Off","Metallicize","Dual Wield","Battle Trance","True Grit","Immolate","Headbutt","Dropkick+1","Burning Pact","Headbutt+1","Second Wind","Feel No Pain+1","Parasite","Feel No Pain","Barricade","Flash of Steel","Second Wind+1","Metallicize","True Grit","Dropkick"],"relics":["Burning Blood","NeowsBlessing","Regal Pillow","MealTicket","Du-Vu Doll","Pen Nib","Cursed Key","PreservedInsect","Lizard Tail","Whetstone","StoneCalendar","Happy Flower","Runic Pyramid","Red Mask","Juzu Bracelet","Calipers","Pocketwatch","Red Skull","Mango","Vajra"],"acts_visited":["Exordium","TheCity","TheBeyond","TheEnding"],"potions_floor_usage":[33,51,51,56],"damage_taken":[{"damage":0.0,"enemies":"2 Louse","floor":1.0,"turns":1.0},{"damage":0.0,"enemies":"3 Sentries","floor":7.0,"turns":1.0},{"damage":0.0,"enemies":"Gremlin Nob","floor":11.0,"turns":1.0},{"damage":2.0,"enemies":"Jaw Worm","floor":12.0,"turns":4.0},{"damage":0.0,"enemies":"Small Slimes","floor":13.0,"turns":2.0},{"damage":6.0,"enemies":"3 Sentries","floor":14.0,"turns":7.0},{"damage":36.0,"enemies":"Slime Boss","floor":16.0,"turns":11.0},{"damage":24.0,"enemies":"Shell Parasite","floor":18.0,"turns":3.0},{"damage":4.0,"enemies":"2 Thieves","floor":22.0,"turns":4.0},{"damage":3.0,"enemies":"Book of Stabbing","floor":23.0,"turns":3.0},{"damage":3.0,"enemies":"Gremlin Leader","floor":25.0,"turns":3.0},{"damage":15,"enemies":"Chosen and Byrds","floor":29,"turns":5},{"damage":6,"enemies":"Shelled Parasite and Fungi","floor":31,"turns":5},{"damage":55,"enemies":"Collector","floor":33,"turns":12},{"damage":26,"enemies":"3 Shapes","floor":35,"turns":6},{"damage":3,"enemies":"Orb Walker","floor":37,"turns":3},{"damage":8,"enemies":"Sphere and 2 Shapes","floor":39,"turns":7},{"damage":1,"enemies":"Giant Head","floor":40,"turns":6},{"damage":0,"enemies":"4 Shapes","floor":41,"turns":7},{"damage":4,"enemies":"Reptomancer","floor":42,"turns":7},{"damage":13,"enemies":"2 Orb Walkers","floor":44,"turns":4},{"damage":27,"enemies":"Spire Growth","floor":45,"turns":6},{"damage":0,"enemies":"Sphere and 2 Shapes","floor":48,"turns":5},{"damage":19,"enemies":"Time Eater","floor":50,"turns":12},{"damage":34,"enemies":"Awakened One","floor":51,"turns":13},{"damage":13,"enemies":"Shield and Spear","floor":55,"turns":6},{"damage":50,"enemies":"The Heart","floor":56,"turns":3}],"seed_played":"5025621520831239397","potions_obtained":[{"floor":1.0,"key":"BlessingOfTheForge"},{"floor":11.0,"key":"HeartOfIron"},{"floor":16.0,"key":"GamblersBrew"},{"floor":23.0,"key":"Swift Potion"},{"floor":33,"key":"Regen Potion"},{"floor":35,"key":"Energy Potion"},{"floor":37,"key":"LiquidMemories"},{"floor":44,"key":"DistilledChaos"},{"floor":45,"key":"HeartOfIron"},{"floor":55,"key":"Fire Potion"}],"is_trial":false,"path_per_floor":["M","$","?","$","?","R","E","T","T","R","E","M","M","E","R","B",null,"M","?","T","?","M","E","R","E","T","R","?","M","$","M","R","B",null,"M","?","M","?","M","E","M","E","T","?","M","R","$","M","R","B","B",null,"R","$","E","B"],"character_chosen":"IRONCLAD","items_purchased":["Pommel Strike","HeartOfIron","Dual Wield","Battle Trance","Flash of Steel","Metallicize","True Grit"],"campfire_rested":1,"item_purchase_floors":[4,30,30,30,47,54,54],"current_hp_per_floor":[74,74,67,67,56,56,62,62,62,62,68,72,75,75,75,45,68,50,50,50,37,37,37,37,37,37,37,37,28,37,37,37,24,34,14,14,17,17,15,20,26,28,28,35,14,14,29,35,51,38,10,41,41,51,44,0,0],"gold":43,"neow_bonus":"THREE_ENEMY_KILL","is_daily":false,"chose_seed":false,"campfire_upgraded":7,"win_rate":0.0,"timestamp":1611370968,"path_taken":["M","$","?","$","?","R","E","?","T","R","E","M","M","E","R","BOSS","M","?","?","?","M","E","R","E","T","R","?","M","$","M","R","BOSS","M","?","M","?","M","E","M","E","T","?","M","R","$","M","R","BOSS","BOSS","R","$","E","BOSS"],"items_purchased_type":["Card","Potion","Card","Card","Card","Card","Card"],"build_version":"2020-12-22","purchased_purges":1,"victory":false,"max_hp_per_floor":[75,75,75,75,75,75,75,75,75,75,75,75,75,75,75,75,75,75,75,75,37,37,37,37,37,37,37,37,37,37,37,37,37,37,37,37,37,37,37,37,37,37,37,51,51,51,51,51,51,51,51,51,51,51,51,51,51],"card_choices":[{"not_picked":["Dropkick","Flex"],"picked":"Spot Weakness","floor":1.0},{"not_picked":["Cleave","Searing Blow"],"picked":"Flame Barrier","floor":7.0},{"not_picked":["Spot Weakness","Body Slam"],"picked":"Seeing Red","floor":11.0},{"not_picked":["Inflame","Iron Wave"],"picked":"Wild Strike","floor":12.0},{"not_picked":["Body Slam","Thunderclap"],"picked":"Fiend Fire","floor":13.0},{"not_picked":["Cleave","Intimidate"],"picked":"Reckless Charge","floor":14.0},{"not_picked":["Impervious","Brutality"],"picked":"Double Tap","floor":16.0},{"not_picked":["Heavy Blade","Anger"],"picked":"Blood for Blood+1","floor":18.0},{"not_picked":["Second Wind+1","Carnage"],"picked":"Dropkick","floor":22.0},{"not_picked":["Intimidate","Wild Strike"],"picked":"Fire Breathing","floor":23.0},{"not_picked":["Perfected Strike","Twin Strike"],"picked":"Shrug It Off","floor":25.0},{"not_picked":["Seeing Red","Headbutt"],"picked":"Metallicize","floor":29},{"not_picked":["Intimidate","Clothesline"],"picked":"True Grit","floor":31},{"not_picked":["Brutality","Impervious"],"picked":"Immolate","floor":33},{"not_picked":["Warcry","Havoc"],"picked":"Headbutt","floor":35},{"not_picked":["Clash+1","Evolve+1"],"picked":"Dropkick+1","floor":37},{"not_picked":["Heavy Blade","Brutality"],"picked":"Burning Pact","floor":39},{"not_picked":["Clothesline","Pommel Strike"],"picked":"Headbutt+1","floor":40},{"not_picked":["Armaments","Iron Wave"],"picked":"Second Wind","floor":41},{"not_picked":["Evolve+1","Anger"],"picked":"Feel No Pain","floor":42},{"not_picked":["Clothesline+1","Intimidate"],"picked":"Feel No Pain","floor":44},{"not_picked":["Sentinel+1","Entrench"],"picked":"Barricade","floor":45},{"not_picked":["Thunderclap","Armaments+1"],"picked":"Second Wind+1","floor":48},{"not_picked":["Iron Wave","Cleave+1"],"picked":"Dropkick","floor":55}],"player_experience":3970816,"relics_obtained":[{"floor":7.0,"key":"Regal Pillow"},{"floor":9.0,"key":"MealTicket"},{"floor":11.0,"key":"Du-Vu Doll"},{"floor":14.0,"key":"Pen Nib"},{"floor":20.0,"key":"Lizard Tail"},{"floor":23.0,"key":"Whetstone"},{"floor":25.0,"key":"StoneCalendar"},{"floor":26.0,"key":"Happy Flower"},{"floor":40,"key":"Calipers"},{"floor":42,"key":"Pocketwatch"},{"floor":43,"key":"Red Skull"},{"floor":44,"key":"Mango"},{"floor":55,"key":"Vajra"}],"event_choices":[{"cards_removed":["Strike_R"],"damage_healed":0.0,"max_hp_gain":0.0,"max_hp_loss":0.0,"gold_gain":0.0,"event_name":"Golden Wing","player_choice":"Card Removal","floor":3.0,"gold_loss":0.0,"damage_taken":7.0},{"damage_healed":0.0,"max_hp_gain":0.0,"max_hp_loss":0.0,"gold_gain":75.0,"event_name":"World of Goop","player_choice":"Gather Gold","floor":5.0,"gold_loss":0.0,"damage_taken":11.0},{"damage_healed":0.0,"max_hp_gain":0.0,"max_hp_loss":0.0,"gold_gain":0.0,"event_name":"Addict","player_choice":"Obtained Relic","floor":19.0,"gold_loss":85.0,"damage_taken":0.0,"relics_obtained":["PreservedInsect"]},{"damage_healed":0.0,"max_hp_gain":0.0,"max_hp_loss":38.0,"gold_gain":0.0,"event_name":"Ghosts","player_choice":"Became a Ghost","floor":21.0,"gold_loss":0.0,"damage_taken":0.0,"cards_obtained":["Ghostly","Ghostly","Ghostly"]},{"cards_removed":["Pain"],"damage_healed":0.0,"max_hp_gain":0.0,"max_hp_loss":0.0,"gold_gain":0.0,"event_name":"Purifier","player_choice":"Purged","floor":28.0,"gold_loss":0.0,"damage_taken":0.0},{"damage_healed":0,"gold_gain":0,"player_choice":"Paid","damage_taken":0,"relics_obtained":["Red Mask"],"max_hp_gain":0,"max_hp_loss":0,"event_name":"Tomb of Lord Red Mask","floor":36,"gold_loss":148},{"damage_healed":0,"gold_gain":0,"player_choice":"Gave Potion","damage_taken":0,"relics_obtained":["Juzu Bracelet"],"max_hp_gain":0,"max_hp_loss":0,"event_name":"WeMeetAgain","floor":38,"gold_loss":0},{"damage_healed":0,"gold_gain":0,"player_choice":"Fight","damage_taken":0,"max_hp_gain":0,"max_hp_loss":0,"event_name":"Mysterious Sphere","floor":44,"gold_loss":0}],"is_beta":false,"boss_relics":[{"not_picked":["Black Star","Coffee Dripper"],"picked":"Cursed Key"},{"not_picked":["Snecko Eye","Empty Cage"],"picked":"Runic Pyramid"}],"items_purged_floors":[30],"is_endless":false,"potions_floor_spawned":[1,11,16,18,23,33,35,37,44,45,48,55],"killed_by":"The Heart","ascension_level":20}}