{"host":"njo8qgvy2a57fcny","time":1611400151,"event":{"mods":["Ascension Unlocker","Aspiration","BaseMod","BetterRewards","CCEM","Colored Map","Colored Powertips","Conspire","Custom Start","Downfall","GifTheSpireLib","Halation","Hermit","Hubris","Infinite Spire","Jedi Mod","Mimic Mod","Minty Spire (QoL Compilation)","Quick Restart","Random Character Button","Random Character Mod","Rare Cards Sparkle","Relic Sorter","Replay The Spire","Shop Mod","StSLib","Stuff the Spire","The Animator","The Jungle","The Runesmith","The Servant 0.9.4","vexMod"],"gold_per_floor":[110,110,110,110,110,88,88,88,88],"floor_reached":8,"language":"ENG","playtime":372,"items_purged":[],"score":104,"play_id":"0ded43ad-10a7-4fa8-9e4a-ac11ccafca6f","local_time":"20210123220911","is_ascension_mode":true,"campfire_choices":[{"floor":7,"key":"REST"}],"circlet_count":0,"master_deck":["AscendersBane","Strike_S","Strike_S","Strike_S","Strike_S","Defend_S","Defend_S","Defend_S","Defend_S","KidneyShot","Exchange","Luminosity","WasteNot"],"relics":["Uniform","hubris:Icosahedron","aspiration:Nostalgia","Slimebound:AbsorbEndCombat","StuffTheSpire:SapphireSignet","aspiration:SeaSaltIceCream","aspiration:Nostalgia","m_HexaRing","CCEMRelics:TechnogenicHelmet"],"acts_visited":["Exordium"],"potions_floor_usage":[],"damage_taken":[{"damage":6,"enemies":"Small Slimes","floor":1,"turns":5},{"damage":52,"enemies":"Gremlin Nob","floor":6,"turns":5},{"damage":25,"enemies":"Lagavulin","floor":8,"turns":7}],"seed_played":"2428550001424394243","potions_obtained":[],"is_trial":false,"path_per_floor":["M","?","?","T","?","E","R","E"],"character_chosen":"THE_SERVANT","items_purchased":[],"campfire_rested":1,"item_purchase_floors":[],"current_hp_per_floor":[48,54,54,54,54,2,20,0,0],"gold":88,"neow_bonus":"NOSTALGIA","is_daily":false,"chose_seed":false,"campfire_upgraded":0,"win_rate":0.0,"timestamp":1611400151,"path_taken":["M","?","?","?","?","E","R","E"],"items_purchased_type":[],"build_version":"2020-12-22","purchased_purges":0,"victory":false,"max_hp_per_floor":[60,60,60,60,60,60,60,60,60],"card_choices":[{"not_picked":["Rewind","Advance"],"picked":"Luminosity","floor":1},{"not_picked":["Reset","hexamod:BurningTouch"],"picked":"WasteNot","floor":6}],"player_experience":665806,"relics_obtained":[{"floor":3,"key":"StuffTheSpire:SapphireSignet"},{"floor":4,"key":"aspiration:SeaSaltIceCream"},{"floor":6,"key":"CCEMRelics:TechnogenicHelmet"}],"event_choices":[],"is_beta":false,"boss_relics":[],"items_purged_floors":[],"is_endless":false,"potions_floor_spawned":[],"killed_by":"Lagavulin","ascension_level":20}}