{"host":"7z347kdhnquy3q4q","time":1611397632,"event":{"mods":["Act Like it!","BaseMod","Hubris","Minty Spire (QoL Compilation)","MostiFishMod","Permanent Neow","Potionbrewer","Robot Space Explorer","Spicy Shops","StSLib","The Marked","Wandering Minibosses"],"gold_per_floor":[109,59,59,78,78,111,111,129,183,195,215,215,39,72,72,172,172,187,187,187],"floor_reached":19,"language":"ENG","playtime":1000,"items_purged":[],"score":195,"play_id":"da29b537-0653-4eff-9cc2-f83d237676c9","local_time":"20210123042712","is_ascension_mode":true,"campfire_choices":[{"floor":7.0,"key":"REST"},{"data":"Discovery","floor":15.0,"key":"SMITH"}],"circlet_count":0,"master_deck":["theMarked:Strike","theMarked:Strike","theMarked:Strike","theMarked:Strike","theMarked:Defend","theMarked:Defend","theMarked:Defend","theMarked:Defend","theMarked:SoldierOfQuellstein","theMarked:Challenge","theMarked:Defy","Enlightenment+1","theMarked:HeritageOfTheMarked","theMarked:ComboAttacks","theMarked:TakeOffHeels","theMarked:SelfDefenseTraining","Discovery+1","theMarked:Improvise","theMarked:EternalStudent","hubris:NaturalOne"],"relics":["theMarked:ArtifactOfAir","DaveBox","MostiFishMod:AdaptiveDefenses","SynthV:TestCard","hubris:Icosahedron","theMarked:DemonDagger","potionbrewer:Torch","Mango","hubris:MedicalManual","TimeKeys"],"acts_visited":["Exordium","TheCity"],"potions_floor_usage":[18],"damage_taken":[{"damage":6.0,"enemies":"2 Louse","floor":1.0,"turns":3.0},{"damage":0.0,"enemies":"Small Slimes","floor":4.0,"turns":4.0},{"damage":33.0,"enemies":"Lagavulin","floor":6.0,"turns":7.0},{"damage":0.0,"enemies":"Cultist","floor":8.0,"turns":3.0},{"damage":0.0,"enemies":"3 Louse","floor":10.0,"turns":1.0},{"damage":7.0,"enemies":"Blue Slaver","floor":11.0,"turns":4.0},{"damage":11.0,"enemies":"3 Sentries","floor":14.0,"turns":4.0},{"damage":23.0,"enemies":"The Guardian","floor":16.0,"turns":7.0},{"damage":30,"enemies":"2 Thieves","floor":18,"turns":3},{"damage":0,"enemies":"3 Byrds","floor":19,"turns":1}],"seed_played":"6532309402596032820","potions_obtained":[{"floor":6.0,"key":"ColorlessPotion"},{"floor":8.0,"key":"FearPotion"},{"floor":11.0,"key":"potionbrewer:EndurancePotion"}],"is_trial":false,"path_per_floor":["M","?","?","M","?","E","R","M","T","M","M","?","$","E","R","B",null,"M","M"],"character_chosen":"THE_DEFAULT","items_purchased":["Mango","Discovery"],"campfire_rested":1,"item_purchase_floors":[13,13],"current_hp_per_floor":[64,64,64,64,64,37,58,58,58,58,63,63,77,73,73,63,84,54,54,54],"gold":187,"neow_bonus":"ONE_RANDOM_RARE_CARD","is_daily":false,"chose_seed":false,"campfire_upgraded":1,"win_rate":0.0,"timestamp":1611397632,"path_taken":["M","?","?","M","?","E","R","M","T","?","M","?","$","E","R","BOSS","M","M"],"items_purchased_type":["Relic","Card"],"build_version":"2020-12-22","purchased_purges":0,"victory":false,"max_hp_per_floor":[70,70,70,70,70,70,70,70,70,70,70,70,84,84,84,84,84,84,84,84],"card_choices":[{"not_picked":["theMarked:Aftermath","theMarked:Overthink","theMarked:TwofoldDefense"],"picked":"SKIP","floor":1.0},{"not_picked":["theMarked:ContemptForTheProud","theMarked:WardOff","theMarked:Parkour","theMarked:RepellingDischarge","theMarked:TwofoldDefense"],"picked":"SKIP","floor":4.0},{"not_picked":["theMarked:Parkour","theMarked:ChainLightning","theMarked:GodGivenPower","theMarked:Improvise"],"picked":"theMarked:HeritageOfTheMarked","floor":6.0},{"not_picked":["theMarked:ElectricStrings","theMarked:Opportunist","theMarked:MaelstromOfLightning","theMarked:KeepCalmAndFightOn"],"picked":"theMarked:ComboAttacks","floor":8.0},{"not_picked":["theMarked:TwofoldDefense","theMarked:Improvise","theMarked:ChainLightning","theMarked:StartUp"],"picked":"theMarked:TakeOffHeels","floor":10.0},{"not_picked":["theMarked:TwofoldDefense","theMarked:Static","theMarked:LightningStrikesTwice","theMarked:ResourceFulStrike"],"picked":"theMarked:SelfDefenseTraining","floor":11.0},{"not_picked":["theMarked:TwofoldDefense","theMarked:ElementalBlade","theMarked:Challenge","theMarked:ResourceFulStrike"],"picked":"theMarked:Improvise","floor":14.0},{"not_picked":["theMarked:UnarmedFury","theMarked:SuspiciousRaven","theMarked:FavorableWinds","theMarked:MuscleMemory"],"picked":"theMarked:EternalStudent","floor":16.0},{"not_picked":["theMarked:ElectricStrings","theMarked:GodGivenPower","theMarked:PowerFlow","theMarked:Generate+1","theMarked:WastefulAttack+1"],"picked":"SKIP","floor":18}],"player_experience":1954816,"relics_obtained":[{"floor":1.0,"key":"SynthV:TestCard"},{"floor":6.0,"key":"theMarked:DemonDagger"},{"floor":9.0,"key":"potionbrewer:Torch"},{"floor":14.0,"key":"hubris:MedicalManual"}],"event_choices":[{"cards_removed":["theMarked:Strike"],"damage_healed":0.0,"max_hp_gain":0.0,"max_hp_loss":0.0,"gold_gain":0.0,"event_name":"The Cleric","player_choice":"Card Removal","floor":2.0,"gold_loss":50.0,"damage_taken":0.0},{"damage_healed":0.0,"max_hp_gain":0.0,"max_hp_loss":0.0,"gold_gain":0.0,"event_name":"Match and Keep!","player_choice":"2 cards matched","floor":5.0,"gold_loss":0.0,"damage_taken":0.0,"cards_obtained":["theMarked:Defy","Enlightenment"]}],"is_beta":false,"boss_relics":[{"not_picked":["hubris:CrackedHourglass","MostiFishMod:Hod"],"picked":"TimeKeys"}],"items_purged_floors":[],"is_endless":false,"potions_floor_spawned":[6,8,11],"killed_by":"3 Byrds","ascension_level":2}}