{"host":"jwbw4f4imxd0v0b0","time":1611432774,"event":{"mods":["BaseMod","Colored Map","Highlight Path","Minty Spire (QoL Compilation)","Relic Stats","StSLib","The Cursed"],"gold_per_floor":[119,129,129,145,163,194,212,240,240,255,271,290,290,134,134,237,237,252,252,252,262,314,348,358,358,358,370,395,395,97,197,197,295,295,306,406,424,443,462,488,29,62,62,62,93,93,103,129,129,129],"floor_reached":51,"language":"ENG","playtime":4641,"items_purged":["TheCursedMod:Strike_TheCursed","TheCursedMod:Strike_TheCursed"],"score":869,"play_id":"f0063eb3-8487-4fba-a531-051c8b30a38f","local_time":"20210123141254","is_ascension_mode":false,"campfire_choices":[{"data":"TheCursedMod:ReleasedStrength","floor":13.0,"key":"SMITH"},{"data":"TheCursedMod:SoulReap","floor":15.0,"key":"SMITH"},{"data":"TheCursedMod:ShockAndAwe","floor":25.0,"key":"SMITH"},{"data":"TheCursedMod:AntiAging","floor":29.0,"key":"SMITH"},{"data":"TheCursedMod:HellsGateOpen","floor":32.0,"key":"SMITH"},{"floor":44,"key":"REST"},{"data":"TheCursedMod:VoidForm","floor":46,"key":"SMITH"},{"data":"TheCursedMod:LuckyCharm","floor":49,"key":"SMITH"}],"circlet_count":0,"master_deck":["TheCursedMod:Strike_TheCursed+1","TheCursedMod:Strike_TheCursed+1","TheCursedMod:Defend_TheCursed","TheCursedMod:Defend_TheCursed","TheCursedMod:Defend_TheCursed","TheCursedMod:Defend_TheCursed","TheCursedMod:CursedWand","TheCursedMod:CleanUpWorkshop","TheCursedMod:Dregs","TheCursedMod:ReleasedStrength+1","TheCursedMod:CursedBlade","TheCursedMod:AshesToAshes","TheCursedMod:RapidMovement","TheCursedMod:CursedArmor","TheCursedMod:CursedAmulet","TheCursedMod:CursedSpellbook","TheCursedMod:HellfireBreathing","TheCursedMod:Torture","TheCursedMod:BlessingInDisguise","TheCursedMod:SoulReap+1","TheCursedMod:ShockAndAwe+1","TheCursedMod:Torture","Writhe","TheCursedMod:CircleOfCorruption","TheCursedMod:Obscuration","TheCursedMod:SpitefulStrike+1","TheCursedMod:AntiAging+1","TheCursedMod:CursedStaff+1","TheCursedMod:HellsGateOpen+1","Discovery","TheCursedMod:SpitefulStrike+1","TheCursedMod:CursedRelics+1","TheCursedMod:LuckyCharm","TheCursedMod:HellfireBreathing+1","TheCursedMod:SaltUponWound+1","TheCursedMod:HellfireBreathing","TheCursedMod:ParallelWorld","TheCursedMod:LuckyCharm+1","TheCursedMod:CircleOfBlood+1","Decay","TheCursedMod:VoidForm+1","TheCursedMod:SpitefulStrike+1"],"relics":["TheCursedMod:BlackMagic101","Bag of Preparation","Shovel","Tiny Chest","Snecko Eye","Molten Egg 2","Strawberry","Bottled Tornado","Shuriken","Whetstone","TheCursedMod:SoulVessel","Ornamental Fan","Cursed Key","Bag of Marbles","Toxic Egg 2","Happy Flower","StoneCalendar","Gremlin Horn","Darkstone Periapt","Question Card"],"acts_visited":["Exordium","TheCity","TheBeyond"],"potions_floor_usage":[42],"damage_taken":[{"damage":0.0,"enemies":"Small Slimes","floor":1.0,"turns":3.0},{"damage":0.0,"enemies":"Cultist","floor":2.0,"turns":3.0},{"damage":0.0,"enemies":"Jaw Worm","floor":4.0,"turns":3.0},{"damage":0.0,"enemies":"Large Slime","floor":5.0,"turns":6.0},{"damage":5.0,"enemies":"3 Sentries","floor":6.0,"turns":5.0},{"damage":1.0,"enemies":"Red Slaver","floor":7.0,"turns":5.0},{"damage":37.0,"enemies":"Lagavulin","floor":8.0,"turns":8.0},{"damage":2.0,"enemies":"Blue Slaver","floor":10.0,"turns":5.0},{"damage":0.0,"enemies":"Looter","floor":11.0,"turns":4.0},{"damage":8.0,"enemies":"Exordium Wildlife","floor":12.0,"turns":4.0},{"damage":34.0,"enemies":"Hexaghost","floor":16.0,"turns":10.0},{"damage":2.0,"enemies":"Chosen","floor":18.0,"turns":5.0},{"damage":24.0,"enemies":"Spheric Guardian","floor":21.0,"turns":8.0},{"damage":51.0,"enemies":"Book of Stabbing","floor":23.0,"turns":6.0},{"damage":1.0,"enemies":"Centurion and Healer","floor":24.0,"turns":4.0},{"damage":0.0,"enemies":"Snake Plant","floor":27.0,"turns":2.0},{"damage":23.0,"enemies":"Slavers","floor":28.0,"turns":4.0},{"damage":1.0,"enemies":"Colosseum Slavers","floor":31.0,"turns":5.0},{"damage":32.0,"enemies":"Colosseum Nobs","floor":31.0,"turns":5.0},{"damage":16.0,"enemies":"Automaton","floor":33.0,"turns":8.0},{"damage":2.0,"enemies":"3 Shapes","floor":35.0,"turns":8.0},{"damage":4.0,"enemies":"3 Darklings","floor":37.0,"turns":3.0},{"damage":14.0,"enemies":"Sphere and 2 Shapes","floor":38.0,"turns":4.0},{"damage":17.0,"enemies":"Maw","floor":39.0,"turns":6.0},{"damage":24.0,"enemies":"Giant Head","floor":40.0,"turns":7.0},{"damage":45,"enemies":"Nemesis","floor":42,"turns":7},{"damage":0,"enemies":"Reptomancer","floor":45,"turns":2},{"damage":35,"enemies":"Spire Growth","floor":47,"turns":5},{"damage":24,"enemies":"Giant Head","floor":48,"turns":6},{"damage":26,"enemies":"Awakened One","floor":50,"turns":6}],"seed_played":"6101444062391046980","potions_obtained":[{"floor":1.0,"key":"Explosive Potion"},{"floor":4.0,"key":"FairyPotion"},{"floor":6.0,"key":"FairyPotion"},{"floor":7.0,"key":"Swift Potion"},{"floor":12.0,"key":"FearPotion"},{"floor":24.0,"key":"Fire Potion"},{"floor":27.0,"key":"Weak Potion"},{"floor":28.0,"key":"PowerPotion"},{"floor":37.0,"key":"SpeedPotion"},{"floor":38.0,"key":"AttackPotion"},{"floor":42,"key":"FairyPotion"},{"floor":48,"key":"Swift Potion"}],"is_trial":false,"path_per_floor":["M","M","?","M","M","E","M","E","T","M","M","M","R","$","R","B",null,"M","?","?","M","T","E","M","R","T","M","E","R","$","?","R","B",null,"M","?","M","M","M","E","$","E","T","R","E","R","M","E","R","B",null],"character_chosen":"THE_CURSED","items_purchased":["TheCursedMod:SoulReap","TheCursedMod:CursedStaff+1","TheCursedMod:HellsGateOpen","Discovery","Toxic Egg 2","TheCursedMod:LuckyCharm","Happy Flower"],"campfire_rested":1,"item_purchase_floors":[14,30,30,30,41,41,41],"current_hp_per_floor":[75,75,75,75,75,70,69,32,32,30,30,22,22,22,22,20,75,73,73,73,49,56,12,26,26,26,34,11,11,11,15,15,33,85,88,88,91,84,83,70,70,35,35,65,65,65,51,68,68,82],"gold":129,"neow_bonus":"RANDOM_COMMON_RELIC","is_daily":false,"chose_seed":false,"campfire_upgraded":7,"win_rate":0.0,"timestamp":1611432774,"path_taken":["M","M","?","M","?","E","M","E","T","M","M","M","R","?","R","BOSS","M","?","?","M","?","E","M","R","T","M","E","R","$","?","R","BOSS","M","?","M","M","M","E","$","E","T","R","E","R","M","E","R","BOSS"],"items_purchased_type":["Card","Card","Card","Card","Relic","Card","Relic"],"build_version":"2020-12-22","purchased_purges":2,"victory":true,"max_hp_per_floor":[75,75,75,75,75,75,75,75,75,75,75,75,75,75,75,75,75,75,75,75,75,82,82,82,82,82,82,82,82,82,82,82,85,85,88,88,91,94,97,100,100,103,103,103,103,103,106,109,109,112],"relic_stats":{"Darkstone Periapt":0,"Happy Flower":[8],"Gremlin Horn":[3,3],"counters":[30,154],"StoneCalendar":[0],"Bag of Preparation":[60],"Whetstone":["TheCursedMod:Strike_TheCursed","TheCursedMod:Strike_TheCursed"],"Cursed Key":1,"Question Card":0,"Shovel":0,"Shuriken":[16],"Ornamental Fan":[56],"Snecko Eye":[194,181,218,175],"Tiny Chest":1,"obtain_stats":[{"Darkstone Periapt":45,"TheCursedMod:BlackMagic101":0,"Happy Flower":41,"Gremlin Horn":43,"StoneCalendar":42,"Bag of Preparation":0,"Whetstone":28,"Bottled Tornado":23,"Cursed Key":34,"Question Card":48,"Shovel":6,"Shuriken":26,"Ornamental Fan":31,"Strawberry":22,"Snecko Eye":17,"Tiny Chest":8,"Molten Egg 2":19,"Bag of Marbles":40,"Toxic Egg 2":41,"TheCursedMod:SoulVessel":31},{"Darkstone Periapt":27,"TheCursedMod:BlackMagic101":0,"Happy Flower":25,"Gremlin Horn":26,"StoneCalendar":26,"Bag of Preparation":0,"Whetstone":17,"Bottled Tornado":14,"Cursed Key":20,"Question Card":29,"Shovel":5,"Shuriken":15,"Ornamental Fan":19,"Strawberry":13,"Snecko Eye":11,"Tiny Chest":7,"Molten Egg 2":12,"Bag of Marbles":25,"Toxic Egg 2":25,"TheCursedMod:SoulVessel":19},{"Darkstone Periapt":137,"TheCursedMod:BlackMagic101":0,"Happy Flower":128,"Gremlin Horn":135,"StoneCalendar":135,"Bag of Preparation":0,"Whetstone":83,"Bottled Tornado":73,"Cursed Key":101,"Question Card":148,"Shovel":20,"Shuriken":77,"Ornamental Fan":93,"Strawberry":67,"Snecko Eye":54,"Tiny Chest":33,"Molten Egg 2":59,"Bag of Marbles":128,"Toxic Egg 2":128,"TheCursedMod:SoulVessel":93}]},"card_choices":[{"not_picked":["TheCursedMod:StingEye","TheCursedMod:CircleOfWindfury"],"picked":"TheCursedMod:ReleasedStrength","floor":1.0},{"not_picked":["TheCursedMod:Stretching","TheCursedMod:SpitefulStrike"],"picked":"TheCursedMod:CursedBlade","floor":2.0},{"not_picked":["TheCursedMod:CircleOfFocus","TheCursedMod:SpitefulStrike"],"picked":"TheCursedMod:CursedArmor","floor":4.0},{"not_picked":["TheCursedMod:CircleOfAmplification","TheCursedMod:Obscuration"],"picked":"TheCursedMod:CursedAmulet","floor":5.0},{"not_picked":["TheCursedMod:SpreadPlague","TheCursedMod:CircleOfCorruption","TheCursedMod:VitalStrike"],"picked":"SKIP","floor":6.0},{"not_picked":["TheCursedMod:RavingStaff","TheCursedMod:CircleOfCorruption"],"picked":"TheCursedMod:CursedSpellbook","floor":7.0},{"not_picked":["TheCursedMod:ReleasedStrength","TheCursedMod:DarkBarrier"],"picked":"TheCursedMod:HellfireBreathing","floor":8.0},{"not_picked":["TheCursedMod:Stretching","TheCursedMod:CircleOfCorruption"],"picked":"TheCursedMod:Torture","floor":10.0},{"not_picked":["TheCursedMod:Torture","TheCursedMod:SoulReap"],"picked":"TheCursedMod:BlessingInDisguise","floor":11.0},{"not_picked":["TheCursedMod:CursedShiv","TheCursedMod:PrepareRite","TheCursedMod:CircleOfAmplification"],"picked":"SKIP","floor":12.0},{"not_picked":["TheCursedMod:UltimatePain","TheCursedMod:CircleOfAbyss"],"picked":"TheCursedMod:ShockAndAwe","floor":16.0},{"not_picked":["TheCursedMod:CursedShiv","TheCursedMod:CursedMace"],"picked":"TheCursedMod:Torture","floor":18.0},{"not_picked":["TheCursedMod:Stretching","TheCursedMod:CursedBlade+1"],"picked":"TheCursedMod:CircleOfCorruption","floor":21.0},{"not_picked":["TheCursedMod:CursedAmulet","TheCursedMod:CursedMace+1"],"picked":"TheCursedMod:Obscuration","floor":23.0},{"not_picked":["TheCursedMod:Torture","TheCursedMod:FleshFromBone+1","TheCursedMod:CollectTribute"],"picked":"SKIP","floor":24.0},{"not_picked":["TheCursedMod:StingEye+1","TheCursedMod:SpitefulPray+1"],"picked":"TheCursedMod:SpitefulStrike+1","floor":27.0},{"not_picked":["TheCursedMod:TacticalStrike+1","TheCursedMod:FleshFromBone"],"picked":"TheCursedMod:AntiAging","floor":28.0},{"not_picked":["TheCursedMod:BloodBarrier+1","TheCursedMod:CircleOfFocus"],"picked":"TheCursedMod:SpitefulStrike+1","floor":31.0},{"not_picked":["TheCursedMod:ShockAndAwe+1","TheCursedMod:ManaCirculation"],"picked":"TheCursedMod:CursedRelics+1","floor":33.0},{"not_picked":["TheCursedMod:CircleOfFlame+1","TheCursedMod:SmokeScreen"],"picked":"TheCursedMod:LuckyCharm","floor":35.0},{"not_picked":["TheCursedMod:SmokeScreen","TheCursedMod:RavingStaff+1"],"picked":"TheCursedMod:HellfireBreathing+1","floor":37.0},{"not_picked":["TheCursedMod:CursedShiv+1","TheCursedMod:CursedAmulet"],"picked":"TheCursedMod:SaltUponWound+1","floor":38.0},{"not_picked":["TheCursedMod:EmpowerCircles+1","TheCursedMod:CursedShiv+1"],"picked":"TheCursedMod:HellfireBreathing","floor":39.0},{"not_picked":["TheCursedMod:TacticalStrike+1","TheCursedMod:Torture+1"],"picked":"TheCursedMod:ParallelWorld","floor":40.0},{"not_picked":["TheCursedMod:CircleOfCorruption+1","TheCursedMod:Evocation+1"],"picked":"TheCursedMod:CircleOfBlood+1","floor":42},{"not_picked":["TheCursedMod:Obscuration+1","TheCursedMod:RapidMovement+1"],"picked":"TheCursedMod:VoidForm","floor":45},{"not_picked":["TheCursedMod:SmokeScreen+1","TheCursedMod:CircleOfFlame+1","TheCursedMod:CircleOfCorruption+1"],"picked":"SKIP","floor":47},{"not_picked":["TheCursedMod:CircleOfFlame+1","TheCursedMod:Grudge+1"],"picked":"TheCursedMod:SpitefulStrike+1","floor":48}],"player_experience":1165337,"relics_obtained":[{"floor":6.0,"key":"Shovel"},{"floor":8.0,"key":"Tiny Chest"},{"floor":22.0,"key":"Strawberry"},{"floor":23.0,"key":"Bottled Tornado"},{"floor":26.0,"key":"Shuriken"},{"floor":28.0,"key":"Whetstone"},{"floor":31.0,"key":"TheCursedMod:SoulVessel"},{"floor":31.0,"key":"Ornamental Fan"},{"floor":40.0,"key":"Bag of Marbles"},{"floor":42,"key":"StoneCalendar"},{"floor":43,"key":"Gremlin Horn"},{"floor":45,"key":"Darkstone Periapt"},{"floor":48,"key":"Question Card"}],"event_choices":[{"damage_healed":0.0,"max_hp_gain":0.0,"max_hp_loss":0.0,"gold_gain":0.0,"event_name":"Match and Keep!","player_choice":"2 cards matched","floor":3.0,"gold_loss":0.0,"damage_taken":0.0,"cards_obtained":["TheCursedMod:AshesToAshes","TheCursedMod:RapidMovement"]},{"damage_healed":0.0,"max_hp_gain":0.0,"max_hp_loss":0.0,"gold_gain":0.0,"event_name":"The Mausoleum","player_choice":"Opened","floor":19.0,"gold_loss":0.0,"damage_taken":0.0,"relics_obtained":["Molten Egg 2"],"cards_obtained":["Writhe"]},{"damage_healed":0.0,"max_hp_gain":0.0,"max_hp_loss":0.0,"gold_gain":0.0,"event_name":"NoteForYourself","player_choice":"Ignored","floor":20.0,"gold_loss":0.0,"damage_taken":0.0},{"damage_healed":0.0,"max_hp_gain":0.0,"max_hp_loss":0.0,"gold_gain":0.0,"event_name":"Colosseum","player_choice":"Fight","floor":31.0,"gold_loss":0.0,"damage_taken":0.0},{"damage_healed":0.0,"max_hp_gain":0.0,"max_hp_loss":0.0,"gold_gain":0.0,"event_name":"Colosseum","player_choice":"Fought Nobs","floor":31.0,"gold_loss":0.0,"damage_taken":0.0},{"damage_healed":0.0,"max_hp_gain":0.0,"max_hp_loss":0.0,"gold_gain":100.0,"event_name":"Golden Shrine","player_choice":"Pray","floor":36.0,"gold_loss":0.0,"damage_taken":0.0}],"is_beta":false,"boss_relics":[{"not_picked":["Sozu","SlaversCollar"],"picked":"Snecko Eye"},{"not_picked":["SacredBark","Fusion Hammer"],"picked":"Cursed Key"}],"items_purged_floors":[14,30],"is_endless":false,"potions_floor_spawned":[1,4,6,7,12,24,27,28,31,37,38,42,48],"ascension_level":0}}