{"host":"5ty8fyb0ngp9gspj","time":1611402654,"event":{"mods":["2.2 Compatiblity","AchievementEnabler","Act Like it!","BaseMod","Colored Map","Downfall","Minty Spire (QoL Compilation)","Rare Cards Sparkle","Relic Stats","StSLib","The Jungle","slay the spire mod where everything is the same but ironclad has a cowboy hat"],"gold_per_floor":[99,14,38,58,84,119,157,202,236,266,178,232,264,318,352,471,483,495,525,637,670,706,718,730,766,801,504,524,547,547,547,569,680,680,680,701,729,747,747,766,766,785,540,207,409,428,486,528,428,428],"floor_reached":51,"language":"ENG","playtime":22687,"items_purged":[],"score":1034,"play_id":"9bbde633-f229-4194-a018-125b3c07e2ae","local_time":"20210123225054","is_ascension_mode":true,"campfire_choices":[{"data":"hexamod:Float","floor":1,"key":"SMITH"},{"floor":11,"key":"REST"},{"data":"hexamod:GhostOfSpirePast","floor":18,"key":"SMITH"},{"floor":30,"key":"REST"},{"data":"hexamod:ApocalypticArmor","floor":35,"key":"SMITH"},{"floor":49,"key":"RECALL"}],"circlet_count":0,"master_deck":["hexamod:Strike","hexamod:Defend","hexamod:Defend","hexamod:Sear","hexamod:Float+1","hexamod:GhostOfSpirePast+1","hexamod:InspiringFlames","hexamod:RetreatToShadows","hexamod:SecondSeal","hexamod:NightmareGuise","hexamod:BacktrackSmack+1","hexamod:FastForward","hexamod:FirstSeal","hexamod:GhostflameInferno","hexamod:BacktrackSmack+1","hexamod:Rewind","hexamod:ShieldOfDarkness+1","hexamod:ThirdSeal","hexamod:FastForward","hexamod:StepThrough+1","hexamod:AdvancingGuard","hexamod:SpectersWail+1","hexamod:NightmareGuise+1","hexamod:SpectersWail+1","hexamod:FlameSwitch","hexamod:ApocalypticArmor+1","hexamod:PowerFromBeyond+1","hexamod:DynamicBlow+1","CurseOfTheBell","CurseOfTheBell","hexamod:FifthSeal","hexamod:Hexaguard+1","hexamod:SpectralSpark+1","hexamod:FourthSeal","hexamod:GhostShield+1","Violence","hexamod:RetreatToShadows+1","hexamod:GhostLash+1","hexamod:RadiantFlame+1","hexamod:GhostOfSpirePresent","hexamod:GhostOfSpireFuture","hexamod:EmpoweredFlame"],"relics":["hexamod:SpiritBrand","MawBank","Pocketwatch","downfall:HeartBlessingBlue","Oddly Smooth Stone","sneckomod:BlankCard","Empty Cage","downfall:GremlinWheel","Torii","Orrery","Philosopher\u0027s Stone","downfall:ExtraCursedBell","Strawberry","Letter Opener","TungstenRod","Shuriken","hexamod:BolsterEngine","Calipers","Whetstone","downfall:HeartBlessingGreen","Blood Vial"],"acts_visited":["Exordium","TheCity","TheBeyond"],"potions_floor_usage":[6,8,14,16,33,40,43,50],"damage_taken":[{"damage":0,"enemies":"downfall:FleeingMerchant","floor":2,"turns":4},{"damage":0,"enemies":"Cultist","floor":3,"turns":4},{"damage":2,"enemies":"Jaw Worm","floor":4,"turns":3},{"damage":0,"enemies":"Small Slimes","floor":5,"turns":4},{"damage":21,"enemies":"Lagavulin","floor":6,"turns":9},{"damage":0,"enemies":"Gremlin Nob","floor":8,"turns":3},{"damage":7,"enemies":"2 Fungi Beasts","floor":9,"turns":5},{"damage":3,"enemies":"Blue Slaver","floor":10,"turns":5},{"damage":10,"enemies":"3 Sentries","floor":12,"turns":8},{"damage":0,"enemies":"Large Slime","floor":13,"turns":6},{"damage":18,"enemies":"Gremlin Nob","floor":14,"turns":5},{"damage":6,"enemies":"3 Louse","floor":15,"turns":4},{"damage":17,"enemies":"DF_ARCHETYPE_STREAMLINE","floor":16,"turns":12},{"damage":19,"enemies":"Shell Parasite","floor":19,"turns":6},{"damage":16,"enemies":"Shell Parasite","floor":20,"turns":5},{"damage":6,"enemies":"Spheric Guardian","floor":21,"turns":4},{"damage":30,"enemies":"Snecko","floor":22,"turns":7},{"damage":16,"enemies":"Sentry and Sphere","floor":25,"turns":6},{"damage":11,"enemies":"Centurion and Healer","floor":26,"turns":5},{"damage":0,"enemies":"downfall:FleeingMerchant","floor":27,"turns":4},{"damage":10,"enemies":"Shelled Parasite and Fungi","floor":28,"turns":5},{"damage":1,"enemies":"Snake Plant","floor":29,"turns":5},{"damage":1,"enemies":"Chosen and Byrds","floor":32,"turns":5},{"damage":17,"enemies":"WA_ARCHETYPE_CALM","floor":33,"turns":11},{"damage":0,"enemies":"3 Shapes","floor":36,"turns":4},{"damage":6,"enemies":"Orb Walker","floor":37,"turns":4},{"damage":33,"enemies":"Transient","floor":38,"turns":5},{"damage":16,"enemies":"Spire Growth","floor":40,"turns":5},{"damage":35,"enemies":"3 Darklings","floor":42,"turns":6},{"damage":0,"enemies":"downfall:FleeingMerchant","floor":43,"turns":5},{"damage":0,"enemies":"downfall:FleeingMerchant","floor":45,"turns":1},{"damage":21,"enemies":"Sphere and 2 Shapes","floor":46,"turns":4},{"damage":14,"enemies":"Sphere and 2 Shapes","floor":47,"turns":7},{"damage":18,"enemies":"Giant Head","floor":48,"turns":10},{"damage":20,"enemies":"SI_POISON_ARCHETYPE","floor":50,"turns":11}],"seed_played":"-6529290189796233951","potions_obtained":[{"floor":4,"key":"Energy Potion"},{"floor":6,"key":"AttackPotion"},{"floor":10,"key":"Strength Potion"},{"floor":12,"key":"Strength Potion"},{"floor":13,"key":"SteroidPotion"},{"floor":15,"key":"Swift Potion"},{"floor":16,"key":"BlessingOfTheForge"},{"floor":20,"key":"hexamod:InfernoChargePotion"},{"floor":38,"key":"DistilledChaos"},{"floor":46,"key":"Fire Potion"}],"is_trial":false,"path_per_floor":["R","$","M","M","M","E","T","E","M","M","R","E","M","E","M","B",null,"R","M","?","M","M","?","T","M","M","$","M","M","R","?","M","B",null,"R","M","M","M","?","M","T","M","$","?","?","M","?","E","R","B",null],"character_chosen":"THE_SPIRIT","items_purchased":["hexamod:SecondSeal","hexamod:ThirdSeal","hexamod:FastForward","hexamod:StepThrough","Orrery","Violence","Ancient Potion","hexamod:BolsterEngine"],"campfire_rested":2,"item_purchase_floors":[2,27,27,27,27,43,43,45],"current_hp_per_floor":[49,49,49,47,47,26,26,26,19,16,50,40,40,22,23,13,63,63,51,49,50,27,27,27,18,14,21,18,24,48,48,54,44,71,71,78,79,53,60,51,51,23,30,98,98,77,70,59,59,48],"gold":428,"neow_bonus":"TRANSFORM_TWO_CARDS","is_daily":false,"chose_seed":false,"campfire_upgraded":3,"win_rate":0.0,"timestamp":1611402654,"path_taken":["R","?","M","M","M","E","T","E","?","M","R","E","M","E","M","BOSS","R","M","?","?","M","?","T","M","M","$","M","M","R","?","M","BOSS","R","M","M","M","?","M","T","M","$","?","?","M","?","E","R","BOSS"],"items_purchased_type":["Card","Card","Card","Card","Relic","Card","Potion","Relic"],"build_version":"2020-12-22","purchased_purges":0,"victory":true,"max_hp_per_floor":[70,70,70,70,70,70,70,70,70,70,80,80,80,80,80,80,80,80,80,80,80,80,80,80,80,80,80,80,80,80,80,80,80,80,80,80,80,80,87,87,87,87,87,98,98,98,98,98,98,98],"relic_stats":{"Blood Vial":2,"Torii":24,"counters":[35,197],"Shuriken":[5],"Letter Opener":[170],"Whetstone":["hexamod:StepThrough","hexamod:BacktrackSmack"],"MawBank":252,"obtain_stats":[{"Calipers":47,"Torii":24,"sneckomod:BlankCard":14,"Oddly Smooth Stone":12,"downfall:HeartBlessingGreen":49,"Letter Opener":39,"Whetstone":48,"MawBank":6,"Empty Cage":17,"Blood Vial":49,"downfall:GremlinWheel":20,"downfall:HeartBlessingBlue":11,"Shuriken":41,"Strawberry":39,"Orrery":27,"Philosopher\u0027s Stone":34,"downfall:ExtraCursedBell":39,"hexamod:BolsterEngine":45,"hexamod:SpiritBrand":0,"TungstenRod":39,"Pocketwatch":8},{"Calipers":33,"Torii":17,"sneckomod:BlankCard":11,"Oddly Smooth Stone":9,"downfall:HeartBlessingGreen":34,"Letter Opener":27,"Whetstone":34,"MawBank":5,"Empty Cage":13,"Blood Vial":34,"downfall:GremlinWheel":15,"downfall:HeartBlessingBlue":8,"Shuriken":28,"Strawberry":27,"Orrery":20,"Philosopher\u0027s Stone":24,"downfall:ExtraCursedBell":27,"hexamod:BolsterEngine":31,"hexamod:SpiritBrand":0,"TungstenRod":27,"Pocketwatch":6},{"Calipers":176,"Torii":94,"sneckomod:BlankCard":56,"Oddly Smooth Stone":45,"downfall:HeartBlessingGreen":186,"Letter Opener":148,"Whetstone":186,"MawBank":24,"Empty Cage":72,"Blood Vial":186,"downfall:GremlinWheel":83,"downfall:HeartBlessingBlue":37,"Shuriken":153,"Strawberry":148,"Orrery":109,"Philosopher\u0027s Stone":135,"downfall:ExtraCursedBell":148,"hexamod:BolsterEngine":165,"hexamod:SpiritBrand":0,"TungstenRod":148,"Pocketwatch":27}],"TungstenRod":24,"Pocketwatch":[126]},"card_choices":[{"not_picked":["hexamod:SuperheatedStrike","hexamod:SwordOfDarkness"],"picked":"hexamod:RetreatToShadows","floor":2},{"not_picked":["hexamod:GhostflameBarrier","hexamod:HeatMetal","hexamod:StepThrough"],"picked":"SKIP","floor":3},{"not_picked":["hexamod:SoulSteal","hexamod:PhantomCloak"],"picked":"hexamod:NightmareGuise","floor":4},{"not_picked":["hexamod:SwordOfDarkness","hexamod:NightmareStrike","hexamod:GhostLash"],"picked":"SKIP","floor":5},{"not_picked":["hexamod:Toasty","hexamod:ThermalTransfer","hexamod:BurningTouch"],"picked":"SKIP","floor":6},{"not_picked":["hexamod:AdvancingGuard","hexamod:ExtraCrispy","hexamod:Incineration"],"picked":"SKIP","floor":8},{"not_picked":["hexamod:Again","hexamod:GhostflameBarrier","hexamod:NightmareGuise"],"picked":"SKIP","floor":9},{"not_picked":["hexamod:FastForward","hexamod:ThermalTransfer"],"picked":"hexamod:BacktrackSmack","floor":10},{"not_picked":["hexamod:Haunt","hexamod:HeatMetal"],"picked":"hexamod:FastForward","floor":12},{"not_picked":["hexamod:EtherealExpedition","hexamod:FlamesFromBeyond","hexamod:FastForward"],"picked":"SKIP","floor":13},{"not_picked":["hexamod:Firestarter","hexamod:SpectersWail"],"picked":"hexamod:FirstSeal","floor":14},{"not_picked":["hexamod:SkipABeat","hexamod:ParanormalForm","hexamod:NightmareStrike"],"picked":"SKIP","floor":15},{"not_picked":["hexamod:ApocalypticArmor","hexamod:HexaLevel"],"picked":"hexamod:GhostflameInferno","floor":16},{"not_picked":["hexamod:NightmareStrike","hexamod:ExtraCrispy+1","hexamod:FlamesFromBeyond"],"picked":"SKIP","floor":19},{"not_picked":["hexamod:SwordOfDarkness+1","hexamod:SpectersWail","hexamod:SpectralAdrenaline"],"picked":"SKIP","floor":21},{"not_picked":["hexamod:ExtraCrispy","hexamod:FourthSeal"],"picked":"hexamod:BacktrackSmack+1","floor":22},{"not_picked":["hexamod:HauntingEcho+1","hexamod:RainOfEmbers","hexamod:GhostLash"],"picked":"SKIP","floor":25},{"not_picked":["hexamod:ShieldOfDarkness","hexamod:GhostOfSpireFuture+1"],"picked":"hexamod:Rewind","floor":26},{"not_picked":["hexamod:HauntingEcho","hexamod:NecessarySacrifice"],"picked":"hexamod:ShieldOfDarkness+1","floor":27},{"not_picked":["hexamod:FastForward","hexamod:SpectersWail"],"picked":"hexamod:AdvancingGuard","floor":27},{"not_picked":["hexamod:HexaLevel","hexamod:GhostOfSpireFuture"],"picked":"hexamod:SpectersWail+1","floor":27},{"not_picked":["hexamod:HauntingEcho","hexamod:InspiringFlames"],"picked":"hexamod:NightmareGuise+1","floor":28},{"not_picked":["hexamod:FlamesFromBeyond","hexamod:SoulSteal","hexamod:BacktrackSmack+1"],"picked":"SKIP","floor":28},{"not_picked":["hexamod:InspiringFlames","hexamod:NightmareStrike","hexamod:ShieldOfDarkness"],"picked":"SKIP","floor":29},{"not_picked":["hexamod:HeatShield","hexamod:HauntingEcho+1","hexamod:NecessarySacrifice"],"picked":"SKIP","floor":29},{"not_picked":["hexamod:NightmareStrike","hexamod:VolcanoVisage","hexamod:HeatMetal"],"picked":"SKIP","floor":29},{"not_picked":["hexamod:NightmareGuise","hexamod:BacktrackSmack"],"picked":"hexamod:SpectersWail+1","floor":32},{"not_picked":["hexamod:Toasty","hexamod:GiftsFromTheDead"],"picked":"hexamod:FlameSwitch","floor":33},{"not_picked":["hexamod:TurnItUp","hexamod:ParanormalForm"],"picked":"hexamod:ApocalypticArmor","floor":33},{"not_picked":["hexamod:ChargedBarrage+1","hexamod:HeatCrush+1"],"picked":"hexamod:PowerFromBeyond+1","floor":36},{"not_picked":["hexamod:RecurringNightmare","hexamod:FlamesFromBeyond","hexamod:HauntingEcho+1"],"picked":"SKIP","floor":36},{"not_picked":["hexamod:GhostShield+1","hexamod:SearingWound"],"picked":"hexamod:DynamicBlow+1","floor":37},{"not_picked":["hexamod:BurningTouch+1","hexamod:GhostLash","hexamod:BacktrackSmack+1"],"picked":"SKIP","floor":37},{"not_picked":["hexamod:AdvancingGuard","hexamod:SwordOfDarkness","hexamod:FlamesFromBeyond"],"picked":"SKIP","floor":38},{"not_picked":["hexamod:PhantomFireball+1","hexamod:FirstSeal","hexamod:ThermalTransfer"],"picked":"SKIP","floor":38},{"not_picked":["hexamod:ExtraCrispy","hexamod:NightmareGuise+1"],"picked":"hexamod:FifthSeal","floor":40},{"not_picked":["hexamod:NightmareStrike","hexamod:RecurringNightmare+1"],"picked":"hexamod:Hexaguard+1","floor":40},{"not_picked":["hexamod:InspiringFlames+1","hexamod:BacktrackSmack+1"],"picked":"hexamod:SpectralSpark+1","floor":42},{"not_picked":["hexamod:SuperheatedStrike","hexamod:GhostShield","hexamod:ShieldOfDarkness+1"],"picked":"SKIP","floor":42},{"not_picked":["hexamod:ThirdSeal","hexamod:FirstSeal","hexamod:SecondSeal"],"picked":"SKIP","floor":42},{"not_picked":["hexamod:SuperheatedStrike+1","hexamod:ParanormalForm"],"picked":"hexamod:FourthSeal","floor":43},{"not_picked":["hexamod:HeatMetal+1","hexamod:PowerFromBeyond"],"picked":"hexamod:GhostShield+1","floor":43},{"not_picked":["hexamod:ShieldOfDarkness+1","hexamod:BacktrackSmack+1"],"picked":"hexamod:RetreatToShadows+1","floor":45},{"not_picked":["hexamod:ShieldOfDarkness+1","hexamod:BurningTouch"],"picked":"hexamod:GhostLash+1","floor":46},{"not_picked":["hexamod:SwordOfDarkness","hexamod:SkipABeat","hexamod:HeatMetal"],"picked":"SKIP","floor":46},{"not_picked":["hexamod:ShieldOfDarkness","hexamod:PhantomCloak"],"picked":"hexamod:RadiantFlame+1","floor":47},{"not_picked":["hexamod:GhostflameBarrier","hexamod:HeatShield+1"],"picked":"hexamod:GhostOfSpirePresent","floor":47},{"not_picked":["hexamod:RainOfEmbers","hexamod:GhostLash+1"],"picked":"hexamod:GhostOfSpireFuture","floor":48},{"not_picked":["hexamod:RadiantFlame+1","hexamod:Firestarter"],"picked":"hexamod:EmpoweredFlame","floor":48}],"player_experience":423267,"relics_obtained":[{"floor":6,"key":"MawBank"},{"floor":8,"key":"Pocketwatch"},{"floor":12,"key":"Oddly Smooth Stone"},{"floor":14,"key":"sneckomod:BlankCard"},{"floor":20,"key":"downfall:GremlinWheel"},{"floor":24,"key":"Torii"},{"floor":39,"key":"Strawberry"},{"floor":39,"key":"Letter Opener"},{"floor":39,"key":"TungstenRod"},{"floor":41,"key":"Shuriken"},{"floor":47,"key":"Calipers"},{"floor":48,"key":"Whetstone"},{"floor":49,"key":"Blood Vial"}],"event_choices":[{"damage_healed":0,"gold_gain":0,"player_choice":"Ignored","damage_taken":0,"max_hp_gain":0,"max_hp_loss":0,"event_name":"Vampires","floor":31,"gold_loss":0},{"damage_healed":0,"gold_gain":0,"player_choice":"Relic","damage_taken":0,"max_hp_gain":0,"max_hp_loss":0,"event_name":"Wheel of Change","floor":49,"gold_loss":0}],"is_beta":false,"boss_relics":[{"not_picked":["Coffee Dripper","Calling Bell"],"picked":"Empty Cage"},{"not_picked":["sneckomod:SneckoTalon","SacredBark"],"picked":"Philosopher\u0027s Stone"}],"items_purged_floors":[],"is_endless":false,"potions_floor_spawned":[4,6,10,12,13,15,16,20,25,26,32,38,46,47,48],"ascension_level":5}}