{"host":"1gclwan70y6w6ivq","time":1611390570,"event":{"mods":["AchievementEnabler","BaseMod","Colored Map","Downfall","Hubris","Infinite Spire","Minty Spire (QoL Compilation)","Relic Sorter","Shade Mod","StSLib"],"gold_per_floor":[99,105,112,119,104,104,104,104,122,163,190,215,15,15,28,126,126,126,154,174,197,197,244,293,293,377,415,458,458,522,522,567,707,707,607,507,559,613,670,749,800,800,800,800,850,517,426,426,467,594,594,594,694,756,682,790,851,851,851,851,922,922,1014,1148,1198,1286,1470,1520,1520,1632,1682,1832,1961,2106,2270,2451,2451,2678,2728,2937,3139,3189,3414,3734,3734,3734,4096,4191,4241,4537,4845,5194,5194,5244,5649,6033,5750,6140,6190,6609,7137,7137,7137,7637,7687,7687,8214,8781,8781,8887,9493,9543,9593,10233,10996,10996,10996,11726,11776,11826,11876,12679,12679,12679,12140,12960,12960,13816,14812,14812,14812,14862,14912,14962,15960,16160,15901,15901,15400,15400,15400,16415,17501,18744,18744,19995,19839,19839,19839,19839,19839],"floor_reached":156,"language":"ENG","playtime":24679,"items_purged":["bronze:SpaghettiCode+1","bronze:SpaghettiCode+1"],"score":3636,"play_id":"adca4373-b26c-4cfa-a75e-4459cdf11bd2","local_time":"20210123032930","is_ascension_mode":false,"campfire_choices":[{"floor":1.0,"key":"RECALL"},{"floor":13.0,"key":"REST"},{"floor":18.0,"key":"REST"},{"data":"infinitespire:UltimateForm","floor":25.0,"key":"SMITH"},{"floor":29.0,"key":"REST"},{"floor":35.0,"key":"REST"},{"floor":44.0,"key":"REST"},{"data":"expansioncontent:InvincibleStrength","floor":52.0,"key":"SMITH"},{"data":"bronze:Repulsor","floor":60.0,"key":"SMITH"},{"floor":62.0,"key":"REST"},{"data":"bronze:HardenedForm","floor":69.0,"key":"SMITH"},{"data":"bronze:HardenedForm","floor":86.0,"key":"SMITH"},{"data":"bronze:HardenedForm","floor":93.0,"key":"SMITH"},{"data":"1","floor":103.0,"key":"LIFT"},{"data":"2","floor":108.0,"key":"LIFT"},{"data":"3","floor":112.0,"key":"LIFT"},{"floor":120.0,"key":"REST"},{"floor":127.0,"key":"REST"},{"floor":129.0,"key":"REST"},{"floor":136.0,"key":"REST"},{"floor":145.0,"key":"REST"},{"floor":147.0,"key":"REST"},{"data":"infinitespire:UltimateForm","floor":155.0,"key":"SMITH"}],"circlet_count":0,"master_deck":["bronze:Library+1","bronze:Library+1","bronze:Library+1","bronze:Library+1","bronze:Library+1","expansioncontent:InvincibleStrength+1","bronze:HardenedForm+1","bronze:Library+1","infinitespire:Execution+1","infinitespire:UltimateForm+1"],"relics":["bronze:PlatinumCore","hubris:Icosahedron","Girya","hubris:Teleporter","Toxic Egg 2","infinitespire:EmpoweringShard","Nunchaku","Guardian:PocketSentry","hubris:Metronome","Omamori","Incense Burner","Orichalcum","Blood Vial","infinitespire:EvilPickle","Runic Capacitor","downfall:HeartsMalice","FrozenCore","Runic Capacitor","Runic Capacitor","infinitespire:Lucky Rock","downfall:HeartBlessingRed","downfall:HeartBlessingBlue","hubris:EvacipatedBox","downfall:HeartBlessingGreen","hubris:BlackHole","Unceasing Top","hubris:Backtick","hubris:SlimyHat","Empty Cage","downfall:CloakOfManyFaces","CultistMask","FaceOfCleric","SsserpentHead","Tiny House","Bag of Preparation","hubris:Towel","Calling Bell","Juzu Bracelet","Prayer Wheel","PreservedInsect","Ornamental Fan","FossilizedHelix","SacredBark","hubris:Potato","InkBottle","hubris:Zylophone","SlaversCollar","Medical Kit"],"acts_visited":["Exordium","TheCity","TheBeyond","Exordium","TheCity","TheBeyond","Exordium","TheCity","TheBeyond","TheEnding"],"potions_floor_usage":[],"damage_taken":[{"damage":0.0,"enemies":"Cultist","floor":2.0,"turns":1.0},{"damage":0.0,"enemies":"2 Louse","floor":3.0,"turns":1.0},{"damage":0.0,"enemies":"Jaw Worm","floor":4.0,"turns":1.0},{"damage":0.0,"enemies":"downfall:FleeingMerchant","floor":5.0,"turns":4.0},{"damage":0.0,"enemies":"Red Slaver","floor":9.0,"turns":7.0},{"damage":0.0,"enemies":"3 Sentries","floor":10.0,"turns":2.0},{"damage":8.0,"enemies":"Lots of Slimes","floor":11.0,"turns":4.0},{"damage":0.0,"enemies":"Gremlin Gang","floor":12.0,"turns":1.0},{"damage":0.0,"enemies":"Large Slime","floor":15.0,"turns":6.0},{"damage":4.0,"enemies":"WA_ARCHETYPE_RETAIN","floor":16.0,"turns":8.0},{"damage":0.0,"enemies":"Chosen","floor":19.0,"turns":4.0},{"damage":0.0,"enemies":"3 Byrds","floor":20.0,"turns":2.0},{"damage":0.0,"enemies":"Snake Plant","floor":21.0,"turns":2.0},{"damage":8.0,"enemies":"Nightmare","floor":23.0,"turns":8.0},{"damage":0.0,"enemies":"downfall:FleeingMerchant","floor":26.0,"turns":4.0},{"damage":1.0,"enemies":"Cultist and Chosen","floor":27.0,"turns":2.0},{"damage":0.0,"enemies":"3 Cultists","floor":28.0,"turns":2.0},{"damage":7.0,"enemies":"Slavers","floor":30.0,"turns":4.0},{"damage":13.0,"enemies":"Snake Plant","floor":32.0,"turns":3.0},{"damage":0.0,"enemies":"SI_MIRROR_ARCHETYPE","floor":33.0,"turns":7.0},{"damage":0.0,"enemies":"3 Shapes","floor":37.0,"turns":3.0},{"damage":0.0,"enemies":"Orb Walker","floor":38.0,"turns":1.0},{"damage":13.0,"enemies":"Writhing Mass","floor":39.0,"turns":3.0},{"damage":0.0,"enemies":"Giant Head","floor":40.0,"turns":3.0},{"damage":0.0,"enemies":"Giant Head","floor":45.0,"turns":2.0},{"damage":0.0,"enemies":"3 Darklings","floor":49.0,"turns":2.0},{"damage":7.0,"enemies":"DF_ARCHETYPE_ORBS","floor":50.0,"turns":4.0},{"damage":7.0,"enemies":"downfall:FaceTrader","floor":53.0,"turns":3.0},{"damage":6.0,"enemies":"2 Louse","floor":54.0,"turns":2.0},{"damage":0.0,"enemies":"Jaw Worm","floor":56.0,"turns":2.0},{"damage":0.0,"enemies":"Cultist","floor":57.0,"turns":2.0},{"damage":10.0,"enemies":"Exordium Wildlife","floor":61.0,"turns":3.0},{"damage":0.0,"enemies":"Lagavulin","floor":63.0,"turns":3.0},{"damage":10.0,"enemies":"Gremlin Gang","floor":64.0,"turns":2.0},{"damage":0.0,"enemies":"2 Fungi Beasts","floor":66.0,"turns":2.0},{"damage":0.0,"enemies":"Slime Boss","floor":67.0,"turns":2.0},{"damage":10.0,"enemies":"Chosen","floor":70.0,"turns":2.0},{"damage":0.0,"enemies":"Sentry and Sphere","floor":73.0,"turns":2.0},{"damage":9.0,"enemies":"Shelled Parasite and Fungi","floor":74.0,"turns":2.0},{"damage":14.0,"enemies":"Book of Stabbing","floor":75.0,"turns":2.0},{"damage":0.0,"enemies":"Slavers","floor":76.0,"turns":2.0},{"damage":10.0,"enemies":"Snake Plant","floor":78.0,"turns":2.0},{"damage":10.0,"enemies":"Gremlin Leader","floor":80.0,"turns":3.0},{"damage":0.0,"enemies":"Chosen and Byrds","floor":81.0,"turns":3.0},{"damage":0.0,"enemies":"Sentry and Sphere","floor":83.0,"turns":2.0},{"damage":10.0,"enemies":"hubris:MusketHawk","floor":84.0,"turns":3.0},{"damage":0.0,"enemies":"3 Darklings","floor":87.0,"turns":2.0},{"damage":0.0,"enemies":"2 Orb Walkers","floor":88.0,"turns":2.0},{"damage":0.0,"enemies":"3 Shapes","floor":90.0,"turns":2.0},{"damage":2.0,"enemies":"Writhing Mass","floor":91.0,"turns":3.0},{"damage":0.0,"enemies":"Giant Head","floor":92.0,"turns":3.0},{"damage":5.0,"enemies":"4 Shapes","floor":95.0,"turns":2.0},{"damage":0.0,"enemies":"Spire Growth","floor":96.0,"turns":2.0},{"damage":0.0,"enemies":"Sphere and 2 Shapes","floor":98.0,"turns":2.0},{"damage":5.0,"enemies":"Maw","floor":100.0,"turns":4.0},{"damage":14.0,"enemies":"Time Eater","floor":101.0,"turns":5.0},{"damage":0.0,"enemies":"Lagavulin","floor":109.0,"turns":3.0},{"damage":0.0,"enemies":"Gremlin Nob","floor":111.0,"turns":2.0},{"damage":0.0,"enemies":"Lagavulin Event","floor":113.0,"turns":3.0},{"damage":0.0,"enemies":"3 Sentries","floor":114.0,"turns":2.0},{"damage":0.0,"enemies":"2 Louse","floor":117.0,"turns":1.0},{"damage":0.0,"enemies":"Slime Boss","floor":118.0,"turns":2.0},{"damage":0.0,"enemies":"Shell Parasite","floor":121.0,"turns":2.0},{"damage":10.0,"enemies":"Book of Stabbing","floor":126.0,"turns":2.0},{"damage":10.0,"enemies":"Gremlin Leader","floor":131.0,"turns":2.0},{"damage":10.0,"enemies":"Chosen","floor":133.0,"turns":2.0},{"damage":10.0,"enemies":"Champ","floor":134.0,"turns":3.0},{"damage":0.0,"enemies":"Giant Head","floor":142.0,"turns":4.0},{"damage":10.0,"enemies":"3 Shapes","floor":149.0,"turns":2.0},{"damage":0.0,"enemies":"3 Darklings","floor":150.0,"turns":3.0},{"damage":0.0,"enemies":"infinitespire:LordOfFortification","floor":151.0,"turns":9.0},{"damage":0.0,"enemies":"ME_ARCHETYPE_MERCHANT","floor":153.0,"turns":6.0},{"damage":0,"enemies":"downfall:NeowBoss","floor":156,"turns":1}],"seed_played":"6476900253589192314","potions_obtained":[{"floor":9.0,"key":"Strength Potion"},{"floor":12.0,"key":"GamblersBrew"},{"floor":15.0,"key":"PowerPotion"},{"floor":16.0,"key":"Dexterity Potion"},{"floor":20.0,"key":"Ancient Potion"},{"floor":21.0,"key":"DistilledChaos"},{"floor":37.0,"key":"Energy Potion"},{"floor":39.0,"key":"EntropicBrew"},{"floor":45.0,"key":"bronze:BuildAFunctionPotion"},{"floor":64.0,"key":"bronze:FreeFunctionsPotion"},{"floor":81.0,"key":"FairyPotion"},{"floor":90.0,"key":"BlessingOfTheForge"},{"floor":91.0,"key":"Regen Potion"}],"is_trial":false,"path_per_floor":["R","M","M","M","$","?","T","?","M","E","M","M","R","$","M","B",null,"R","M","M","M","?","NM","T","R","$","M","M","R","E","?","M","B",null,"R","$","M","M","M","E","T","?","?","R","?","?","$","AVR","M","B",null,"R","?","M","$","M","M","T","AVR","R","M","R","E","M","?","M","B",null,"R","M","?","?","M","M","E","E","AVR","M","?","E","M","?","M","B",null,"R","M","?","?","M","M","E","R","$","M","M","?","M","?","M","B",null,"R","?","?","R","E","E","R","?","E","?","?","M","B",null,"R","M","?","?","?","E","R","R","$","E","AVR","M","B",null,"R","?","?","?","E","?","$","R","?","R","AVR","M","M","B",null,"E","$","R","B"],"character_chosen":"THE_AUTOMATON","items_purchased":["Blood Vial","hubris:EvacipatedBox","Happy Flower","expansioncontent:InvincibleStrength","bronze:Repulsor","Ornamental Fan","FossilizedHelix","hubris:Potato","InkBottle","hubris:Zylophone","Medical Kit"],"campfire_rested":12,"item_purchase_floors":[14,14,26,47,55,130,130,144,146,146,154],"current_hp_per_floor":[70,70,70,70,70,70,70,70,70,70,62,62,80,51,53,51,80,80,80,80,80,80,72,72,72,74,75,77,80,73,57,46,48,80,80,80,80,80,67,69,69,90,90,90,90,101,101,101,101,94,101,101,94,91,91,94,97,97,97,97,90,105,106,97,72,75,78,114,114,105,105,105,108,102,91,94,94,87,87,80,83,83,86,79,124,124,125,126,126,127,126,129,129,129,125,128,147,148,148,144,133,150,150,150,150,150,151,152,152,153,154,154,154,155,156,156,156,157,157,157,157,148,158,158,158,149,149,142,135,161,161,161,161,161,162,162,162,162,162,162,162,153,156,159,165,166,166,166,166,166,166],"gold":19839,"neow_bonus":"THREE_ENEMY_KILL","is_daily":false,"chose_seed":false,"campfire_upgraded":7,"win_rate":0.0,"timestamp":1611390570,"path_taken":["R","M","M","?","$","?","T","?","?","E","M","M","R","?","M","BOSS","R","M","M","M","?","NM","T","R","$","M","M","R","E","?","M","BOSS","R","$","M","M","M","E","T","?","?","R","?","?","?","AVR","M","BOSS","R","?","M","$","?","M","T","AVR","R","M","R","E","?","?","M","BOSS","R","M","?","?","M","M","E","E","AVR","?","?","E","M","?","M","BOSS","R","M","?","?","M","M","E","R","?","?","M","?","M","?","M","BOSS","R","?","?","R","E","E","R","?","E","?","?","M","BOSS","R","M","?","?","?","E","R","R","$","E","AVR","M","BOSS","R","?","?","?","E","?","?","R","?","R","AVR","M","M","BOSS","E","$","R","BOSS"],"items_purchased_type":["Relic","Relic","Relic","Card","Card","Relic","Relic","Relic","Relic","Relic","Relic"],"build_version":"2020-12-22","purchased_purges":2,"victory":false,"max_hp_per_floor":[70,70,70,70,70,70,70,70,70,70,70,70,80,80,80,80,80,80,80,80,80,80,80,80,80,80,80,80,80,80,80,80,80,80,80,80,80,80,80,80,80,90,90,90,90,101,101,101,101,101,101,101,101,102,102,103,104,104,104,104,105,105,106,107,107,108,109,114,114,115,115,115,116,117,118,119,119,120,120,121,122,122,123,124,124,124,125,126,126,127,128,129,129,129,130,131,147,148,148,149,150,150,150,150,150,150,151,152,152,153,154,154,154,155,156,156,156,157,157,157,157,158,158,158,158,159,159,160,161,161,161,161,161,161,162,162,162,162,162,162,162,163,164,165,165,166,166,166,166,166,166],"card_choices":[{"not_picked":["bronze:Overheat","bronze:DarkDash","bronze:Separator"],"picked":"SKIP","floor":2.0},{"not_picked":["bronze:Backtrace","bronze:Frontload","bronze:Constructor"],"picked":"SKIP","floor":3.0},{"not_picked":["bronze:FineTuning","bronze:Verify","bronze:DigitalCarnage"],"picked":"SKIP","floor":4.0},{"not_picked":["bronze:Constructor","bronze:Turbo","bronze:Separator"],"picked":"SKIP","floor":5.0},{"not_picked":["bronze:BitShift","bronze:Invalidate","bronze:DelayedGuard"],"picked":"SKIP","floor":9.0},{"not_picked":["bronze:Iterate","bronze:BronzeArmor","bronze:Backtrace"],"picked":"SKIP","floor":10.0},{"not_picked":["bronze:Allocate","bronze:ShipIt","bronze:Invalidate"],"picked":"SKIP","floor":11.0},{"not_picked":["bronze:Branch","bronze:Repair","bronze:ForceShield"],"picked":"SKIP","floor":12.0},{"not_picked":["bronze:FineTuning","bronze:Frontload","bronze:Overheat"],"picked":"SKIP","floor":15.0},{"not_picked":["bronze:BuggyMess+1"],"picked":"SKIP","floor":19.0},{"not_picked":[],"picked":"bronze:Terminator","floor":20.0},{"not_picked":["bronze:Invalidate"],"picked":"SKIP","floor":21.0},{"not_picked":["hubris:Rewind","hubris:InfiniteBlow+77"],"picked":"infinitespire:UltimateForm","floor":23.0},{"not_picked":["bronze:Mutator"],"picked":"SKIP","floor":23.0},{"not_picked":["bronze:Iterate"],"picked":"SKIP","floor":27.0},{"not_picked":["bronze:Overload"],"picked":"SKIP","floor":28.0},{"not_picked":["bronze:WildBeam"],"picked":"SKIP","floor":30.0},{"not_picked":["bronze:Overload"],"picked":"SKIP","floor":32.0},{"not_picked":["bronze:Iterate+1"],"picked":"SKIP","floor":37.0},{"not_picked":["bronze:Constructor"],"picked":"SKIP","floor":38.0},{"not_picked":["bronze:Constructor"],"picked":"SKIP","floor":38.0},{"not_picked":["bronze:WhirlingStrike+1"],"picked":"SKIP","floor":39.0},{"not_picked":["bronze:Flail"],"picked":"SKIP","floor":40.0},{"not_picked":["bronze:ForLoop"],"picked":"SKIP","floor":49.0},{"not_picked":["bronze:CutThrough"],"picked":"SKIP","floor":54.0},{"not_picked":["bronze:ClassDefault"],"picked":"SKIP","floor":56.0},{"not_picked":["bronze:ChildClass","bronze:BronzeArmor","bronze:Branch"],"picked":"SKIP","floor":57.0},{"not_picked":["bronze:Turbo","bronze:FollowUp","bronze:NullPointer"],"picked":"SKIP","floor":61.0},{"not_picked":["bronze:Turbo","bronze:FollowUp","bronze:NullPointer"],"picked":"SKIP","floor":61.0},{"not_picked":["bronze:Terminator","bronze:BronzeOrb"],"picked":"bronze:HardenedForm","floor":63.0},{"not_picked":["bronze:WhirlingStrike","bronze:BuggyMess","bronze:BronzeOrb"],"picked":"SKIP","floor":64.0},{"not_picked":["bronze:BuggyMess","bronze:Branch"],"picked":"bronze:GetLatest","floor":66.0},{"not_picked":["bronze:Break","bronze:Mutator"],"picked":"bronze:HardenedForm","floor":67.0},{"not_picked":["bronze:NullPointer","bronze:Overheat","bronze:Deprecate"],"picked":"SKIP","floor":70.0},{"not_picked":["bronze:DelayedGuard","bronze:Overheat","bronze:Turbo+1"],"picked":"SKIP","floor":73.0},{"not_picked":["bronze:DigitalCarnage","bronze:Iterate","bronze:BugBarrage"],"picked":"SKIP","floor":74.0},{"not_picked":["bronze:DigitalCarnage","bronze:Iterate","bronze:BugBarrage"],"picked":"SKIP","floor":74.0},{"not_picked":["bronze:BitShift","bronze:Safeguard","bronze:BronzeArmor"],"picked":"SKIP","floor":75.0},{"not_picked":["bronze:Separator","bronze:Overheat+1","bronze:Iterate"],"picked":"SKIP","floor":76.0},{"not_picked":["bronze:Branch","bronze:Separator","bronze:BugBarrage"],"picked":"SKIP","floor":78.0},{"not_picked":["bronze:Fortify","bronze:DigitalCarnage"],"picked":"bronze:Terminator+1","floor":80.0},{"not_picked":["bronze:Separator","bronze:OilSpill+1","bronze:Invalidate"],"picked":"SKIP","floor":81.0},{"not_picked":["bronze:Terminator","bronze:Overload","bronze:Constructor+1"],"picked":"SKIP","floor":83.0},{"not_picked":["bronze:Verify","bronze:Break"],"picked":"bronze:HardenedForm","floor":84.0},{"not_picked":["bronze:Branch+1","bronze:Boost+1"],"picked":"bronze:MaxOutput+1","floor":87.0},{"not_picked":["bronze:ChosenStrike+1","bronze:OilSpill"],"picked":"bronze:Repulsor","floor":90.0},{"not_picked":["bronze:Separator","bronze:Repulsor+1","bronze:Deprecate+1"],"picked":"SKIP","floor":91.0},{"not_picked":["bronze:BugBarrage+1","bronze:Assembly","bronze:Invalidate"],"picked":"SKIP","floor":92.0},{"not_picked":["bronze:CutThrough","bronze:BitShift","bronze:Overload+1"],"picked":"SKIP","floor":95.0},{"not_picked":["bronze:Shield","bronze:BuggyMess+1","bronze:CutThrough"],"picked":"SKIP","floor":96.0},{"not_picked":["bronze:OilSpill+1","bronze:ForLoop","bronze:Optimize"],"picked":"SKIP","floor":98.0},{"not_picked":["bronze:Verify","bronze:DelayedSlice","bronze:Iterate+1"],"picked":"SKIP","floor":100.0},{"not_picked":["bronze:Turbo+1","bronze:Branch","bronze:Overheat"],"picked":"SKIP","floor":109.0},{"not_picked":["bronze:BronzeOrb","bronze:Repulsor","bronze:CutThrough"],"picked":"SKIP","floor":111.0},{"not_picked":["bronze:Iterate","bronze:Frontload+1","bronze:ChildClass+1"],"picked":"SKIP","floor":114.0},{"not_picked":["bronze:Turbo+1","bronze:BitShift+1","bronze:Invalidate+1"],"picked":"SKIP","floor":117.0},{"not_picked":["bronze:Shell+1","bronze:Shield+1","bronze:Frontload+1"],"picked":"SKIP","floor":117.0},{"not_picked":["bronze:Constructor+1","bronze:BronzeOrb","bronze:Turbo+1"],"picked":"SKIP","floor":121.0},{"not_picked":["bronze:Philosophize+1","bronze:WhirlingStrike+1","bronze:BurnOut"],"picked":"SKIP","floor":121.0},{"not_picked":["bronze:Flail","bronze:Safeguard+1","bronze:ChosenStrike"],"picked":"SKIP","floor":126.0},{"not_picked":["bronze:Flail","bronze:Safeguard+1","bronze:ChosenStrike"],"picked":"SKIP","floor":126.0},{"not_picked":["bronze:CleanCode","bronze:BitShift+1","bronze:BugBarrage"],"picked":"SKIP","floor":131.0},{"not_picked":["bronze:CleanCode","bronze:BitShift+1","bronze:BugBarrage"],"picked":"SKIP","floor":131.0},{"not_picked":["bronze:GetLatest+1","bronze:Boost+1","bronze:FollowUp+1"],"picked":"SKIP","floor":133.0},{"not_picked":["bronze:DelayedGuard+1","bronze:BronzeArmor+1","bronze:ChosenStrike+1"],"picked":"SKIP","floor":133.0},{"not_picked":["bronze:DelayedSlice+1","bronze:Return+1","bronze:SpaghettiCode+1"],"picked":"SKIP","floor":142.0},{"not_picked":["bronze:Branch+1","bronze:Backtrace","bronze:WildBeam"],"picked":"SKIP","floor":149.0},{"not_picked":["bronze:CutThrough+1","bronze:Deprecate+1","bronze:BitShift+1"],"picked":"SKIP","floor":149.0},{"not_picked":["bronze:WildBeam","bronze:Repulsor","bronze:BuggyMess+1"],"picked":"SKIP","floor":150.0},{"not_picked":["bronze:Frontload+1","bronze:Shield+1","bronze:ForceShield+1"],"picked":"SKIP","floor":150.0},{"not_picked":["bronze:BronzeArmor+1","bronze:Branch","bronze:Flail+1"],"picked":"SKIP","floor":153.0}],"player_experience":893627,"relics_obtained":[{"floor":10.0,"key":"infinitespire:Lucky Rock"},{"floor":23.0,"key":"infinitespire:EmpoweringShard"},{"floor":24.0,"key":"Guardian:PocketSentry"},{"floor":30.0,"key":"hubris:Metronome"},{"floor":40.0,"key":"Orichalcum"},{"floor":41.0,"key":"Omamori"},{"floor":45.0,"key":"Incense Burner"},{"floor":53.0,"key":"downfall:CloakOfManyFaces"},{"floor":88.0,"key":"Girya"},{"floor":102.0,"key":"Juzu Bracelet"},{"floor":102.0,"key":"Toxic Egg 2"},{"floor":102.0,"key":"hubris:Teleporter"},{"floor":115.0,"key":"PreservedInsect"}],"event_choices":[{"cards_removed":["bronze:SpaghettiCode"],"damage_healed":0.0,"max_hp_gain":0.0,"max_hp_loss":0.0,"gold_gain":0.0,"event_name":"Living Wall","player_choice":"Forget","floor":6.0,"gold_loss":0.0,"damage_taken":0.0},{"cards_removed":["bronze:Library"],"damage_healed":0.0,"max_hp_gain":0.0,"max_hp_loss":0.0,"gold_gain":0.0,"event_name":"Falling","player_choice":"Removed Power","floor":43.0,"gold_loss":0.0,"damage_taken":0.0},{"damage_healed":0.0,"max_hp_gain":0.0,"max_hp_loss":0.0,"gold_gain":0.0,"event_name":"Scrap Ooze","player_choice":"Success","floor":65.0,"gold_loss":0.0,"damage_taken":25.0,"relics_obtained":["bronze:SilverBullet"]},{"damage_healed":0.0,"max_hp_gain":0.0,"max_hp_loss":0.0,"gold_gain":0.0,"event_name":"Vampires","player_choice":"Ignored","floor":71.0,"gold_loss":0.0,"damage_taken":0.0},{"damage_healed":0.0,"max_hp_gain":0.0,"max_hp_loss":0.0,"gold_gain":0.0,"event_name":"Mysterious Sphere","player_choice":"Fight","floor":88.0,"gold_loss":0.0,"damage_taken":0.0},{"cards_removed":["bronze:HardenedForm"],"damage_healed":0.0,"max_hp_gain":0.0,"max_hp_loss":0.0,"gold_gain":0.0,"event_name":"Falling","player_choice":"Removed Power","floor":89.0,"gold_loss":0.0,"damage_taken":0.0},{"cards_removed":["bronze:Library"],"damage_healed":0.0,"max_hp_gain":0.0,"max_hp_loss":0.0,"gold_gain":0.0,"event_name":"The Cleric","player_choice":"Card Removal","floor":116.0,"gold_loss":0.0,"damage_taken":0.0},{"cards_removed":["bronze:Library"],"damage_healed":0.0,"max_hp_gain":0.0,"max_hp_loss":0.0,"gold_gain":0.0,"event_name":"Falling","player_choice":"Removed Power","floor":138.0,"gold_loss":0.0,"damage_taken":0.0},{"damage_healed":0.0,"max_hp_gain":0.0,"max_hp_loss":0.0,"gold_gain":0.0,"event_name":"Wheel of Change","player_choice":"Full Heal","floor":140.0,"gold_loss":0.0,"damage_taken":0.0}],"is_beta":false,"boss_relics":[{"not_picked":["Tiny House","SlaversCollar","hubris:Stopwatch"],"picked":"Busted Crown"},{"not_picked":["infinitespire:Cupcake","Pandora\u0027s Box","Runic Dome"],"picked":"bronze:PlatinumCore"},{"not_picked":["Philosopher\u0027s Stone","SacredBark","hubris:TerracottaHorce"],"picked":"Empty Cage"},{"not_picked":["infinitespire:Cupcake","hubris:CrackedHourglass","hubris:RunicObelisk"],"picked":"Tiny House"},{"not_picked":["Runic Dome","Velvet Choker","Philosopher\u0027s Stone"],"picked":"Runic Pyramid"},{"not_picked":["hubris:VirtuousBlindfold","Black Star","hubris:HollowSoul"],"picked":"Calling Bell"},{"not_picked":["Philosopher\u0027s Stone","Fusion Hammer","hubris:CrackedHourglass","hubris:RunicObelisk"]},{"not_picked":["Astrolabe","bronze:MakeshiftBattery","Cursed Key"],"picked":"SacredBark"},{"not_picked":["Pandora\u0027s Box","hubris:VirtuousBlindfold","hubris:TerracottaHorce"],"picked":"SlaversCollar"}],"items_purged_floors":[26,36],"is_endless":true,"potions_floor_spawned":[9,12,15,16,20,21,30,32,37,39,45,49,53,56,57,64,66,70,75,76,81,84,90,91,92,95,100,101,109,114,117,118,121,142,151,153],"killed_by":"downfall:NeowBoss","ascension_level":0}}