{"host":"tq7pufgtqftqw8yr","time":1611418375,"event":{"mods":["BaseMod","Downfall","Minty Spire (QoL Compilation)","StSLib"],"gold_per_floor":[99,119,119,119,138,138,188,288,306,206,206,220,24,38,53,150,150,150,170,170,183,193,193,218,13,13,13,0,104,104,104,120,120,120,120],"floor_reached":33,"language":"ZHS","playtime":2461,"items_purged":[],"score":260,"play_id":"282ebd73-80d6-45c7-8256-b22629f86d1b","local_time":"20210124001255","is_ascension_mode":false,"campfire_choices":[{"data":"Slimebound:Split","floor":1,"key":"SMITH"},{"data":"Slimebound:ProtectTheBoss","floor":6,"key":"SMITH"},{"floor":10,"key":"REST"},{"data":"Slimebound:SlimeSlap","floor":18,"key":"SMITH"},{"data":"Slimebound:Overexert","floor":23,"key":"SMITH"},{"data":"expansioncontent:StudyTheSpire","floor":26,"key":"SMITH"},{"data":"Slimebound:Replication","floor":30,"key":"SMITH"}],"circlet_count":0,"master_deck":["Slimebound:Strike_Slimebound","Slimebound:Strike_Slimebound","Slimebound:Tackle","Slimebound:Defend_Slimebound","Slimebound:Defend_Slimebound","Slimebound:Defend_Slimebound","Slimebound:Split+1","Slimebound:CorrosiveSpit+1","Slimebound:Repurpose","Slimebound:ProtectTheBoss+1","Slimebound:SlimeSlap+1","Slimebound:LeechEnergy","Slimebound:MegaLick","Slimebound:GoopSpray","Slimebound:SplitMire","Slimebound:SlimeBarrage","Slimebound:SplitSpecialist","Slimebound:SamplingLick","Slimebound:OneTwoCombo+1","CurseOfTheBell","Slimebound:SplitMire","Slimebound:Replication+1","Slimebound:Overexert+1","Slimebound:MegaLick","expansioncontent:StudyTheSpire+1","Slimebound:FinishingTackle","Slimebound:SplitLeeching","Slimebound:LeechEnergy","Slimebound:GrowthPunch+1","expansioncontent:PrepareCrush","Slimebound:Prepare","Slimebound:SplitBruiser","Slimebound:AcidTongue","Slimebound:Gluttony"],"relics":["Slimebound:AbsorbEndCombat","Gambling Chip","downfall:HeartBlessingBlue","Mango","TheAbacus","Calling Bell","Happy Flower","Darkstone Periapt","WingedGreaves","Omamori","Art of War"],"acts_visited":["Exordium","TheCity"],"potions_floor_usage":[9,16,22,22,33,33],"damage_taken":[{"damage":4,"enemies":"Jaw Worm","floor":2,"turns":4},{"damage":1,"enemies":"2 Louse","floor":5,"turns":3},{"damage":65,"enemies":"downfall:Heads","floor":8,"turns":8},{"damage":0,"enemies":"Small Slimes","floor":9,"turns":3},{"damage":7,"enemies":"Exordium Thugs","floor":12,"turns":3},{"damage":0,"enemies":"downfall:FleeingMerchant","floor":13,"turns":4},{"damage":0,"enemies":"Exordium Wildlife","floor":14,"turns":2},{"damage":15,"enemies":"Exordium Thugs","floor":15,"turns":3},{"damage":13,"enemies":"IC_STATUS_ARCHETYPE","floor":16,"turns":6},{"damage":37,"enemies":"3 Byrds","floor":19,"turns":6},{"damage":0,"enemies":"Spheric Guardian","floor":21,"turns":3},{"damage":6,"enemies":"Centurion and Healer","floor":22,"turns":3},{"damage":5,"enemies":"downfall:FleeingMerchant","floor":25,"turns":4},{"damage":18,"enemies":"downfall:FleeingMerchant","floor":28,"turns":4},{"damage":10,"enemies":"downfall:FleeingMerchant","floor":29,"turns":4},{"damage":0,"enemies":"Cultist and Chosen","floor":32,"turns":3},{"damage":74,"enemies":"DF_ARCHETYPE_CLAW","floor":33,"turns":7}],"seed_played":"5796290523647810677","potions_obtained":[{"floor":5,"key":"SteroidPotion"},{"floor":12,"key":"Ancient Potion"},{"floor":14,"key":"Strength Potion"},{"floor":16,"key":"champ:CounterPotion"},{"floor":19,"key":"Guardian:BlockOnCardUsePotion"},{"floor":32,"key":"CultistPotion"}],"is_trial":false,"path_per_floor":["R","M","?","?","M","R","T","?","M","R","?","M","$","M","M","B",null,"R","M","?","M","M","R","T","$","R","?","$","$","R","?","M","B"],"character_chosen":"SLIMEBOUND","items_purchased":["Slimebound:SlimeBarrage","TheAbacus","expansioncontent:StudyTheSpire","Slimebound:FinishingTackle","expansioncontent:PrepareCrush","Slimebound:Prepare","Slimebound:SplitBruiser","Slimebound:AcidTongue"],"campfire_rested":1,"item_purchase_floors":[13,13,25,25,29,29,29,29],"current_hp_per_floor":[65,65,65,65,65,65,65,6,8,40,42,43,51,55,44,39,89,89,58,58,64,66,66,66,69,69,69,57,55,55,55,63,0,0,0],"gold":120,"neow_bonus":"ONE_RARE_RELIC","is_daily":false,"chose_seed":false,"campfire_upgraded":6,"win_rate":0.0,"timestamp":1611418375,"path_taken":["R","M","?","?","M","R","T","?","?","R","?","M","?","?","M","BOSS","R","M","?","?","?","R","T","?","R","?","?","$","R","?","M","BOSS"],"items_purchased_type":["Card","Relic","Card","Card","Card","Card","Card","Card"],"build_version":"2020-12-22","purchased_purges":0,"victory":false,"max_hp_per_floor":[65,65,65,65,65,65,65,65,65,75,89,89,89,89,89,89,89,89,89,89,89,89,89,89,89,89,89,89,89,89,89,89,89,89,89],"card_choices":[{"not_picked":["Slimebound:Nibble","Slimebound:SplitLeeching"],"picked":"Slimebound:Repurpose","floor":2},{"not_picked":["Slimebound:LevelUp","Slimebound:SplitAcid"],"picked":"Slimebound:ProtectTheBoss","floor":5},{"not_picked":["Slimebound:LevelUp","Slimebound:SplitAcid"],"picked":"Slimebound:LeechEnergy","floor":8},{"not_picked":["Slimebound:MassFeed","Slimebound:ForwardTackle"],"picked":"Slimebound:MegaLick","floor":9},{"not_picked":["Slimebound:SplitMire","Slimebound:HauntingLick"],"picked":"Slimebound:GoopSpray","floor":12},{"not_picked":["Slimebound:DuplicatedForm","Slimebound:ItLooksTasty"],"picked":"Slimebound:SplitMire","floor":13},{"not_picked":["Slimebound:ItLooksTasty","Slimebound:SlimeBarrage"],"picked":"Slimebound:SplitSpecialist","floor":14},{"not_picked":["Slimebound:FlameTackle","Slimebound:LeechingTouch"],"picked":"Slimebound:SamplingLick","floor":15},{"not_picked":["Slimebound:LeechLife","Slimebound:Darklings"],"picked":"Slimebound:OneTwoCombo","floor":16},{"not_picked":["Slimebound:LeechEnergy","Slimebound:Replication"],"picked":"Slimebound:SplitMire","floor":19},{"not_picked":["Slimebound:SlimeBarrage","Slimebound:GoopSpray"],"picked":"Slimebound:Replication","floor":21},{"not_picked":["Slimebound:LeechEnergy","Slimebound:FlameTackle"],"picked":"Slimebound:Overexert","floor":22},{"not_picked":["Slimebound:Replication+1","Slimebound:Schlurp"],"picked":"Slimebound:MegaLick","floor":25},{"not_picked":["Slimebound:Schlurp","Slimebound:LivingWall"],"picked":"Slimebound:LeechEnergy","floor":28},{"not_picked":["Slimebound:LivingWall","Slimebound:Darklings"],"picked":"Slimebound:GrowthPunch+1","floor":29},{"not_picked":["Slimebound:GoopTackle+1","Slimebound:SplitAcid"],"picked":"Slimebound:Gluttony","floor":32}],"player_experience":807240,"relics_obtained":[{"floor":17,"key":"Happy Flower"},{"floor":17,"key":"Darkstone Periapt"},{"floor":17,"key":"WingedGreaves"},{"floor":24,"key":"Omamori"}],"event_choices":[{"damage_healed":0,"gold_gain":0,"player_choice":"Success","damage_taken":12,"relics_obtained":["Mango"],"max_hp_gain":0,"max_hp_loss":0,"event_name":"Scrap Ooze","floor":11,"gold_loss":0},{"damage_healed":0,"gold_gain":0,"player_choice":"Read","damage_taken":0,"max_hp_gain":0,"max_hp_loss":0,"event_name":"The Library","floor":27,"gold_loss":0,"cards_obtained":["Slimebound:SplitLeeching"]}],"is_beta":false,"boss_relics":[{"not_picked":["Slimebound:TarBlob","Black Star"],"picked":"Calling Bell"}],"items_purged_floors":[],"is_endless":false,"potions_floor_spawned":[5,12,14,16,19,21,32],"killed_by":"DF_ARCHETYPE_CLAW","ascension_level":0}}