{"host":"t4jsb5tuksjmo64s","time":1611376904,"event":{"mods":["AchievementEnabler","BaseMod","Block Reminder","Colored Map","Colored Powertips","Dark Map","Highlight Path","Minty Spire (QoL Compilation)","Quick Restart","Random Character Button","Rare Cards Sparkle","Relic Stats"],"gold_per_floor":[116,133,151,226,226,0,10,110,110,138,138,157,171,185,185,282,282,292,310,328,338,86,86,102,137,160,160,180,207,220,73,73,178,178,190,245,255,255,266,296,75,75,75,75,107,127,145,163,163,163],"floor_reached":51,"language":"ENG","playtime":5441,"items_purged":["Strike_G","Strike_G"],"score":880,"play_id":"724a84c4-bb84-4cca-8254-52a2eb369f7d","local_time":"20210122234144","is_ascension_mode":false,"campfire_choices":[{"data":"Adrenaline","floor":11,"key":"SMITH"},{"floor":15,"key":"REST"},{"data":"Accuracy","floor":23,"key":"SMITH"},{"data":"Burst","floor":27,"key":"SMITH"},{"data":"Infinite Blades","floor":32,"key":"SMITH"},{"data":"A Thousand Cuts","floor":42,"key":"SMITH"},{"floor":49,"key":"REST"}],"circlet_count":0,"master_deck":["Strike_G","Strike_G","Strike_G","Defend_G","Defend_G","Survivor","Neutralize","Blade Dance","Infinite Blades+1","Finisher","Adrenaline+1","Bouncing Flask","Blur","Accuracy+1","Burst+1","Acrobatics+1","Sucker Punch+1","Predator+1","Cloak And Dagger","Cloak And Dagger+1","Blur","Catalyst","Cloak And Dagger+1","Choke","A Thousand Cuts+1","Concentrate","Blade Dance+1","Blade Dance","Venomology","Blade Dance+1","Noxious Fumes","Catalyst+1","Parasite","Noxious Fumes","Footwork+1","Distraction+1","Outmaneuver"],"relics":["Philosopher\u0027s Stone","White Beast Statue","TwistedFunnel","HornCleat","Potion Belt","Astrolabe","OrangePellets","Vajra","Blood Vial","Ice Cream","Strange Spoon","HoveringKite","Prayer Wheel","Shuriken","Snake Skull","Peace Pipe","Akabeko"],"acts_visited":["Exordium","TheCity","TheBeyond"],"potions_floor_usage":[16,18,19,20,21,21,21,25,25,25,25,25,29,29,30,30,33,33,35,40,40,45,45,47,47,48,48,48,48,48,50,50,50],"damage_taken":[{"damage":0,"enemies":"Small Slimes","floor":1,"turns":4},{"damage":2,"enemies":"Jaw Worm","floor":2,"turns":4},{"damage":1,"enemies":"2 Louse","floor":3,"turns":2},{"damage":0,"enemies":"Gremlin Gang","floor":7,"turns":3},{"damage":14,"enemies":"Lagavulin","floor":10,"turns":5},{"damage":8,"enemies":"Exordium Wildlife","floor":12,"turns":2},{"damage":0,"enemies":"3 Louse","floor":13,"turns":2},{"damage":0,"enemies":"2 Fungi Beasts","floor":14,"turns":2},{"damage":0,"enemies":"Slime Boss","floor":16,"turns":3},{"damage":1,"enemies":"2 Thieves","floor":18,"turns":2},{"damage":0,"enemies":"Shell Parasite","floor":19,"turns":3},{"damage":3,"enemies":"Snake Plant","floor":20,"turns":3},{"damage":1,"enemies":"Centurion and Healer","floor":21,"turns":4},{"damage":0,"enemies":"3 Cultists","floor":24,"turns":3},{"damage":0,"enemies":"Slavers","floor":25,"turns":3},{"damage":0,"enemies":"Chosen and Byrds","floor":28,"turns":3},{"damage":0,"enemies":"Gremlin Leader","floor":29,"turns":3},{"damage":14,"enemies":"Shelled Parasite and Fungi","floor":30,"turns":3},{"damage":17,"enemies":"Automaton","floor":33,"turns":5},{"damage":28,"enemies":"3 Darklings","floor":35,"turns":3},{"damage":35,"enemies":"2 Orb Walkers","floor":36,"turns":4},{"damage":10,"enemies":"Orb Walker","floor":37,"turns":3},{"damage":0,"enemies":"4 Shapes","floor":39,"turns":3},{"damage":1,"enemies":"Giant Head","floor":40,"turns":6},{"damage":23,"enemies":"Reptomancer","floor":45,"turns":4},{"damage":0,"enemies":"Jaw Worm Horde","floor":46,"turns":2},{"damage":0,"enemies":"Writhing Mass","floor":47,"turns":3},{"damage":24,"enemies":"Transient","floor":48,"turns":5},{"damage":29,"enemies":"Donu and Deca","floor":50,"turns":6}],"seed_played":"7447246421471493707","potions_obtained":[{"floor":7,"key":"GamblersBrew"},{"floor":10,"key":"LiquidBronze"},{"floor":12,"key":"AttackPotion"},{"floor":13,"key":"SpeedPotion"},{"floor":14,"key":"Strength Potion"},{"floor":16,"key":"Dexterity Potion"},{"floor":18,"key":"LiquidBronze"},{"floor":19,"key":"Swift Potion"},{"floor":20,"key":"GhostInAJar"},{"floor":21,"key":"Explosive Potion"},{"floor":24,"key":"Fire Potion"},{"floor":25,"key":"EntropicBrew"},{"floor":29,"key":"Swift Potion"},{"floor":30,"key":"DuplicationPotion"},{"floor":33,"key":"DistilledChaos"},{"floor":35,"key":"Ancient Potion"},{"floor":36,"key":"GhostInAJar"},{"floor":37,"key":"FearPotion"},{"floor":39,"key":"Dexterity Potion"},{"floor":40,"key":"BlessingOfTheForge"},{"floor":45,"key":"LiquidMemories"},{"floor":46,"key":"BlessingOfTheForge"},{"floor":47,"key":"Poison Potion"},{"floor":48,"key":"Strength Potion"}],"is_trial":false,"path_per_floor":["M","M","M","?","T","$","M","?","T","E","R","M","M","M","R","B",null,"M","M","M","M","$","R","M","E","T","R","M","E","M","$","R","B",null,"M","?","M","?","M","E","$","R","T","$","E","M","M","M","R","B",null],"character_chosen":"THE_SILENT","items_purchased":["TwistedFunnel","OrangePellets","Strange Spoon","Snake Skull","Noxious Fumes"],"campfire_rested":2,"item_purchase_floors":[6,22,31,41,41],"current_hp_per_floor":[70,68,67,56,56,56,56,56,56,42,42,34,34,34,55,55,70,69,69,66,65,65,65,65,65,65,65,67,69,56,56,56,41,70,42,9,1,61,61,60,60,60,60,60,38,40,42,20,38,11],"gold":163,"neow_bonus":"BOSS_RELIC","is_daily":false,"chose_seed":false,"campfire_upgraded":5,"win_rate":0.0,"timestamp":1611376904,"path_taken":["M","M","M","?","?","$","M","?","T","E","R","M","M","M","R","BOSS","M","M","M","M","$","R","?","E","T","R","M","E","M","$","R","BOSS","M","?","M","?","M","E","$","R","T","?","E","M","M","M","R","BOSS"],"items_purchased_type":["Relic","Relic","Relic","Relic","Card"],"build_version":"2020-12-22","purchased_purges":2,"victory":true,"max_hp_per_floor":[70,70,70,70,70,70,70,70,70,70,70,70,70,70,70,70,70,70,70,70,70,70,70,70,70,70,70,70,70,70,70,70,70,70,70,70,70,61,61,61,61,61,61,61,61,61,61,61,61,61],"relic_stats":{"Blood Vial":20,"Peace Pipe":0,"OrangePellets":[4],"Strange Spoon":[87],"counters":[29,98],"Shuriken":[28],"Astrolabe":["Acrobatics","Sucker Punch","Predator"],"HoveringKite":[11],"Prayer Wheel":5,"Snake Skull":[33],"obtain_stats":[{"TwistedFunnel":6,"Potion Belt":10,"Ice Cream":29,"Astrolabe":17,"Vajra":25,"HoveringKite":34,"Snake Skull":41,"White Beast Statue":5,"Akabeko":45,"Blood Vial":26,"Peace Pipe":43,"OrangePellets":22,"Strange Spoon":31,"HornCleat":9,"Shuriken":40,"Philosopher\u0027s Stone":0,"Prayer Wheel":36,"Ring of the Snake":0},{"TwistedFunnel":3,"Potion Belt":5,"Ice Cream":17,"Astrolabe":9,"Vajra":15,"HoveringKite":19,"Snake Skull":24,"White Beast Statue":3,"Akabeko":25,"Blood Vial":15,"Peace Pipe":24,"OrangePellets":13,"Strange Spoon":18,"HornCleat":4,"Shuriken":24,"Philosopher\u0027s Stone":0,"Prayer Wheel":21,"Ring of the Snake":0},{"TwistedFunnel":10,"Potion Belt":18,"Ice Cream":51,"Astrolabe":27,"Vajra":45,"HoveringKite":59,"Snake Skull":78,"White Beast Statue":10,"Akabeko":82,"Blood Vial":45,"Peace Pipe":78,"OrangePellets":39,"Strange Spoon":54,"HornCleat":13,"Shuriken":78,"Philosopher\u0027s Stone":0,"Prayer Wheel":66,"Ring of the Snake":0}]},"card_choices":[{"not_picked":["Prepared","Deadly Poison"],"picked":"Blade Dance","floor":1},{"not_picked":["Well Laid Plans","Sucker Punch"],"picked":"Infinite Blades","floor":2},{"not_picked":["Setup","Flying Knee"],"picked":"Finisher","floor":3},{"not_picked":["Prepared","Deflect","Sucker Punch"],"picked":"SKIP","floor":7},{"not_picked":["Deflect","Backflip"],"picked":"Adrenaline","floor":10},{"not_picked":["Dash","Deflect"],"picked":"Bouncing Flask","floor":12},{"not_picked":["Dagger Throw","Riddle With Holes"],"picked":"Blur","floor":13},{"not_picked":["Masterful Stab","Backflip"],"picked":"Accuracy","floor":14},{"not_picked":["Grand Finale","Corpse Explosion"],"picked":"Burst","floor":16},{"not_picked":["Flying Knee","Dagger Throw"],"picked":"Cloak And Dagger","floor":18},{"not_picked":["Quick Slash+1","PiercingWail+1","Outmaneuver"],"picked":"SKIP","floor":19},{"not_picked":["Glass Knife","Prepared"],"picked":"Cloak And Dagger+1","floor":20},{"not_picked":["Backflip","Heel Hook","Dagger Throw+1"],"picked":"SKIP","floor":21},{"not_picked":["Acrobatics","Dodge and Roll"],"picked":"Blur","floor":24},{"not_picked":["PiercingWail","Dash"],"picked":"Catalyst","floor":25},{"not_picked":["Slice","Backstab"],"picked":"Cloak And Dagger+1","floor":28},{"not_picked":["Bane","Dagger Spray+1"],"picked":"Choke","floor":29},{"not_picked":["PiercingWail","Deadly Poison","Prepared"],"picked":"SKIP","floor":30},{"not_picked":["Unload","Envenom"],"picked":"A Thousand Cuts","floor":33},{"not_picked":["Poisoned Stab+1","Dagger Spray+1"],"picked":"Concentrate","floor":35},{"not_picked":["Sucker Punch+1","Backflip"],"picked":"Blade Dance+1","floor":37},{"not_picked":["Sucker Punch","Leg Sweep","Outmaneuver"],"picked":"SKIP","floor":37},{"not_picked":["Dodge and Roll+1","Heel Hook+1"],"picked":"Blade Dance","floor":39},{"not_picked":["Heel Hook","Sucker Punch"],"picked":"Venomology","floor":39},{"not_picked":["Sucker Punch","Cloak And Dagger"],"picked":"Blade Dance+1","floor":40},{"not_picked":["Slice+1","Underhanded Strike"],"picked":"Catalyst+1","floor":45},{"not_picked":["Corpse Explosion","Deadly Poison+1","Dagger Spray+1"],"picked":"SKIP","floor":46},{"not_picked":["Leg Sweep+1","PiercingWail","Slice"],"picked":"SKIP","floor":46},{"not_picked":["Blade Dance+1","Deadly Poison"],"picked":"Noxious Fumes","floor":47},{"not_picked":["Crippling Poison","Acrobatics+1"],"picked":"Footwork+1","floor":47},{"not_picked":["Flying Knee+1","Leg Sweep+1"],"picked":"Distraction+1","floor":48},{"not_picked":["Dagger Spray","Dagger Throw"],"picked":"Outmaneuver","floor":48}],"player_experience":212275,"relics_obtained":[{"floor":5,"key":"White Beast Statue"},{"floor":9,"key":"HornCleat"},{"floor":10,"key":"Potion Belt"},{"floor":25,"key":"Vajra"},{"floor":26,"key":"Blood Vial"},{"floor":29,"key":"Ice Cream"},{"floor":36,"key":"Prayer Wheel"},{"floor":40,"key":"Shuriken"},{"floor":43,"key":"Peace Pipe"},{"floor":45,"key":"Akabeko"}],"event_choices":[{"damage_healed":0,"gold_gain":75,"player_choice":"Gather Gold","damage_taken":11,"max_hp_gain":0,"max_hp_loss":0,"event_name":"World of Goop","floor":4,"gold_loss":0},{"damage_healed":0,"gold_gain":100,"player_choice":"Pray","damage_taken":0,"max_hp_gain":0,"max_hp_loss":0,"event_name":"Golden Shrine","floor":8,"gold_loss":0},{"damage_healed":0,"gold_gain":0,"player_choice":"Fight","damage_taken":0,"max_hp_gain":0,"max_hp_loss":0,"event_name":"Mysterious Sphere","floor":36,"gold_loss":0},{"damage_healed":61,"gold_gain":0,"player_choice":"Heal","damage_taken":0,"max_hp_gain":0,"max_hp_loss":9,"event_name":"The Moai Head","floor":38,"gold_loss":0}],"is_beta":false,"boss_relics":[{"not_picked":["Sozu","Fusion Hammer"],"picked":"Astrolabe"},{"not_picked":["Busted Crown","Black Star"],"picked":"HoveringKite"}],"items_purged_floors":[6,22],"is_endless":false,"potions_floor_spawned":[7,10,12,13,14,16,18,19,20,21,24,25,28,29,30,33,35,36,37,39,40,45,46,47,48],"ascension_level":0}}