{"host":"8by3m8mve9y2rhh4","time":1611414463,"event":{"mods":["BaseMod","Minty Spire (QoL Compilation)","Quick Restart"],"gold_per_floor":[110,123,123,134,161,161,190,190,190,217,233,253,264,16,16,111,111,129,141,157,175,175,175,175],"floor_reached":23,"language":"ENG","playtime":817,"items_purged":["Strike_G"],"score":215,"play_id":"9c25feed-40e6-4370-9870-51005b1b3b69","local_time":"20210123150743","is_ascension_mode":true,"campfire_choices":[{"floor":6,"key":"RECALL"},{"floor":8,"key":"REST"},{"floor":15,"key":"REST"}],"circlet_count":0,"master_deck":["Strike_G","Strike_G","Strike_G","Strike_G","Defend_G","Defend_G","Defend_G","Defend_G","Defend_G","Survivor","Neutralize","Infinite Blades","Storm of Steel","A Thousand Cuts","Dodge and Roll","Infinite Blades","Blade Dance","Accuracy","Good Instincts","Corpse Explosion","Choke","Outmaneuver+1","Deflect+1"],"relics":["WristBlade","Omamori","Peace Pipe","Mercury Hourglass","HoveringKite"],"acts_visited":["Exordium","TheCity"],"potions_floor_usage":[10,13,16,21,23],"damage_taken":[{"damage":0,"enemies":"Cultist","floor":1,"turns":6},{"damage":6,"enemies":"Jaw Worm","floor":2,"turns":3},{"damage":5,"enemies":"2 Louse","floor":4,"turns":3},{"damage":15,"enemies":"Lagavulin","floor":7,"turns":8},{"damage":26,"enemies":"Gremlin Nob","floor":10,"turns":4},{"damage":13,"enemies":"Lots of Slimes","floor":11,"turns":2},{"damage":18,"enemies":"Gremlin Gang","floor":12,"turns":4},{"damage":8,"enemies":"Exordium Thugs","floor":13,"turns":3},{"damage":9,"enemies":"The Guardian","floor":16,"turns":7},{"damage":12,"enemies":"2 Thieves","floor":18,"turns":4},{"damage":23,"enemies":"Spheric Guardian","floor":19,"turns":4},{"damage":16,"enemies":"Centurion and Healer","floor":20,"turns":5},{"damage":6,"enemies":"Sentry and Sphere","floor":21,"turns":5},{"damage":44,"enemies":"Book of Stabbing","floor":23,"turns":5}],"seed_played":"-5072574727866168542","potions_obtained":[{"floor":7,"key":"Dexterity Potion"},{"floor":12,"key":"LiquidBronze"},{"floor":13,"key":"Weak Potion"},{"floor":18,"key":"EssenceOfSteel"},{"floor":21,"key":"Explosive Potion"}],"is_trial":false,"path_per_floor":["M","M","?","M","T","R","E","R","T","E","M","M","M","$","R","B",null,"M","M","M","M","?","E"],"character_chosen":"THE_SILENT","items_purchased":["Accuracy","Good Instincts"],"campfire_rested":2,"item_purchase_floors":[14,14],"current_hp_per_floor":[70,64,69,64,64,64,49,71,71,45,32,14,6,6,28,19,75,63,40,24,18,43,0,0],"gold":175,"neow_bonus":"BOSS_RELIC","is_daily":false,"chose_seed":false,"campfire_upgraded":0,"win_rate":0.0,"timestamp":1611414463,"path_taken":["M","M","?","M","?","R","E","R","T","E","M","M","M","$","R","BOSS","M","M","M","M","?","E"],"items_purchased_type":["Card","Card"],"build_version":"2020-12-22","purchased_purges":1,"victory":false,"max_hp_per_floor":[70,70,75,75,75,75,75,75,75,75,75,75,75,75,75,75,75,75,75,75,75,75,75,75],"card_choices":[{"not_picked":["Deflect","Quick Slash"],"picked":"Infinite Blades","floor":1},{"not_picked":["Poisoned Stab","Calculated Gamble","Catalyst"],"picked":"SKIP","floor":2},{"not_picked":["Distraction","Underhanded Strike","Slice"],"picked":"SKIP","floor":4},{"not_picked":["Dagger Spray","Prepared"],"picked":"Storm of Steel","floor":7},{"not_picked":["Dagger Spray","Flechettes"],"picked":"A Thousand Cuts","floor":10},{"not_picked":["Terror","Poisoned Stab"],"picked":"Dodge and Roll","floor":11},{"not_picked":["Heel Hook","Sucker Punch"],"picked":"Infinite Blades","floor":12},{"not_picked":["Bane","Acrobatics"],"picked":"Blade Dance","floor":13},{"not_picked":["Phantasmal Killer","Malaise"],"picked":"Corpse Explosion","floor":16},{"not_picked":["Heel Hook","Quick Slash"],"picked":"Choke","floor":18},{"not_picked":["Sucker Punch+1","Skewer"],"picked":"Outmaneuver+1","floor":19},{"not_picked":["Dagger Throw","Slice"],"picked":"Deflect+1","floor":20},{"not_picked":["Well Laid Plans","Eviscerate","Quick Slash"],"picked":"SKIP","floor":21}],"player_experience":724834,"relics_obtained":[{"floor":5,"key":"Omamori"},{"floor":7,"key":"Peace Pipe"},{"floor":10,"key":"Mercury Hourglass"}],"event_choices":[{"damage_healed":0,"gold_gain":0,"player_choice":"Donut","damage_taken":0,"max_hp_gain":5,"max_hp_loss":0,"event_name":"Big Fish","floor":3,"gold_loss":0},{"damage_healed":25,"gold_gain":0,"player_choice":"Heal","damage_taken":0,"max_hp_gain":0,"max_hp_loss":0,"event_name":"The Library","floor":22,"gold_loss":0}],"is_beta":false,"boss_relics":[{"not_picked":["Ectoplasm","Philosopher\u0027s Stone"],"picked":"HoveringKite"}],"items_purged_floors":[14],"is_endless":false,"potions_floor_spawned":[7,12,13,18,21],"killed_by":"Book of Stabbing","ascension_level":1}}