{"host":"08t08ld674si40tv","time":1611368610,"event":{"mods":["AchievementEnabler","BaseMod","Colored Map","Minty Spire (QoL Compilation)","StSLib","SuperFastMode"],"gold_per_floor":[20,37,37,105,119,119,145,245,245,277,277,294,306,372,372,449,449,468,483,495,191,203,203,228,244,244,244,144,194,209,84,84,160,210,227,243,93,143,63,63,97,97,121,171,171,246,271,271,271],"floor_reached":48,"language":"KOR","playtime":1758,"items_purged":["Strike_G","Strike_G","Defend_G","Strike_G"],"score":1065,"play_id":"423934b7-b159-4364-bd83-97a0c0644161","local_time":"20210123112330","is_ascension_mode":true,"campfire_choices":[{"data":"Apotheosis","floor":6.0,"key":"SMITH"},{"floor":11.0,"key":"REST"},{"data":"Malaise","floor":15.0,"key":"SMITH"},{"data":"Prepared","floor":23,"key":"SMITH"},{"data":"Calculated Gamble","floor":27,"key":"SMITH"},{"floor":32,"key":"REST"},{"floor":40,"key":"REST"},{"floor":42,"key":"REST"},{"floor":45,"key":"REST"}],"circlet_count":0,"master_deck":["AscendersBane","Strike_G+1","Defend_G","Defend_G","Survivor","Neutralize","Apotheosis+1","Blade Dance","Backflip","Leg Sweep","Malaise+1","Calculated Gamble+1","Acrobatics","Cloak And Dagger","After Image","Prepared+1","Backstab","A Thousand Cuts","Terror","Accuracy","Accuracy"],"relics":["Ring of the Snake","SsserpentHead","Boot","Potion Belt","Shuriken","Empty Cage","Lee\u0027s Waffle","Question Card","Tiny House","White Beast Statue","Smiling Mask","Ice Cream","HornCleat"],"acts_visited":["Exordium","TheCity","TheBeyond"],"potions_floor_usage":[20,24,24,24,33,33,35,46,47],"damage_taken":[{"damage":0.0,"enemies":"2 Louse","floor":1.0,"turns":5.0},{"damage":0.0,"enemies":"Cultist","floor":2.0,"turns":3.0},{"damage":1.0,"enemies":"Small Slimes","floor":4.0,"turns":4.0},{"damage":0.0,"enemies":"Gremlin Gang","floor":5.0,"turns":6.0},{"damage":29.0,"enemies":"Gremlin Nob","floor":7.0,"turns":4.0},{"damage":14.0,"enemies":"3 Sentries","floor":10.0,"turns":10.0},{"damage":5.0,"enemies":"Exordium Wildlife","floor":12.0,"turns":4.0},{"damage":0.0,"enemies":"Large Slime","floor":13.0,"turns":6.0},{"damage":3.0,"enemies":"3 Louse","floor":14.0,"turns":5.0},{"damage":16.0,"enemies":"The Guardian","floor":16.0,"turns":12.0},{"damage":8.0,"enemies":"3 Byrds","floor":18.0,"turns":6.0},{"damage":0.0,"enemies":"Chosen","floor":19.0,"turns":6.0},{"damage":15,"enemies":"Sentry and Sphere","floor":20,"turns":6},{"damage":1,"enemies":"Centurion and Healer","floor":22,"turns":7},{"damage":25,"enemies":"Gremlin Leader","floor":24,"turns":7},{"damage":0,"enemies":"3 Cultists","floor":25,"turns":6},{"damage":22,"enemies":"Snecko","floor":30,"turns":15},{"damage":53,"enemies":"Collector","floor":33,"turns":13},{"damage":27,"enemies":"3 Darklings","floor":35,"turns":6},{"damage":17,"enemies":"Orb Walker","floor":36,"turns":7},{"damage":30,"enemies":"Giant Head","floor":41,"turns":6},{"damage":1,"enemies":"Mind Bloom Boss Battle","floor":46,"turns":6},{"damage":31,"enemies":"Nemesis","floor":47,"turns":8},{"damage":0,"enemies":"Writhing Mass","floor":48,"turns":1}],"seed_played":"5232011338999710739","potions_obtained":[{"floor":4.0,"key":"CunningPotion"},{"floor":5.0,"key":"CunningPotion"},{"floor":7.0,"key":"PowerPotion"},{"floor":14.0,"key":"Explosive Potion"},{"floor":16.0,"key":"ColorlessPotion"},{"floor":20,"key":"LiquidMemories"},{"floor":22,"key":"Swift Potion"},{"floor":24,"key":"Regen Potion"},{"floor":33,"key":"CunningPotion"},{"floor":34,"key":"SpeedPotion"},{"floor":35,"key":"FearPotion"},{"floor":41,"key":"Fire Potion"},{"floor":46,"key":"Block Potion"},{"floor":47,"key":"FearPotion"}],"is_trial":false,"path_per_floor":["M","M","?","M","M","R","E","?","T","E","R","M","M","M","R","B",null,"M","M","M","$","M","R","E","M","T","R","$","?","M","$","R","B",null,"M","M","$","?","$","R","E","R","T","?","R","?","E","M"],"character_chosen":"THE_SILENT","items_purchased":["Lee\u0027s Waffle","AttackPotion","Accuracy"],"campfire_rested":5,"item_purchase_floors":[21,21,39],"current_hp_per_floor":[59,59,59,58,58,58,29,29,29,15,34,29,29,26,26,10,52,44,44,29,73,72,72,47,47,47,47,47,47,25,25,46,8,62,35,18,18,18,18,41,11,34,34,34,57,56,25,25,25],"gold":271,"neow_bonus":"RANDOM_COLORLESS_2","is_daily":false,"chose_seed":false,"campfire_upgraded":4,"win_rate":0.0,"timestamp":1611368610,"path_taken":["M","M","?","?","M","R","E","?","T","E","R","M","M","?","R","BOSS","M","M","M","$","M","R","E","M","T","R","$","?","M","$","R","BOSS","M","M","$","?","$","R","E","R","T","?","R","?","E","M"],"items_purchased_type":["Relic","Potion","Card"],"build_version":"2020-12-22","purchased_purges":4,"victory":false,"max_hp_per_floor":[66,66,66,66,66,66,66,66,66,66,66,66,66,66,66,66,66,66,66,66,73,73,73,73,73,73,73,73,73,73,73,73,73,78,78,78,78,78,78,78,78,78,78,78,78,78,78,78,78],"card_choices":[{"not_picked":["Mayhem","Chrysalis"],"picked":"Apotheosis","floor":0.0},{"not_picked":["Underhanded Strike","Sucker Punch"],"picked":"Blade Dance","floor":1.0},{"not_picked":["Blade Dance","Well Laid Plans"],"picked":"Backflip","floor":2.0},{"not_picked":["Masterful Stab","Poisoned Stab"],"picked":"Leg Sweep","floor":4.0},{"not_picked":["Caltrops","Outmaneuver"],"picked":"Malaise","floor":5.0},{"not_picked":["Quick Slash","Cloak And Dagger"],"picked":"Calculated Gamble","floor":7.0},{"not_picked":["Deadly Poison","Storm of Steel","Slice"],"picked":"SKIP","floor":10.0},{"not_picked":["Setup","Noxious Fumes","Dodge and Roll"],"picked":"SKIP","floor":12.0},{"not_picked":["Dagger Spray","Blade Dance"],"picked":"Acrobatics","floor":13.0},{"not_picked":["Flechettes","PiercingWail"],"picked":"Cloak And Dagger","floor":14.0},{"not_picked":["Venomology","Night Terror"],"picked":"After Image","floor":16.0},{"not_picked":["Eviscerate","Sucker Punch","Acrobatics"],"picked":"SKIP","floor":18.0},{"not_picked":["Deflect+1","Setup+1"],"picked":"Prepared","floor":19.0},{"not_picked":["Dagger Spray","Underhanded Strike+1","Concentrate"],"picked":"SKIP","floor":20},{"not_picked":["Poisoned Stab","Backflip","Underhanded Strike"],"picked":"SKIP","floor":22},{"not_picked":["Distraction","Bane","Dash"],"picked":"SKIP","floor":24},{"not_picked":["Bullet Time","Endless Agony","Poisoned Stab","Bouncing Flask"],"picked":"SKIP","floor":25},{"not_picked":["Bouncing Flask","Slice","Acrobatics"],"picked":"Backstab","floor":30},{"not_picked":["Grand Finale","Phantasmal Killer","Night Terror"],"picked":"A Thousand Cuts","floor":33},{"not_picked":["Prepared+1","Flying Knee","Slice","Blade Dance"],"picked":"SKIP","floor":35},{"not_picked":["Glass Knife","Slice","Riddle With Holes"],"picked":"Terror","floor":36},{"not_picked":["Terror","Bane","Crippling Poison","Sucker Punch"],"picked":"SKIP","floor":41},{"not_picked":["Flechettes+1","Cloak And Dagger","Distraction"],"picked":"Accuracy","floor":47}],"player_experience":251220,"relics_obtained":[{"floor":7.0,"key":"Boot"},{"floor":9.0,"key":"Potion Belt"},{"floor":10.0,"key":"Shuriken"},{"floor":24,"key":"Question Card"},{"floor":41,"key":"White Beast Statue"},{"floor":43,"key":"Smiling Mask"},{"floor":46,"key":"Ice Cream"},{"floor":47,"key":"HornCleat"}],"event_choices":[{"damage_healed":0.0,"max_hp_gain":0.0,"max_hp_loss":0.0,"gold_gain":0.0,"event_name":"FaceTrader","player_choice":"Trade","floor":3.0,"gold_loss":0.0,"damage_taken":0.0,"relics_obtained":["SsserpentHead"]},{"damage_healed":0.0,"max_hp_gain":0.0,"max_hp_loss":0.0,"gold_gain":50.0,"event_name":"Golden Shrine","player_choice":"Pray","floor":8.0,"gold_loss":0.0,"damage_taken":0.0},{"damage_healed":0,"gold_gain":0,"player_choice":"Ignored","damage_taken":0,"max_hp_gain":0,"max_hp_loss":0,"event_name":"Vampires","floor":29,"gold_loss":0},{"damage_healed":0,"gold_gain":0,"player_choice":"Ignored","damage_taken":0,"max_hp_gain":0,"max_hp_loss":0,"event_name":"Tomb of Lord Red Mask","floor":38,"gold_loss":0},{"cards_removed":["Defend_G"],"damage_healed":0,"gold_gain":0,"player_choice":"Removed Skill","damage_taken":0,"max_hp_gain":0,"max_hp_loss":0,"event_name":"Falling","floor":44,"gold_loss":0},{"damage_healed":0,"gold_gain":0,"player_choice":"Fight","damage_taken":0,"max_hp_gain":0,"max_hp_loss":0,"event_name":"MindBloom","floor":46,"gold_loss":0}],"is_beta":false,"boss_relics":[{"not_picked":["Sozu","Black Star"],"picked":"Empty Cage"},{"not_picked":["Velvet Choker","Runic Pyramid"],"picked":"Tiny House"}],"items_purged_floors":[21,28,31,37],"is_endless":false,"potions_floor_spawned":[4,5,7,14,16,20,22,24,33,35,41,46,47],"killed_by":"Writhing Mass","ascension_level":20}}