{"host":"sian7qp8a9pc9xwd","time":1611405422,"event":{"mods":["BaseMod","Minty Spire (QoL Compilation)","StSLib","SuperFastMode"],"gold_per_floor":[14,14,14,14,14,14,32,32,84,84,14,14,14,30,30,156,156,181,181,205,219,219,254,279,279,279,81,81,117,132,156,156,156,156],"floor_reached":33,"language":"ENG","playtime":804,"items_purged":["Strike_R"],"score":446,"play_id":"72d6a528-6a11-4e94-b212-5e27a3cb28dd","local_time":"20210123073702","is_ascension_mode":true,"campfire_choices":[{"data":"Heavy Blade","floor":6.0,"key":"SMITH"},{"data":"Flex","floor":8.0,"key":"SMITH"},{"data":"Feed","floor":10.0,"key":"SMITH"},{"data":"Second Wind","floor":13.0,"key":"SMITH"},{"data":"Flex","floor":15.0,"key":"SMITH"},{"floor":25.0,"key":"REST"},{"data":"Limit Break","floor":28.0,"key":"SMITH"},{"floor":32,"key":"REST"}],"circlet_count":0,"master_deck":["Strike_R+1","Strike_R","Strike_R","Defend_R","Defend_R","Defend_R","Defend_R","Bash+1","Feed+1","Heavy Blade+1","Second Wind+1","Flex+1","Flex+1","Limit Break+1","Seeing Red","Uppercut+1","RitualDagger","Battle Trance","Shrug It Off","Inflame"],"relics":["Burning Blood","Golden Idol","Strawberry","Mango","Sozu","Matryoshka","Calipers","Ancient Tea Set","Singing Bowl","Peace Pipe"],"acts_visited":["Exordium","TheCity"],"potions_floor_usage":[],"damage_taken":[{"damage":13.0,"enemies":"Jaw Worm","floor":1.0,"turns":4.0},{"damage":2.0,"enemies":"2 Louse","floor":7.0,"turns":4.0},{"damage":1.0,"enemies":"Cultist","floor":14.0,"turns":3.0},{"damage":18.0,"enemies":"Slime Boss","floor":16.0,"turns":7.0},{"damage":5.0,"enemies":"Shell Parasite","floor":18.0,"turns":2.0},{"damage":7.0,"enemies":"Chosen","floor":20.0,"turns":3.0},{"damage":22.0,"enemies":"Shelled Parasite and Fungi","floor":21.0,"turns":4.0},{"damage":54.0,"enemies":"Slavers","floor":23.0,"turns":6.0},{"damage":17.0,"enemies":"Chosen and Byrds","floor":24.0,"turns":4.0},{"damage":45,"enemies":"Gremlin Leader","floor":29,"turns":5},{"damage":4,"enemies":"Cultist and Chosen","floor":30,"turns":4},{"damage":18,"enemies":"Snake Plant","floor":31,"turns":4},{"damage":83,"enemies":"Automaton","floor":33,"turns":6}],"seed_played":"-3806569472580680385","potions_obtained":[{"floor":14.0,"key":"LiquidBronze"},{"floor":16.0,"key":"Energy Potion"}],"is_trial":false,"path_per_floor":["M","?","?","?","$","R","M","R","T","R","?","$","R","M","R","B",null,"M","T","M","M","?","E","M","R","T","$","R","E","M","M","R","B"],"character_chosen":"IRONCLAD","items_purchased":["Battle Trance","Shrug It Off"],"campfire_rested":2,"item_purchase_floors":[27,27],"current_hp_per_floor":[68,68,48,31,31,31,38,38,45,45,59,59,59,64,64,52,93,94,94,97,85,79,31,24,59,59,59,59,22,24,18,56,0,0],"gold":156,"neow_bonus":"THREE_RARE_CARDS","is_daily":false,"chose_seed":false,"campfire_upgraded":6,"win_rate":0.0,"timestamp":1611405422,"path_taken":["M","?","?","?","$","R","?","R","T","R","?","$","R","M","R","BOSS","M","?","M","?","?","E","M","R","T","$","R","E","M","M","R","BOSS"],"items_purchased_type":["Card","Card"],"build_version":"2020-12-22","purchased_purges":1,"victory":false,"max_hp_per_floor":[83,83,83,83,83,83,86,86,93,93,107,107,107,107,107,107,107,107,107,111,115,115,115,119,119,119,119,119,121,121,127,127,127,127],"card_choices":[{"not_picked":["Corruption","Immolate"],"picked":"Feed","floor":0.0},{"not_picked":["Sword Boomerang","Clothesline"],"picked":"Heavy Blade","floor":1.0},{"not_picked":["Reckless Charge","Evolve"],"picked":"Flex","floor":7.0},{"not_picked":["Metallicize","Armaments"],"picked":"Flex","floor":14.0},{"not_picked":["Brutality","Juggernaut"],"picked":"Limit Break","floor":16.0},{"not_picked":["Clothesline","Blood for Blood"],"picked":"Seeing Red","floor":18.0},{"not_picked":["Blood for Blood+1","Body Slam"],"picked":"Uppercut+1","floor":20.0},{"not_picked":["Wild Strike+1","Sentinel","Second Wind"],"picked":"SKIP","floor":21.0},{"not_picked":["Clothesline","Wild Strike","Thunderclap"],"picked":"SKIP","floor":23.0},{"not_picked":["Cleave+1","Rampage","Juggernaut"],"picked":"SKIP","floor":24.0},{"not_picked":["Wild Strike","Anger","Metallicize"],"picked":"Singing Bowl","floor":29},{"not_picked":["Clash","Dual Wield"],"picked":"Inflame","floor":30},{"not_picked":["Entrench+1","Armaments","Headbutt"],"picked":"Singing Bowl","floor":31}],"player_experience":758654,"relics_obtained":[{"floor":9.0,"key":"Strawberry"},{"floor":19.0,"key":"Matryoshka"},{"floor":23.0,"key":"Calipers"},{"floor":26.0,"key":"Ancient Tea Set"},{"floor":26.0,"key":"Singing Bowl"},{"floor":29,"key":"Peace Pipe"}],"event_choices":[{"damage_healed":0.0,"max_hp_gain":0.0,"max_hp_loss":0.0,"gold_gain":0.0,"cards_transformed":["Strike_R"],"event_name":"Living Wall","player_choice":"Change","floor":2.0,"gold_loss":0.0,"damage_taken":0.0,"cards_obtained":["Second Wind"]},{"damage_healed":0.0,"max_hp_gain":0.0,"max_hp_loss":0.0,"gold_gain":0.0,"event_name":"Golden Idol","player_choice":"Take Damage","floor":3.0,"gold_loss":0.0,"damage_taken":20.0,"relics_obtained":["Golden Idol"]},{"damage_healed":0.0,"max_hp_gain":0.0,"max_hp_loss":0.0,"gold_gain":0.0,"event_name":"Shining Light","player_choice":"Entered Light","floor":4.0,"gold_loss":0.0,"damage_taken":17.0,"cards_upgraded":["Bash","Strike_R"]},{"damage_healed":0.0,"max_hp_gain":0.0,"max_hp_loss":0.0,"gold_gain":0.0,"event_name":"WeMeetAgain","player_choice":"Paid Gold","floor":11.0,"gold_loss":70.0,"damage_taken":0.0,"relics_obtained":["Mango"]},{"damage_healed":0.0,"max_hp_gain":0.0,"max_hp_loss":0.0,"gold_gain":0.0,"event_name":"Nest","player_choice":"Joined the Cult","floor":22.0,"gold_loss":0.0,"damage_taken":6.0,"cards_obtained":["RitualDagger"]}],"is_beta":false,"boss_relics":[{"not_picked":["Black Star","SlaversCollar"],"picked":"Sozu"}],"items_purged_floors":[27],"is_endless":false,"potions_floor_spawned":[14,16,18,21,24,29],"killed_by":"Automaton","ascension_level":9}}