{"host":"bb5r3ba2ig485dr2","time":1611439800,"event":{"mods":["Act Like it!","BaseMod","CapriCore","Chen","Curses Come First","Gensokyo","Hallownest","Koishi","Lobotomy","LobotomyExtend","Marisa（霧雨　魔理沙）","Minty Spire (QoL Compilation)","Random Character Button","Rare Cards Sparkle","Reimu（博??梦）","StSLib","Td1madao Mod","The Administrix","The Bug Knight","The Immortal","The Servant 0.9.4","The Wild Card"],"gold_per_floor":[112,125,125,143,156,174,199,214,214,214,214,227,26,58,58,58,58],"floor_reached":16,"language":"ENG","playtime":1396,"items_purged":[],"score":114,"play_id":"71c70698-b989-4a59-9be7-db449925dc21","local_time":"20210123231000","is_ascension_mode":false,"campfire_choices":[{"data":"HollowMod:theNailsmith","floor":10,"key":"SMITH"},{"data":"HollowMod:HuntersJournal","floor":15,"key":"SMITH"}],"circlet_count":0,"master_deck":["HollowMod:NailStrikeStart","HollowMod:NailStrikeStart","HollowMod:NailStrikeStart","HollowMod:NailStrikeStart","HollowMod:QuickDashStart","HollowMod:QuickDashStart","HollowMod:QuickDashStart","HollowMod:QuickDashStart","HollowMod:FocusHealStart","HollowMod:PogoStrike","HollowMod:theNailsmith+1","HollowMod:DescendingDark","HollowMod:QuirrelsAssistance","Injury","HollowMod:DoubleDash","HollowMod:QuirrelsAssistance","HollowMod:DashSlash","HollowMod:NewLittleFool","HollowMod:NewJinnsSoul","HollowMod:HeavyBlow","HollowMod:HuntersJournal+1"],"relics":["HollowMod:VesselMask","Toy Ornithopter","Lantern","Regal Pillow","Gensokyo:Mercy","Sling","Blood Vial"],"acts_visited":["Gensokyo:Gensokyo"],"potions_floor_usage":[5,6,16],"damage_taken":[{"damage":2,"enemies":"Gensokyo:Gryphon","floor":1,"turns":6},{"damage":0,"enemies":"Gensokyo:3_Fairies","floor":2,"turns":3},{"damage":3,"enemies":"Gensokyo:Python","floor":4,"turns":3},{"damage":3,"enemies":"Gensokyo:2_Rabbits","floor":5,"turns":3},{"damage":3,"enemies":"Gensokyo:5_Fairies","floor":6,"turns":5},{"damage":26,"enemies":"Gensokyo:Aya","floor":7,"turns":10},{"damage":1,"enemies":"Gensokyo:VengefulSpirit","floor":8,"turns":4},{"damage":0,"enemies":"Gensokyo:Kitsune","floor":12,"turns":3},{"damage":3,"enemies":"Gensokyo:Mamizou","floor":14,"turns":7},{"damage":67,"enemies":"Gensokyo:Reimu","floor":16,"turns":11}],"seed_played":"350449543233090053","potions_obtained":[{"floor":2,"key":"DistilledChaos"},{"floor":4,"key":"Swift Potion"},{"floor":5,"key":"SpeedPotion"}],"is_trial":false,"path_per_floor":["M","M","?","M","M","M","E","M","T","R","?","M","$","E","R","B"],"character_chosen":"THE_BUGKNIGHT","items_purchased":["Sling","HollowMod:HeavyBlow"],"campfire_rested":0,"item_purchase_floors":[13,13],"current_hp_per_floor":[68,68,68,65,65,65,45,44,44,44,44,44,44,47,47,0,0],"gold":58,"neow_bonus":"THREE_RARE_CARDS","is_daily":false,"chose_seed":false,"campfire_upgraded":2,"win_rate":0.0,"timestamp":1611439800,"path_taken":["M","M","?","M","M","M","E","M","T","R","?","?","?","E","R","BOSS"],"items_purchased_type":["Relic","Card"],"build_version":"2020-12-22","purchased_purges":0,"victory":false,"max_hp_per_floor":[68,68,68,68,68,68,68,68,68,68,68,68,68,68,68,68,68],"card_choices":[{"not_picked":["HollowMod:LordofShades","HollowMod:AwokenDreamNail"],"picked":"HollowMod:theNailsmith","floor":0},{"not_picked":["HollowMod:SoulStrike","HollowMod:AbyssShriek"],"picked":"HollowMod:DescendingDark","floor":1},{"not_picked":["HollowMod:ShadowDash","HollowMod:SharpenedNail"],"picked":"HollowMod:QuirrelsAssistance","floor":2},{"not_picked":["HollowMod:InfectedAttack","HollowMod:InfectedCysts"],"picked":"HollowMod:DoubleDash","floor":4},{"not_picked":["HollowMod:CloakDash","HollowMod:SoulStrike"],"picked":"HollowMod:QuirrelsAssistance","floor":5},{"not_picked":["HollowMod:BlackTendrils","HollowMod:InfectedAttack"],"picked":"HollowMod:DashSlash","floor":6},{"not_picked":["HollowMod:Hiveblood","HollowMod:HeavyBlow"],"picked":"HollowMod:DashSlash","floor":7},{"not_picked":["HollowMod:GoodIntentions","HollowMod:AbyssShriek"],"picked":"HollowMod:NewLittleFool","floor":8},{"not_picked":["HollowMod:ShadowDash","HollowMod:SharpenedNail"],"picked":"HollowMod:NewJinnsSoul","floor":12},{"not_picked":["HollowMod:MonomonsArchive","HollowMod:GreatSlash"],"picked":"HollowMod:HuntersJournal","floor":14}],"player_experience":248672,"relics_obtained":[{"floor":7,"key":"Lantern"},{"floor":9,"key":"Regal Pillow"},{"floor":14,"key":"Blood Vial"}],"event_choices":[],"is_beta":false,"boss_relics":[],"items_purged_floors":[],"is_endless":false,"potions_floor_spawned":[2,4,5],"killed_by":"Gensokyo:Reimu","ascension_level":0}}