{"host":"sc0o2qwpf9j16a4i","time":1611361701,"event":{"mods":["AchievementEnabler","BaseMod","BetterRewards","Block Reminder","Colored Map","Colored Powertips","Custom Start","Highlight Path","Minty Spire (QoL Compilation)","Relic Stats"],"gold_per_floor":[119,137,155,232,67,67,101,101,101,26,36,48,66,92,92,165,165,181,181,194,109,119,150,150,50,50,50,50,77,77,90,90,167,167,196,196,196],"floor_reached":36,"language":"ENG","playtime":1070,"items_purged":["Strike_G","Strike_G+1"],"score":1224,"play_id":"4ea112c9-084a-4ac8-ae4e-a49dfffa2af2","local_time":"20210123022821","is_ascension_mode":true,"campfire_choices":[{"data":"Wraith Form v2","floor":6,"key":"SMITH"},{"data":"Catalyst","floor":8,"key":"SMITH"},{"data":"Noxious Fumes","floor":15,"key":"SMITH"},{"data":"Prepared","floor":24,"key":"SMITH"},{"floor":30,"key":"REST"},{"floor":32,"key":"REST"}],"circlet_count":0,"master_deck":["AscendersBane","Strike_G+1","Strike_G+1","Strike_G+1","Defend_G+1","Defend_G+1","Defend_G+1","Defend_G+1","Defend_G+1","Survivor","Neutralize","Wraith Form v2+1","Poisoned Stab","Catalyst+1","Predator","Poisoned Stab","Blur","Noxious Fumes+1","Prepared+1","Crippling Poison","Leg Sweep","Bullet Time+1","CurseOfTheBell","Prepared+1"],"relics":["Ring of the Snake","TwistedFunnel","Sundial","Pear","Regal Pillow","Philosopher\u0027s Stone","Mercury Hourglass","Toy Ornithopter","Toxic Egg 2","Kunai","Calling Bell","CeramicFish","White Beast Statue","Gambling Chip"],"acts_visited":["Exordium","TheCity","TheBeyond"],"potions_floor_usage":[7,7,13,22,29],"damage_taken":[{"damage":1,"enemies":"Small Slimes","floor":1,"turns":4},{"damage":0,"enemies":"Jaw Worm","floor":2,"turns":4},{"damage":3,"enemies":"2 Louse","floor":3,"turns":2},{"damage":0,"enemies":"3 Sentries","floor":7,"turns":3},{"damage":0,"enemies":"Exordium Wildlife","floor":11,"turns":2},{"damage":1,"enemies":"Looter","floor":12,"turns":3},{"damage":0,"enemies":"Exordium Thugs","floor":13,"turns":4},{"damage":1,"enemies":"Gremlin Nob","floor":14,"turns":4},{"damage":17,"enemies":"Hexaghost","floor":16,"turns":7},{"damage":12,"enemies":"Spheric Guardian","floor":18,"turns":4},{"damage":4,"enemies":"3 Byrds","floor":20,"turns":5},{"damage":0,"enemies":"Shelled Parasite and Fungi","floor":22,"turns":3},{"damage":0,"enemies":"Gremlin Leader","floor":23,"turns":6},{"damage":25,"enemies":"Book of Stabbing","floor":29,"turns":6},{"damage":0,"enemies":"3 Cultists","floor":31,"turns":5},{"damage":33,"enemies":"Collector","floor":33,"turns":7},{"damage":39,"enemies":"3 Darklings","floor":35,"turns":6},{"damage":43,"enemies":"Mind Bloom Boss Battle","floor":36,"turns":9}],"seed_played":"7113294912977546853","potions_obtained":[{"floor":2,"key":"Block Potion"},{"floor":3,"key":"SkillPotion"},{"floor":12,"key":"SkillPotion"},{"floor":18,"key":"DistilledChaos"},{"floor":22,"key":"Energy Potion"},{"floor":33,"key":"Ancient Potion"},{"floor":35,"key":"Dexterity Potion"}],"is_trial":false,"path_per_floor":["M","M","M","?","$","R","E","R","T","$","M","M","M","E","R","B",null,"M","?","M","?","M","E","R","$","T","$","?","E","R","M","R","B",null,"M","?"],"character_chosen":"THE_SILENT","items_purchased":["Wraith Form v2","Poisoned Stab","Catalyst","TwistedFunnel"],"campfire_rested":2,"item_purchase_floors":[0,0,0,5],"current_hp_per_floor":[51,51,48,48,48,48,48,48,58,58,58,57,57,56,56,39,67,55,55,51,51,51,51,51,51,51,51,29,9,48,48,81,48,73,34,0,0],"gold":196,"neow_bonus":"","is_daily":false,"chose_seed":false,"campfire_upgraded":4,"win_rate":0.0,"timestamp":1611361701,"path_taken":["M","M","M","?","?","R","E","R","T","?","M","M","M","E","R","BOSS","M","?","M","?","M","E","R","$","T","?","?","E","R","?","R","BOSS","M","?"],"items_purchased_type":["Card","Card","Card","Relic"],"build_version":"2020-12-22","purchased_purges":2,"victory":false,"max_hp_per_floor":[66,66,66,66,66,66,66,66,76,76,76,76,76,76,76,76,76,76,76,76,76,76,76,76,76,76,76,81,81,81,81,81,81,81,81,81,81],"relic_stats":{"Regal Pillow":24,"counters":[32,141],"Sundial":[10],"CeramicFish":9,"Gambling Chip":[10],"Kunai":[4],"obtain_stats":[{"TwistedFunnel":5,"Girya":23,"Regal Pillow":14,"Pear":9,"CeramicFish":34,"Vajra":26,"StoneCalendar":9,"White Beast Statue":34,"Mercury Hourglass":21,"Calling Bell":34,"Lizard Tail":6,"Nunchaku":25,"Sundial":7,"Gambling Chip":34,"Philosopher\u0027s Stone":17,"Kunai":29,"Toxic Egg 2":26,"Ring of the Serpent":17,"Unceasing Top":20,"Toy Ornithopter":23,"Ring of the Snake":0},{"TwistedFunnel":17,"Girya":11,"Regal Pillow":22,"Pear":18,"CeramicFish":30,"Vajra":12,"StoneCalendar":5,"White Beast Statue":30,"Mercury Hourglass":25,"Calling Bell":30,"Lizard Tail":4,"Nunchaku":12,"Sundial":18,"Gambling Chip":30,"Philosopher\u0027s Stone":23,"Kunai":28,"Toxic Egg 2":27,"Ring of the Serpent":7,"Unceasing Top":8,"Toy Ornithopter":27,"Ring of the Snake":0},{"TwistedFunnel":68,"Girya":47,"Regal Pillow":84,"Pear":71,"CeramicFish":126,"Vajra":53,"StoneCalendar":18,"White Beast Statue":126,"Mercury Hourglass":100,"Calling Bell":126,"Lizard Tail":14,"Nunchaku":53,"Sundial":71,"Gambling Chip":126,"Philosopher\u0027s Stone":91,"Kunai":114,"Toxic Egg 2":108,"Ring of the Serpent":29,"Unceasing Top":32,"Toy Ornithopter":108,"Ring of the Snake":0}],"Toy Ornithopter":5,"Ring of the Snake":[36],"Mercury Hourglass":[218]},"card_choices":[{"not_picked":["Accuracy","Dodge and Roll","Tactician"],"picked":"SKIP","floor":1},{"not_picked":["Quick Slash","Underhanded Strike"],"picked":"Predator","floor":2},{"not_picked":["Expertise","Backflip","Bane"],"picked":"SKIP","floor":3},{"not_picked":["PiercingWail","Escape Plan"],"picked":"Poisoned Stab","floor":7},{"not_picked":["Masterful Stab","Acrobatics"],"picked":"Blur","floor":11},{"not_picked":["Dagger Throw","Deflect"],"picked":"Noxious Fumes","floor":12},{"not_picked":["Doppelganger","Outmaneuver","Infinite Blades"],"picked":"SKIP","floor":13},{"not_picked":["Distraction","Cloak And Dagger"],"picked":"Prepared","floor":14},{"not_picked":["Dagger Spray","Heel Hook","Poisoned Stab"],"picked":"SKIP","floor":18},{"not_picked":["Skewer","Dagger Spray"],"picked":"Crippling Poison","floor":20},{"not_picked":["Storm of Steel","Dagger Throw","Eviscerate"],"picked":"SKIP","floor":22},{"not_picked":["Terror+1","Poisoned Stab+1"],"picked":"Leg Sweep","floor":23},{"not_picked":["Flying Knee","Slice","Cloak And Dagger+1"],"picked":"SKIP","floor":29},{"not_picked":["Flying Knee","Sucker Punch","Underhanded Strike"],"picked":"SKIP","floor":31},{"not_picked":["Die Die Die","Grand Finale"],"picked":"Bullet Time+1","floor":33},{"not_picked":["Slice","Finisher"],"picked":"Prepared+1","floor":35}],"player_experience":920121,"relics_obtained":[{"floor":7,"key":"Sundial"},{"floor":9,"key":"Pear"},{"floor":14,"key":"Regal Pillow"},{"floor":23,"key":"Toy Ornithopter"},{"floor":26,"key":"Toxic Egg 2"},{"floor":29,"key":"Kunai"},{"floor":34,"key":"CeramicFish"},{"floor":34,"key":"White Beast Statue"},{"floor":34,"key":"Gambling Chip"}],"event_choices":[{"damage_healed":0,"gold_gain":77,"player_choice":"Gained Gold","damage_taken":0,"max_hp_gain":0,"max_hp_loss":0,"event_name":"Golden Wing","floor":4,"gold_loss":0},{"damage_healed":0,"gold_gain":0,"player_choice":"Simplicity","damage_taken":0,"max_hp_gain":0,"max_hp_loss":0,"event_name":"Back to Basics","floor":19,"gold_loss":0,"cards_upgraded":["Strike_G","Strike_G","Strike_G","Strike_G","Defend_G","Defend_G","Defend_G","Defend_G","Defend_G"]},{"damage_healed":0,"gold_gain":0,"player_choice":"Obtained Relic","damage_taken":0,"relics_obtained":["Mercury Hourglass"],"max_hp_gain":0,"max_hp_loss":0,"event_name":"Addict","floor":21,"gold_loss":85},{"damage_healed":0,"gold_gain":0,"player_choice":"Shed Blood","damage_taken":27,"max_hp_gain":5,"max_hp_loss":0,"event_name":"Forgotten Altar","floor":28,"gold_loss":0},{"damage_healed":0,"gold_gain":0,"player_choice":"Fight","damage_taken":0,"max_hp_gain":0,"max_hp_loss":0,"event_name":"MindBloom","floor":36,"gold_loss":0}],"is_beta":false,"boss_relics":[{"not_picked":["Astrolabe","SlaversCollar"],"picked":"Philosopher\u0027s Stone"},{"not_picked":["Fusion Hammer","Coffee Dripper"],"picked":"Calling Bell"}],"items_purged_floors":[10,25],"is_endless":false,"potions_floor_spawned":[2,3,12,18,22,33,35],"killed_by":"Mind Bloom Boss Battle","ascension_level":20}}