{"host":"57oynn9le8ceix77","time":1611362633,"event":{"mods":["BaseMod","Colored Map","Colored Powertips","Downfall","Minty Spire (QoL Compilation)","Quick Restart","Replay The Spire","StSLib"],"gold_per_floor":[119,119,135,151,169,203,203,229,256,274,210,225,242,254,254,333,333,345,345,345,345],"floor_reached":20,"language":"ENG","playtime":712,"items_purged":[],"score":348,"play_id":"32fafaab-e690-4cca-ae3d-6f6f07a7da6c","local_time":"20210122164353","is_ascension_mode":true,"campfire_choices":[{"data":"Fire Breathing","floor":7,"key":"SMITH"},{"data":"Reckless Charge","floor":15,"key":"SMITH"}],"circlet_count":0,"master_deck":["AscendersBane","Strike_R","Strike_R","Strike_R","Strike_R","Strike_R","Defend_R","Defend_R","Defend_R","Defend_R","Bash","Infernal Blade+1","Fire Breathing+1","Iron Wave","Anger","Pommel Strike","Reckless Charge+1","ReplayReversal","Thunderclap","Reckless Charge"],"relics":["Burning Blood","NeowsBlessing","Omamori","ReplayTheSpireMod:TigerMarble","Gremlin Food","Blood Vial","Electric Blood","Necronomicon"],"acts_visited":["Exordium","TheCity"],"potions_floor_usage":[6,8,16,16],"damage_taken":[{"damage":0,"enemies":"Cultist","floor":1,"turns":1},{"damage":0,"enemies":"Small Slimes","floor":3,"turns":1},{"damage":0,"enemies":"Jaw Worm","floor":4,"turns":1},{"damage":7,"enemies":"Looter","floor":5,"turns":3},{"damage":25,"enemies":"3 Sentries","floor":6,"turns":4},{"damage":35,"enemies":"Gremlin Nob","floor":8,"turns":4},{"damage":0,"enemies":"Exordium Wildlife","floor":10,"turns":2},{"damage":2,"enemies":"3 Louse","floor":12,"turns":2},{"damage":0,"enemies":"2 Fungi Beasts","floor":13,"turns":3},{"damage":0,"enemies":"Lots of Slimes","floor":14,"turns":1},{"damage":38,"enemies":"Fading Forest","floor":16,"turns":11},{"damage":26,"enemies":"Spheric Guardian","floor":18,"turns":4},{"damage":42,"enemies":"Masked Bandits","floor":20,"turns":3}],"seed_played":"1343068543803230635","potions_obtained":[{"floor":5,"key":"AttackPotion"},{"floor":6,"key":"champ:CounterPotion"},{"floor":12,"key":"Weak Potion"},{"floor":13,"key":"Strength Potion"},{"floor":14,"key":"Slimebound:ThreeZeroPotion"}],"is_trial":false,"path_per_floor":["M","?","M","M","M","E","R","E","T","M","?","M","M","M","R","B",null,"M","?","?"],"character_chosen":"IRONCLAD","items_purchased":[],"campfire_rested":0,"item_purchase_floors":[],"current_hp_per_floor":[74,74,75,75,74,55,55,26,26,32,32,38,46,54,54,34,65,47,26,0,0],"gold":345,"neow_bonus":"THREE_ENEMY_KILL","is_daily":false,"chose_seed":false,"campfire_upgraded":2,"win_rate":0.0,"timestamp":1611362633,"path_taken":["M","?","M","?","M","E","R","E","T","M","?","?","M","M","R","BOSS","M","?","?"],"items_purchased_type":[],"build_version":"2020-12-22","purchased_purges":0,"victory":false,"max_hp_per_floor":[75,75,75,75,75,75,75,75,75,75,75,75,75,75,75,75,75,75,75,75,75],"card_choices":[{"not_picked":["Havoc","Headbutt"],"picked":"Infernal Blade","floor":1},{"not_picked":["Twin Strike","Pummel"],"picked":"Fire Breathing","floor":3},{"not_picked":["Havoc","Ghostly Armor"],"picked":"Iron Wave","floor":4},{"not_picked":["Sword Boomerang","Havoc"],"picked":"Anger","floor":5},{"not_picked":["Pummel","Havoc"],"picked":"Pommel Strike","floor":6},{"not_picked":["Rage","Flame Barrier"],"picked":"Reckless Charge","floor":8},{"not_picked":["Replay:Many Hands","Body Slam","Anger"],"picked":"SKIP","floor":10},{"not_picked":["Body Slam","True Grit"],"picked":"ReplayReversal","floor":12},{"not_picked":["Hemokinesis","Disarm"],"picked":"Thunderclap","floor":13},{"not_picked":["Dark Embrace","Clothesline"],"picked":"Reckless Charge","floor":14},{"not_picked":["Warcry","Havoc","Pommel Strike"],"picked":"SKIP","floor":18}],"player_experience":1240498,"relics_obtained":[{"floor":6,"key":"Omamori"},{"floor":8,"key":"ReplayTheSpireMod:TigerMarble"},{"floor":9,"key":"Gremlin Food"},{"floor":19,"key":"Necronomicon"}],"event_choices":[{"damage_healed":0,"gold_gain":0,"player_choice":"Forge","damage_taken":0,"max_hp_gain":0,"max_hp_loss":0,"event_name":"Accursed Blacksmith","floor":2,"gold_loss":0,"cards_upgraded":["Infernal Blade"]},{"damage_healed":0,"gold_gain":0,"player_choice":"Paid Gold","damage_taken":0,"relics_obtained":["Blood Vial"],"max_hp_gain":0,"max_hp_loss":0,"event_name":"WeMeetAgain","floor":11,"gold_loss":64},{"damage_healed":0,"gold_gain":0,"player_choice":"Obtained Book","damage_taken":21,"max_hp_gain":0,"max_hp_loss":0,"event_name":"Cursed Tome","floor":19,"gold_loss":0},{"damage_healed":0,"gold_gain":0,"player_choice":"Fought Bandits","damage_taken":0,"max_hp_gain":0,"max_hp_loss":0,"event_name":"Masked Bandits","floor":20,"gold_loss":0}],"is_beta":false,"boss_relics":[{"not_picked":["Cursed Key","Busted Crown"],"picked":"Electric Blood"}],"items_purged_floors":[],"is_endless":false,"potions_floor_spawned":[5,6,12,13,14],"killed_by":"Masked Bandits","ascension_level":17}}