{"host":"684z1xpuwaoqmmh1","time":1611380013,"event":{"mods":["BaseMod","Downfall","Hermit","Jorbs\u0027s Wanderer Trilogy","Marisa????????","Minty Spire (QoL Compilation)","Robot Space Explorer","Shade Mod","StSLib","The Bug Knight","The Cursed","The Dragon Tamer","The Hayseed","The Hierophant","The Marked","The Mystic","The Runesmith","The Senshi"],"gold_per_floor":[109,122,139,214,214,214,244,97,120,120,149,166,195,195,195,318,318,331,331,345,370,390,431,431,474,474,514,535,551,594,617,617,741,741,762,777,777,792,792,830,830,868,868,868,868,904,918,674,674,674,674],"floor_reached":50,"language":"ENG","playtime":2594,"items_purged":["TheSimpletonMod:Strike_TheSimpleton","TheSimpletonMod:Defend_TheSimpleton"],"score":852,"play_id":"73b437b6-48a8-4243-a9b9-badf7eaac130","local_time":"20210123073333","is_ascension_mode":true,"campfire_choices":[{"data":"TheSimpletonMod:Haymaker","floor":6.0,"key":"SMITH"},{"data":"TheSimpletonMod:FlashPasteurize","floor":15.0,"key":"SMITH"},{"data":"TheSimpletonMod:Swelter","floor":24.0,"key":"SMITH"},{"data":"TheSimpletonMod:Barnstorm","floor":32,"key":"SMITH"},{"floor":41,"key":"RECALL"},{"data":"TheSimpletonMod:VolatileFumes","floor":44,"key":"SMITH"},{"data":"TheSimpletonMod:HitTheSack","floor":49,"key":"SMITH"}],"circlet_count":0,"master_deck":["TheSimpletonMod:Strike_TheSimpleton","TheSimpletonMod:Strike_TheSimpleton","TheSimpletonMod:Defend_TheSimpleton","TheSimpletonMod:Defend_TheSimpleton","TheSimpletonMod:Defend_TheSimpleton","TheSimpletonMod:Haymaker+1","TheSimpletonMod:ReapAndSow+1","TheSimpletonMod:OnionBloom","TheSimpletonMod:RootDown","TheSimpletonMod:Thresh","TheSimpletonMod:StockTheCellar","TheSimpletonMod:FlashPasteurize+1","TheSimpletonMod:Pruning","TheSimpletonMod:HitTheSack+1","TheSimpletonMod:Aerate","Necronomicurse","TheSimpletonMod:Sunseed","TheSimpletonMod:CloseScrape","TheSimpletonMod:Swelter+1","TheSimpletonMod:ErosionControl","TheSimpletonMod:Squash+1","TheSimpletonMod:Barnstorm+1","TheSimpletonMod:Pruning","TheSimpletonMod:Coffee","TheSimpletonMod:Squash+1","TheSimpletonMod:VolatileFumes+1","TheSimpletonMod:Swelter+1","TheSimpletonMod:Germinate+1","TheSimpletonMod:Coffee"],"relics":["TheSimpletonMod:SpudOfTheInnocent","TheSimpletonMod:NightSoil","TheSimpletonMod:TheHarvester","MealTicket","Anchor","Smiling Mask","Happy Flower","Oddly Smooth Stone","Golden Idol","SacredBark","Necronomicon","Sundial","Darkstone Periapt","Mummified Hand","Gremlin Horn","Bag of Marbles","Busted Crown","Nunchaku","HollowMod:LifeEnderRelic","Toy Ornithopter","Boot"],"acts_visited":["Exordium","TheCity","TheBeyond"],"potions_floor_usage":[25,29,30,42],"damage_taken":[{"damage":6.0,"enemies":"Jaw Worm","floor":1.0,"turns":7.0},{"damage":3.0,"enemies":"2 Louse","floor":2.0,"turns":3.0},{"damage":0.0,"enemies":"Small Slimes","floor":3.0,"turns":4.0},{"damage":6.0,"enemies":"HollowMod:MossKnight","floor":7.0,"turns":7.0},{"damage":16.0,"enemies":"Gremlin Nob","floor":11.0,"turns":3.0},{"damage":0.0,"enemies":"3 Louse","floor":12.0,"turns":2.0},{"damage":34.0,"enemies":"Lagavulin","floor":13.0,"turns":9.0},{"damage":32.0,"enemies":"Hexaghost","floor":16.0,"turns":10.0},{"damage":9.0,"enemies":"Chosen","floor":18.0,"turns":3.0},{"damage":9.0,"enemies":"3 Byrds","floor":20.0,"turns":3.0},{"damage":21.0,"enemies":"Shelled Parasite and Fungi","floor":21.0,"turns":4.0},{"damage":0.0,"enemies":"Snecko","floor":22.0,"turns":3.0},{"damage":8.0,"enemies":"HollowMod:Nosk","floor":23.0,"turns":4.0},{"damage":18,"enemies":"Slavers","floor":25,"turns":4},{"damage":14,"enemies":"Book of Stabbing","floor":27,"turns":4},{"damage":0,"enemies":"3 Cultists","floor":28,"turns":4},{"damage":1,"enemies":"Snake Plant","floor":29,"turns":3},{"damage":5,"enemies":"Slavers","floor":30,"turns":3},{"damage":10,"enemies":"Snecko","floor":31,"turns":3},{"damage":5,"enemies":"Champ","floor":33,"turns":7},{"damage":0,"enemies":"Orb Walker","floor":35,"turns":1},{"damage":0,"enemies":"3 Darklings","floor":36,"turns":2},{"damage":0,"enemies":"Sphere and 2 Shapes","floor":38,"turns":4},{"damage":1,"enemies":"Nemesis","floor":40,"turns":3},{"damage":0,"enemies":"HollowMod:StalkingDevout","floor":42,"turns":7},{"damage":10,"enemies":"Giant Head","floor":46,"turns":6},{"damage":0,"enemies":"4 Shapes","floor":47,"turns":3},{"damage":67,"enemies":"Time Eater","floor":50,"turns":7}],"seed_played":"5808435008784682508","potions_obtained":[{"floor":7.0,"key":"champ:CounterPotion"},{"floor":13.0,"key":"Explosive Potion"},{"floor":16.0,"key":"champ:CounterPotion"},{"floor":22.0,"key":"AttackPotion"},{"floor":23.0,"key":"TheSimpletonMod:AbundancePotion"},{"floor":27,"key":"champ:CounterPotion"},{"floor":29,"key":"AttackPotion"},{"floor":31,"key":"sneckomod:MuddlingPotion"},{"floor":46,"key":"Swift Potion"},{"floor":47,"key":"Fire Potion"}],"is_trial":false,"path_per_floor":["M","M","M","?","?","R","E","$","T","?","E","M","E","?","R","B",null,"M","?","M","M","M","E","R","E","T","E","M","M","E","M","R","B",null,"M","M","?","M","?","E","R","E","T","R","?","E","M","$","R","B"],"character_chosen":"THE_SIMPLETON","items_purchased":["TheSimpletonMod:FlashPasteurize","TheSimpletonMod:Coffee","Boot"],"campfire_rested":0,"item_purchase_floors":[8,48,48],"current_hp_per_floor":[66,67,71,60,60,60,60,75,75,72,59,65,37,37,37,11,55,52,36,39,30,42,46,46,40,40,38,38,37,32,34,34,41,62,62,68,68,69,66,65,65,65,65,65,65,56,56,66,66,0,0],"gold":674,"neow_bonus":"THREE_CARDS","is_daily":false,"chose_seed":false,"campfire_upgraded":6,"win_rate":0.0,"timestamp":1611380013,"path_taken":["M","M","M","?","?","R","E","$","T","?","E","M","E","?","R","BOSS","M","?","M","M","M","E","R","E","T","E","M","M","E","M","R","BOSS","M","M","?","?","?","E","R","E","T","R","?","E","M","$","R","BOSS"],"items_purchased_type":["Card","Card","Relic"],"build_version":"2020-12-22","purchased_purges":2,"victory":false,"max_hp_per_floor":[75,75,75,75,75,75,75,75,75,75,75,75,75,69,69,69,69,69,69,69,69,69,69,69,69,69,69,69,69,69,69,69,69,69,69,69,69,69,66,66,66,66,66,66,66,66,66,66,66,66,66],"card_choices":[{"not_picked":["TheSimpletonMod:CullingStrike","TheSimpletonMod:BumperCrop"],"picked":"TheSimpletonMod:OnionBloom","floor":0.0},{"not_picked":["TheSimpletonMod:Ferment","TheSimpletonMod:Aerate"],"picked":"TheSimpletonMod:RootDown","floor":1.0},{"not_picked":["TheSimpletonMod:BumperCrop","TheSimpletonMod:Fertilaser","TheSimpletonMod:ControlledBurn"],"picked":"SKIP","floor":2.0},{"not_picked":["TheSimpletonMod:SlashAndBurn","TheSimpletonMod:KeenEdge"],"picked":"TheSimpletonMod:Thresh","floor":3.0},{"not_picked":["TheSimpletonMod:Mulch","TheSimpletonMod:SpiceUp"],"picked":"TheSimpletonMod:StockTheCellar","floor":7.0},{"not_picked":["TheSimpletonMod:ControlledBurn","TheSimpletonMod:DigIn"],"picked":"TheSimpletonMod:Pruning","floor":11.0},{"not_picked":["TheSimpletonMod:Rake","TheSimpletonMod:BumperCrop","TheSimpletonMod:SaladShooter"],"picked":"SKIP","floor":12.0},{"not_picked":["TheSimpletonMod:Mulch","TheSimpletonMod:SpiceUp","TheSimpletonMod:Thresh"],"picked":"SKIP","floor":13.0},{"not_picked":["TheSimpletonMod:Barnstorm","TheSimpletonMod:BuzzBomb"],"picked":"TheSimpletonMod:HitTheSack","floor":16.0},{"not_picked":["TheSimpletonMod:Thresh","TheSimpletonMod:DigIn"],"picked":"TheSimpletonMod:Aerate","floor":18.0},{"not_picked":["TheSimpletonMod:PestManagement","TheSimpletonMod:Polyculture"],"picked":"TheSimpletonMod:Sunseed","floor":20.0},{"not_picked":["TheSimpletonMod:StockTheCellar+1","TheSimpletonMod:CullingStrike+1"],"picked":"TheSimpletonMod:CloseScrape","floor":21.0},{"not_picked":["TheSimpletonMod:SaladShooter","TheSimpletonMod:Sunseed+1"],"picked":"TheSimpletonMod:Swelter","floor":22.0},{"not_picked":["TheSimpletonMod:GoToMarket","TheSimpletonMod:BumperCrop"],"picked":"TheSimpletonMod:ErosionControl","floor":23.0},{"not_picked":["TheSimpletonMod:RootDown+1","TheSimpletonMod:Aerate"],"picked":"TheSimpletonMod:Squash+1","floor":25},{"not_picked":["TheSimpletonMod:CloseScrape","TheSimpletonMod:Squash"],"picked":"TheSimpletonMod:Barnstorm","floor":27},{"not_picked":["TheSimpletonMod:DoubleBarrel","TheSimpletonMod:SlashAndBurn"],"picked":"TheSimpletonMod:Pruning","floor":28},{"not_picked":["TheSimpletonMod:DigIn","TheSimpletonMod:RootDown"],"picked":"TheSimpletonMod:Coffee","floor":29},{"not_picked":["TheSimpletonMod:CullingStrike","TheSimpletonMod:BumperCrop","TheSimpletonMod:Sunseed"],"picked":"SKIP","floor":30},{"not_picked":["TheSimpletonMod:Swelter","TheSimpletonMod:ToughenUp"],"picked":"TheSimpletonMod:Squash+1","floor":31},{"not_picked":["TheSimpletonMod:FanTheFlames","TheSimpletonMod:ResearchGrant"],"picked":"TheSimpletonMod:VolatileFumes","floor":33},{"not_picked":[],"picked":"TheSimpletonMod:Swelter+1","floor":35},{"not_picked":["TheSimpletonMod:Rototilling+1"],"picked":"SKIP","floor":36},{"not_picked":["TheSimpletonMod:GoToMarket"],"picked":"SKIP","floor":38},{"not_picked":[],"picked":"TheSimpletonMod:Germinate+1","floor":40},{"not_picked":[],"picked":"TheSimpletonMod:Mulch+1","floor":42},{"not_picked":["TheSimpletonMod:PestManagement"],"picked":"SKIP","floor":46},{"not_picked":["TheSimpletonMod:Rake+1"],"picked":"SKIP","floor":47}],"player_experience":2901921,"relics_obtained":[{"floor":7.0,"key":"MealTicket"},{"floor":9.0,"key":"Anchor"},{"floor":11.0,"key":"Happy Flower"},{"floor":13.0,"key":"Oddly Smooth Stone"},{"floor":19.0,"key":"Necronomicon"},{"floor":23.0,"key":"Sundial"},{"floor":25,"key":"Darkstone Periapt"},{"floor":26,"key":"Mummified Hand"},{"floor":27,"key":"Gremlin Horn"},{"floor":30,"key":"Bag of Marbles"},{"floor":40,"key":"Nunchaku"},{"floor":42,"key":"HollowMod:LifeEnderRelic"},{"floor":46,"key":"Toy Ornithopter"}],"event_choices":[{"damage_healed":0.0,"max_hp_gain":0.0,"max_hp_loss":0.0,"gold_gain":75.0,"event_name":"World of Goop","player_choice":"Gather Gold","floor":4.0,"gold_loss":0.0,"damage_taken":11.0},{"damage_healed":0.0,"max_hp_gain":0.0,"max_hp_loss":0.0,"gold_gain":0.0,"event_name":"Living Wall","player_choice":"Grow","floor":5.0,"gold_loss":0.0,"damage_taken":0.0,"cards_upgraded":["TheSimpletonMod:ReapAndSow"]},{"damage_healed":0.0,"max_hp_gain":0.0,"max_hp_loss":0.0,"gold_gain":0.0,"event_name":"Scrap Ooze","player_choice":"Success","floor":10.0,"gold_loss":0.0,"damage_taken":3.0,"relics_obtained":["Smiling Mask"]},{"damage_healed":0.0,"max_hp_gain":0.0,"max_hp_loss":6.0,"gold_gain":0.0,"event_name":"Golden Idol","player_choice":"Lose Max HP","floor":14.0,"gold_loss":0.0,"damage_taken":0.0,"relics_obtained":["Golden Idol"]},{"damage_healed":0.0,"max_hp_gain":0.0,"max_hp_loss":0.0,"gold_gain":0.0,"event_name":"Cursed Tome","player_choice":"Obtained Book","floor":19.0,"gold_loss":0.0,"damage_taken":16.0},{"cards_removed":["TheSimpletonMod:Strike_TheSimpleton"],"damage_healed":0,"gold_gain":0,"player_choice":"Offered Basic","damage_taken":0,"max_hp_gain":0,"max_hp_loss":0,"event_name":"Bonfire Elementals","floor":37,"gold_loss":0},{"damage_healed":0,"gold_gain":0,"player_choice":"Max HP","damage_taken":0,"max_hp_gain":0,"max_hp_loss":3,"event_name":"Winding Halls","floor":39,"gold_loss":0},{"cards_removed":["TheSimpletonMod:Mulch"],"damage_healed":0,"gold_gain":0,"player_choice":"Removed Skill","damage_taken":0,"max_hp_gain":0,"max_hp_loss":0,"event_name":"Falling","floor":45,"gold_loss":0}],"is_beta":false,"boss_relics":[{"not_picked":["Fusion Hammer","TheSimpletonMod:GourdCharm"],"picked":"SacredBark"},{"not_picked":["sneckomod:SneckoTalon","Calling Bell"],"picked":"Busted Crown"}],"items_purged_floors":[8,48],"is_endless":false,"potions_floor_spawned":[7,13,16,22,23,27,29,31,33,38,46,47],"killed_by":"Time Eater","ascension_level":6}}