{"host":"bbjnqymry46jz0fa","time":1611404914,"event":{"mods":["BaseMod","DeckTracker","Minty Spire (QoL Compilation)","Quick Restart","StSLib","SuperFastMode"],"gold_per_floor":[117,144,164,164,314,354,375,390,390,411,442,442,442,126,126,220,220,239,258,125,138,0,0,41,91,116,155,170,170,183,199,199,294,294,318,342,361,361,374,374,229,229,252,252,252,275,275,293,293,293,293],"floor_reached":52,"language":"KOR","playtime":1485,"items_purged":["Strike_G","Defend_G","Strike_G","Strike_G"],"score":1883,"play_id":"eca3d214-ff00-4f22-9e79-468d66ac26ad","local_time":"20210123212834","is_ascension_mode":true,"campfire_choices":[{"data":"Accuracy","floor":13.0,"key":"SMITH"},{"data":"Blade Dance","floor":15.0,"key":"SMITH"},{"data":"Prepared","floor":23.0,"key":"SMITH"},{"data":"Well Laid Plans","floor":29.0,"key":"SMITH"},{"floor":32.0,"key":"REST"},{"data":"Footwork","floor":40,"key":"SMITH"},{"data":"Blade Dance","floor":42,"key":"SMITH"},{"data":"Finesse","floor":44,"key":"SMITH"},{"data":"Storm of Steel","floor":49,"key":"SMITH"}],"circlet_count":0,"master_deck":["AscendersBane","Defend_G","Defend_G","Survivor","Neutralize","Backstab","Blade Dance+1","Endless Agony","Accuracy+1","Backflip","Blade Dance+1","Die Die Die+1","Escape Plan+1","Leg Sweep+1","Prepared+1","Footwork+1","Well Laid Plans+1","Reflex","Acrobatics+1","Finesse+1","Storm of Steel+1"],"relics":["Ring of the Snake","NeowsBlessing","Pen Nib","Golden Idol","Smiling Mask","Pantograph","Blue Candle","Singing Bowl","Astrolabe","Snake Skull","Eternal Feather","WristBlade","Potion Belt","Ornamental Fan"],"acts_visited":["Exordium","TheCity","TheBeyond"],"potions_floor_usage":[50,50],"damage_taken":[{"damage":0.0,"enemies":"Cultist","floor":1.0,"turns":1.0},{"damage":0.0,"enemies":"2 Louse","floor":3.0,"turns":1.0},{"damage":0.0,"enemies":"Gremlin Nob","floor":6.0,"turns":1.0},{"damage":0.0,"enemies":"Small Slimes","floor":7.0,"turns":1.0},{"damage":1.0,"enemies":"2 Fungi Beasts","floor":8.0,"turns":3.0},{"damage":4.0,"enemies":"Blue Slaver","floor":10.0,"turns":2.0},{"damage":22.0,"enemies":"Lagavulin","floor":11.0,"turns":7.0},{"damage":39.0,"enemies":"Slime Boss","floor":16.0,"turns":8.0},{"damage":5.0,"enemies":"Shell Parasite","floor":18.0,"turns":4.0},{"damage":1.0,"enemies":"Spheric Guardian","floor":19.0,"turns":3.0},{"damage":0.0,"enemies":"Snecko","floor":21.0,"turns":4.0},{"damage":26.0,"enemies":"Slavers","floor":24.0,"turns":3.0},{"damage":9.0,"enemies":"Gremlin Leader","floor":27.0,"turns":6.0},{"damage":4.0,"enemies":"Cultist and Chosen","floor":28.0,"turns":6.0},{"damage":0.0,"enemies":"Snake Plant","floor":30.0,"turns":3.0},{"damage":8.0,"enemies":"Centurion and Healer","floor":31.0,"turns":3.0},{"damage":46.0,"enemies":"Champ","floor":33.0,"turns":9.0},{"damage":1.0,"enemies":"3 Darklings","floor":35.0,"turns":3.0},{"damage":7.0,"enemies":"Orb Walker","floor":36.0,"turns":3.0},{"damage":20,"enemies":"Maw","floor":37,"turns":6},{"damage":19,"enemies":"Jaw Worm Horde","floor":39,"turns":4},{"damage":13,"enemies":"4 Shapes","floor":46,"turns":5},{"damage":10,"enemies":"3 Darklings","floor":48,"turns":3},{"damage":46,"enemies":"Donu and Deca","floor":50,"turns":6},{"damage":44,"enemies":"Awakened One","floor":51,"turns":9}],"seed_played":"-3440429934891891449","potions_obtained":[{"floor":3.0,"key":"Weak Potion"},{"floor":6.0,"key":"BlessingOfTheForge"},{"floor":16.0,"key":"GhostInAJar"},{"floor":27.0,"key":"SteroidPotion"},{"floor":30.0,"key":"DistilledChaos"},{"floor":33.0,"key":"CunningPotion"},{"floor":37,"key":"PowerPotion"},{"floor":46,"key":"Weak Potion"},{"floor":48,"key":"CunningPotion"}],"is_trial":false,"path_per_floor":["M","T","M","?","?","E","M","M","T","M","E","?","R","$","R","B",null,"M","M","$","M","$","R","E","?","T","E","M","R","M","M","R","B",null,"M","M","M","?","M","R","$","R","T","R","T","M","?","M","R","B","B",null],"character_chosen":"THE_SILENT","items_purchased":["Singing Bowl","Footwork","Well Laid Plans","Finesse"],"campfire_rested":1,"item_purchase_floors":[14,20,22,41],"current_hp_per_floor":[59,59,59,59,59,59,59,58,58,54,32,25,25,25,25,13,50,45,46,46,48,48,48,24,24,24,15,13,25,27,19,52,28,63,64,59,41,41,24,36,36,48,48,60,60,49,49,41,53,32,13],"gold":293,"neow_bonus":"THREE_ENEMY_KILL","is_daily":false,"chose_seed":false,"campfire_upgraded":8,"win_rate":0.0,"timestamp":1611404914,"path_taken":["M","?","M","?","?","E","M","M","T","M","E","?","R","$","R","BOSS","M","M","$","M","$","R","E","?","T","E","M","R","M","M","R","BOSS","M","M","M","?","?","R","$","R","T","R","?","M","?","?","R","BOSS","BOSS"],"items_purchased_type":["Relic","Card","Card","Card"],"build_version":"2020-12-22","purchased_purges":4,"victory":true,"max_hp_per_floor":[66,66,66,60,60,60,60,60,60,60,60,60,60,60,60,62,62,62,64,64,66,66,66,68,68,68,68,70,70,72,72,72,74,74,76,78,80,80,82,82,82,82,82,82,82,84,84,86,86,86,86],"card_choices":[{"not_picked":["Blade Dance","Deflect"],"picked":"Backstab","floor":1.0},{"not_picked":["Underhanded Strike","Outmaneuver"],"picked":"Blade Dance","floor":3.0},{"not_picked":["PiercingWail","A Thousand Cuts"],"picked":"Endless Agony","floor":6.0},{"not_picked":["Predator","Backflip"],"picked":"Accuracy","floor":7.0},{"not_picked":["Acrobatics","Riddle With Holes"],"picked":"Backflip","floor":8.0},{"not_picked":["Deflect","Outmaneuver"],"picked":"Blade Dance","floor":10.0},{"not_picked":["Poisoned Stab","Slice","Bane"],"picked":"SKIP","floor":11.0},{"not_picked":["A Thousand Cuts","Tools of the Trade","Phantasmal Killer"],"picked":"Singing Bowl","floor":16.0},{"not_picked":["Deflect","Dash"],"picked":"Prepared","floor":18.0},{"not_picked":["Poisoned Stab+1","Underhanded Strike","Bane+1"],"picked":"Singing Bowl","floor":19.0},{"not_picked":["Dagger Spray","Deadly Poison","Bane+1"],"picked":"Singing Bowl","floor":21.0},{"not_picked":["Dodge and Roll","Infinite Blades","Sucker Punch"],"picked":"Singing Bowl","floor":24.0},{"not_picked":["Phantasmal Killer","Terror"],"picked":"Reflex","floor":27.0},{"not_picked":["Underhanded Strike","Choke","Backflip"],"picked":"Singing Bowl","floor":28.0},{"not_picked":["Outmaneuver","Dodge and Roll","Dagger Throw"],"picked":"Singing Bowl","floor":30.0},{"not_picked":["Poisoned Stab","Well Laid Plans+1"],"picked":"Acrobatics+1","floor":31.0},{"not_picked":["Wraith Form v2","Tools of the Trade","Bullet Time"],"picked":"Singing Bowl","floor":33.0},{"not_picked":["Dagger Spray","PiercingWail","Flying Knee"],"picked":"Singing Bowl","floor":35.0},{"not_picked":["Dodge and Roll","Deadly Poison","Dagger Spray"],"picked":"Singing Bowl","floor":36.0},{"not_picked":["Doppelganger","Bouncing Flask","Skewer"],"picked":"Singing Bowl","floor":37},{"not_picked":["Acrobatics","Caltrops","Outmaneuver+1"],"picked":"Singing Bowl","floor":39},{"not_picked":["Deadly Poison","Blade Dance","Setup"],"picked":"Singing Bowl","floor":46},{"not_picked":["Dodge and Roll+1","Acrobatics","Grand Finale"],"picked":"Singing Bowl","floor":48}],"player_experience":733761,"relics_obtained":[{"floor":2.0,"key":"Pen Nib"},{"floor":6.0,"key":"Smiling Mask"},{"floor":9.0,"key":"Pantograph"},{"floor":11.0,"key":"Blue Candle"},{"floor":24.0,"key":"Snake Skull"},{"floor":27.0,"key":"Eternal Feather"},{"floor":43,"key":"Potion Belt"},{"floor":45,"key":"Ornamental Fan"}],"event_choices":[{"damage_healed":0.0,"max_hp_gain":0.0,"max_hp_loss":6.0,"gold_gain":0.0,"event_name":"Golden Idol","player_choice":"Lose Max HP","floor":4.0,"gold_loss":0.0,"damage_taken":0.0,"relics_obtained":["Golden Idol"]},{"damage_healed":0.0,"max_hp_gain":0.0,"max_hp_loss":0.0,"gold_gain":150.0,"event_name":"Liars Game","player_choice":"AGREE","floor":5.0,"gold_loss":0.0,"damage_taken":0.0,"cards_obtained":["Doubt"]},{"cards_removed":["Doubt"],"damage_healed":0.0,"max_hp_gain":0.0,"max_hp_loss":0.0,"gold_gain":0.0,"event_name":"Golden Wing","player_choice":"Card Removal","floor":12.0,"gold_loss":0.0,"damage_taken":7.0},{"damage_healed":0.0,"max_hp_gain":0.0,"max_hp_loss":0.0,"gold_gain":50.0,"event_name":"Nest","player_choice":"Stole From Cult","floor":25.0,"gold_loss":0.0,"damage_taken":0.0},{"damage_healed":0,"gold_gain":0,"player_choice":"Ignored","damage_taken":0,"max_hp_gain":0,"max_hp_loss":0,"event_name":"SecretPortal","floor":38,"gold_loss":0},{"damage_healed":0,"gold_gain":0,"cards_transformed":["Defend_G"],"player_choice":"Transformed","damage_taken":0,"max_hp_gain":0,"max_hp_loss":0,"event_name":"Transmorgrifier","floor":47,"gold_loss":0,"cards_obtained":["Storm of Steel"]}],"is_beta":false,"boss_relics":[{"not_picked":["Philosopher\u0027s Stone","Ring of the Serpent"],"picked":"Astrolabe"},{"not_picked":["Sozu","SlaversCollar"],"picked":"WristBlade"}],"items_purged_floors":[14,20,22,41],"is_endless":false,"potions_floor_spawned":[3,6,11,16,18,27,30,31,33,37,46,48],"ascension_level":20}}