{"host":"3j2m8n0ywf988fwb","time":1611437792,"event":{"mods":["2.2 Compatiblity","AchievementEnabler","Act Like it!","Aspiration","Astrologer","BaseMod","Beaked The Cultist","Better Altar","Better Match","Better Note","Better Sensory Stone","Better Skull","Better Third Choice","CCEM","ChefMod","Colored Map","Colored Powertips","Conspire","Dark Map","Energized Spire","Evolution","Fireblade Mod","GifTheSpireLib","Googly Eyes","Halation","Hallownest","Highlight Path","Hubris","Infinite Spire","Jedi Mod","Marisa????????","Marked Mod","Mimic Mod","Minty Spire (QoL Compilation)","Random Character Button","Relic Stats","Replay The Spire","Robot Space Explorer","Shop Mod","Somnambulant","Spire Arcade","StSLib","Stuff the Spire","The Bug Knight","The Hierophant","The Marked","The Runesmith","TheFirefly","Unceasing Turn Reminder","everything is the same but u backflip on backflip"],"gold_per_floor":[118,118,128,146,146,146,173,173,173,186,216,232,232,257,257,257,257],"floor_reached":16,"language":"ENG","playtime":780,"items_purged":[],"score":120,"play_id":"8b37b9b3-a70a-4ba0-ac34-da31f88c6691","local_time":"20210123153632","is_ascension_mode":false,"campfire_choices":[{"data":"chefmod:FullBurn","floor":6.0,"key":"SMITH"},{"data":"chefmod:DimSum","floor":8.0,"key":"SMITH"},{"floor":13,"key":"REST"},{"floor":15,"key":"REST"}],"circlet_count":0,"master_deck":["chefmod:FryPan","chefmod:Strike","chefmod:Strike","chefmod:Strike","chefmod:QuickThaw","chefmod:Defend","chefmod:Defend","chefmod:Defend","chefmod:Defend","chefmod:TodaysSpecial","chefmod:SushiPlatter+1","chefmod:SliceAndDice","chefmod:FullBurn+1","chefmod:DoubleChop","Decay","chefmod:DimSum+1","chefmod:Bruschetta","chefmod:BaoBuns"],"relics":["chefmod:TrustyPot","EVO:Axolotl","infinitespire:Lychee Nut","beaked:ShinyBauble","infinitespire:EmpoweringShard"],"acts_visited":["Exordium"],"potions_floor_usage":[16],"damage_taken":[{"damage":0.0,"enemies":"Small Slimes","floor":1.0,"turns":4.0},{"damage":6.0,"enemies":"Cultist","floor":3.0,"turns":3.0},{"damage":0.0,"enemies":"2 Louse","floor":4.0,"turns":1.0},{"damage":11.0,"enemies":"HollowMod:MossKnight","floor":7.0,"turns":8.0},{"damage":0.0,"enemies":"Exordium Wildlife","floor":10.0,"turns":4.0},{"damage":46.0,"enemies":"3 Sentries","floor":11.0,"turns":12.0},{"damage":0,"enemies":"2 Fungi Beasts","floor":12,"turns":2},{"damage":31,"enemies":"Gremlin Nob","floor":14,"turns":4},{"damage":31,"enemies":"Slime Boss","floor":16,"turns":7}],"seed_played":"-691714288336336869","potions_obtained":[{"floor":3.0,"key":"LiquidMemories"},{"floor":11.0,"key":"Ancient Potion"}],"is_trial":false,"path_per_floor":["M","?","M","M","?","R","E","R","T","M","E","M","R","E","R","B"],"character_chosen":"THE_CHEF","items_purchased":[],"campfire_rested":2,"item_purchase_floors":[],"current_hp_per_floor":[76,76,70,70,70,70,57,57,57,57,12,15,32,7,24,0,0],"gold":257,"neow_bonus":"ONE_RANDOM_RARE_CARD","is_daily":false,"chose_seed":false,"campfire_upgraded":2,"win_rate":0.0,"timestamp":1611437792,"path_taken":["M","?","?","M","?","R","E","R","T","M","E","M","R","E","R","BOSS"],"items_purchased_type":[],"build_version":"2020-12-22","purchased_purges":0,"victory":false,"max_hp_per_floor":[76,76,76,76,76,76,57,57,57,57,57,57,57,57,57,57,57],"relic_stats":{"counters":[9,45],"obtain_stats":[{"chefmod:TrustyPot":0,"beaked:ShinyBauble":11,"infinitespire:Lychee Nut":7,"infinitespire:EmpoweringShard":14,"EVO:Axolotl":0},{"chefmod:TrustyPot":0,"beaked:ShinyBauble":6,"infinitespire:Lychee Nut":4,"infinitespire:EmpoweringShard":8,"EVO:Axolotl":0},{"chefmod:TrustyPot":0,"beaked:ShinyBauble":32,"infinitespire:Lychee Nut":16,"infinitespire:EmpoweringShard":38,"EVO:Axolotl":0}]},"card_choices":[{"not_picked":["chefmod:Defrost","chefmod:ColdSteel"],"picked":"chefmod:SliceAndDice","floor":1.0},{"not_picked":["chefmod:Defrost","chefmod:Sorbet"],"picked":"chefmod:FullBurn","floor":3.0},{"not_picked":["chefmod:FryPan","chefmod:Sorbet"],"picked":"chefmod:DoubleChop","floor":4.0},{"not_picked":["chefmod:FireUp","chefmod:IcePick"],"picked":"chefmod:DimSum","floor":7.0},{"not_picked":["chefmod:ZaruSoba","chefmod:Gelato","chefmod:TastyDistraction"],"picked":"SKIP","floor":10.0},{"not_picked":["chefmod:RisingDough","chefmod:FireUp"],"picked":"chefmod:Bruschetta","floor":11.0},{"not_picked":["chefmod:SliceAndDice","chefmod:IceCreamCone"],"picked":"chefmod:BaoBuns","floor":12},{"not_picked":["chefmod:LiquidNitrogen","chefmod:FullBurn","chefmod:VegetableTart"],"picked":"SKIP","floor":14}],"player_experience":1085715,"relics_obtained":[{"floor":7.0,"key":"infinitespire:Lychee Nut"},{"floor":11.0,"key":"beaked:ShinyBauble"},{"floor":14,"key":"infinitespire:EmpoweringShard"}],"event_choices":[{"damage_healed":0.0,"max_hp_gain":0.0,"max_hp_loss":0.0,"gold_gain":0.0,"event_name":"Accursed Blacksmith","player_choice":"Forge","floor":2.0,"gold_loss":0.0,"damage_taken":0.0,"cards_upgraded":["chefmod:SushiPlatter"]},{"damage_healed":0.0,"max_hp_gain":0.0,"max_hp_loss":0.0,"gold_gain":0.0,"event_name":"Wheel of Change","player_choice":"Cursed","floor":5.0,"gold_loss":0.0,"damage_taken":0.0,"cards_obtained":["Decay"]}],"is_beta":false,"boss_relics":[],"items_purged_floors":[],"is_endless":false,"potions_floor_spawned":[3,11],"killed_by":"Slime Boss","ascension_level":0}}