{"host":"TheShotgunBoss","time":1611364463,"event":{"mods":["AchievementEnabler","Always Whale","Aspiration","BaseMod","Beaked The Cultist","Colored Map","Colored Powertips","Colorless Booster Pack","Conspire","Downfall","Energized Spire","FetchMod","GifTheSpireLib","Halation","Hubris","Infinite Spire","Jedi Mod","Minty Spire (QoL Compilation)","Poor People Problems","Quick Restart","RNG!","Relic Sorter","SacredBarkPlus","Shop Mod","Spikes Relics","StSLib","Stuff the Spire","The Blue Laboratory","The Construct","Uncapped","Unceasing Turn Reminder","everything is the same but u backflip on backflip","vexMod","??????REMEMod"],"gold_per_floor":[99,115,127,145,145,179,204,63,63,92,92,129,129,77,105,105,105,105],"floor_reached":16,"language":"ENG","playtime":839,"items_purged":["Guardian:TimeSifter"],"score":130,"play_id":"3fbaa690-445c-4a6c-aa75-282b1207643c","local_time":"20210122201423","is_ascension_mode":true,"campfire_choices":[{"data":"Guardian:TwinSlam","floor":1,"key":"SMITH"},{"floor":9,"key":"REST"},{"data":"Guardian:PiercingHide","floor":11,"key":"SMITH"},{"data":"Guardian:VentSteam","floor":13,"key":"SMITH"}],"circlet_count":0,"master_deck":["Guardian:Strike_Guardian","Guardian:Strike_Guardian","Guardian:Strike_Guardian","Guardian:Strike_Guardian","Guardian:Defend_Guardian","Guardian:Defend_Guardian","Guardian:Defend_Guardian","Guardian:Defend_Guardian","Guardian:CurlUp","Guardian:TwinSlam+1","Guardian:PiercingHide+1","Guardian:PiercingHide+1","Guardian:RollAttack","Guardian:VentSteam+1","Guardian:CrystalBeam","Guardian:Gem_Cyan","Guardian:PrismaticBeam"],"relics":["Guardian:ModeShifter","REME_ComplimentaryCards","Regal Pillow","CeramicFish","hubris:CrystalStatue"],"acts_visited":["Exordium"],"potions_floor_usage":[6,16],"damage_taken":[{"damage":7,"enemies":"Jaw Worm","floor":2,"turns":4},{"damage":3,"enemies":"conspire:RoseBush","floor":3,"turns":4},{"damage":7,"enemies":"infinitespire:Voidling","floor":4,"turns":4},{"damage":47,"enemies":"Gremlin Nob","floor":6,"turns":7},{"damage":0,"enemies":"downfall:FleeingMerchant","floor":8,"turns":4},{"damage":6,"enemies":"3 Sentries","floor":10,"turns":8},{"damage":6,"enemies":"Lagavulin","floor":12,"turns":9},{"damage":0,"enemies":"downfall:FleeingMerchant","floor":14,"turns":4},{"damage":17,"enemies":"Gremlin Gang","floor":15,"turns":4},{"damage":39,"enemies":"WA_ARCHETYPE_RETAIN","floor":16,"turns":12}],"seed_played":"6357363822512851633","potions_obtained":[{"floor":2,"key":"EntropicBrew"},{"floor":4,"key":"blueLaboratory:BottleOfRum"},{"floor":6,"key":"DuplicationPotion"},{"floor":10,"key":"jedi:StrikingPotion"},{"floor":15,"key":"blueLaboratory:LouseDecoction"}],"is_trial":false,"path_per_floor":["R","M","M","M","?","E","T","$","R","E","R","E","R","$","M","B"],"character_chosen":"GUARDIAN","items_purchased":["Guardian:VentSteam","Guardian:Gem_Cyan"],"campfire_rested":1,"item_purchase_floors":[8,14],"current_hp_per_floor":[80,73,70,70,70,23,23,23,62,56,56,50,50,50,33,0,0,0],"gold":105,"neow_bonus":"ONE_RANDOM_RARE_CARD","is_daily":false,"chose_seed":false,"campfire_upgraded":3,"win_rate":0.0,"timestamp":1611364463,"path_taken":["R","M","M","M","?","E","T","$","R","E","R","E","R","$","M","BOSS"],"items_purchased_type":["Card","Card"],"build_version":"2020-12-18","purchased_purges":1,"victory":false,"max_hp_per_floor":[80,80,80,80,80,80,80,80,80,80,80,80,80,80,80,80,80,80],"card_choices":[{"not_picked":["Guardian:PrismaticBeam","Guardian:Gem_Lightblue"],"picked":"Guardian:PiercingHide","floor":2},{"not_picked":["Guardian:Incinerate","Guardian:EvasiveProtocol"],"picked":"Guardian:Gem_Purple","floor":3},{"not_picked":["Guardian:Harden","Guardian:Preprogram"],"picked":"Guardian:Gem_White","floor":4},{"not_picked":["Guardian:Planning","Guardian:Gem_Purple"],"picked":"Guardian:Gem_Cyan","floor":6},{"not_picked":["Guardian:Reroute","Guardian:Gem_Lightblue"],"picked":"Guardian:RollAttack","floor":8},{"not_picked":["Guardian:RollAttack","Guardian:Gem_Blue","Guardian:BronzeOrb"],"picked":"SKIP","floor":10},{"not_picked":["Guardian:EvasiveProtocol","Guardian:WalkerClaw"],"picked":"Guardian:CrystalBeam","floor":12},{"not_picked":["Guardian:TimeCapacitor","Guardian:ChargeCore","Guardian:Preprogram"],"picked":"SKIP","floor":14},{"not_picked":["Guardian:Gem_Yellow","Guardian:CrystalBeam"],"picked":"Guardian:PrismaticBeam","floor":15}],"player_experience":294550,"relics_obtained":[{"floor":6,"key":"Regal Pillow"},{"floor":10,"key":"CeramicFish"},{"floor":12,"key":"hubris:CrystalStatue"}],"event_choices":[],"is_beta":true,"boss_relics":[],"items_purged_floors":[8],"is_endless":false,"potions_floor_spawned":[2,4,6,10,15],"killed_by":"WA_ARCHETYPE_RETAIN","ascension_level":2}}