{"host":"plsgs6vscb3w0xby","time":1611382526,"event":{"mods":["AchievementEnabler","BaseMod","Custom Start","Minty Spire (QoL Compilation)","StSLib"],"gold_per_floor":[111,111,125,125,171,204,204,225,276,316,316,339,339,359,359,453,453,473,496,517,288,288,288,306,306,306,206,244,38,54,78,78,176,176,201,51,64,80,103,138,159,198,198,198,28,52,70,70,70,70,70],"floor_reached":50,"language":"KOR","playtime":3145,"items_purged":["Strike_G","Strike_G","Strike_G+1","Defend_G","Defend_G"],"score":1026,"play_id":"3dec0cd9-dcd1-42ed-9c1c-10ae944c8f85","local_time":"20210123151526","is_ascension_mode":true,"campfire_choices":[{"floor":7.0,"key":"REST"},{"floor":11.0,"key":"REST"},{"data":"Noxious Fumes","floor":13.0,"key":"SMITH"},{"floor":15.0,"key":"REST"},{"data":"After Image","floor":23.0,"key":"SMITH"},{"floor":25.0,"key":"REST"},{"floor":32.0,"key":"REST"},{"floor":44.0,"key":"REST"},{"data":"Catalyst","floor":49.0,"key":"SMITH"}],"circlet_count":0,"master_deck":["AscendersBane","Defend_G+1","Defend_G","Defend_G+1","Survivor","Neutralize+1","Noxious Fumes","Backflip","Noxious Fumes+1","After Image+1","Catalyst+1","Outmaneuver+1","Escape Plan","Escape Plan","Outmaneuver","Escape Plan","Backflip","Noxious Fumes"],"relics":["Ring of the Snake","NeowsBlessing","Golden Idol","Akabeko","Oddly Smooth Stone","Pen Nib","Art of War","Empty Cage","War Paint","Ornamental Fan","White Beast Statue","SacredBark","MealTicket","Bag of Marbles","The Courier"],"acts_visited":[],"potions_floor_usage":[],"damage_taken":[{"damage":0.0,"enemies":"Jaw Worm","floor":1.0,"turns":1.0},{"damage":0.0,"enemies":"2 Louse","floor":3.0,"turns":1.0},{"damage":0.0,"enemies":"Gremlin Nob","floor":6.0,"turns":1.0},{"damage":0.0,"enemies":"Cultist","floor":8.0,"turns":3.0},{"damage":15.0,"enemies":"Lagavulin","floor":10.0,"turns":8.0},{"damage":2.0,"enemies":"Red Slaver","floor":12.0,"turns":3.0},{"damage":16.0,"enemies":"Gremlin Gang","floor":14.0,"turns":4.0},{"damage":16.0,"enemies":"Hexaghost","floor":16.0,"turns":11.0},{"damage":2.0,"enemies":"Chosen","floor":18.0,"turns":6.0},{"damage":1.0,"enemies":"Shell Parasite","floor":19.0,"turns":7.0},{"damage":20.0,"enemies":"Centurion and Healer","floor":20.0,"turns":6.0},{"damage":0.0,"enemies":"Shelled Parasite and Fungi","floor":24.0,"turns":7.0},{"damage":17.0,"enemies":"Book of Stabbing","floor":28.0,"turns":9.0},{"damage":1.0,"enemies":"Snake Plant","floor":30.0,"turns":6.0},{"damage":13.0,"enemies":"Centurion and Healer","floor":31.0,"turns":8.0},{"damage":9.0,"enemies":"Collector","floor":33.0,"turns":9.0},{"damage":7.0,"enemies":"3 Darklings","floor":35.0,"turns":7.0},{"damage":13.0,"enemies":"Orb Walker","floor":37.0,"turns":7.0},{"damage":10.0,"enemies":"Spire Growth","floor":38.0,"turns":9.0},{"damage":0.0,"enemies":"3 Darklings","floor":39.0,"turns":7.0},{"damage":12.0,"enemies":"Nemesis","floor":40.0,"turns":13.0},{"damage":4.0,"enemies":"Jaw Worm Horde","floor":41.0,"turns":6.0},{"damage":0.0,"enemies":"Giant Head","floor":42.0,"turns":14.0},{"damage":20.0,"enemies":"Transient","floor":46.0,"turns":5.0},{"damage":4.0,"enemies":"3 Darklings","floor":47.0,"turns":5.0},{"damage":0,"enemies":"Time Eater","floor":50,"turns":1}],"seed_played":"5668935946722741109","potions_obtained":[{"floor":1.0,"key":"CunningPotion"},{"floor":8.0,"key":"BlessingOfTheForge"},{"floor":12.0,"key":"Regen Potion"},{"floor":16.0,"key":"FearPotion"},{"floor":24.0,"key":"Weak Potion"},{"floor":30.0,"key":"CultistPotion"},{"floor":31.0,"key":"Poison Potion"},{"floor":33.0,"key":"SteroidPotion"},{"floor":35.0,"key":"LiquidMemories"},{"floor":37.0,"key":"Block Potion"},{"floor":38.0,"key":"SteroidPotion"},{"floor":39.0,"key":"SkillPotion"},{"floor":40.0,"key":"Ancient Potion"},{"floor":41.0,"key":"EssenceOfSteel"},{"floor":42.0,"key":"ColorlessPotion"},{"floor":46.0,"key":"AttackPotion"},{"floor":47.0,"key":"Explosive Potion"}],"is_trial":false,"path_per_floor":["M","?","M","?","T","E","R","M","T","E","R","M","R","M","R","B",null,"M","M","M","$","?","R","M","R","T","$","E","$","M","M","R","B",null,"M","$","M","M","M","E","M","E","T","R","$","M","M","?","R","B"],"character_chosen":"THE_SILENT","items_purchased":["War Paint","Escape Plan","Noxious Fumes"],"campfire_rested":6,"item_purchase_floors":[21,29,45],"current_hp_per_floor":[59,36,36,16,16,16,35,35,35,20,39,37,37,21,40,39,59,57,56,36,36,30,30,30,49,49,49,32,32,31,18,37,28,57,50,50,37,27,27,15,11,11,11,30,45,25,21,54,54,54,54],"gold":70,"neow_bonus":"THREE_ENEMY_KILL","is_daily":false,"chose_seed":false,"campfire_upgraded":3,"win_rate":0.0,"timestamp":1611382526,"path_taken":["M","?","M","?","?","E","R","M","T","E","R","M","R","M","R","BOSS","M","M","M","$","?","R","?","R","T","?","E","$","M","M","R","BOSS","M","$","M","M","M","E","M","E","T","R","$","?","M","?","R","BOSS"],"items_purchased_type":["Relic","Card","Card"],"build_version":"2020-12-22","purchased_purges":5,"victory":false,"max_hp_per_floor":[66,66,66,66,66,66,66,66,66,66,66,66,66,66,66,66,66,66,66,66,66,66,66,66,66,66,66,66,66,66,66,66,66,66,66,66,66,66,66,66,66,66,66,66,66,66,66,54,54,54,54],"card_choices":[{"not_picked":["Leg Sweep","Prepared","Deflect"],"picked":"SKIP","floor":1.0},{"not_picked":["Slice","Sucker Punch"],"picked":"Noxious Fumes","floor":3.0},{"not_picked":["Quick Slash","Blade Dance"],"picked":"Backflip","floor":6.0},{"not_picked":["Poisoned Stab","Deflect","Deadly Poison"],"picked":"SKIP","floor":8.0},{"not_picked":["Venomology","Well Laid Plans"],"picked":"Noxious Fumes","floor":10.0},{"not_picked":["Bane","Outmaneuver","Deflect"],"picked":"SKIP","floor":12.0},{"not_picked":["Dagger Spray","Sucker Punch","Blade Dance"],"picked":"SKIP","floor":14.0},{"not_picked":["Phantasmal Killer","Doppelganger"],"picked":"After Image","floor":16.0},{"not_picked":["Deflect","Bane","Flying Knee"],"picked":"SKIP","floor":18.0},{"not_picked":["Masterful Stab","Distraction"],"picked":"Catalyst","floor":19.0},{"not_picked":["Dagger Spray","Well Laid Plans"],"picked":"Outmaneuver+1","floor":20.0},{"not_picked":["Infinite Blades+1","Underhanded Strike","Sucker Punch"],"picked":"SKIP","floor":24.0},{"not_picked":["PiercingWail","Bane","Accuracy"],"picked":"SKIP","floor":28.0},{"not_picked":["Slice+1","Sucker Punch"],"picked":"Escape Plan","floor":30.0},{"not_picked":["Bouncing Flask","Well Laid Plans"],"picked":"Outmaneuver","floor":31.0},{"not_picked":["Cloak And Dagger","Skewer","Bouncing Flask"],"picked":"SKIP","floor":35.0},{"not_picked":["Blade Dance","Deflect+1"],"picked":"Escape Plan","floor":37.0},{"not_picked":["Eviscerate","Bane"],"picked":"Backflip","floor":38.0},{"not_picked":["Expertise+1","Outmaneuver+1","Poisoned Stab"],"picked":"SKIP","floor":39.0},{"not_picked":["Deadly Poison","Outmaneuver+1","Caltrops"],"picked":"SKIP","floor":40.0},{"not_picked":["Wraith Form v2","Blade Dance+1","Deflect"],"picked":"SKIP","floor":41.0},{"not_picked":["Tactician","Backstab","Poisoned Stab"],"picked":"SKIP","floor":42.0},{"not_picked":["Underhanded Strike+1","Poisoned Stab","Leg Sweep"],"picked":"SKIP","floor":46.0},{"not_picked":["Deadly Poison","Reflex","Flying Knee"],"picked":"SKIP","floor":47.0}],"player_experience":424763,"relics_obtained":[{"floor":5.0,"key":"Akabeko"},{"floor":6.0,"key":"Oddly Smooth Stone"},{"floor":9.0,"key":"Pen Nib"},{"floor":10.0,"key":"Art of War"},{"floor":26.0,"key":"Ornamental Fan"},{"floor":28.0,"key":"White Beast Statue"},{"floor":40.0,"key":"MealTicket"},{"floor":42.0,"key":"Bag of Marbles"},{"floor":43.0,"key":"The Courier"}],"event_choices":[{"damage_healed":0.0,"max_hp_gain":0.0,"max_hp_loss":0.0,"gold_gain":0.0,"event_name":"Golden Idol","player_choice":"Take Damage","floor":2.0,"gold_loss":0.0,"damage_taken":23.0,"relics_obtained":["Golden Idol"]},{"damage_healed":0.0,"max_hp_gain":0.0,"max_hp_loss":0.0,"gold_gain":0.0,"event_name":"Shining Light","player_choice":"Entered Light","floor":4.0,"gold_loss":0.0,"damage_taken":20.0,"cards_upgraded":["Strike_G","Neutralize"]},{"damage_healed":0.0,"max_hp_gain":0.0,"max_hp_loss":0.0,"gold_gain":0.0,"event_name":"Knowing Skull","player_choice":"","floor":22.0,"potions_obtained":[],"gold_loss":0.0,"damage_taken":6.0,"cards_obtained":[]},{"damage_healed":54.0,"max_hp_gain":0.0,"max_hp_loss":12.0,"gold_gain":0.0,"event_name":"The Moai Head","player_choice":"Heal","floor":48.0,"gold_loss":0.0,"damage_taken":0.0}],"is_beta":false,"boss_relics":[{"not_picked":["Calling Bell","Black Star"],"picked":"Empty Cage"},{"not_picked":["HoveringKite","Cursed Key"],"picked":"SacredBark"}],"items_purged_floors":[21,27,29,36,45],"is_endless":false,"potions_floor_spawned":[1,8,12,16,24,30,31,33,35,37,38,39,40,41,42,46,47],"killed_by":"Time Eater","ascension_level":15}}