{"host":"iwfi1p2d17xfb6zg","time":1611366176,"event":{"mods":["BaseMod","BetterRewards","Colored Map","Downfall","GifTheSpireLib","Highlight Path","Marisa????????","Minty Spire (QoL Compilation)","Quick Restart","Remilia??????","StSLib","Stuff the Spire","SuperFastMode","The Animator","slay the spire mod where everything is the same but ironclad has a cowboy hat"],"gold_per_floor":[99,113,27,27,27,12,12,32,52,62,1,20,20,20,40,143,143,43,59,44,44,55,55,55,71,85,97,97,97,97],"floor_reached":28,"language":"ENG","playtime":1483,"items_purged":[],"score":235,"play_id":"678a9c10-6178-4591-bb35-05b81936c7fa","local_time":"20210122204256","is_ascension_mode":false,"campfire_choices":[{"floor":1,"key":"RECALL"},{"data":"Slimebound:Split","floor":13,"key":"SMITH"},{"floor":18,"key":"REST"}],"circlet_count":0,"master_deck":["Slimebound:Tackle","Slimebound:Defend_Slimebound","Slimebound:Defend_Slimebound","Slimebound:Defend_Slimebound","Slimebound:Defend_Slimebound","Slimebound:Split+1","Slimebound:CorrosiveSpit","Slimebound:SplitAcid","Slimebound:Equalize+1","Slimebound:LevelUp","Slimebound:Prepare","Slimebound:BestDefense","Slimebound:FlameTackle","Slimebound:Prepare","Slimebound:PressTheAttack","Slimebound:ComboTackle","Slimebound:LivingWall","Slimebound:SlimeBrawl","Slimebound:DouseInSlime","Slimebound:SplitBruiser","Slimebound:SlimeBarrage","Slimebound:Tackle+1","Slimebound:Tackle+1","Slimebound:Tackle+1","Slimebound:FinishingTackle+1","Slimebound:RollThrough","Slimebound:ProtectTheBoss","Slimebound:Equalize"],"relics":["Slimebound:AbsorbEndCombat","Blue Candle","Odd Mushroom","Fusion Hammer","downfall:HeartBlessingBlue","AntiCross"],"acts_visited":["Exordium","TheCity"],"potions_floor_usage":[16,16],"damage_taken":[{"damage":2,"enemies":"2 Louse","floor":2,"turns":3},{"damage":3,"enemies":"downfall:FleeingMerchant","floor":3,"turns":4},{"damage":5,"enemies":"downfall:FleeingMerchant","floor":6,"turns":4},{"damage":11,"enemies":"The Mushroom Lair","floor":8,"turns":4},{"damage":1,"enemies":"Small Slimes","floor":9,"turns":3},{"damage":14,"enemies":"Jaw Worm","floor":10,"turns":4},{"damage":8,"enemies":"downfall:FleeingMerchant","floor":11,"turns":4},{"damage":23,"enemies":"Exordium Thugs","floor":12,"turns":3},{"damage":0,"enemies":"Large Slime","floor":15,"turns":5},{"damage":47,"enemies":"WA_ARCHETYPE_RETAIN","floor":16,"turns":7},{"damage":15,"enemies":"3 Byrds","floor":19,"turns":3},{"damage":23,"enemies":"downfall:FleeingMerchant","floor":20,"turns":4},{"damage":25,"enemies":"3 Cultists","floor":22,"turns":4},{"damage":16,"enemies":"Chosen and Byrds","floor":25,"turns":4},{"damage":17,"enemies":"Snake Plant","floor":26,"turns":4},{"damage":15,"enemies":"3 Cultists","floor":27,"turns":4},{"damage":6,"enemies":"Snecko","floor":28,"turns":1}],"seed_played":"-2429517028657558108","potions_obtained":[{"floor":8,"key":"SteroidPotion"},{"floor":9,"key":"Slimebound:ThreeZeroPotion"},{"floor":15,"key":"Energy Potion"},{"floor":16,"key":"Swift Potion"},{"floor":25,"key":"EssenceOfSteel"}],"is_trial":false,"path_per_floor":["R","M","$","?","?","$","T","?","M","M","$","M","R","?","M","B",null,"R","M","$","?","M","?","T","M","M","M","M"],"character_chosen":"SLIMEBOUND","items_purchased":["Slimebound:LevelUp","Slimebound:ComboTackle"],"campfire_rested":1,"item_purchase_floors":[3,11],"current_hp_per_floor":[71,69,68,63,63,71,71,62,71,60,68,61,61,61,71,38,71,81,66,53,53,32,32,32,28,13,4,0,0,0],"gold":97,"neow_bonus":"TEN_PERCENT_HP_BONUS","is_daily":false,"chose_seed":false,"campfire_upgraded":1,"win_rate":0.0,"timestamp":1611366176,"path_taken":["R","M","$","?","?","$","T","?","M","M","?","?","R","?","M","BOSS","R","M","$","?","M","?","T","M","M","M","M"],"items_purchased_type":["Card","Card"],"build_version":"2020-12-22","purchased_purges":0,"victory":false,"max_hp_per_floor":[71,71,71,71,71,71,71,71,71,71,71,71,71,71,71,71,71,81,81,81,81,81,81,81,81,81,81,81,81,81],"card_choices":[{"not_picked":["Slimebound:FinishingTackle","Slimebound:SlimeSpikes"],"picked":"Slimebound:SplitAcid","floor":2},{"not_picked":["Slimebound:LevelUp","Slimebound:SplitLeeching"],"picked":"Slimebound:Equalize","floor":3},{"not_picked":["Slimebound:GoopTackle","Slimebound:ItLooksTasty"],"picked":"Slimebound:Prepare","floor":6},{"not_picked":["Slimebound:LeechEnergy","Slimebound:GoopSpray"],"picked":"Slimebound:BestDefense","floor":8},{"not_picked":["Slimebound:Repurpose","Slimebound:FinishingTackle"],"picked":"Slimebound:FlameTackle","floor":9},{"not_picked":["Slimebound:RejuvenatingLick","Slimebound:PressTheAttack"],"picked":"Slimebound:Prepare","floor":10},{"not_picked":["Slimebound:RallyTheTroops","Slimebound:SplitLeeching"],"picked":"Slimebound:PressTheAttack","floor":11},{"not_picked":["Slimebound:SplitBruiser","Slimebound:Prepare"],"picked":"Slimebound:LivingWall","floor":12},{"not_picked":["Slimebound:Repurpose","Slimebound:LeadByExample"],"picked":"Slimebound:SlimeBrawl","floor":15},{"not_picked":["Slimebound:Overexert","Slimebound:RallyTheTroops"],"picked":"Slimebound:DouseInSlime","floor":16},{"not_picked":["Slimebound:PressTheAttack","Slimebound:FlameTackle"],"picked":"Slimebound:SplitBruiser","floor":19},{"not_picked":["Slimebound:PressTheAttack","Slimebound:ComboTackle"],"picked":"Slimebound:SlimeBarrage","floor":20},{"not_picked":["Slimebound:RejuvenatingLick","Slimebound:DouseInSlime"],"picked":"Slimebound:FinishingTackle+1","floor":22},{"not_picked":["Slimebound:HauntingLick","Slimebound:Gluttony"],"picked":"Slimebound:RollThrough","floor":25},{"not_picked":["Slimebound:LeadByExample","Slimebound:GoopSpray"],"picked":"Slimebound:ProtectTheBoss","floor":26},{"not_picked":["Slimebound:HauntingLick+1","Slimebound:SlimeSpikes"],"picked":"Slimebound:Equalize","floor":27}],"player_experience":104528,"relics_obtained":[{"floor":8,"key":"Odd Mushroom"},{"floor":24,"key":"AntiCross"}],"event_choices":[{"damage_healed":0,"gold_gain":0,"player_choice":"Grow","damage_taken":0,"max_hp_gain":0,"max_hp_loss":0,"event_name":"Living Wall","floor":5,"gold_loss":0,"cards_upgraded":["Slimebound:Equalize"]},{"damage_healed":0,"gold_gain":0,"player_choice":"Fought Mushrooms","damage_taken":0,"max_hp_gain":0,"max_hp_loss":0,"event_name":"Mushrooms","floor":8,"gold_loss":0}],"is_beta":false,"boss_relics":[{"not_picked":["SacredBark","StuffTheSpire:RunicHypercube"],"picked":"Fusion Hammer"}],"items_purged_floors":[],"is_endless":false,"potions_floor_spawned":[8,9,15,16,25],"killed_by":"Snecko","ascension_level":0}}