{"host":"dv29tre2e7vje47n","time":1611407870,"event":{"mods":["AchievementEnabler","BaseMod","Colored Map","Colored Powertips","DeckTracker","Displayed Cursed Tome","Downfall","Friendly Minions","Googly Eyes","Highlight Path","Key Reminder","Minty Spire (QoL Compilation)","Quick Restart","Random Character Button","Rare Cards Sparkle","Relic Sorter","Relic Stats","Spire Birthday Party","StSLib","SuperFastMode","Unceasing Turn Reminder"],"gold_per_floor":[199,219,238,34,34,54,129,154,154,185,185,200,200,39,55,55,55,55],"floor_reached":16,"language":"ENG","playtime":793,"items_purged":[],"score":116,"play_id":"5176a369-7b72-4a06-8879-546d66563be3","local_time":"20210123141750","is_ascension_mode":true,"campfire_choices":[{"data":"sneckomod:TailWhip","floor":11,"key":"SMITH"}],"circlet_count":0,"master_deck":["sneckomod:Strike","sneckomod:Strike","sneckomod:Strike","sneckomod:Defend","sneckomod:Defend","sneckomod:Defend","sneckomod:TailWhip+1","sneckomod:SnekBite","sneckomod:Unknown","Exhume","sneckomod:Unknown1Cost","sneckomod:MixItUp","sneckomod:Unknown1Cost","sneckomod:UnknownDraw","sneckomod:UnknownX","sneckomod:Unknown0Cost","sneckomod:SlitherStrike","Reprogram","sneckomod:CheapStock","sneckomod:UnknownRareAttack","sneckomod:UnknownRareSkill","sneckomod:UnknownRarePower","sneckomod:UnendingSupply"],"relics":["sneckomod:SneckoSoul","PreservedInsect","White Beast Statue","Juzu Bracelet","Ancient Tea Set","sneckomod:RareBoosterPack"],"acts_visited":["Exordium"],"potions_floor_usage":[14,16],"damage_taken":[{"damage":6,"enemies":"Cultist","floor":2,"turns":4},{"damage":2,"enemies":"2 Louse","floor":3,"turns":4},{"damage":0,"enemies":"downfall:FleeingMerchant","floor":4,"turns":4},{"damage":0,"enemies":"Small Slimes","floor":6,"turns":2},{"damage":20,"enemies":"3 Sentries","floor":8,"turns":6},{"damage":14,"enemies":"Lagavulin","floor":10,"turns":6},{"damage":9,"enemies":"Exordium Thugs","floor":12,"turns":3},{"damage":0,"enemies":"downfall:FleeingMerchant","floor":14,"turns":4},{"damage":4,"enemies":"Blue Slaver","floor":15,"turns":2},{"damage":35,"enemies":"DF_ARCHETYPE_STREAMLINE","floor":16,"turns":6}],"seed_played":"-6717049249408616134","potions_obtained":[{"floor":2,"key":"SneckoOil"},{"floor":6,"key":"AttackPotion"},{"floor":8,"key":"champ:CounterPotion"},{"floor":14,"key":"SkillPotion"}],"is_trial":false,"path_per_floor":["R","M","M","$","?","M","T","E","?","E","R","M","R","$","M","B"],"character_chosen":"THE_SNECKO","items_purchased":["PreservedInsect","sneckomod:MixItUp","sneckomod:RareBoosterPack"],"campfire_rested":0,"item_purchase_floors":[4,4,14],"current_hp_per_floor":[90,84,82,82,82,82,82,62,62,48,48,39,39,39,35,0,0,0],"gold":55,"neow_bonus":"HUNDRED_GOLD","is_daily":false,"chose_seed":false,"campfire_upgraded":1,"win_rate":0.0,"timestamp":1611407870,"path_taken":["R","M","M","?","?","?","T","E","?","E","R","M","R","$","M","BOSS"],"items_purchased_type":["Relic","Card","Relic"],"build_version":"2020-12-22","purchased_purges":0,"victory":false,"max_hp_per_floor":[90,90,90,90,90,90,90,90,90,90,90,90,90,90,90,90,90,90],"relic_stats":{"counters":[10,41],"PreservedInsect":124,"Juzu Bracelet":0,"obtain_stats":[{"PreservedInsect":4,"Juzu Bracelet":8,"sneckomod:SneckoSoul":0,"Ancient Tea Set":10,"sneckomod:RareBoosterPack":14,"White Beast Statue":7},{"PreservedInsect":3,"Juzu Bracelet":5,"sneckomod:SneckoSoul":0,"Ancient Tea Set":6,"sneckomod:RareBoosterPack":8,"White Beast Statue":4},{"PreservedInsect":12,"Juzu Bracelet":20,"sneckomod:SneckoSoul":0,"Ancient Tea Set":26,"sneckomod:RareBoosterPack":33,"White Beast Statue":14}]},"card_choices":[{"not_picked":["sneckomod:TrashToTreasure","sneckomod:SnekBeam"],"picked":"sneckomod:Unknown1Cost","floor":2},{"not_picked":["sneckomod:UnknownDraw","sneckomod:UnknownWeak"],"picked":"sneckomod:UnknownDexterity","floor":3},{"not_picked":["sneckomod:UnknownDraw","sneckomod:WideSting","sneckomod:QuickBite"],"picked":"SKIP","floor":4},{"not_picked":["sneckomod:UnknownBlock","sneckomod:SerpentIdol"],"picked":"sneckomod:UnknownDraw","floor":6},{"not_picked":["sneckomod:WideSting","sneckomod:IronFang"],"picked":"sneckomod:UnknownX","floor":8},{"not_picked":["sneckomod:UnlimitedRolls","sneckomod:UnknownCommonAttack","sneckomod:QuickMove"],"picked":"SKIP","floor":10},{"not_picked":["sneckomod:UnknownUncommonAttack","sneckomod:PureSnecko"],"picked":"sneckomod:SlitherStrike","floor":12},{"not_picked":["sneckomod:UnknownVulnerable","sneckomod:QuickBite"],"picked":"sneckomod:CheapStock","floor":14},{"not_picked":["sneckomod:RainOfDice","sneckomod:DiceCrush"],"picked":"sneckomod:UnendingSupply","floor":15}],"player_experience":120652,"relics_obtained":[{"floor":7,"key":"White Beast Statue"},{"floor":8,"key":"Juzu Bracelet"},{"floor":10,"key":"Ancient Tea Set"}],"event_choices":[],"is_beta":false,"boss_relics":[],"items_purged_floors":[],"is_endless":false,"potions_floor_spawned":[2,6,8,10,12,14,15],"killed_by":"DF_ARCHETYPE_STREAMLINE","ascension_level":1}}