{"host":"1mv6gj0zv8k9e9tz","time":1611427922,"event":{"mods":["AchievementEnabler","BaseMod","Better Third Choice","Colored Map","KOR Keyword Fix","Minty Spire (QoL Compilation)","Permanent Neow","Rare Cards Sparkle","StSLib"],"gold_per_floor":[118,118,118,129,142,142,185,185,208,237,237,257,280,297,297,384,393,419,419,175,225,254,254,283,312,335,344,344,364,264,282,282,365,365,386,415,434,384,405,405,415,447,472,472,509,29,29,49,49,49,49,49,49,49,83,83,83],"floor_reached":56,"language":"KOR","playtime":2570,"items_purged":["Strike_G","Decay","Strike_G"],"score":1951,"play_id":"94097c80-4426-4ee0-860c-4d111f0c569f","local_time":"20210124035202","is_ascension_mode":true,"campfire_choices":[{"data":"Hyperbeam","floor":6.0,"key":"SMITH"},{"data":"Crippling Poison","floor":8.0,"key":"SMITH"},{"data":"Noxious Fumes","floor":11.0,"key":"SMITH"},{"data":"Catalyst","floor":15.0,"key":"SMITH"},{"data":"Bullet Time","floor":23.0,"key":"SMITH"},{"data":"Bouncing Flask","floor":28.0,"key":"SMITH"},{"data":"Acrobatics","floor":32.0,"key":"SMITH"},{"data":"After Image","floor":40.0,"key":"SMITH"},{"floor":44.0,"key":"REST"},{"floor":49.0,"key":"RECALL"},{"data":"Footwork","floor":53.0,"key":"SMITH"}],"circlet_count":0,"master_deck":["AscendersBane","Strike_G","Strike_G","Strike_G","Defend_G","Defend_G","Defend_G","Defend_G","Defend_G","Survivor","Neutralize+1","Dagger Spray","Hyperbeam+1","Noxious Fumes+1","PiercingWail+1","Crippling Poison+1","Bouncing Flask+1","Bullet Time+1","Catalyst+1","Venomology","CurseOfTheBell","Deadly Poison","Acrobatics+1","PiercingWail","Deflect+1","Dodge and Roll+1","Leg Sweep","After Image+1","Dodge and Roll+1","Leg Sweep+1","Footwork+1","Bullet Time","Prepared","Catalyst","PiercingWail+1"],"relics":["Ring of the Snake","TungstenRod","CeramicFish","Art of War","Calling Bell","Anchor","Pantograph","Prayer Wheel","Snake Skull","Bag of Marbles","Runic Pyramid","HornCleat","Omamori","Lee\u0027s Waffle","Pen Nib"],"acts_visited":["Exordium","TheCity","TheBeyond","TheEnding"],"potions_floor_usage":[55,56,56],"damage_taken":[{"damage":1.0,"enemies":"Jaw Worm","floor":1.0,"turns":7.0},{"damage":3.0,"enemies":"Small Slimes","floor":4.0,"turns":4.0},{"damage":2.0,"enemies":"2 Louse","floor":5.0,"turns":3.0},{"damage":7.0,"enemies":"Lagavulin","floor":7.0,"turns":7.0},{"damage":0.0,"enemies":"Lots of Slimes","floor":10.0,"turns":1.0},{"damage":8.0,"enemies":"Blue Slaver","floor":12.0,"turns":3.0},{"damage":0.0,"enemies":"Exordium Thugs","floor":13.0,"turns":4.0},{"damage":0.0,"enemies":"2 Fungi Beasts","floor":14.0,"turns":1.0},{"damage":0.0,"enemies":"Slime Boss","floor":16.0,"turns":10.0},{"damage":0.0,"enemies":"3 Byrds","floor":18.0,"turns":3.0},{"damage":0.0,"enemies":"Spheric Guardian","floor":22.0,"turns":1.0},{"damage":0.0,"enemies":"Snake Plant","floor":24.0,"turns":2.0},{"damage":2.0,"enemies":"Sentry and Sphere","floor":25.0,"turns":4.0},{"damage":5.0,"enemies":"Snecko","floor":29.0,"turns":5.0},{"damage":5.0,"enemies":"Centurion and Healer","floor":31.0,"turns":5.0},{"damage":46.0,"enemies":"Collector","floor":33.0,"turns":5.0},{"damage":0.0,"enemies":"Orb Walker","floor":35.0,"turns":5.0},{"damage":2.0,"enemies":"3 Shapes","floor":36.0,"turns":7.0},{"damage":0.0,"enemies":"Writhing Mass","floor":37.0,"turns":5.0},{"damage":9.0,"enemies":"Maw","floor":39.0,"turns":8.0},{"damage":0.0,"enemies":"3 Darklings","floor":41.0,"turns":1.0},{"damage":77.0,"enemies":"Reptomancer","floor":42.0,"turns":6.0},{"damage":15.0,"enemies":"Nemesis","floor":45.0,"turns":7.0},{"damage":0.0,"enemies":"4 Shapes","floor":48.0,"turns":5.0},{"damage":72.0,"enemies":"Awakened One","floor":50.0,"turns":20.0},{"damage":19.0,"enemies":"Time Eater","floor":51.0,"turns":8.0},{"damage":21,"enemies":"Shield and Spear","floor":55,"turns":9},{"damage":47,"enemies":"The Heart","floor":56,"turns":5}],"seed_played":"-6123099984478722421","potions_obtained":[{"floor":1.0,"key":"Block Potion"},{"floor":4.0,"key":"BlessingOfTheForge"},{"floor":7.0,"key":"BlessingOfTheForge"},{"floor":10.0,"key":"GhostInAJar"},{"floor":18.0,"key":"DuplicationPotion"},{"floor":22.0,"key":"Poison Potion"},{"floor":24.0,"key":"DuplicationPotion"},{"floor":33.0,"key":"Regen Potion"},{"floor":35.0,"key":"Swift Potion"},{"floor":37.0,"key":"Weak Potion"},{"floor":42.0,"key":"Regen Potion"},{"floor":45.0,"key":"AttackPotion"}],"is_trial":false,"path_per_floor":["M","?","?","M","M","R","E","R","T","M","R","M","M","M","R","B",null,"M","?","$","?","M","R","M","M","T","?","R","M","$","M","R","B",null,"M","M","M","?","M","R","M","E","T","R","E","$","?","M","R","B","B",null,"R","$","E","B"],"character_chosen":"THE_SILENT","items_purchased":["Snake Skull","Catalyst","Lee\u0027s Waffle","FairyPotion"],"campfire_rested":1,"item_purchase_floors":[20,46,46,46],"current_hp_per_floor":[58,63,58,55,53,53,46,46,46,46,46,38,38,38,38,38,58,58,58,58,58,58,58,58,56,56,56,56,51,51,46,46,19,54,65,63,63,63,54,54,54,19,19,38,38,72,72,72,72,21,27,61,61,61,40,18,18],"gold":83,"neow_bonus":"ONE_RARE_RELIC","is_daily":false,"chose_seed":false,"campfire_upgraded":9,"win_rate":0.0,"timestamp":1611427922,"path_taken":["M","?","?","M","M","R","E","R","T","M","R","M","M","M","R","BOSS","M","?","$","?","M","R","?","M","T","?","R","M","$","?","R","BOSS","M","M","M","?","?","R","M","E","T","R","E","$","?","M","R","BOSS","BOSS","R","$","E","BOSS"],"items_purchased_type":["Relic","Card","Relic","Potion"],"build_version":"2020-12-22","purchased_purges":3,"victory":false,"max_hp_per_floor":[60,65,65,65,65,65,65,65,65,65,65,65,65,65,65,65,65,65,65,65,65,65,65,65,65,65,65,65,65,65,65,65,65,65,65,65,65,65,65,65,65,65,65,65,65,72,72,72,72,72,72,72,72,72,72,72,72],"card_choices":[{"not_picked":["Bane","Distraction"],"picked":"Dagger Spray","floor":1.0},{"not_picked":["Calculated Gamble","Outmaneuver"],"picked":"Noxious Fumes","floor":4.0},{"not_picked":["Quick Slash","Outmaneuver"],"picked":"PiercingWail","floor":5.0},{"not_picked":["Concentrate","Outmaneuver"],"picked":"Crippling Poison","floor":7.0},{"not_picked":["Dodge and Roll","Tactician"],"picked":"Bouncing Flask","floor":10.0},{"not_picked":["Eviscerate","Outmaneuver"],"picked":"Bullet Time","floor":12.0},{"not_picked":["Riddle With Holes","Deflect"],"picked":"Catalyst","floor":13.0},{"not_picked":["Dodge and Roll","Sucker Punch","Outmaneuver"],"picked":"SKIP","floor":14.0},{"not_picked":["Grand Finale","Storm of Steel"],"picked":"Venomology","floor":16.0},{"not_picked":["Sucker Punch","Deflect"],"picked":"Deadly Poison","floor":18.0},{"not_picked":["Poisoned Stab","Deadly Poison","Expertise"],"picked":"SKIP","floor":18.0},{"not_picked":["Poisoned Stab","Underhanded Strike"],"picked":"Acrobatics","floor":22.0},{"not_picked":["Flying Knee","Blade Dance"],"picked":"PiercingWail","floor":22.0},{"not_picked":["Riddle With Holes+1","Bouncing Flask"],"picked":"Deflect+1","floor":24.0},{"not_picked":["Sucker Punch","Tools of the Trade","Bane"],"picked":"SKIP","floor":24.0},{"not_picked":["Sucker Punch","Dagger Spray"],"picked":"Dodge and Roll+1","floor":25.0},{"not_picked":["Slice","Sucker Punch","Flying Knee"],"picked":"SKIP","floor":25.0},{"not_picked":["Setup","Skewer"],"picked":"Leg Sweep","floor":29.0},{"not_picked":["Sucker Punch","Die Die Die","Quick Slash"],"picked":"SKIP","floor":29.0},{"not_picked":["Underhanded Strike","Sucker Punch","Dagger Spray"],"picked":"SKIP","floor":31.0},{"not_picked":["Eviscerate","Slice","Acrobatics"],"picked":"SKIP","floor":31.0},{"not_picked":["Night Terror","Storm of Steel"],"picked":"After Image","floor":33.0},{"not_picked":["Dagger Throw","Bane"],"picked":"Dodge and Roll+1","floor":35.0},{"not_picked":["Deflect","All Out Attack","Underhanded Strike"],"picked":"SKIP","floor":35.0},{"not_picked":["Outmaneuver","Backflip"],"picked":"Leg Sweep+1","floor":36.0},{"not_picked":["Poisoned Stab","Quick Slash+1","Sucker Punch"],"picked":"SKIP","floor":36.0},{"not_picked":["Sucker Punch+1","Dagger Throw"],"picked":"Footwork","floor":37.0},{"not_picked":["Accuracy","Bane","Underhanded Strike"],"picked":"SKIP","floor":37.0},{"not_picked":["PiercingWail+1","Backflip"],"picked":"Bullet Time","floor":39.0},{"not_picked":["Well Laid Plans","Outmaneuver","All Out Attack+1"],"picked":"SKIP","floor":39.0},{"not_picked":["Outmaneuver","Dagger Spray+1","Deflect"],"picked":"SKIP","floor":41.0},{"not_picked":["Dagger Throw","Eviscerate","Backflip"],"picked":"SKIP","floor":41.0},{"not_picked":["Dagger Throw","Distraction","Dodge and Roll"],"picked":"SKIP","floor":42.0},{"not_picked":["Cloak And Dagger","Slice"],"picked":"Prepared","floor":45.0},{"not_picked":["Dodge and Roll+1","Bane"],"picked":"PiercingWail+1","floor":48.0},{"not_picked":["Unload","Dagger Spray","Bane+1"],"picked":"SKIP","floor":48.0},{"not_picked":["Escape Plan","Backflip","Sucker Punch+1"],"picked":"SKIP","floor":55}],"player_experience":555072,"relics_obtained":[{"floor":7.0,"key":"CeramicFish"},{"floor":9.0,"key":"Art of War"},{"floor":17.0,"key":"Anchor"},{"floor":17.0,"key":"Pantograph"},{"floor":17.0,"key":"Prayer Wheel"},{"floor":26.0,"key":"Bag of Marbles"},{"floor":42.0,"key":"HornCleat"},{"floor":45.0,"key":"Omamori"},{"floor":55,"key":"Pen Nib"}],"event_choices":[{"damage_healed":0.0,"max_hp_gain":5.0,"max_hp_loss":0.0,"gold_gain":0.0,"event_name":"Big Fish","player_choice":"Donut","floor":2.0,"gold_loss":0.0,"damage_taken":0.0},{"damage_healed":0.0,"max_hp_gain":0.0,"max_hp_loss":0.0,"gold_gain":0.0,"event_name":"betterThird:BetterScrap","player_choice":"Card ","floor":3.0,"gold_loss":0.0,"damage_taken":7.0,"cards_obtained":["Hyperbeam"]},{"damage_healed":0.0,"max_hp_gain":0.0,"max_hp_loss":0.0,"gold_gain":0.0,"event_name":"Cursed Tome","player_choice":"Ignored","floor":19.0,"gold_loss":0.0,"damage_taken":0.0},{"damage_healed":0.0,"max_hp_gain":0.0,"max_hp_loss":0.0,"gold_gain":50.0,"event_name":"Golden Shrine","player_choice":"Pray","floor":21.0,"gold_loss":0.0,"damage_taken":0.0},{"damage_healed":0.0,"max_hp_gain":0.0,"max_hp_loss":0.0,"gold_gain":0.0,"event_name":"Wheel of Change","player_choice":"Cursed","floor":27.0,"gold_loss":0.0,"damage_taken":0.0,"cards_obtained":["Decay"]},{"damage_healed":0.0,"max_hp_gain":0.0,"max_hp_loss":0.0,"gold_gain":0.0,"event_name":"Designer","player_choice":"Upgraded Two","floor":38.0,"gold_loss":50.0,"damage_taken":0.0,"cards_upgraded":["PiercingWail","Neutralize"]},{"damage_healed":0.0,"max_hp_gain":0.0,"max_hp_loss":0.0,"gold_gain":0.0,"event_name":"Mysterious Sphere","player_choice":"Ignored","floor":47.0,"gold_loss":0.0,"damage_taken":0.0}],"is_beta":false,"boss_relics":[{"not_picked":["Black Star","Runic Dome"],"picked":"Calling Bell"},{"not_picked":["Fusion Hammer","Sozu"],"picked":"Runic Pyramid"}],"items_purged_floors":[20,30,46],"is_endless":false,"potions_floor_spawned":[1,4,7,10,18,22,24,33,35,37,42,45],"killed_by":"The Heart","ascension_level":20}}