{"host":"s1wf75yrosf7qiiz","time":1611414303,"event":{"mods":["AchievementEnabler","BaseMod","Colored Map","Curses Come First","Minty Spire (QoL Compilation)","Shop Mod","StSLib","The Cursed"],"gold_per_floor":[114,114,900,675,690,690,705,705,705,720,735,735,765,780,780,880,880,895,397,397,397,23,53,53,83,83,83,540,555,885,900,900,1000,1000,1015,359,359,374,389,419,419,434,434,434,449,479,494,524,524,524],"floor_reached":51,"language":"POL","playtime":2156,"items_purged":["TheCursedMod:Strike_TheCursed","TheCursedMod:Defend_TheCursed","TheCursedMod:Defend_TheCursed","Normality"],"score":1245,"play_id":"eda200f8-655d-4829-913d-aa69497c3005","local_time":"20210123160503","daily_mods":["Cursed Run","Diverse","DeadlyEvents"],"is_ascension_mode":false,"campfire_choices":[{"data":"TheCursedMod:CleanUpWorkshop","floor":6,"key":"SMITH"},{"data":"Prepared","floor":8,"key":"SMITH"},{"data":"Tools of the Trade","floor":12,"key":"SMITH"},{"data":"TheCursedMod:CursedWand","floor":15,"key":"SMITH"},{"data":"TheCursedMod:DarkBarrier","floor":24,"key":"SMITH"},{"data":"J.A.X.","floor":27,"key":"SMITH"},{"data":"1","floor":32,"key":"LIFT"},{"data":"2","floor":41,"key":"LIFT"},{"data":"3","floor":44,"key":"LIFT"},{"data":"Pummel","floor":49,"key":"SMITH"}],"circlet_count":0,"master_deck":["TheCursedMod:Strike_TheCursed","TheCursedMod:Strike_TheCursed","TheCursedMod:Strike_TheCursed","TheCursedMod:Defend_TheCursed","TheCursedMod:CursedWand+1","TheCursedMod:CleanUpWorkshop+1","TheCursedMod:Dregs","Heavy Blade+1","Prepared+1","Decay","Acrobatics","Tools of the Trade+1","Prepared+1","TheCursedMod:Dregs","TheCursedMod:DarkBarrier+1","CurseOfTheBell","Beam Cell","Flash of Steel","Necronomicurse","J.A.X.+1","TheCursedMod:SpitefulPlan","TheCursedMod:CircleOfAmplification+1","Decay","Finesse+1","TheCursedMod:SurpriseAttack","Backstab","Warcry","TheCursedMod:CursedRelics","Pummel+1","JustLucky","Machine Learning+1","TheCursedMod:Dregs","Decay"],"relics":["Cursed Key","Darkstone Periapt","Du-Vu Doll","Chemical X","InkBottle","Turnip","Calling Bell","TheCursedMod:DemonicMark","Bag of Preparation","Pocketwatch","Mango","Necronomicon","Dead Branch","Oddly Smooth Stone","The Courier","Kunai","Pen Nib","Frozen Egg 2","Girya","Potion Belt","TheCursedMod:Tack","Gremlin Horn","Akabeko","Old Coin","Runic Dome","Singing Bowl","Mummified Hand","Toy Ornithopter","Peace Pipe","War Paint","Dream Catcher"],"acts_visited":["Exordium","TheCity","TheBeyond"],"potions_floor_usage":[13,13,13,16,16,50,50],"damage_taken":[{"damage":3,"enemies":"Jaw Worm","floor":1,"turns":4},{"damage":0,"enemies":"2 Louse","floor":5,"turns":2},{"damage":0,"enemies":"Cultist","floor":7,"turns":2},{"damage":1,"enemies":"Exordium Thugs","floor":10,"turns":3},{"damage":0,"enemies":"Exordium Wildlife","floor":11,"turns":2},{"damage":7,"enemies":"Lagavulin","floor":13,"turns":4},{"damage":0,"enemies":"3 Louse","floor":14,"turns":3},{"damage":38,"enemies":"Hexaghost","floor":16,"turns":9},{"damage":12,"enemies":"3 Byrds","floor":18,"turns":5},{"damage":4,"enemies":"Book of Stabbing","floor":23,"turns":3},{"damage":0,"enemies":"Gremlin Leader","floor":25,"turns":1},{"damage":3,"enemies":"Spheric Guardian","floor":29,"turns":1},{"damage":0,"enemies":"Slavers","floor":30,"turns":1},{"damage":0,"enemies":"Snake Plant","floor":31,"turns":1},{"damage":0,"enemies":"Automaton","floor":33,"turns":2},{"damage":8,"enemies":"3 Darklings","floor":35,"turns":3},{"damage":0,"enemies":"Orb Walker","floor":38,"turns":1},{"damage":0,"enemies":"Writhing Mass","floor":39,"turns":1},{"damage":0,"enemies":"Nemesis","floor":40,"turns":1},{"damage":4,"enemies":"Transient","floor":42,"turns":5},{"damage":3,"enemies":"4 Shapes","floor":45,"turns":1},{"damage":0,"enemies":"Giant Head","floor":46,"turns":1},{"damage":0,"enemies":"Jaw Worm Horde","floor":47,"turns":1},{"damage":0,"enemies":"Nemesis","floor":48,"turns":1},{"damage":6,"enemies":"Time Eater","floor":50,"turns":3}],"seed_played":"-4692305807027556167","potions_obtained":[{"floor":7,"key":"Fire Potion"},{"floor":11,"key":"EntropicBrew"},{"floor":13,"key":"BlessingOfTheForge"},{"floor":29,"key":"LiquidMemories"},{"floor":30,"key":"LiquidMemories"},{"floor":31,"key":"Ancient Potion"},{"floor":33,"key":"Strength Potion"},{"floor":35,"key":"SkillPotion"}],"is_trial":false,"path_per_floor":["M","?","?","$","M","R","M","R","T","M","M","R","E","M","R","B",null,"M","$","?","?","$","E","R","E","T","R","$","M","E","M","R","B",null,"M","$","?","M","M","E","R","M","T","R","M","E","M","E","R","B",null],"character_chosen":"THE_CURSED","items_purchased":["Chemical X","Mango","Flash of Steel","TheCursedMod:SpitefulPlan","Dead Branch","Finesse","Pen Nib","Frozen Egg 2","Girya","Potion Belt","TheCursedMod:Tack","Gremlin Horn","Akabeko","TheCursedMod:SurpriseAttack","Singing Bowl","Mummified Hand","JustLucky","Machine Learning+1"],"campfire_rested":0,"item_purchase_floors":[4,19,19,22,22,28,28,28,28,28,28,28,28,28,36,36,36,36],"current_hp_per_floor":[72,72,72,72,72,72,72,72,78,77,77,77,70,70,70,53,93,81,95,85,85,85,81,81,81,87,87,87,84,84,84,84,90,125,117,117,119,121,123,125,125,123,129,129,128,130,132,134,134,144],"gold":524,"neow_bonus":"","is_daily":true,"chose_seed":false,"campfire_upgraded":7,"win_rate":0.0,"timestamp":1611414303,"path_taken":["M","?","?","$","M","R","M","R","T","?","M","R","?","M","R","BOSS","M","$","?","?","$","?","R","E","T","R","?","?","?","?","R","BOSS","M","$","?","M","M","E","R","M","T","R","M","E","?","E","R","BOSS"],"items_purchased_type":["Relic","Relic","Card","Card","Relic","Card","Relic","Relic","Relic","Relic","Relic","Relic","Relic","Card","Relic","Relic","Card","Card"],"build_version":"2020-12-22","purchased_purges":4,"victory":true,"max_hp_per_floor":[75,75,75,75,75,75,75,75,81,81,81,81,81,81,81,87,93,93,107,113,113,113,113,113,113,119,119,119,119,119,119,119,125,125,125,125,127,129,131,133,133,135,141,141,143,145,147,149,149,155],"card_choices":[{"not_picked":["Sweeping Beam","Dagger Throw"],"picked":"Heavy Blade","floor":1},{"not_picked":["EmptyFist","TheCursedMod:RavingStaff"],"picked":"Prepared","floor":5},{"not_picked":["DeceiveReality","Reinforced Body","Finisher"],"picked":"SKIP","floor":7},{"not_picked":["Sweeping Beam","Tantrum"],"picked":"Acrobatics","floor":10},{"not_picked":["Body Slam","Auto Shields"],"picked":"Tools of the Trade","floor":11},{"not_picked":["TheCursedMod:BlessingInDisguise","Rampage","Dagger Throw"],"picked":"SKIP","floor":13},{"not_picked":["EmptyBody","Sucker Punch"],"picked":"Prepared","floor":14},{"not_picked":["Offering","TheCursedMod:StunningStrike"],"picked":"TheCursedMod:DarkBarrier","floor":16},{"not_picked":["Blood for Blood+1","Protect+1"],"picked":"Beam Cell","floor":18},{"not_picked":["Endless Agony","EmptyBody","Skewer"],"picked":"SKIP","floor":23},{"not_picked":["TheCursedMod:CollectTribute","Blizzard"],"picked":"TheCursedMod:CircleOfAmplification+1","floor":25},{"not_picked":["FlurryOfBlows","True Grit","Halt+1"],"picked":"SKIP","floor":29},{"not_picked":["Second Wind+1","Capacitor+1"],"picked":"Backstab","floor":30},{"not_picked":["Sucker Punch","Ball Lightning"],"picked":"Warcry","floor":31},{"not_picked":["Judgement","Omniscience"],"picked":"TheCursedMod:CursedRelics","floor":33},{"not_picked":["Dodge and Roll+1","Recycle"],"picked":"Pummel","floor":35},{"not_picked":["Dramatic Entrance","Trip","Enlightenment"],"picked":"Singing Bowl","floor":37},{"not_picked":["Cleave+1","TheCursedMod:CursedAmulet+1","InnerPeace"],"picked":"Singing Bowl","floor":38},{"not_picked":["Wireheading+1","TheCursedMod:Stigma","TheCursedMod:CursedBoomerang+1"],"picked":"Singing Bowl","floor":39},{"not_picked":["Leap","FlyingSleeves+1","Anger+1"],"picked":"Singing Bowl","floor":40},{"not_picked":["WaveOfTheHand","Swivel","Quick Slash+1"],"picked":"Singing Bowl","floor":42},{"not_picked":["Sweeping Beam","Hologram","Bane+1"],"picked":"Singing Bowl","floor":45},{"not_picked":["Anger+1","Rebound","CrushJoints"],"picked":"Singing Bowl","floor":46},{"not_picked":["TheCursedMod:TroublousMinions+1","Exhume","Cleave+1"],"picked":"Singing Bowl","floor":47},{"not_picked":["Tempest+1","Dagger Spray+1","ClearTheMind+1"],"picked":"Singing Bowl","floor":48}],"player_experience":50561,"relics_obtained":[{"floor":9,"key":"InkBottle"},{"floor":13,"key":"Turnip"},{"floor":17,"key":"TheCursedMod:DemonicMark"},{"floor":17,"key":"Bag of Preparation"},{"floor":17,"key":"Pocketwatch"},{"floor":20,"key":"Necronomicon"},{"floor":23,"key":"Oddly Smooth Stone"},{"floor":25,"key":"The Courier"},{"floor":26,"key":"Kunai"},{"floor":30,"key":"Old Coin"},{"floor":40,"key":"Toy Ornithopter"},{"floor":43,"key":"Peace Pipe"},{"floor":46,"key":"War Paint"},{"floor":48,"key":"Dream Catcher"}],"event_choices":[{"damage_healed":0,"gold_gain":0,"player_choice":"Grow","damage_taken":0,"max_hp_gain":0,"max_hp_loss":0,"event_name":"Living Wall","floor":2,"gold_loss":0,"cards_upgraded":["Heavy Blade"]},{"cards_removed":["TheCursedMod:Defend_TheCursed"],"damage_healed":0,"gold_gain":0,"player_choice":"Card Removal","damage_taken":0,"max_hp_gain":0,"max_hp_loss":0,"event_name":"The Cleric","floor":3,"gold_loss":50},{"damage_healed":0,"gold_gain":0,"player_choice":"Obtained Book","damage_taken":16,"max_hp_gain":0,"max_hp_loss":0,"event_name":"Cursed Tome","floor":20,"gold_loss":0},{"damage_healed":0,"gold_gain":0,"player_choice":"Obtain J.A.X.","damage_taken":0,"max_hp_gain":0,"max_hp_loss":0,"event_name":"Drug Dealer","floor":21,"gold_loss":0,"cards_obtained":["J.A.X."]},{"damage_healed":0,"gold_gain":0,"player_choice":"Memory 1","damage_taken":0,"max_hp_gain":0,"max_hp_loss":0,"event_name":"SensoryStone","floor":37,"gold_loss":0}],"is_beta":false,"boss_relics":[{"not_picked":["SacredBark","SlaversCollar"],"picked":"Calling Bell"},{"not_picked":["Velvet Choker","Busted Crown"],"picked":"Runic Dome"}],"items_purged_floors":[4,19,28,36],"is_endless":false,"potions_floor_spawned":[7,11,13,29,30,31,33,35,38,45],"ascension_level":0}}