{"host":"jumrmhf584hajrnz","time":1611420213,"event":{"mods":["BaseMod","Duelist Mod","GifTheSpireLib","Minty Spire (QoL Compilation)","Quick Restart","Replay The Spire","StSLib"],"gold_per_floor":[139,139,139,151,151,151,185,185,185,185,185,185,202,213,213,289,289,289,289],"floor_reached":18,"language":"ENG","playtime":1143,"items_purged":[],"score":316,"play_id":"1303f00c-219d-4fc2-8f86-9a5d3ea3e2a7","local_time":"20210123174333","is_ascension_mode":true,"campfire_choices":[{"floor":6,"key":"REST"},{"floor":8,"key":"REST"},{"floor":11,"key":"REST"}],"circlet_count":0,"master_deck":["AscendersBane","theDuelist:CastleWalls+1","theDuelist:CastleWalls","theDuelist:DarkMagician+1","theDuelist:MysticalElf","theDuelist:MysticalElf","theDuelist:NeoMagic","theDuelist:NeoMagic","theDuelist:Sparks+1","theDuelist:Sparks+1","theDuelist:Sparks","ReplayUltimateDefense","theDuelist:MindAir","theDuelist:AncientElf","theDuelist:Nameless:Power:BerserkerCrush","theDuelist:WhiteMagicalHat","theDuelist:InjectionFairy","theDuelist:InjectionFairy","theDuelist:IceQueen"],"relics":["theDuelist:MillenniumPuzzle","theDuelist:CardPoolRelic","theDuelist:CardPoolBasicRelic","theDuelist:BoosterPackPoolRelic","theDuelist:CardPoolAddRelic","theDuelist:CardPoolMinusRelic","theDuelist:CardPoolSaveRelic","theDuelist:CardPoolOptionsRelic","theDuelist:NamelessWarRelicA","WingedGreaves","theDuelist:ElectricKey"],"acts_visited":["Exordium","TheCity"],"potions_floor_usage":[],"damage_taken":[{"damage":0,"enemies":"Small Slimes","floor":1,"turns":3},{"damage":1,"enemies":"2 Louse","floor":4,"turns":3},{"damage":37,"enemies":"3 Sentries","floor":7,"turns":15},{"damage":0,"enemies":"Cultist","floor":13,"turns":3},{"damage":1,"enemies":"Gremlin Gang","floor":14,"turns":5},{"damage":33,"enemies":"The Guardian","floor":16,"turns":15},{"damage":10,"enemies":"Shell Parasite","floor":18,"turns":4}],"seed_played":"-2229439189724398233","potions_obtained":[{"floor":1,"key":"Dexterity Potion"},{"floor":16,"key":"Toxic Potion"}],"is_trial":false,"path_per_floor":["M","$","?","M","?","R","E","R","T","?","R","?","M","M","R","B",null,"M"],"character_chosen":"THE_DUELIST","items_purchased":[],"campfire_rested":3,"item_purchase_floors":[],"current_hp_per_floor":[45,45,45,44,42,65,28,51,51,27,50,50,50,53,76,79,79,75,75],"gold":289,"neow_bonus":"RANDOM_COLORLESS_2","is_daily":false,"chose_seed":false,"campfire_upgraded":0,"win_rate":0.0,"timestamp":1611420213,"path_taken":["M","$","?","M","?","R","E","R","T","?","R","?","?","M","R","BOSS","M"],"items_purchased_type":[],"build_version":"2020-12-22","purchased_purges":0,"victory":false,"max_hp_per_floor":[70,70,70,70,79,79,79,79,79,79,79,79,79,79,79,79,79,79,79],"card_choices":[{"not_picked":["Mayhem","Crow Ritual"],"picked":"ReplayUltimateDefense","floor":0},{"not_picked":["theDuelist:GoblinSecret","theDuelist:TimeWizard","theDuelist:BadReaction"],"picked":"theDuelist:MindAir","floor":1},{"not_picked":["theDuelist:BlizzardWarrior","theDuelist:ThousandEyesIdol","theDuelist:PowerKaishin","theDuelist:ContractExodia"],"picked":"theDuelist:AncientElf","floor":4},{"not_picked":["theDuelist:BlizzardWarrior","theDuelist:DarkMagician","theDuelist:Mudballman","theDuelist:AncientElf"],"picked":"theDuelist:WhiteMagicalHat","floor":7},{"not_picked":["theDuelist:SpellShatteringArrow","theDuelist:SangaThunder","theDuelist:NeoMagic","theDuelist:GuardianAngel"],"picked":"theDuelist:InjectionFairy","floor":13},{"not_picked":["theDuelist:SpellShatteringArrow","theDuelist:BlizzardWarrior","theDuelist:DarkMagician","theDuelist:LegendaryExodia"],"picked":"theDuelist:InjectionFairy","floor":14},{"not_picked":["theDuelist:ExodiaNecross","theDuelist:ExodiaHead","theDuelist:RainbowDarkDragon","theDuelist:QueenDragunDjinn"],"picked":"theDuelist:IceQueen","floor":16}],"player_experience":1495302,"relics_obtained":[{"floor":7,"key":"WingedGreaves"}],"event_choices":[{"power_reward":4,"total_magic_score":19,"gold_gain":0,"duelist":true,"damage_taken":11,"relics_obtained":["theDuelist:NamelessWarRelicA"],"points":9,"war_reward":1,"max_hp_gain":9,"max_hp_loss":0,"spent_points":{"magic":0,"greed":0,"war":1,"power":4,"hunger":4},"event_name":"Nameless Tomb","hunger_reward":4,"floor":5,"gold_loss":0,"cards_obtained":["theDuelist:Nameless:Power:BerserkerCrush"]},{"damage_healed":0,"gold_gain":0,"player_choice":"Entered Light","damage_taken":24,"max_hp_gain":0,"max_hp_loss":0,"event_name":"Shining Light","floor":10,"gold_loss":0,"cards_upgraded":["theDuelist:Sparks","theDuelist:CastleWalls"]},{"damage_healed":0,"gold_gain":0,"player_choice":"Leave","duelist":true,"damage_taken":0,"max_hp_gain":0,"max_hp_loss":0,"event_name":"Visit from Anubis","floor":12,"gold_loss":0}],"is_beta":false,"boss_relics":[{"not_picked":["Painkiller Herb","theDuelist:HauntedRelic"],"picked":"theDuelist:ElectricKey"}],"items_purged_floors":[],"is_endless":false,"potions_floor_spawned":[1,16],"killed_by":"Shell Parasite","ascension_level":20}}