{"host":"qy1e0kd24tpj3i2m","time":1611430625,"event":{"mods":["Act Like it!","Alarm Clock","BaseMod","Better Skull","Better Vampires","Colored Map","Colored Powertips","Custom Start","Faster Ascension Climbing","Friendly Minions","GifTheSpireLib","Gremlin Skip","Highlight Path","Minty Spire (QoL Compilation)","Permanent Neow","Poor People Problems","Quick Restart","Red Circlet Mod","Relic Sorter","Reorder Act Four","SacredBarkPlus","Shop Mod","StSLib","SuperFastMode","Transform Curses","没有小屋子和绿帽子啦"],"gold_per_floor":[110,160,175,100,113,113,38,38,38,38,66,141,41,56,56,131,131,149,149,149,149],"floor_reached":20,"language":"ZHS","playtime":414,"items_purged":["Bash","Strike_R"],"score":340,"play_id":"0a7fa30a-ecdc-474d-9f15-714b4383b9ca","local_time":"20210124043705","is_ascension_mode":true,"campfire_choices":[{"data":"Rampage","floor":6.0,"key":"SMITH"},{"data":"Metallicize","floor":8.0,"key":"SMITH"},{"data":"Wild Strike","floor":10.0,"key":"SMITH"},{"floor":15.0,"key":"RECALL"}],"circlet_count":0,"master_deck":["AscendersBane","Strike_R","Strike_R","Strike_R","Defend_R","Defend_R","Defend_R","Defend_R","Wild Strike+1","Rampage+1","Metallicize+1","True Grit+1","Barricade","Shrug It Off+1"],"relics":["Black Blood","Vajra","Toxic Egg 2","Boot"],"acts_visited":["Exordium","TheCity"],"potions_floor_usage":[],"damage_taken":[{"damage":2.0,"enemies":"Small Slimes","floor":1.0,"turns":4.0},{"damage":1.0,"enemies":"Cultist","floor":3.0,"turns":3.0},{"damage":2.0,"enemies":"Jaw Worm","floor":5.0,"turns":3.0},{"damage":20.0,"enemies":"Gremlin Nob","floor":11.0,"turns":4.0},{"damage":6.0,"enemies":"3 Louse","floor":14.0,"turns":5.0},{"damage":35.0,"enemies":"Hexaghost","floor":16.0,"turns":13.0},{"damage":35.0,"enemies":"Spheric Guardian","floor":18.0,"turns":8.0},{"damage":0,"enemies":"2 Thieves","floor":20,"turns":1}],"seed_played":"-2652323019676448341","potions_obtained":[{"floor":5.0,"key":"Ancient Potion"},{"floor":11.0,"key":"PowerPotion"},{"floor":16.0,"key":"Swift Potion"},{"floor":19.0,"key":"Energy Potion"}],"is_trial":false,"path_per_floor":["M","?","M","$","M","R","?","R","T","R","E","?","$","M","R","B",null,"M","?","M"],"character_chosen":"IRONCLAD","items_purchased":[],"campfire_rested":0,"item_purchase_floors":[],"current_hp_per_floor":[72,65,70,70,74,74,74,74,74,74,60,49,49,49,49,20,61,38,38,38,38],"gold":149,"neow_bonus":"RANDOM_COMMON_RELIC","is_daily":false,"chose_seed":false,"campfire_upgraded":3,"win_rate":0.0,"timestamp":1611430625,"path_taken":["M","?","?","$","M","R","?","R","T","R","E","?","$","M","R","BOSS","M","?","?"],"items_purchased_type":[],"build_version":"2020-12-22","purchased_purges":2,"victory":false,"max_hp_per_floor":[75,75,75,75,75,75,75,75,75,75,75,75,75,75,75,75,75,75,75,75,75],"card_choices":[{"not_picked":["Clothesline","Havoc"],"picked":"Wild Strike","floor":1.0},{"not_picked":["Twin Strike","Shrug It Off"],"picked":"Rampage","floor":3.0},{"not_picked":["Clothesline","Burning Pact"],"picked":"Metallicize","floor":5.0},{"not_picked":["Combust","Havoc+1","Clash"],"picked":"SKIP","floor":11.0},{"not_picked":["Shrug It Off+1","Dark Embrace"],"picked":"True Grit+1","floor":14.0},{"not_picked":["Exhume+1","Reaper"],"picked":"Barricade","floor":16.0},{"not_picked":["Clothesline","Sword Boomerang"],"picked":"Shrug It Off+1","floor":18.0}],"player_experience":923070,"relics_obtained":[{"floor":9.0,"key":"Toxic Egg 2"},{"floor":11.0,"key":"Boot"}],"event_choices":[{"damage_healed":0.0,"max_hp_gain":0.0,"max_hp_loss":0.0,"gold_gain":50.0,"event_name":"FaceTrader","player_choice":"Touch","floor":2.0,"gold_loss":0.0,"damage_taken":7.0},{"cards_removed":["Strike_R"],"damage_healed":0.0,"max_hp_gain":0.0,"max_hp_loss":0.0,"gold_gain":0.0,"event_name":"The Cleric","player_choice":"Card Removal","floor":7.0,"gold_loss":75.0,"damage_taken":0.0},{"damage_healed":0.0,"max_hp_gain":0.0,"max_hp_loss":0.0,"gold_gain":75.0,"event_name":"World of Goop","player_choice":"Gather Gold","floor":12.0,"gold_loss":0.0,"damage_taken":11.0},{"damage_healed":0.0,"max_hp_gain":0.0,"max_hp_loss":0.0,"gold_gain":0.0,"event_name":"Lab","player_choice":"Got Potions","floor":19.0,"gold_loss":0.0,"damage_taken":0.0}],"is_beta":false,"boss_relics":[{"not_picked":["Cursed Key","SacredBark"],"picked":"Black Blood"}],"items_purged_floors":[4,13],"is_endless":false,"potions_floor_spawned":[5,11,16],"killed_by":"2 Thieves","ascension_level":20}}