{"host":"lsq35p0sdkx2xifo","time":1611408504,"event":{"mods":["AchievementEnabler","BaseMod","Highlight Path","Minty Spire (QoL Compilation)","StSLib","The Senshi"],"gold_per_floor":[116,128,128,141,66,66,99,11,11,11,40,52,28,38,38,116,116,127,141,141,141],"floor_reached":20,"language":"ENG","playtime":1281,"items_purged":[],"score":368,"play_id":"72f45d6e-6dd8-4834-acf9-88737e778dc3","local_time":"20210123052824","is_ascension_mode":true,"campfire_choices":[{"data":"Anger","floor":6,"key":"SMITH"},{"data":"Body Slam","floor":10,"key":"SMITH"},{"floor":15,"key":"REST"}],"circlet_count":0,"master_deck":["AscendersBane","Strike_R","Strike_R","Strike_R","Strike_R","Defend_R","Defend_R","Defend_R","Defend_R","Bash+1","Heavy Blade","Anger+1","Body Slam+1","Evolve","Offering","Cleave","Seeing Red","Berserk","CurseOfTheBell","Flex","Headbutt"],"relics":["Burning Blood","Magic Flower","Du-Vu Doll","Bronze Scales","Calling Bell","Blue Candle","Strawberry"],"acts_visited":["Exordium","TheCity"],"potions_floor_usage":[4,7,16,16],"damage_taken":[{"damage":4,"enemies":"Small Slimes","floor":1,"turns":4},{"damage":9,"enemies":"Jaw Worm","floor":2,"turns":5},{"damage":0,"enemies":"2 Louse","floor":4,"turns":3},{"damage":29,"enemies":"3 Sentries","floor":7,"turns":12},{"damage":35,"enemies":"Lagavulin","floor":11,"turns":5},{"damage":12,"enemies":"Looter","floor":12,"turns":2},{"damage":6,"enemies":"2 Fungi Beasts","floor":14,"turns":2},{"damage":17,"enemies":"Slime Boss","floor":16,"turns":9},{"damage":30,"enemies":"2 Thieves","floor":18,"turns":4},{"damage":26,"enemies":"Chosen","floor":19,"turns":5},{"damage":38,"enemies":"Snake Plant","floor":20,"turns":3}],"seed_played":"-7953960464151047535","potions_obtained":[{"floor":0,"key":"HeartOfIron"},{"floor":0,"key":"Block Potion"},{"floor":11,"key":"EssenceOfSteel"},{"floor":14,"key":"FearPotion"},{"floor":19,"key":"BlessingOfTheForge"}],"is_trial":false,"path_per_floor":["M","M","?","M","?","R","E","$","T","R","E","M","$","M","R","B",null,"M","M","M"],"character_chosen":"IRONCLAD","items_purchased":["Evolve","Cleave"],"campfire_rested":1,"item_purchase_floors":[8,13],"current_hp_per_floor":[70,67,67,73,73,73,50,50,50,50,24,21,21,24,46,38,73,52,35,0,0],"gold":141,"neow_bonus":"THREE_SMALL_POTIONS","is_daily":false,"chose_seed":false,"campfire_upgraded":2,"win_rate":0.0,"timestamp":1611408504,"path_taken":["M","M","?","M","?","R","E","?","T","R","E","M","$","?","R","BOSS","M","M","M"],"items_purchased_type":["Card","Card"],"build_version":"2020-12-22","purchased_purges":0,"victory":false,"max_hp_per_floor":[75,75,75,75,75,75,75,75,75,75,75,75,75,75,75,75,82,82,82,82,82],"card_choices":[{"not_picked":["Havoc","Dual Wield","True Grit"],"picked":"SKIP","floor":1},{"not_picked":["Searing Blow","Sword Boomerang"],"picked":"Heavy Blade","floor":2},{"not_picked":["Clothesline","Sword Boomerang"],"picked":"Anger","floor":4},{"not_picked":["Entrench","Dark Embrace"],"picked":"Body Slam","floor":7},{"not_picked":["Clash","Warcry","Combust"],"picked":"SKIP","floor":11},{"not_picked":["Anger","Heavy Blade"],"picked":"Offering","floor":12},{"not_picked":["Heavy Blade","Twin Strike"],"picked":"Seeing Red","floor":14},{"not_picked":["Barricade","Offering"],"picked":"Berserk","floor":16},{"not_picked":["Entrench","Wild Strike"],"picked":"Flex","floor":18},{"not_picked":["Clash","Pommel Strike"],"picked":"Headbutt","floor":19}],"player_experience":1366158,"relics_obtained":[{"floor":7,"key":"Magic Flower"},{"floor":9,"key":"Du-Vu Doll"},{"floor":11,"key":"Bronze Scales"},{"floor":17,"key":"Blue Candle"},{"floor":17,"key":"Strawberry"}],"event_choices":[{"damage_healed":0,"gold_gain":0,"player_choice":"Grow","damage_taken":0,"max_hp_gain":0,"max_hp_loss":0,"event_name":"Living Wall","floor":3,"gold_loss":0,"cards_upgraded":["Bash"]},{"cards_removed":["Strike_R"],"damage_healed":0,"gold_gain":0,"player_choice":"Card Removal","damage_taken":0,"max_hp_gain":0,"max_hp_loss":0,"event_name":"The Cleric","floor":5,"gold_loss":75}],"is_beta":false,"boss_relics":[{"not_picked":["Velvet Choker","Fusion Hammer"],"picked":"Calling Bell"}],"items_purged_floors":[],"is_endless":false,"potions_floor_spawned":[1,11,14,19],"killed_by":"Snake Plant","ascension_level":20}}