{"host":"rn4c402gwd40h2z6","time":1611409157,"event":{"mods":["100% Spire Juice","Act Like it!","Arknights The Spire","BaseMod","CapriCore","Challenge The Spire","Data Control","Downfall","Gensokyo","Good Game Mod","KinomotoSakuraMod(Ä¾Ö®±¾Ó£)","Koishi","Lobotomy","LobotomyExtend","Luminous","Marisa£¨ìFÓê¡¡Ä§ÀíÉ³£©","Minty Spire (QoL Compilation)","Pale of the Ancients","Quick Restart","Reimu£¨²©ÀöÁéÃÎ£©","Remilia£¨ÀÙÃ×ÀòÑÇ£©","Replay The Spire","RumiaBox-Â¶Ã×æ«µÄÉñÃØºÐ×Ó","StSLib","Td1madao Mod","The Alterego","The Bug Knight","The Cursed","The Hierophant","The Immortal","The Poker Player","The Saiyan","The Senshi","Yakumo Yukari mod","Youmu£¨»êÆÇÑýÃÎ£©","Yuyuko","vexMod","¡¾¹¦ÄÜMod¡¿»ìãçÖ®»·ÐÞ¸´²¹¶¡"],"gold_per_floor":[99,10010,10017,9999,10010,10031,9999,9999,10013,10018,10012,9999,10017,9999,10017,9999,9999,9999,9999,10019,9999,10017,9999,10026,9999,10014,9999,9999,10017,9999,9999,9999,9999,9999,9999,9999,9999,9999,9999,9999,9999,9999],"floor_reached":43,"language":"ZHS","playtime":2672,"items_purged":["hexamod:Strike","hexamod:Strike","hexamod:Strike","hexamod:Sear","Greed_TH"],"score":1428,"play_id":"dde46603-e337-48fc-ba7a-79f20b481d8f","local_time":"20210123213916","is_ascension_mode":false,"campfire_choices":[{"floor":1,"key":"RECALL"},{"data":"hexamod:SpectersWail","floor":8,"key":"SMITH"},{"data":"hexamod:SpectersWail","floor":18,"key":"SMITH"},{"data":"hexamod:Defend","floor":27,"key":"SMITH"},{"floor":35,"key":"DIG"},{"data":"hexamod:Toasty","floor":40,"key":"SMITH"}],"circlet_count":0,"master_deck":["hexamod:Float+1","bronze:HardenedForm","hexamod:AdvancingGuard","hexamod:SpectersWail+1","hexamod:HeatCrush","hexamod:GhostLash","hexamod:Haunt","hexamod:Toasty+1","hexamod:Hexaguard","hexamod:HeatCrush","expansioncontent:HyperBeam","hexamod:DynamicBlow","hexamod:SpectersWail+1","expansioncontent:AwakenDeath+1","hexamod:NightmareStrike","hexamod:ShieldOfDarkness","hexamod:GhostLash","Pod Laser","hexamod:ThermalTransfer+1","hexamod:GhostLash+1","hexamod:NightmareStrike+1","hexamod:PhantomFireball","hexamod:SpectralAdrenaline","hexamod:FlameSwitch","hexamod:FourthSeal","octo:OctoEmpower","hexamod:SpectersWail+1","expansioncontent:PolyBeam"],"relics":["hexamod:SpiritBrand","REME:ComplimentaryCards","LetterFromLob","Toy Ornithopter","Ice Cream","downfall:HeartBlessingRed","downfall:HeartBlessingGreen","downfall:HeartBlessingBlue","Tea:ReiMu","Quantum Egg","DollysMirror","ScarletDevilRocket","Nunchaku","HandDrill","Replay:Grab Bag","vexMod:FluxCapacitor","Sozu","AddBug","REME:ComplimentaryCards","ReplayFunnel","Ornamental Fan","Guardian:BottledAnomaly","PreservedInsect","HollowMod:PaleOreRelic","bronze:DecasWashers","vexMod:Spyglass","REME:ComplimentaryCards","Pandora\u0027s Box","Guardian:GemstoneGun","theSenshi:FeatherClipsRelic","hexamod:MatchstickCase","Medical Kit","BranchBurnRelic"],"acts_visited":["Exordium","TheCity","TheBeyond","TheEnding"],"potions_floor_usage":[5],"damage_taken":[{"damage":2,"enemies":"Small Slimes","floor":2,"turns":3},{"damage":0,"enemies":"Jaw Worm","floor":3,"turns":4},{"damage":0,"enemies":"Cultist","floor":5,"turns":3},{"damage":0,"enemies":"HollowMod:MossKnight","floor":6,"turns":7},{"damage":5,"enemies":"Exordium Thugs","floor":9,"turns":2},{"damage":0,"enemies":"Red Slaver","floor":10,"turns":2},{"damage":0,"enemies":"Large Slime","floor":11,"turns":2},{"damage":0,"enemies":"downfall:FleeingMerchant","floor":12,"turns":4},{"damage":0,"enemies":"Exordium Thugs","floor":13,"turns":3},{"damage":4,"enemies":"downfall:FleeingMerchant","floor":14,"turns":4},{"damage":0,"enemies":"Large Slime","floor":15,"turns":1},{"damage":11,"enemies":"IC_STATUS_ARCHETYPE","floor":16,"turns":4},{"damage":11,"enemies":"3 Byrds","floor":20,"turns":4},{"damage":0,"enemies":"Shell Parasite","floor":22,"turns":2},{"damage":0,"enemies":"Snake Plant","floor":26,"turns":2},{"damage":0,"enemies":"Centurion and Healer","floor":29,"turns":3},{"damage":0,"enemies":"Sentry and Sphere","floor":31,"turns":3},{"damage":0,"enemies":"Chosen and Byrds","floor":32,"turns":2},{"damage":0,"enemies":"WA_ARCHETYPE_CALM","floor":33,"turns":4},{"damage":0,"enemies":"SI_POISON_ARCHETYPE","floor":36,"turns":5},{"damage":0,"enemies":"downfall:CharBossMerchant","floor":38,"turns":1},{"damage":0,"enemies":"downfall:NeowBoss","floor":41,"turns":3},{"damage":0,"enemies":"downfall:NeowBossFinal","floor":42,"turns":3}],"seed_played":"7246338537272214238","potions_obtained":[{"floor":3,"key":"GamblersBrew"},{"floor":4,"key":"Milkshake"},{"floor":10,"key":"Fire Potion"},{"floor":11,"key":"Ancient Potion"}],"is_trial":false,"path_per_floor":["R","M","M","?","M","E","T","R","M","M","M","$","M","$","M","B",null,"R","M","M","?","M","$","T","?","M","R","$","M","?","M","M","B",null,"R","B",null,"E","$","R","B","B",null],"character_chosen":"THE_SPIRIT","items_purchased":["Tea:ReiMu","Quantum Egg","DollysMirror","expansioncontent:HyperBeam","hexamod:DynamicBlow","ScarletDevilRocket","Nunchaku","HandDrill","expansioncontent:AwakenDeath","hexamod:NightmareStrike","hexamod:ShieldOfDarkness","ReplayFunnel","Ornamental Fan","Guardian:BottledAnomaly","HollowMod:PaleOreRelic","bronze:DecasWashers","vexMod:Spyglass","hexamod:GhostLash+1","hexamod:MatchstickCase","Dead Branch","Medical Kit","expansioncontent:PolyBeam"],"campfire_rested":0,"item_purchase_floors":[12,12,12,12,12,14,14,14,14,14,14,23,23,23,28,28,28,28,39,39,39,39],"current_hp_per_floor":[77,75,75,45,50,50,50,60,55,55,55,55,55,51,51,40,87,87,87,76,76,76,76,76,68,68,68,68,68,68,68,68,68,87,87,87,87,87,62,62,77,83],"gold":9999,"neow_bonus":"TEN_PERCENT_HP_BONUS","is_daily":false,"chose_seed":false,"campfire_upgraded":4,"win_rate":0.0,"timestamp":1611409156,"path_taken":["R","M","M","?","M","E","T","R","M","M","M","$","M","$","M","BOSS","R","M","M","?","?","$","T","?","M","R","?","M","?","M","M","BOSS","R","BOSS","E","$","R","BOSS","BOSS"],"items_purchased_type":["Relic","Relic","Relic","Card","Card","Relic","Relic","Relic","Card","Card","Card","Relic","Relic","Relic","Relic","Relic","Relic","Card","Relic","Relic","Relic","Card"],"build_version":"2020-12-22","purchased_purges":5,"victory":true,"max_hp_per_floor":[77,77,77,77,77,77,77,87,87,87,87,87,87,87,87,87,87,87,87,87,87,87,87,87,87,87,87,87,87,87,87,87,87,87,87,87,87,87,87,87,87,87],"card_choices":[{"not_picked":["hexamod:PhantomCloak","hexamod:GhostShield"],"picked":"hexamod:AdvancingGuard","floor":2},{"not_picked":["hexamod:HauntingEcho","hexamod:FlamesFromBeyond"],"picked":"hexamod:SpectersWail","floor":3},{"not_picked":["hexamod:EmpoweredFlame","hexamod:SwordOfDarkness"],"picked":"hexamod:HeatCrush","floor":4},{"not_picked":["hexamod:ParanormalForm","hexamod:ChargedBarrage"],"picked":"hexamod:GhostLash","floor":4},{"not_picked":["hexamod:InspiringFlames","hexamod:RadiantFlame"],"picked":"hexamod:Haunt","floor":5},{"not_picked":["hexamod:BurningTouch","hexamod:HeatMetal"],"picked":"hexamod:Toasty","floor":6},{"not_picked":["hexamod:FastForward","hexamod:BurningTouch"],"picked":"hexamod:Hexaguard","floor":9},{"not_picked":["hexamod:HauntingEcho","hexamod:RecurringNightmare","hexamod:ThirdSeal"],"picked":"SKIP","floor":10},{"not_picked":["hexamod:ThermalTransfer","hexamod:HauntingEcho","hexamod:GhostOfSpireFuture"],"picked":"SKIP","floor":11},{"not_picked":["hexamod:GhostShield","hexamod:StepThrough","hexamod:RecurringNightmare"],"picked":"SKIP","floor":12},{"not_picked":["hexamod:GhostOfSpireFuture","hexamod:EtherealExpedition"],"picked":"hexamod:SpectersWail","floor":13},{"not_picked":["hexamod:SpectralSpark","hexamod:Incineration","hexamod:RadiantFlame"],"picked":"SKIP","floor":14},{"not_picked":["hexamod:FirstSeal","hexamod:ApocalypseNow"],"picked":"hexamod:GhostLash","floor":15},{"not_picked":["hexamod:HauntingEcho","hexamod:GhostShield","hexamod:FlamesFromBeyond+1"],"picked":"SKIP","floor":20},{"not_picked":["hexamod:HauntingEcho","hexamod:GhostShield","hexamod:FlamesFromBeyond+1"],"picked":"SKIP","floor":20},{"not_picked":["hexamod:SwordOfDarkness","hexamod:AdvancingGuard","hexamod:GiftsFromTheDead"],"picked":"SKIP","floor":22},{"not_picked":["hexamod:FirstSeal","hexamod:NecessarySacrifice+1"],"picked":"hexamod:ThermalTransfer+1","floor":26},{"not_picked":["hexamod:HeatMetal","hexamod:RecurringNightmare+1","hexamod:HeatShield"],"picked":"SKIP","floor":29},{"not_picked":["hexamod:Firestarter","hexamod:EmpoweredFlame","hexamod:FlamesFromBeyond"],"picked":"SKIP","floor":31},{"not_picked":["hexamod:HeatMetal","hexamod:SpectralAdrenaline"],"picked":"hexamod:NightmareStrike+1","floor":32},{"not_picked":["hexamod:HeatMetal+1","hexamod:InspiringFlames"],"picked":"hexamod:SpectersWail+1","floor":38}],"player_experience":36372,"relics_obtained":[{"floor":2,"key":"LetterFromLob"},{"floor":4,"key":"Toy Ornithopter"},{"floor":6,"key":"Ice Cream"},{"floor":20,"key":"REME:ComplimentaryCards"},{"floor":24,"key":"PreservedInsect"},{"floor":32,"key":"REME:ComplimentaryCards"},{"floor":35,"key":"Guardian:GemstoneGun"},{"floor":38,"key":"theSenshi:FeatherClipsRelic"}],"event_choices":[{"damage_healed":0,"gold_gain":0,"player_choice":"Got Potions","damage_taken":0,"max_hp_gain":0,"max_hp_loss":0,"event_name":"Lab","floor":21,"gold_loss":0}],"is_beta":false,"boss_relics":[{"not_picked":["vexMod:BigBerry","ReplayTheSpireMod:DimensionalGlitch"],"picked":"Replay:Grab Bag"},{"not_picked":["vexMod:TanglingVine","hexamod:IceCube"],"picked":"vexMod:FluxCapacitor"},{"not_picked":["Velvet Choker","Coffee Dripper"],"picked":"Sozu"},{"not_picked":["Ring of Chaos","SacredBark"],"picked":"AddBug"},{"not_picked":["Replay:Wanted Poster","Replay:Drink Me"],"picked":"Pandora\u0027s Box"}],"items_purged_floors":[12,14,23,28,39],"is_endless":false,"potions_floor_spawned":[3,10,11,13,15,16,26,31,32,33],"ascension_level":0}}