{"host":"szzymzkf8nw8othj","time":1611375626,"event":{"mods":["AchievementEnabler","BaseMod","Downfall","Minty Spire (QoL Compilation)","Replay The Spire","StSLib","The Animator"],"gold_per_floor":[99,110,210,144,158,58,58,73,89,189,224,24,54,69,81,186,186,186,171,271,290,176,191,191,201,201,213,213,213,213,241,261,360,360,360,380,399,416,54,87,87,105,105,117,117,117,132,148,163,163,163,194,72,72,72,72,72,72],"floor_reached":56,"language":"ENG","playtime":8062,"items_purged":[],"score":788,"play_id":"3a361405-6bf9-406c-9bc1-14c20625afe3","local_time":"20210122232026","is_ascension_mode":false,"campfire_choices":[{"floor":1,"key":"RECALL"},{"data":"champ:TornadoPunch","floor":6,"key":"SMITH"},{"floor":12,"key":"REST"},{"data":"champ:CheapShot","floor":18,"key":"SMITH"},{"data":"champ:LastStand","floor":26,"key":"SMITH"},{"data":"champ:PreemptiveStrike","floor":28,"key":"SMITH"},{"data":"champ:StanceDance","floor":30,"key":"SMITH"},{"data":"champ:UltimateStance","floor":35,"key":"SMITH"},{"floor":46,"key":"REST"},{"floor":54,"key":"REST"}],"circlet_count":0,"master_deck":["champ:Strike","champ:Strike","champ:Strike","champ:Strike","champ:Defend","champ:Defend","champ:Defend","champ:Defend","champ:Execute","champ:Taunt","champ:CrownThrow","champ:StanceDance+1","champ:TornadoPunch+1","champ:FancyFootwork","champ:FancyFootwork","champ:PreemptiveStrike+1","champ:ShieldWall","champ:BringItOn","champ:FocusedDefense","champ:CheapShot+1","champ:GutPunch","champ:FanOfKnives+1","champ:LastStand+1","champ:FanOfKnives","champ:UltimateStance+1","expansioncontent:AwakenDeath"],"relics":["champ:ChampionCrown","WristBlade","downfall:HeartBlessingRed","Replay:Ringing Soul","downfall:HeartBlessingGreen","downfall:HeartBlessingBlue","Bottled Flame","Cursed Key","champ:BlackKnightHelmet","Ornamental Fan","champ:BerserkersGuideToSlaughter","Thread and Needle","Velvet Choker","Divine Protection","Replay:Kaleidoscope","HandDrill"],"acts_visited":["Exordium","TheCity","TheBeyond","TheEnding"],"potions_floor_usage":[11,16,16,16,25,27,33,33,33,40,42,44,50,55,55,55],"damage_taken":[{"damage":10,"enemies":"2 Louse","floor":2,"turns":3},{"damage":64,"enemies":"2 Louse","floor":3,"turns":8},{"damage":20,"enemies":"downfall:FleeingMerchant","floor":4,"turns":4},{"damage":10,"enemies":"Small Slimes","floor":5,"turns":3},{"damage":11,"enemies":"Jaw Worm","floor":8,"turns":2},{"damage":0,"enemies":"Gremlin Gang","floor":9,"turns":2},{"damage":0,"enemies":"3 Sentries","floor":11,"turns":2},{"damage":16,"enemies":"Gremlin Nob","floor":13,"turns":4},{"damage":3,"enemies":"Blue Slaver","floor":14,"turns":3},{"damage":5,"enemies":"3 Louse","floor":15,"turns":2},{"damage":22,"enemies":"IC_STATUS_ARCHETYPE","floor":16,"turns":6},{"damage":12,"enemies":"downfall:FleeingMerchant","floor":19,"turns":5},{"damage":26,"enemies":"downfall:FleeingMerchant","floor":20,"turns":8},{"damage":10,"enemies":"Chosen","floor":21,"turns":3},{"damage":15,"enemies":"downfall:FleeingMerchant","floor":22,"turns":5},{"damage":16,"enemies":"3 Byrds","floor":23,"turns":4},{"damage":0,"enemies":"3 Cultists","floor":25,"turns":3},{"damage":0,"enemies":"Centurion and Healer","floor":27,"turns":6},{"damage":24,"enemies":"Slavers","floor":31,"turns":5},{"damage":18,"enemies":"Snake Plant","floor":32,"turns":3},{"damage":60,"enemies":"SI_MIRROR_ARCHETYPE","floor":33,"turns":10},{"damage":24,"enemies":"3 Darklings","floor":36,"turns":4},{"damage":0,"enemies":"3 Shapes","floor":37,"turns":1},{"damage":33,"enemies":"Spire Growth","floor":38,"turns":5},{"damage":0,"enemies":"downfall:FleeingMerchant","floor":39,"turns":3},{"damage":38,"enemies":"Giant Head","floor":40,"turns":10},{"damage":9,"enemies":"Transient","floor":42,"turns":5},{"damage":0,"enemies":"4 Shapes","floor":44,"turns":4},{"damage":20,"enemies":"Writhing Mass","floor":47,"turns":6},{"damage":22,"enemies":"Sphere and 2 Shapes","floor":48,"turns":4},{"damage":1,"enemies":"Spire Growth","floor":49,"turns":5},{"damage":92,"enemies":"WA_ARCHETYPE_DIVINITY","floor":50,"turns":11},{"damage":138,"enemies":"downfall:CharBossMerchant","floor":52,"turns":10},{"damage":66,"enemies":"downfall:NeowBoss","floor":55,"turns":17},{"damage":68,"enemies":"downfall:NeowBossFinal","floor":56,"turns":5}],"seed_played":"4383343535819784485","potions_obtained":[{"floor":8,"key":"Languid Potion"},{"floor":9,"key":"Strength Potion"},{"floor":11,"key":"Strength Potion"},{"floor":13,"key":"champ:OpenerPotion"},{"floor":21,"key":"champ:CounterPotion"},{"floor":27,"key":"Reflective Coating"},{"floor":32,"key":"hexamod:SoulburnPotion"},{"floor":36,"key":"Strength Potion"},{"floor":38,"key":"BlessingOfTheForge"},{"floor":40,"key":"champ:OpenerPotion"},{"floor":42,"key":"SkillPotion"},{"floor":48,"key":"Elixir"}],"is_trial":false,"path_per_floor":["R","M","?","$","M","R","T","M","M","?","E","R","E","M","M","B",null,"R","$","?","M","$","M","T","M","R","M","R","?","R","E","M","B",null,"R","M","M","M","$","E","T","M","?","M","?","R","M","M","M","B",null,"E","$","R","B","B"],"character_chosen":"THE_CHAMP","items_purchased":["champ:FancyFootwork","Block Potion","Dexterity Potion","Divine Protection","Replay:Kaleidoscope","HandDrill","bronze:BurnAndBuffPotion","Dexterity Potion"],"campfire_rested":3,"item_purchase_floors":[4,22,22,39,39,39,53,53],"current_hp_per_floor":[99,99,55,55,55,55,55,44,44,44,47,90,84,84,84,85,118,118,119,113,116,116,115,115,118,118,118,118,118,118,99,84,57,133,133,119,119,86,96,78,78,84,87,87,87,127,122,115,129,67,136,13,13,53,27,0,0,0],"gold":72,"neow_bonus":"TEN_PERCENT_HP_BONUS","is_daily":false,"chose_seed":false,"campfire_upgraded":6,"win_rate":0.0,"timestamp":1611375626,"path_taken":["R","M","?","$","M","R","T","M","M","?","E","R","E","M","M","BOSS","R","$","?","M","$","M","T","M","R","M","R","?","R","E","M","BOSS","R","M","M","M","$","E","T","M","?","M","?","R","M","?","M","BOSS","E","$","R","BOSS","BOSS"],"items_purchased_type":["Card","Potion","Potion","Relic","Relic","Relic","Potion","Potion"],"build_version":"2020-12-22","purchased_purges":0,"victory":false,"max_hp_per_floor":[99,99,99,99,99,99,99,99,99,99,102,112,112,115,115,118,118,118,121,121,124,124,124,124,127,127,127,127,127,127,127,130,133,133,133,133,133,133,133,133,133,133,136,136,136,136,136,136,136,136,136,136,136,136,136,136,136,136],"card_choices":[{"not_picked":["champ:BladeFlurry","champ:AdrenalArmor"],"picked":"champ:CrownThrow","floor":2},{"not_picked":["champ:DancingMaster","champ:BerserkersShout"],"picked":"champ:StanceDance","floor":3},{"not_picked":["champ:Haymaker","champ:DefensiveShout"],"picked":"champ:TornadoPunch","floor":4},{"not_picked":["champ:BerserkersShout","champ:CrownThrow","champ:Haymaker"],"picked":"SKIP","floor":5},{"not_picked":["champ:Circumvent","champ:AdrenalArmor"],"picked":"champ:PreemptiveStrike","floor":8},{"not_picked":["champ:TornadoPunch","champ:BerserkersShout"],"picked":"champ:ShieldWall","floor":9},{"not_picked":["champ:Shatter","champ:FlashCut"],"picked":"champ:BringItOn","floor":11},{"not_picked":["champ:HoldFirm","champ:BladeFlurry","champ:RecklessLeap"],"picked":"SKIP","floor":13},{"not_picked":["champ:Backstep","champ:StanceDance"],"picked":"champ:FocusedDefense","floor":14},{"not_picked":["champ:CrownThrow","champ:BladeFlurry","champ:BringItOn"],"picked":"SKIP","floor":15},{"not_picked":["champ:TripleStrike","champ:SwordThrow"],"picked":"champ:CheapShot","floor":16},{"not_picked":["champ:CrownThrow+1","champ:Encircle"],"picked":"champ:GutPunch","floor":19},{"not_picked":["champ:ShieldSlam","champ:BringItOn+1"],"picked":"champ:FanOfKnives+1","floor":21},{"not_picked":["champ:Haymaker","champ:Shatter+1","champ:Circumvent"],"picked":"SKIP","floor":22},{"not_picked":["champ:BladeFlurry","champ:PerfectedStrike","champ:ShieldSlam"],"picked":"SKIP","floor":23},{"not_picked":["champ:CrownThrow+1","champ:FlashCut+1"],"picked":"champ:LastStand","floor":25},{"not_picked":["champ:SetATrap","champ:EnGarde+1","champ:AdrenalArmor"],"picked":"SKIP","floor":27},{"not_picked":["champ:FlashCut","champ:ShieldSlam+1","champ:StanceDance"],"picked":"SKIP","floor":31},{"not_picked":["champ:CrownThrow","champ:GutPunch"],"picked":"champ:FanOfKnives","floor":32},{"not_picked":["champ:IgnorePain","champ:TripleStrike"],"picked":"champ:UltimateStance","floor":33},{"not_picked":["champ:BladeFlurry+1","champ:FaceSlap","champ:CrownThrow"],"picked":"SKIP","floor":36},{"not_picked":["champ:EnGarde","champ:DeathBlow","champ:ShieldWall+1"],"picked":"SKIP","floor":37},{"not_picked":["champ:GutPunch+1","champ:TornadoPunch","champ:ShieldWall"],"picked":"SKIP","floor":38},{"not_picked":["champ:Circumvent","champ:Backstep","champ:CrownThrow"],"picked":"SKIP","floor":39},{"not_picked":["champ:FocusedBerserking","champ:ShieldSlam+1","champ:PreciseThrust"],"picked":"SKIP","floor":40},{"not_picked":["champ:Endure+1","champ:FlashCut+1","champ:BerserkersShout"],"picked":"SKIP","floor":42},{"not_picked":["expansioncontent:YouAreMine","expansioncontent:HyperBeam"],"picked":"expansioncontent:AwakenDeath","floor":43},{"not_picked":["champ:TornadoPunch","champ:IronFortress+1","champ:BringItOn+1"],"picked":"SKIP","floor":44},{"not_picked":["champ:Lariat","champ:SetATrap","champ:FlashCut+1"],"picked":"SKIP","floor":47},{"not_picked":["champ:Shatter","champ:CrownThrow","champ:Backstep+1"],"picked":"SKIP","floor":48},{"not_picked":["champ:SetATrap","champ:FanOfKnives","champ:AdrenalArmor"],"picked":"SKIP","floor":49},{"not_picked":["champ:SkillfulDodge","champ:Parry","champ:EndlessRage+1"],"picked":"SKIP","floor":52}],"player_experience":756944,"relics_obtained":[{"floor":3,"key":"WristBlade"},{"floor":11,"key":"Replay:Ringing Soul"},{"floor":13,"key":"Bottled Flame"},{"floor":20,"key":"champ:BlackKnightHelmet"},{"floor":20,"key":"Ornamental Fan"},{"floor":31,"key":"Thread and Needle"}],"event_choices":[{"damage_healed":0,"gold_gain":0,"player_choice":"Ignored","damage_taken":0,"max_hp_gain":0,"max_hp_loss":0,"event_name":"NoteForYourself","floor":45,"gold_loss":0}],"is_beta":false,"boss_relics":[{"not_picked":["Astrolabe","Fusion Hammer"],"picked":"Cursed Key"},{"not_picked":["Pandora\u0027s Box","Replay:Wanted Poster"],"picked":"Velvet Choker"}],"items_purged_floors":[],"is_endless":false,"potions_floor_spawned":[8,9,11,13,14,21,23,27,32,36,38,40,42,48],"killed_by":"downfall:NeowBossFinal","ascension_level":0}}