{"host":"0i8dz4ityulxi1rd","time":1611411948,"event":{"mods":["BaseMod","Colored Map","Colored Powertips","Custom Start","Highlight Path","Hubris","Keyboard Shortcuts","Minty Spire (QoL Compilation)","StSLib","SuperFastMode"],"gold_per_floor":[119,8,27,27,27,61,61,76,103,114,114,133,153,171,171,171,171],"floor_reached":16,"language":"KOR","playtime":452,"items_purged":[],"score":258,"play_id":"81ef0bd6-b20a-465c-b350-b762b77e40ab","local_time":"20210123232548","is_ascension_mode":true,"campfire_choices":[{"data":"Body Slam","floor":11,"key":"SMITH"},{"data":"Evolve","floor":15,"key":"SMITH"}],"circlet_count":0,"master_deck":["AscendersBane","Strike_R","Strike_R","Strike_R","Strike_R","Strike_R","Defend_R","Defend_R","Defend_R","Defend_R","Bash","Body Slam+1","Shrug It Off","Evolve+1","Wild Strike","Shrug It Off","Entrench","Reckless Charge"],"relics":["Burning Blood","NeowsBlessing","hubris:Towel","Blood Vial","Pantograph","Art of War"],"acts_visited":["Exordium"],"potions_floor_usage":[8,16,16],"damage_taken":[{"damage":0,"enemies":"Cultist","floor":1,"turns":1},{"damage":0,"enemies":"Jaw Worm","floor":3,"turns":1},{"damage":0,"enemies":"3 Sentries","floor":6,"turns":2},{"damage":7,"enemies":"2 Louse","floor":8,"turns":2},{"damage":7,"enemies":"Looter","floor":10,"turns":5},{"damage":17,"enemies":"3 Louse","floor":12,"turns":5},{"damage":28,"enemies":"2 Fungi Beasts","floor":13,"turns":4},{"damage":5,"enemies":"Large Slime","floor":14,"turns":5},{"damage":69,"enemies":"Slime Boss","floor":16,"turns":11}],"seed_played":"895683114718698090","potions_obtained":[{"floor":1,"key":"SneckoOil"},{"floor":6,"key":"Explosive Potion"},{"floor":13,"key":"ColorlessPotion"},{"floor":14,"key":"Swift Potion"}],"is_trial":false,"path_per_floor":["M","$","M","?","$","E","?","M","T","M","R","M","M","M","R","B"],"character_chosen":"IRONCLAD","items_purchased":["Shrug It Off","Evolve"],"campfire_rested":0,"item_purchase_floors":[2,2],"current_hp_per_floor":[74,74,75,75,75,75,49,50,50,51,51,42,22,25,25,0,0],"gold":171,"neow_bonus":"THREE_ENEMY_KILL","is_daily":false,"chose_seed":false,"campfire_upgraded":2,"win_rate":0.0,"timestamp":1611411948,"path_taken":["M","$","M","?","$","E","?","M","T","M","R","M","M","M","R","BOSS"],"items_purchased_type":["Card","Card"],"build_version":"2020-12-22","purchased_purges":0,"victory":false,"max_hp_per_floor":[75,75,75,75,75,75,75,75,75,75,75,75,75,75,75,75,75],"card_choices":[{"not_picked":["Dual Wield","Cleave"],"picked":"Body Slam","floor":1},{"not_picked":["Fire Breathing","Clash"],"picked":"Wild Strike","floor":3},{"not_picked":["hubris:CleavingFinish","Cleave","Perfected Strike"],"picked":"SKIP","floor":6},{"not_picked":["hubris:StunningStrike","Disarm"],"picked":"Shrug It Off","floor":8},{"not_picked":["Armaments","hubris:ReadiedAction","Shrug It Off"],"picked":"SKIP","floor":10},{"not_picked":["Pommel Strike","Rage"],"picked":"Entrench","floor":12},{"not_picked":["Body Slam","Thunderclap"],"picked":"Reckless Charge","floor":13},{"not_picked":["Perfected Strike","Shockwave","hubris:SharpeningStone"],"picked":"SKIP","floor":14}],"player_experience":1322461,"relics_obtained":[{"floor":6,"key":"Blood Vial"},{"floor":9,"key":"Art of War"}],"event_choices":[{"damage_healed":0,"gold_gain":0,"player_choice":"Success","damage_taken":26,"relics_obtained":["Pantograph"],"max_hp_gain":0,"max_hp_loss":0,"event_name":"Scrap Ooze","floor":7,"gold_loss":0}],"is_beta":false,"boss_relics":[],"items_purged_floors":[],"is_endless":false,"potions_floor_spawned":[1,6,13,14],"killed_by":"Slime Boss","ascension_level":20}}