{"host":"rzvepkyh9344fbo1","time":1611364621,"event":{"mods":["AchievementEnabler","Act Like it!","BaseMod","Colored Map","Colored Powertips","Curses Come First","Hermit","Highlight Path","Minty Spire (QoL Compilation)","Replay The Spire","Shop Mod","StS++","StSLib","The Cursed","The Necromancer"],"gold_per_floor":[117,135,154,154,154,154,186,205,228,239,239,266,7,27,27,124,124,144,154,154,170,170,170,197,197,221,247,257,356,375,4,4,100,100,115,115,127,69,69,69,95,65,89,89,89,120,120,120,120,120,120,120,20,47,47],"floor_reached":56,"language":"ENG","playtime":5662,"items_purged":["Normality","Necromantic_Selection+1"],"score":1226,"play_id":"77ab04a1-9414-4b9e-9b3c-0d20233f7cbd","local_time":"20210123121701","is_ascension_mode":false,"campfire_choices":[{"data":"Bone_Wall","floor":6,"key":"SMITH"},{"data":"Siphon_Strength","floor":15,"key":"SMITH"},{"data":"Bone_Armor","floor":23,"key":"SMITH"},{"data":"Enlightenment","floor":32,"key":"SMITH"},{"floor":40,"key":"RECALL"},{"floor":44,"key":"REST"},{"data":"Slay_Living","floor":47,"key":"SMITH"},{"data":"Finger_Of_Death","floor":49,"key":"PURGE"},{"data":"Summon_Death_Knight","floor":52,"key":"SMITH"}],"circlet_count":0,"master_deck":["Strike_W","Strike_W","Strike_W","Strike_W","Defend_W+2","Defend_W+1","Defend_W+1","Defend_W+1","Negative_Energy_Arrows","Bone_Wall+1","Uncharnel+1","Bone_Spikes+1","Plague_Bolt","Negative_Energy_Sphere","Slay_Living+1","Vampiric_Strike","Bone_Armory","Consume_Illness","Siphon_Strength+1","Skeleton_Dragon+1","Shackles_Of_Pain+1","Stop_Heart","Bone_Armor+1","Negative_Energy_Shield","Death_Knell+1","Negative_Energy_Shield+1","Enlightenment+1","Summon_Death_Knight+1","Summon_Undead","Summon_Vampire_Lady"],"relics":["Vampire_Amulet","PreservedInsect","Pen Nib","Vajra","Garlic","Chameleon Ring","Juzu Bracelet","Honey Jar","Gremlin Horn","Replay:Rubber Ducky","StSpp:SailingBoat","MerchantsRug","Gremlin Food","Black Star","ReplayTheSpireMod:Ring of Addiction","Ring of Searing","Toy Ornithopter","White Beast Statue","Art of War","StSpp:BrokenTotem","Simple Rune","Centennial Puzzle","Replay:Wax Seal","Replay:Bottled Eggs"],"acts_visited":["Exordium","TheCity","TheBeyond","TheEnding"],"potions_floor_usage":[16,16,27,37,41,55],"damage_taken":[{"damage":1,"enemies":"Jaw Worm","floor":1,"turns":4},{"damage":0,"enemies":"2 Louse","floor":2,"turns":3},{"damage":8,"enemies":"Cultist","floor":3,"turns":4},{"damage":10,"enemies":"Replay:BlueRogue","floor":7,"turns":6},{"damage":8,"enemies":"Gremlin Gang","floor":8,"turns":5},{"damage":1,"enemies":"Exordium Wildlife","floor":10,"turns":2},{"damage":11,"enemies":"Gremlin Nob","floor":12,"turns":3},{"damage":3,"enemies":"3 Louse","floor":14,"turns":3},{"damage":21,"enemies":"The Guardian","floor":16,"turns":9},{"damage":11,"enemies":"3 Byrds","floor":18,"turns":5},{"damage":15,"enemies":"Spheric Guardian","floor":19,"turns":4},{"damage":9,"enemies":"Centurion and Healer","floor":21,"turns":8},{"damage":6,"enemies":"Replay:Snechameleon","floor":24,"turns":4},{"damage":6,"enemies":"Gremlin Leader","floor":27,"turns":4},{"damage":4,"enemies":"Shelled Parasite and Fungi","floor":28,"turns":5},{"damage":1,"enemies":"Snecko","floor":30,"turns":4},{"damage":11,"enemies":"Collector","floor":33,"turns":8},{"damage":4,"enemies":"Orb Walker","floor":35,"turns":4},{"damage":15,"enemies":"3 Shapes","floor":37,"turns":2},{"damage":64,"enemies":"Nemesis","floor":41,"turns":6},{"damage":15,"enemies":"R_Hoarder","floor":46,"turns":7},{"damage":31,"enemies":"Awakened One","floor":50,"turns":10},{"damage":45,"enemies":"Shield and Spear","floor":54,"turns":5},{"damage":48,"enemies":"The Heart","floor":55,"turns":6}],"seed_played":"1316242826956416859","potions_obtained":[{"floor":7,"key":"FearPotion"},{"floor":10,"key":"Adrenaline Potion"},{"floor":12,"key":"Fire Potion"},{"floor":18,"key":"BlessingOfTheForge"},{"floor":19,"key":"Toxic Potion"},{"floor":22,"key":"FairyPotion"},{"floor":22,"key":"Fire Potion"},{"floor":22,"key":"SpeedPotion"},{"floor":24,"key":"SpeedPotion"},{"floor":28,"key":"Fire Potion"},{"floor":36,"key":"FairyPotion"},{"floor":37,"key":"ColorlessPotion"},{"floor":41,"key":"Energy Potion"},{"floor":42,"key":"DuplicationPotion"},{"floor":46,"key":"Doom Potion"}],"is_trial":false,"path_per_floor":["M","M","M","?","?","R","E","M","T","M","T","E","$","M","R","B",null,"M","M","?","M","?","R","E","?","T","E","M","?","M","$","R_BF","B",null,"M","?","M","$","?","R","E","?","T","R","?","E","R","?","R_BF","B",null,"R","$","E","B",null],"character_chosen":"NECROMANCER","items_purchased":["Juzu Bracelet","Bone_Armory","Consume_Illness","MerchantsRug","Gremlin Food","Enlightenment"],"campfire_rested":1,"item_purchase_floors":[13,13,13,31,31,31],"current_hp_per_floor":[82,82,76,58,58,58,50,50,50,53,53,44,44,47,47,32,82,78,65,65,67,67,67,65,75,75,75,75,75,78,78,78,79,92,90,90,83,83,83,83,41,41,41,68,68,64,64,64,64,56,84,84,84,50,18],"gold":47,"neow_bonus":"TEN_PERCENT_HP_BONUS","is_daily":false,"chose_seed":false,"campfire_upgraded":6,"win_rate":0.0,"timestamp":1611364621,"path_taken":["M","M","M","?","?","R","E","?","T","?","?","E","$","M","R","BOSS","M","M","?","M","?","R","E","?","T","E","M","?","M","$","R_BF","BOSS","M","?","M","$","?","R","E","?","T","R","?","E","R","?","R_BF","BOSS","R","$","E","BOSS"],"items_purchased_type":["Relic","Card","Card","Relic","Relic","Card"],"build_version":"2020-12-22","purchased_purges":2,"victory":true,"max_hp_per_floor":[82,82,82,82,82,82,82,82,82,82,82,82,82,82,82,82,82,82,82,82,82,82,82,82,92,92,92,92,92,92,92,92,92,92,92,92,92,92,92,92,90,90,90,90,88,88,88,86,86,86,84,84,84,82,82],"card_choices":[{"not_picked":["Bone_Shift","Toxic_Smoke_Screen"],"picked":"Finger_Of_Death","floor":1},{"not_picked":["Shackles_Of_Pain","Spectral_Armor"],"picked":"Uncharnel","floor":2},{"not_picked":["Acid_Javelin","Pandemic"],"picked":"Bone_Spikes","floor":3},{"not_picked":["Stop_Heart","Blood_Whip"],"picked":"Plague_Bolt","floor":7},{"not_picked":["Strike_from_Beyond","Death_Knell"],"picked":"Negative_Energy_Sphere","floor":8},{"not_picked":["Negative_Energy_Sphere","Deaths_Shadow"],"picked":"Slay_Living","floor":10},{"not_picked":["Negative_Energy_Shield","Skeleton_Dragon"],"picked":"Vampiric_Strike","floor":12},{"not_picked":["Flesh_Made_Foul","Bone_Shift"],"picked":"Siphon_Strength","floor":14},{"not_picked":["Blood_Wake","Grasp_Heart"],"picked":"Skeleton_Dragon","floor":16},{"not_picked":["Strike_from_Beyond","Necrotic_Claws+1","Slay_Living"],"picked":"Shackles_Of_Pain+1","floor":18},{"not_picked":["Blood_for_Blood","Strike_from_Beyond","Consume_Illness+1"],"picked":"Stop_Heart","floor":19},{"not_picked":["Blood_Curse","Bone_Armory","Vampiric_Strike+1"],"picked":"Bone_Armor","floor":21},{"not_picked":["Blood_Magic","Slay_Living","Blood_Curse"],"picked":"Negative_Energy_Shield","floor":24},{"not_picked":["Consume_Illness+1","Blood_Curse","Life_Drain"],"picked":"Death_Knell+1","floor":27},{"not_picked":["Negative_Energy_Sphere","Death_Coil","Cloudkill"],"picked":"Necromantic_Selection+1","floor":28},{"not_picked":["Deaths_Shadow","Stop_Heart","Death_March_Dance+1"],"picked":"Negative_Energy_Shield+1","floor":30},{"not_picked":["Grasp_Heart","Blood_Wake","Skeleton_Dragon"],"picked":"Summon_Death_Knight","floor":33},{"not_picked":["Negative_Energy_Javelin+1","Blood_Is_Power","Bones_to_Steel+1"],"picked":"Summon_Undead","floor":35},{"not_picked":["Consume_Illness+1","Pandemic","Blood_Whip"],"picked":"Summon_Vampire_Lady","floor":37},{"not_picked":["Life_Drain","Blood_for_Blood+1","Violent_Necrosis","Blood_Shield"],"picked":"SKIP","floor":41},{"not_picked":["Negative_Energy_Javelin","Acid_Javelin+1","Bone_Armor","Finger_Of_Death+1"],"picked":"SKIP","floor":46},{"not_picked":["Bone_Bullets","Blood_Whip+1","Necromantic_Selection","Strike_from_Beyond"],"picked":"SKIP","floor":54}],"player_experience":193743,"relics_obtained":[{"floor":7,"key":"Pen Nib"},{"floor":9,"key":"Vajra"},{"floor":11,"key":"Garlic"},{"floor":12,"key":"Chameleon Ring"},{"floor":24,"key":"Gremlin Horn"},{"floor":26,"key":"Replay:Rubber Ducky"},{"floor":27,"key":"StSpp:SailingBoat"},{"floor":36,"key":"ReplayTheSpireMod:Ring of Addiction"},{"floor":36,"key":"Ring of Searing"},{"floor":36,"key":"Toy Ornithopter"},{"floor":36,"key":"White Beast Statue"},{"floor":41,"key":"Art of War"},{"floor":41,"key":"StSpp:BrokenTotem"},{"floor":46,"key":"Simple Rune"},{"floor":46,"key":"Centennial Puzzle"},{"floor":54,"key":"Replay:Wax Seal"},{"floor":54,"key":"Replay:Bottled Eggs"}],"event_choices":[{"damage_healed":0,"gold_gain":0,"player_choice":"Success","damage_taken":18,"relics_obtained":["PreservedInsect"],"max_hp_gain":0,"max_hp_loss":0,"event_name":"Scrap Ooze","floor":4,"gold_loss":0},{"damage_healed":0,"gold_gain":0,"player_choice":"Upgraded","damage_taken":0,"max_hp_gain":0,"max_hp_loss":0,"event_name":"Upgrade Shrine","floor":5,"gold_loss":0,"cards_upgraded":["Uncharnel"]},{"damage_healed":0,"gold_gain":0,"player_choice":"Ignored","damage_taken":0,"max_hp_gain":0,"max_hp_loss":0,"event_name":"Ghosts","floor":20,"gold_loss":0},{"damage_healed":0,"gold_gain":0,"player_choice":"Got Potions","damage_taken":0,"max_hp_gain":0,"max_hp_loss":0,"event_name":"Lab","floor":22,"gold_loss":0},{"damage_healed":0,"gold_gain":0,"player_choice":"Stole Relic","damage_taken":0,"relics_obtained":["Pear"],"max_hp_gain":0,"max_hp_loss":0,"event_name":"Addict","floor":25,"gold_loss":0,"cards_obtained":["Shame"]},{"damage_healed":0,"gold_gain":99,"player_choice":"Stole From Cult","damage_taken":0,"max_hp_gain":0,"max_hp_loss":0,"event_name":"Nest","floor":29,"gold_loss":0},{"cards_removed":["Shame"],"damage_healed":0,"gold_gain":0,"player_choice":"Purged","damage_taken":0,"max_hp_gain":0,"max_hp_loss":0,"event_name":"Purifier","floor":39,"gold_loss":0},{"damage_healed":0,"gold_gain":0,"player_choice":"Bought 2 Potions","damage_taken":0,"max_hp_gain":0,"max_hp_loss":0,"event_name":"The Woman in Blue","floor":42,"gold_loss":0},{"damage_healed":0,"gold_gain":0,"player_choice":"Ignored","damage_taken":0,"max_hp_gain":0,"max_hp_loss":0,"event_name":"Mysterious Sphere","floor":45,"gold_loss":0},{"damage_healed":0,"gold_gain":0,"player_choice":"Upgraded","damage_taken":0,"max_hp_gain":0,"max_hp_loss":0,"event_name":"Upgrade Shrine","floor":48,"gold_loss":0,"cards_upgraded":["Skeleton_Dragon"]}],"is_beta":false,"boss_relics":[{"not_picked":["SlaversCollar","StSpp:Balance"],"picked":"Honey Jar"},{"not_picked":["Cursed Key","Empty Cage"],"picked":"Black Star"}],"items_purged_floors":[38,53],"is_endless":false,"potions_floor_spawned":[7,10,12,14,18,19,24,28,37,41,46,54],"ascension_level":0}}