{"host":"qef1xe15w7glhw38","time":1611392187,"event":{"mods":["Act Like it!","BaseMod","Hubris","Lobotomy","Minty Spire (QoL Compilation)","Replay The Spire","StSLib"],"gold_per_floor":[114,114,114,114,114,131,148,182,182,182,182,145,145,115,115,115,115],"floor_reached":16,"language":"ZHS","playtime":800,"items_purged":[],"score":101,"play_id":"349f7eee-7b8a-4832-b801-7a2151fbaf35","local_time":"20210123165627","is_ascension_mode":true,"campfire_choices":[{"data":"1","floor":9,"key":"LIFT"},{"data":"2","floor":15,"key":"LIFT"}],"circlet_count":0,"master_deck":["Strike_P+1","Strike_P","Strike_P","Strike_P","Defend_P","Defend_P+1","Defend_P","Defend_P","Eruption","Vigilance","Crescendo+1","LessonLearned","Nirvana","EmptyFist","Halt"],"relics":["PureWater","CogitoBucket","Girya","Ring of Peace","Ring of Fangs","Eternal Feather","hubris:Icosahedron"],"acts_visited":["Exordium"],"potions_floor_usage":[8,16],"damage_taken":[{"damage":4,"enemies":"Small Slimes","floor":1,"turns":3},{"damage":12,"enemies":"2 Louse","floor":6,"turns":2},{"damage":10,"enemies":"Jaw Worm","floor":7,"turns":3},{"damage":29,"enemies":"Gremlin Nob","floor":8,"turns":3},{"damage":0,"enemies":"Looter","floor":14,"turns":4},{"damage":26,"enemies":"3 Sentries","floor":16,"turns":8}],"seed_played":"5406639234052205705","potions_obtained":[{"floor":6,"key":"Reflective Coating"},{"floor":7,"key":"Cursed Concoction"}],"is_trial":false,"path_per_floor":["M","?","?","PTL","PTL","M","M","E","R","?","T","?","?","M","R","E"],"character_chosen":"WATCHER","items_purchased":[],"campfire_rested":0,"item_purchase_floors":[],"current_hp_per_floor":[68,68,68,68,68,56,46,17,17,17,17,17,17,17,26,0,0],"gold":115,"neow_bonus":"","is_daily":false,"chose_seed":false,"campfire_upgraded":0,"win_rate":0.0,"timestamp":1611392187,"path_taken":["M","?","?","PTL","PTL","M","M","E","R","?","T","?","?","M","R","E"],"items_purchased_type":[],"build_version":"2020-12-22","purchased_purges":0,"victory":false,"max_hp_per_floor":[72,72,72,72,72,72,72,72,72,72,72,72,72,72,72,72,72],"card_choices":[{"not_picked":["Evaluate","CrushJoints"],"picked":"Crescendo","floor":1},{"not_picked":["FlyingSleeves","Fasting2"],"picked":"LessonLearned","floor":6},{"not_picked":["ClearTheMind","Halt"],"picked":"Nirvana","floor":7},{"not_picked":["Evaluate","CrushJoints"],"picked":"EmptyFist","floor":8},{"not_picked":["FlurryOfBlows","Evaluate"],"picked":"Halt","floor":14}],"player_experience":97380,"relics_obtained":[{"floor":8,"key":"Girya"},{"floor":10,"key":"Ring of Peace"},{"floor":10,"key":"Ring of Fangs"},{"floor":11,"key":"Eternal Feather"}],"event_choices":[{"damage_healed":0,"gold_gain":0,"player_choice":"Grow","damage_taken":0,"max_hp_gain":0,"max_hp_loss":0,"event_name":"Living Wall","floor":2,"gold_loss":0,"cards_upgraded":["Crescendo"]},{"damage_healed":0,"gold_gain":0,"player_choice":"Ignored","damage_taken":0,"max_hp_gain":0,"max_hp_loss":0,"event_name":"Golden Wing","floor":3,"gold_loss":0},{"damage_healed":0,"gold_gain":0,"player_choice":"Left Gold","damage_taken":0,"max_hp_gain":0,"max_hp_loss":0,"event_name":"World of Goop","floor":12,"gold_loss":37}],"is_beta":false,"boss_relics":[],"items_purged_floors":[],"is_endless":false,"potions_floor_spawned":[6,7],"killed_by":"3 Sentries","ascension_level":1}}