{"host":"qgrlfjrqk9z96gfi","time":1611364580,"event":{"mods":["BaseMod","Block Reminder","Colored Map","Custom Start","DeckTracker","Minty Spire (QoL Compilation)"],"gold_per_floor":[114,114,125,105,124,124,150,150,150,175,190,190,27,44,44,115,115,130,130,130],"floor_reached":19,"language":"ENG","playtime":606,"items_purged":["Normality"],"score":354,"play_id":"726c2d95-a9c4-4db5-8dfa-e975a9b1c648","local_time":"20210122151620","is_ascension_mode":true,"campfire_choices":[{"data":"Envenom","floor":6,"key":"SMITH"},{"floor":8,"key":"REST"},{"floor":15,"key":"REST"}],"circlet_count":0,"master_deck":["AscendersBane","Strike_G","Strike_G","Strike_G","Strike_G","Defend_G","Defend_G","Defend_G","Defend_G","Defend_G","Survivor","Neutralize","Dagger Throw","Envenom+1","Dagger Spray","Cloak And Dagger","Tools of the Trade","Glass Knife","Neutralize","Noxious Fumes","Finisher","Corpse Explosion"],"relics":["Ring of the Snake","NeowsBlessing","Pantograph","White Beast Statue","Tiny Chest","Snecko Eye"],"acts_visited":["Exordium","TheCity"],"potions_floor_usage":[7,7,11,14,16,16,19],"damage_taken":[{"damage":0,"enemies":"2 Louse","floor":1,"turns":1},{"damage":0,"enemies":"Cultist","floor":3,"turns":1},{"damage":0,"enemies":"Small Slimes","floor":5,"turns":1},{"damage":43,"enemies":"Gremlin Nob","floor":7,"turns":5},{"damage":38,"enemies":"Lagavulin","floor":10,"turns":10},{"damage":2,"enemies":"Red Slaver","floor":11,"turns":4},{"damage":0,"enemies":"Large Slime","floor":14,"turns":5},{"damage":29,"enemies":"Slime Boss","floor":16,"turns":10},{"damage":36,"enemies":"Spheric Guardian","floor":18,"turns":6},{"damage":19,"enemies":"Chosen","floor":19,"turns":3}],"seed_played":"3497630625202656449","potions_obtained":[{"floor":3,"key":"EssenceOfSteel"},{"floor":4,"key":"Regen Potion"},{"floor":7,"key":"DuplicationPotion"},{"floor":10,"key":"LiquidMemories"},{"floor":11,"key":"Poison Potion"},{"floor":14,"key":"Dexterity Potion"},{"floor":16,"key":"DistilledChaos"},{"floor":18,"key":"BlessingOfTheForge"}],"is_trial":false,"path_per_floor":["M","?","M","?","M","R","E","R","T","E","M","?","$","M","R","B",null,"M","M"],"character_chosen":"THE_SILENT","items_purchased":["Noxious Fumes"],"campfire_rested":2,"item_purchase_floors":[13],"current_hp_per_floor":[59,52,52,52,52,52,23,42,42,4,2,2,2,2,21,17,54,18,0,0],"gold":130,"neow_bonus":"THREE_ENEMY_KILL","is_daily":false,"chose_seed":false,"campfire_upgraded":1,"win_rate":0.0,"timestamp":1611364580,"path_taken":["M","?","M","?","?","R","E","R","T","E","?","?","$","M","R","BOSS","M","M"],"items_purchased_type":["Card"],"build_version":"2020-12-22","purchased_purges":1,"victory":false,"max_hp_per_floor":[66,66,66,66,66,66,66,66,66,66,66,66,66,66,66,66,66,66,66,66],"card_choices":[{"not_picked":["Outmaneuver","Quick Slash"],"picked":"Dagger Throw","floor":1},{"not_picked":["Setup","Dagger Spray"],"picked":"Envenom","floor":3},{"not_picked":["Outmaneuver","All Out Attack"],"picked":"Dagger Spray","floor":5},{"not_picked":["Escape Plan","Deadly Poison","All Out Attack"],"picked":"SKIP","floor":7},{"not_picked":["Deflect","Masterful Stab"],"picked":"Cloak And Dagger","floor":10},{"not_picked":["Concentrate","PiercingWail"],"picked":"Tools of the Trade","floor":11},{"not_picked":["Reflex","Deflect"],"picked":"Finisher","floor":14},{"not_picked":["Unload","Tools of the Trade"],"picked":"Corpse Explosion","floor":16},{"not_picked":["Concentrate","Choke","Heel Hook"],"picked":"SKIP","floor":18}],"player_experience":1042908,"relics_obtained":[{"floor":7,"key":"Pantograph"},{"floor":9,"key":"White Beast Statue"},{"floor":10,"key":"Tiny Chest"}],"event_choices":[{"cards_removed":["Strike_G"],"damage_healed":0,"gold_gain":0,"player_choice":"Card Removal","damage_taken":7,"max_hp_gain":0,"max_hp_loss":0,"event_name":"Golden Wing","floor":2,"gold_loss":0},{"damage_healed":0,"gold_gain":0,"player_choice":"Bought 1 Potion","damage_taken":0,"max_hp_gain":0,"max_hp_loss":0,"event_name":"The Woman in Blue","floor":4,"gold_loss":0},{"damage_healed":0,"gold_gain":0,"player_choice":"3 cards matched","damage_taken":0,"max_hp_gain":0,"max_hp_loss":0,"event_name":"Match and Keep!","floor":12,"gold_loss":0,"cards_obtained":["Normality","Glass Knife","Neutralize"]}],"is_beta":false,"boss_relics":[{"not_picked":["Ectoplasm","Ring of the Serpent"],"picked":"Snecko Eye"}],"items_purged_floors":[13],"is_endless":false,"potions_floor_spawned":[3,7,10,11,14,16,18],"killed_by":"Chosen","ascension_level":20}}