{"host":"sw6p9u0oh417cx03","time":1611369814,"event":{"mods":["AchievementEnabler","Act Like it!","BaseMod","CapriCore","DeckTracker","Highlight Path","Minty Spire (QoL Compilation)","Quick Restart","StSLib"],"gold_per_floor":[117,117,117,20,35,62,81,106,118,30,30,30,50,66,66,66,66],"floor_reached":16,"language":"ZHS","playtime":395,"items_purged":["Strike_R","Strike_R"],"score":236,"play_id":"af296830-9947-4deb-a512-e52d0a2dc14d","local_time":"20210123104334","is_ascension_mode":true,"campfire_choices":[{"data":"True Grit","floor":15,"key":"SMITH"}],"circlet_count":0,"master_deck":["AscendersBane","Strike_R","Strike_R","Defend_R","Defend_R","Defend_R","Defend_R","Bash","True Grit+1","Body Slam","Pommel Strike","Hemokinesis","Shrug It Off","Whirlwind+1"],"relics":["Burning Blood","NeowsBlessing","InkBottle","MawBank","Molten Egg 2"],"acts_visited":["Exordium"],"potions_floor_usage":[],"damage_taken":[{"damage":0.0,"enemies":"Jaw Worm","floor":1.0,"turns":1.0},{"damage":0.0,"enemies":"2 Louse","floor":5.0,"turns":2.0},{"damage":0.0,"enemies":"3 Sentries","floor":6.0,"turns":2.0},{"damage":15.0,"enemies":"Cultist","floor":7.0,"turns":5.0},{"damage":31.0,"enemies":"Gremlin Nob","floor":8.0,"turns":4.0},{"damage":11,"enemies":"Looter","floor":13,"turns":3},{"damage":4,"enemies":"2 Fungi Beasts","floor":14,"turns":3},{"damage":43,"enemies":"Slime Boss","floor":16,"turns":6}],"seed_played":"-6390941435967184454","potions_obtained":[{"floor":6.0,"key":"Ancient Potion"},{"floor":13,"key":"AttackPotion"},{"floor":14,"key":"GamblersBrew"}],"is_trial":false,"path_per_floor":["M","?","?","$","M","E","M","E","T","$","?","?","M","M","R","B"],"character_chosen":"IRONCLAD","items_purchased":["True Grit"],"campfire_rested":0,"item_purchase_floors":[4],"current_hp_per_floor":[74,67,67,67,73,75,66,41,41,41,46,46,41,43,43,0,0],"gold":66,"neow_bonus":"THREE_ENEMY_KILL","is_daily":false,"chose_seed":false,"campfire_upgraded":1,"win_rate":0.0,"timestamp":1611369814,"path_taken":["M","?","?","?","?","E","M","E","T","$","?","?","M","M","R","BOSS"],"items_purchased_type":["Card"],"build_version":"2020-12-22","purchased_purges":2,"victory":false,"max_hp_per_floor":[75,75,75,75,75,75,75,75,75,75,80,80,80,80,80,80,80],"card_choices":[{"not_picked":["Thunderclap","Wild Strike","Anger"],"picked":"SKIP","floor":1.0},{"not_picked":["Wild Strike","Clash"],"picked":"Body Slam","floor":5.0},{"not_picked":["Fire Breathing","Anger"],"picked":"Pommel Strike","floor":6.0},{"not_picked":["Sword Boomerang","Armaments"],"picked":"Hemokinesis","floor":7.0},{"not_picked":["Searing Blow","Iron Wave"],"picked":"Shrug It Off","floor":8.0},{"not_picked":["Headbutt+1","Iron Wave+1","Wild Strike+1"],"picked":"SKIP","floor":13},{"not_picked":["Sentinel","Clash+1"],"picked":"Whirlwind+1","floor":14}],"player_experience":324088,"relics_obtained":[{"floor":6.0,"key":"InkBottle"},{"floor":8.0,"key":"MawBank"},{"floor":9.0,"key":"Molten Egg 2"}],"event_choices":[{"cards_removed":["Strike_R"],"damage_healed":0.0,"max_hp_gain":0.0,"max_hp_loss":0.0,"gold_gain":0.0,"event_name":"Golden Wing","player_choice":"Card Removal","floor":2.0,"gold_loss":0.0,"damage_taken":7.0},{"damage_healed":0.0,"max_hp_gain":0.0,"max_hp_loss":0.0,"gold_gain":0.0,"event_name":"Liars Game","player_choice":"Ignored","floor":3.0,"gold_loss":0.0,"damage_taken":0.0},{"damage_healed":0.0,"max_hp_gain":5.0,"max_hp_loss":0.0,"gold_gain":0.0,"event_name":"Big Fish","player_choice":"Donut","floor":11.0,"gold_loss":0.0,"damage_taken":0.0},{"damage_healed":0,"gold_gain":0,"player_choice":"Searched \u00270\u0027 times","damage_taken":0,"max_hp_gain":0,"max_hp_loss":0,"event_name":"Dead Adventurer","floor":12,"gold_loss":0}],"is_beta":false,"boss_relics":[],"items_purged_floors":[4,10],"is_endless":false,"potions_floor_spawned":[6,13,14],"killed_by":"Slime Boss","ascension_level":15}}