{"host":"61ejhfsushs0xmcl","time":1611403761,"event":{"mods":["ATMod(°¢èªMod)","Act Like it!","BaseMod","Colored Map","Gold Saver","Minty Spire (QoL Compilation)","MostiFishMod","Spicy Shops","StSLib","TestMod","[IsaacMod]ÒÔÈö¼âËþ","¡¾ÒÅÎï¿¨ÅÆ¡¿REMEMod","óô»ðÖ¸ÄÏ"],"gold_per_floor":[128,528,546,565,580,626,626,654,654,682,712,748,748,758,758,758,758],"floor_reached":16,"language":"ZHS","playtime":497,"items_purged":[],"score":344,"play_id":"934f3824-2e8d-4ab2-bd19-edd96dc883cd","local_time":"20210123200921","is_ascension_mode":true,"campfire_choices":[{"data":"BettingIsNotGood","floor":7,"key":"SMITH"},{"data":"AT_IrregularMenstruation","floor":15,"key":"SMITH"}],"circlet_count":0,"master_deck":["AscendersBane","Strike_P","Strike_P","Strike_P","Strike_P","Defend_P","Defend_P","Defend_P","Defend_P","Eruption","Vigilance","BettingIsNotGood+1","AT_DarkMatter","FlurryOfBlows","Tantrum","InnerPeace","AT_IrregularMenstruation+1","AT_ChampionStep","Omniscience","Indignation","Omniscience"],"relics":["PureWater","testmod-TestBox","AT_ATBox","REME_ComplimentaryCards","HushsDoor","testmod-PortableAltar","Nloth\u0027s Gift","BookOfRevelations","SynthV:TestCard","SatanicBible","DeadEye","Art of War","Odd Mushroom"],"acts_visited":["Exordium"],"potions_floor_usage":[12,16],"damage_taken":[{"damage":3.0,"enemies":"Jaw Worm","floor":1.0,"turns":3.0},{"damage":8.0,"enemies":"Small Slimes","floor":3.0,"turns":4.0},{"damage":1.0,"enemies":"2 Louse","floor":4.0,"turns":1.0},{"damage":1.0,"enemies":"Looter","floor":5.0,"turns":2.0},{"damage":9,"enemies":"Lagavulin","floor":6,"turns":6},{"damage":0,"enemies":"3 Sentries","floor":8,"turns":1},{"damage":0,"enemies":"Gremlin Nob","floor":10,"turns":3},{"damage":0,"enemies":"The Mushroom Lair","floor":11,"turns":3},{"damage":0,"enemies":"2 Fungi Beasts","floor":12,"turns":1},{"damage":0,"enemies":"Exordium Thugs","floor":14,"turns":2},{"damage":0,"enemies":"Hexaghost","floor":16,"turns":2}],"seed_played":"2531943940662697076","potions_obtained":[{"floor":1.0,"key":"DistilledChaos"},{"floor":4.0,"key":"SkillPotion"},{"floor":6,"key":"testmod-TestPotion"}],"is_trial":false,"path_per_floor":["M","?","M","M","M","E","R","E","T","E","?","M","?","M","R","B"],"character_chosen":"WATCHER","items_purchased":[],"campfire_rested":0,"item_purchase_floors":[],"current_hp_per_floor":[40,40,32,31,30,21,21,21,21,21,21,21,21,21,21,21,21],"gold":758,"neow_bonus":"RANDOM_COLORLESS_2","is_daily":false,"chose_seed":false,"campfire_upgraded":2,"win_rate":0.0,"timestamp":1611403761,"path_taken":["M","?","M","M","M","E","R","E","T","E","?","M","?","M","R","BOSS"],"items_purchased_type":[],"build_version":"2020-12-22","purchased_purges":0,"victory":false,"max_hp_per_floor":[67,66,65,64,63,62,61,60,59,58,57,56,55,54,53,52,52],"card_choices":[{"not_picked":[],"picked":"BettingIsNotGood","floor":0.0},{"not_picked":["ForeignInfluence","CutThroughFate"],"picked":"FlurryOfBlows","floor":1.0},{"not_picked":["SignatureMove","MostiFishMod:Nomercy","Protect","PathToVictory"],"picked":"Tantrum","floor":3.0},{"not_picked":["SignatureMove","SashWhip","EmptyFist","REME_Repentance"],"picked":"InnerPeace","floor":4.0},{"not_picked":["Devotion","MostiFishMod:Clarity","MostiFishMod:ScryFuture","EmptyFist","Sanctity"],"picked":"SKIP","floor":5.0},{"not_picked":["CarveReality","BattleHymn","MostiFishMod:OutWit","CrushJoints"],"picked":"AT_IrregularMenstruation","floor":6},{"not_picked":["SashWhip","AT_ChampionStep","Evaluate","PathToVictory","AT_RealColorLess"],"picked":"SKIP","floor":8},{"not_picked":["SashWhip","Evaluate","PathToVictory","AT_RealColorLess"],"picked":"AT_ChampionStep","floor":8},{"not_picked":["MostiFishMod:Moonprays","WindmillStrike","EmptyBody","Brilliance"],"picked":"Omniscience","floor":10},{"not_picked":["Protect","SignatureMove","MostiFishMod:DustFall","PathToVictory","Consecrate"],"picked":"SKIP","floor":12},{"not_picked":["EmptyFist","Sanctity","ClearTheMind","Halt"],"picked":"Indignation","floor":14}],"player_experience":813055,"relics_obtained":[{"floor":1.0,"key":"SynthV:TestCard"},{"floor":6,"key":"SatanicBible"},{"floor":8,"key":"DeadEye"},{"floor":10,"key":"Art of War"},{"floor":11,"key":"Odd Mushroom"}],"event_choices":[{"damage_healed":0.0,"max_hp_gain":0.0,"max_hp_loss":0.0,"gold_gain":400.0,"event_name":"¶÷ÂåË¹µÄÅÌ×Ó","player_choice":"Sell","floor":2.0,"relics_lost":["DaveBox"],"gold_loss":0.0,"damage_taken":0.0},{"damage_healed":0,"gold_gain":0,"player_choice":"Fought Mushrooms","damage_taken":0,"max_hp_gain":0,"max_hp_loss":0,"event_name":"Mushrooms","floor":11,"gold_loss":0},{"damage_healed":0,"gold_gain":0,"player_choice":"Ignored","damage_taken":0,"max_hp_gain":0,"max_hp_loss":0,"event_name":"Liars Game","floor":13,"gold_loss":0}],"is_beta":false,"boss_relics":[],"items_purged_floors":[],"is_endless":false,"potions_floor_spawned":[1,4,6,8,10],"killed_by":"Hexaghost","ascension_level":20}}