{"host":"anox4050deqdcqoh","time":1611381691,"event":{"mods":["BaseMod","Colored Map","Highlight Path","Minty Spire (QoL Compilation)","Quick Restart","Rare Cards Sparkle","everything is the same but u backflip on backflip"],"gold_per_floor":[17,17,17,67,67,67,77,102,174,174,184,184,203,13,13,111,111,121,137,155,155,174,174,190,36,36,36,36,48,66,78,78,178,178,198,60,60,110,130,130,130,143,195,195,195],"floor_reached":44,"language":"ENG","playtime":2379,"items_purged":["Strike_B","Rainbow"],"score":554,"play_id":"fda88a65-87e0-408a-bfca-ffd0cf513da1","local_time":"20210123010131","is_ascension_mode":true,"campfire_choices":[{"data":"Zap","floor":6,"key":"SMITH"},{"data":"Dualcast","floor":10,"key":"SMITH"},{"floor":12,"key":"REST"},{"data":"Meteor Strike","floor":15,"key":"SMITH"},{"floor":23,"key":"REST"},{"data":"Hyperbeam","floor":28,"key":"SMITH"},{"floor":32,"key":"REST"},{"data":"Echo Form","floor":40,"key":"SMITH"}],"circlet_count":0,"master_deck":["Strike_B","Defend_B","Defend_B","Defend_B","Zap+1","Dualcast+1","Turbo","Conserve Battery","Hyperbeam+1","Conserve Battery","Doom and Gloom","Meteor Strike+1","Go for the Eyes+1","Reprogram+1","Leap","Conserve Battery+1","Core Surge","Sweeping Beam+1","Conserve Battery","Echo Form+1","Reprogram","Madness","Madness","Barrage","Sunder+1"],"relics":["Cracked Core","Centennial Puzzle","The Courier","Question Card","SlaversCollar","Torii","Ornamental Fan","Calipers"],"acts_visited":["Exordium","TheCity","TheBeyond"],"potions_floor_usage":[16,16,18,33,33,33,42],"damage_taken":[{"damage":1,"enemies":"Cultist","floor":1,"turns":3},{"damage":0,"enemies":"Jaw Worm","floor":7,"turns":4},{"damage":27,"enemies":"Lagavulin","floor":8,"turns":9},{"damage":0,"enemies":"2 Louse","floor":11,"turns":2},{"damage":5,"enemies":"Exordium Wildlife","floor":13,"turns":5},{"damage":0,"enemies":"Slime Boss","floor":16,"turns":6},{"damage":8,"enemies":"3 Byrds","floor":18,"turns":4},{"damage":13,"enemies":"Shell Parasite","floor":19,"turns":5},{"damage":47,"enemies":"Centurion and Healer","floor":20,"turns":7},{"damage":1,"enemies":"Snecko","floor":22,"turns":3},{"damage":1,"enemies":"3 Cultists","floor":24,"turns":4},{"damage":11,"enemies":"Shelled Parasite and Fungi","floor":29,"turns":5},{"damage":0,"enemies":"Snecko","floor":30,"turns":4},{"damage":0,"enemies":"Centurion and Healer","floor":31,"turns":5},{"damage":41,"enemies":"Collector","floor":33,"turns":10},{"damage":0,"enemies":"3 Shapes","floor":35,"turns":3},{"damage":6,"enemies":"Mind Bloom Boss Battle","floor":38,"turns":9},{"damage":40,"enemies":"3 Darklings","floor":39,"turns":3},{"damage":15,"enemies":"Maw","floor":42,"turns":8},{"damage":15,"enemies":"Writhing Mass","floor":44,"turns":3}],"seed_played":"1023571965100039835","potions_obtained":[{"floor":8,"key":"PowerPotion"},{"floor":13,"key":"ColorlessPotion"},{"floor":16,"key":"DistilledChaos"},{"floor":20,"key":"SteroidPotion"},{"floor":30,"key":"Regen Potion"},{"floor":31,"key":"EssenceOfSteel"},{"floor":33,"key":"FearPotion"},{"floor":35,"key":"Strength Potion"}],"is_trial":false,"path_per_floor":["M","$","?","T","?","R","M","E","T","R","M","R","M","$","R","B",null,"M","M","M","?","M","R","M","$","T","$","R","M","M","M","R","B",null,"M","$","?","?","M","R","?","M","T","M"],"character_chosen":"DEFECT","items_purchased":["Meteor Strike","Core Surge","FearPotion","DuplicationPotion"],"campfire_rested":3,"item_purchase_floors":[14,25,25,36],"current_hp_per_floor":[74,74,74,74,67,67,67,40,40,40,40,62,57,57,57,57,75,67,54,7,7,6,28,27,27,27,27,27,16,16,16,38,12,75,75,75,66,60,20,20,20,5,5,0,0],"gold":195,"neow_bonus":"TRANSFORM_TWO_CARDS","is_daily":false,"chose_seed":false,"campfire_upgraded":5,"win_rate":0.0,"timestamp":1611381691,"path_taken":["M","$","?","?","?","R","M","E","T","R","M","R","M","$","R","BOSS","M","M","M","?","M","R","M","$","T","?","R","M","M","M","R","BOSS","M","$","?","?","M","R","?","?","T","M"],"items_purchased_type":["Card","Card","Potion","Potion"],"build_version":"2020-12-22","purchased_purges":2,"victory":false,"max_hp_per_floor":[75,75,75,75,75,75,75,75,75,75,75,75,75,75,75,75,75,75,75,75,75,75,75,75,75,75,75,75,75,75,75,75,75,75,75,75,75,75,75,75,75,75,75,75,75],"card_choices":[{"not_picked":["Lockon","Compile Driver"],"picked":"Conserve Battery","floor":1},{"not_picked":["Sweeping Beam","All For One"],"picked":"Conserve Battery","floor":7},{"not_picked":["Reinforced Body","Compile Driver"],"picked":"Doom and Gloom","floor":8},{"not_picked":["Steam","Gash","Conserve Battery","Compile Driver"],"picked":"SKIP","floor":11},{"not_picked":["Beam Cell","Streamline","Turbo","Gash"],"picked":"SKIP","floor":13},{"not_picked":["Machine Learning","Fission","Amplify"],"picked":"Rainbow","floor":16},{"not_picked":["Streamline","Scrape","Steam+1"],"picked":"Go for the Eyes+1","floor":18},{"not_picked":["Static Discharge","Hello World","Steam"],"picked":"Reprogram+1","floor":19},{"not_picked":["Compile Driver+1","Recycle+1","Double Energy"],"picked":"Leap","floor":20},{"not_picked":["Steam","Steam Power","Genetic Algorithm"],"picked":"Conserve Battery+1","floor":22},{"not_picked":["Coolheaded","Blizzard","Scrape","Leap+1"],"picked":"SKIP","floor":24},{"not_picked":["Redo+1","Ball Lightning","Darkness+1"],"picked":"Sweeping Beam+1","floor":29},{"not_picked":["Ball Lightning","Turbo","Force Field","Rainbow"],"picked":"SKIP","floor":30},{"not_picked":["Cold Snap","Lockon","Glacier"],"picked":"Conserve Battery","floor":31},{"not_picked":["Amplify","Creative AI","Thunder Strike"],"picked":"Echo Form","floor":33},{"not_picked":["Steam","Stack","Self Repair"],"picked":"Reprogram","floor":35},{"not_picked":["Go for the Eyes+1","Gash","Beam Cell"],"picked":"Barrage","floor":38},{"not_picked":["FTL","Go for the Eyes+1","Steam","Redo+1"],"picked":"SKIP","floor":39},{"not_picked":["Leap+1","Turbo","Static Discharge"],"picked":"Sunder+1","floor":42}],"player_experience":385045,"relics_obtained":[{"floor":4,"key":"Centennial Puzzle"},{"floor":8,"key":"The Courier"},{"floor":9,"key":"Question Card"},{"floor":26,"key":"Ornamental Fan"},{"floor":38,"key":"Calipers"}],"event_choices":[{"damage_healed":0,"gold_gain":0,"cards_transformed":["Fission"],"player_choice":"Change","damage_taken":0,"max_hp_gain":0,"max_hp_loss":0,"event_name":"Living Wall","floor":3,"gold_loss":0,"cards_obtained":["Hyperbeam"]},{"cards_removed":["Strike_B"],"damage_healed":0,"gold_gain":0,"player_choice":"Card Removal","damage_taken":7,"max_hp_gain":0,"max_hp_loss":0,"event_name":"Golden Wing","floor":5,"gold_loss":0},{"damage_healed":0,"gold_gain":0,"player_choice":"Gave Potion","damage_taken":0,"relics_obtained":["Torii"],"max_hp_gain":0,"max_hp_loss":0,"event_name":"WeMeetAgain","floor":21,"gold_loss":0},{"damage_healed":0,"gold_gain":0,"player_choice":"Embrace Madness","damage_taken":9,"max_hp_gain":0,"max_hp_loss":0,"event_name":"Winding Halls","floor":37,"gold_loss":0,"cards_obtained":["Madness","Madness"]},{"damage_healed":0,"gold_gain":0,"player_choice":"Fight","damage_taken":0,"max_hp_gain":0,"max_hp_loss":0,"event_name":"MindBloom","floor":38,"gold_loss":0},{"damage_healed":0,"gold_gain":0,"player_choice":"Ignored","damage_taken":0,"max_hp_gain":0,"max_hp_loss":0,"event_name":"Mysterious Sphere","floor":41,"gold_loss":0}],"is_beta":false,"boss_relics":[{"not_picked":["Velvet Choker","Black Star"],"picked":"SlaversCollar"},{"not_picked":["Calling Bell","Sozu","Pandora\u0027s Box"]}],"items_purged_floors":[14,36],"is_endless":false,"potions_floor_spawned":[8,13,16,20,30,31,33,35,38],"killed_by":"Writhing Mass","ascension_level":3}}