{"host":"yvlk1m4foro8gl4v","time":1611419855,"event":{"mods":["AchievementEnabler","Act Like it!","BaseMod","Minty Spire (QoL Compilation)","Relic Stats","StSLib","The Servant 0.9.4","Uncapped"],"gold_per_floor":[119,132,82,93,93,93,118,184,266,266,283,300,300,69,69,164,164,181,181,196,196,196,196],"floor_reached":22,"language":"ENG","playtime":1095,"items_purged":[],"score":212,"play_id":"e8964f02-19ab-428d-be52-815e69ae50e6","local_time":"20210123163735","is_ascension_mode":true,"campfire_choices":[{"data":"Eruption","floor":6,"key":"SMITH"},{"data":"Devotion","floor":13,"key":"SMITH"},{"floor":15,"key":"REST"}],"circlet_count":0,"master_deck":["Strike_P","Strike_P","Defend_P","Defend_P","Defend_P","Defend_P","Eruption+1","Vigilance","EmptyFist","ReachHeaven","MentalFortress","Devotion+1","Protect","CutThroughFate","Weave","Devotion+1","BowlingBash","Writhe","Devotion+1"],"relics":["PureWater","NeowsBlessing","Boot","Bottled Flame","DollysMirror","Black Star","Dead Branch"],"acts_visited":["Exordium","TheCity"],"potions_floor_usage":[16],"damage_taken":[{"damage":0,"enemies":"Small Slimes","floor":1,"turns":1},{"damage":0,"enemies":"2 Louse","floor":2,"turns":1},{"damage":0,"enemies":"Cultist","floor":4,"turns":1},{"damage":37,"enemies":"Lagavulin","floor":7,"turns":11},{"damage":2,"enemies":"3 Louse","floor":11,"turns":3},{"damage":9,"enemies":"2 Fungi Beasts","floor":12,"turns":4},{"damage":23,"enemies":"The Guardian","floor":16,"turns":7},{"damage":15,"enemies":"Shell Parasite","floor":18,"turns":5},{"damage":34,"enemies":"2 Thieves","floor":20,"turns":4},{"damage":28,"enemies":"3 Cultists","floor":22,"turns":3}],"seed_played":"8525007841898080429","potions_obtained":[{"floor":1,"key":"Dexterity Potion"},{"floor":7,"key":"CultistPotion"},{"floor":11,"key":"Dexterity Potion"},{"floor":18,"key":"LiquidBronze"}],"is_trial":false,"path_per_floor":["M","M","?","M","?","R","E","?","T","?","M","M","R","$","R","B",null,"M","?","M","?","M"],"character_chosen":"WATCHER","items_purchased":["Weave","DollysMirror"],"campfire_rested":1,"item_purchase_floors":[14,14],"current_hp_per_floor":[72,72,72,72,77,77,40,40,40,40,38,29,29,29,52,29,77,62,62,28,28,0,0],"gold":196,"neow_bonus":"THREE_ENEMY_KILL","is_daily":false,"chose_seed":false,"campfire_upgraded":2,"win_rate":0.0,"timestamp":1611419855,"path_taken":["M","M","?","M","?","R","E","?","T","?","M","?","R","$","R","BOSS","M","?","M","?","M"],"items_purchased_type":["Card","Relic"],"build_version":"2020-12-22","purchased_purges":0,"victory":false,"max_hp_per_floor":[72,72,72,72,77,77,77,77,77,77,77,77,77,77,77,77,77,77,77,77,77,77,77],"relic_stats":{"counters":[10,40],"Dead Branch":[3],"Black Star":0,"Boot":[2],"obtain_stats":[{"Bottled Flame":9,"NeowsBlessing":0,"DollysMirror":14,"Dead Branch":19,"Black Star":17,"PureWater":0,"Boot":7},{"Bottled Flame":4,"NeowsBlessing":0,"DollysMirror":6,"Dead Branch":8,"Black Star":7,"PureWater":0,"Boot":4},{"Bottled Flame":14,"NeowsBlessing":0,"DollysMirror":21,"Dead Branch":33,"Black Star":28,"PureWater":0,"Boot":14}]},"card_choices":[{"not_picked":["Perseverance","SashWhip"],"picked":"EmptyFist","floor":1},{"not_picked":["Protect","PathToVictory"],"picked":"ReachHeaven","floor":2},{"not_picked":["Protect","Halt"],"picked":"MentalFortress","floor":4},{"not_picked":["SashWhip","Protect"],"picked":"Devotion","floor":7},{"not_picked":["FlurryOfBlows","Halt"],"picked":"Protect","floor":11},{"not_picked":["EmptyMind","WheelKick"],"picked":"CutThroughFate","floor":12},{"not_picked":["Protect","JustLucky"],"picked":"BowlingBash","floor":18},{"not_picked":["WreathOfFlame","DeceiveReality","BowlingBash"],"picked":"SKIP","floor":20}],"player_experience":755630,"relics_obtained":[{"floor":7,"key":"Boot"},{"floor":9,"key":"Bottled Flame"}],"event_choices":[{"cards_removed":["Strike_P"],"damage_healed":0,"gold_gain":0,"player_choice":"Card Removal","damage_taken":0,"max_hp_gain":0,"max_hp_loss":0,"event_name":"The Cleric","floor":3,"gold_loss":50},{"damage_healed":0,"gold_gain":0,"player_choice":"Donut","damage_taken":0,"max_hp_gain":5,"max_hp_loss":0,"event_name":"Big Fish","floor":5,"gold_loss":0},{"damage_healed":0,"gold_gain":66,"player_choice":"Gained Gold","damage_taken":0,"max_hp_gain":0,"max_hp_loss":0,"event_name":"Golden Wing","floor":8,"gold_loss":0},{"cards_removed":["Strike_P"],"damage_healed":0,"gold_gain":0,"player_choice":"Offered Basic","damage_taken":0,"max_hp_gain":0,"max_hp_loss":0,"event_name":"Bonfire Elementals","floor":10,"gold_loss":0},{"damage_healed":0,"gold_gain":0,"player_choice":"Opened","damage_taken":0,"relics_obtained":["Dead Branch"],"max_hp_gain":0,"max_hp_loss":0,"event_name":"The Mausoleum","floor":19,"gold_loss":0,"cards_obtained":["Writhe"]},{"damage_healed":0,"gold_gain":0,"player_choice":"Copied","damage_taken":0,"max_hp_gain":0,"max_hp_loss":0,"event_name":"Duplicator","floor":21,"gold_loss":0,"cards_obtained":["Devotion"]}],"is_beta":false,"boss_relics":[{"not_picked":["Cursed Key","Ectoplasm"],"picked":"Black Star"}],"items_purged_floors":[],"is_endless":false,"potions_floor_spawned":[1,7,11,18],"killed_by":"3 Cultists","ascension_level":3}}