{"host":"Tuck","time":1611444424,"event":{"mods":["BaseMod","Minty Spire (QoL Compilation)","StSLib"],"gold_per_floor":[119,119,53,66,82,111,131,163,163,163,188,203,182,201,201,304,304,320,337,352,366,23,67,95,139,139,173,173,201,201,224,224,331,331,356,406,406,38,56,89,18,47,47,83,14,52,52,70,70,70,70,70,66,107,107],"floor_reached":56,"language":"ENG","playtime":2797,"items_purged":["Strike_B","Strike_B","Zap","Defend_B","Defend_B"],"score":1671,"play_id":"e43af72a-4bc3-4c6a-955b-38def9299d8c","local_time":"20210123162704","is_ascension_mode":true,"campfire_choices":[{"data":"Capacitor","floor":10.0,"key":"SMITH"},{"data":"Fission","floor":15.0,"key":"SMITH"},{"data":"Panache","floor":28.0,"key":"SMITH"},{"data":"Defragment","floor":30.0,"key":"SMITH"},{"data":"Loop","floor":32.0,"key":"SMITH"},{"data":"Fission","floor":47.0,"key":"SMITH"},{"floor":49.0,"key":"RECALL"},{"data":"Loop","floor":52.0,"key":"SMITH"}],"circlet_count":0,"master_deck":["Strike_B+1","Defend_B","Defend_B","Dualcast","Skim","Streamline","Ball Lightning+1","Hologram","Capacitor+1","Coolheaded","Fusion","Streamline","Chill","Conserve Battery+1","Fission+1","Panache+1","Barrage","Electrodynamics","Loop+1","Seek","Loop+1","Doom and Gloom","Cold Snap","Glacier","Defragment+1","Meteor Strike","Rainbow","Chill+1","Meteor Strike","Hologram+1","Defragment","Flash of Steel","Panache","Loop+1","Glacier","Loop","Fission+1","Defragment+1","Defragment"],"relics":["Nuclear Battery","Whetstone","Anchor","Akabeko","Smiling Mask","DataDisk","InkBottle","PreservedInsect","Runic Pyramid","Orrery","Omamori","CeramicFish","Happy Flower","Lantern","Gambling Chip","Sozu","Bird Faced Urn","Gremlin Horn","Vajra","Darkstone Periapt","Mummified Hand","War Paint","Runic Capacitor","Bag of Preparation"],"acts_visited":["Exordium","TheCity","TheBeyond","TheEnding"],"potions_floor_usage":[55,55,55],"damage_taken":[{"damage":1.0,"enemies":"Jaw Worm","floor":1.0,"turns":4.0},{"damage":0.0,"enemies":"Cultist","floor":4.0,"turns":3.0},{"damage":0.0,"enemies":"Small Slimes","floor":5.0,"turns":2.0},{"damage":13.0,"enemies":"Gremlin Nob","floor":6.0,"turns":3.0},{"damage":14.0,"enemies":"Exordium Thugs","floor":7.0,"turns":4.0},{"damage":7.0,"enemies":"Lagavulin","floor":8.0,"turns":4.0},{"damage":14.0,"enemies":"Gremlin Nob","floor":11.0,"turns":3.0},{"damage":0.0,"enemies":"Looter","floor":12.0,"turns":2.0},{"damage":0.0,"enemies":"3 Louse","floor":14.0,"turns":2.0},{"damage":11.0,"enemies":"Hexaghost","floor":16.0,"turns":6.0},{"damage":0.0,"enemies":"Spheric Guardian","floor":18.0,"turns":2.0},{"damage":0.0,"enemies":"Chosen","floor":19.0,"turns":3.0},{"damage":0.0,"enemies":"3 Cultists","floor":20.0,"turns":2.0},{"damage":0.0,"enemies":"Centurion and Healer","floor":21.0,"turns":4.0},{"damage":0.0,"enemies":"Book of Stabbing","floor":23.0,"turns":3.0},{"damage":0.0,"enemies":"Cultist and Chosen","floor":24.0,"turns":4.0},{"damage":0.0,"enemies":"Gremlin Leader","floor":25.0,"turns":4.0},{"damage":8.0,"enemies":"Book of Stabbing","floor":27.0,"turns":3.0},{"damage":9.0,"enemies":"Slavers","floor":29.0,"turns":3.0},{"damage":0.0,"enemies":"3 Cultists","floor":31.0,"turns":2.0},{"damage":0.0,"enemies":"Collector","floor":33.0,"turns":6.0},{"damage":0.0,"enemies":"3 Shapes","floor":35.0,"turns":4.0},{"damage":0.0,"enemies":"Mind Bloom Boss Battle","floor":36.0,"turns":3.0},{"damage":0.0,"enemies":"Nemesis","floor":40.0,"turns":3.0},{"damage":0.0,"enemies":"Orb Walker","floor":42.0,"turns":3.0},{"damage":0.0,"enemies":"Giant Head","floor":44.0,"turns":7.0},{"damage":5.0,"enemies":"Nemesis","floor":46.0,"turns":5.0},{"damage":0.0,"enemies":"Maw","floor":48.0,"turns":4.0},{"damage":6.0,"enemies":"Time Eater","floor":50.0,"turns":7.0},{"damage":8.0,"enemies":"Shield and Spear","floor":54.0,"turns":3.0},{"damage":1,"enemies":"The Heart","floor":55,"turns":8}],"seed_played":"-3247932923965447754","potions_obtained":[{"floor":4.0,"key":"Explosive Potion"},{"floor":5.0,"key":"LiquidMemories"},{"floor":6.0,"key":"FearPotion"},{"floor":8.0,"key":"SkillPotion"},{"floor":20.0,"key":"FocusPotion"}],"is_trial":false,"path_per_floor":["M","?","$","M","M","E","M","E","T","R","E","M","$","M","R","B",null,"M","M","M","M","$","E","M","E","T","E","R","E","R","M","R","B",null,"M","?","?","$","?","E","$","M","T","E","$","E","R","M","R","B",null,"R","$","E","B",null],"character_chosen":"DEFECT","items_purchased":["Streamline","Ball Lightning","Hologram","Capacitor","Whetstone","Anchor","Fission","PreservedInsect","Panache","Orrery","Omamori","Defragment","Gremlin Horn","Loop","Fission","Runic Capacitor"],"campfire_rested":0,"item_purchase_floors":[3,3,3,3,3,3,13,13,13,22,22,38,38,41,45,53],"current_hp_per_floor":[74,74,74,74,74,61,75,68,68,68,54,54,54,54,54,43,75,75,75,75,75,75,75,75,75,75,67,67,58,58,58,58,58,75,75,75,75,75,65,73,73,75,75,75,75,75,75,75,75,75,75,75,75,75,75],"gold":107,"neow_bonus":"BOSS_RELIC","is_daily":false,"chose_seed":false,"campfire_upgraded":7,"win_rate":0.0,"timestamp":1611444424,"path_taken":["M","?","$","M","?","E","M","E","T","R","E","M","$","M","R","BOSS","M","M","M","M","$","E","?","E","T","E","R","E","R","M","R","BOSS","M","?","?","$","?","E","$","M","T","E","$","E","R","M","R","BOSS","R","$","E","BOSS"],"items_purchased_type":["Card","Card","Card","Card","Relic","Relic","Card","Relic","Card","Relic","Relic","Card","Relic","Card","Card","Relic"],"build_version":"2020-12-18","purchased_purges":5,"victory":true,"max_hp_per_floor":[75,75,75,75,75,75,75,75,75,75,75,75,75,75,75,75,75,75,75,75,75,75,75,75,75,75,75,75,75,75,75,75,75,75,75,75,75,75,75,75,75,75,75,75,75,75,75,75,75,75,75,75,75,75,75],"card_choices":[{"not_picked":["Go for the Eyes","Reprogram"],"picked":"Skim","floor":1.0},{"not_picked":["Leap","Rip and Tear","Beam Cell"],"picked":"SKIP","floor":4.0},{"not_picked":["Conserve Battery","Redo"],"picked":"Coolheaded","floor":5.0},{"not_picked":["Redo","Turbo"],"picked":"Fusion","floor":6.0},{"not_picked":["Stack","Static Discharge","Steam Power"],"picked":"SKIP","floor":7.0},{"not_picked":["Tempest","Thunder Strike"],"picked":"Streamline","floor":8.0},{"not_picked":["Gash","Coolheaded"],"picked":"Chill","floor":11.0},{"not_picked":["Ball Lightning","Steam"],"picked":"Conserve Battery","floor":12.0},{"not_picked":["Stack","Steam"],"picked":"Barrage","floor":14.0},{"not_picked":["Buffer","Rainbow"],"picked":"Electrodynamics","floor":16.0},{"not_picked":["Ball Lightning","Stack+1"],"picked":"Loop+1","floor":18.0},{"not_picked":["Gash","Scrape","Leap"],"picked":"SKIP","floor":19.0},{"not_picked":["Compile Driver+1","Turbo+1"],"picked":"Seek","floor":20.0},{"not_picked":["Turbo","Consume"],"picked":"Loop","floor":21.0},{"not_picked":["Stack","Gash"],"picked":"Doom and Gloom","floor":22.0},{"not_picked":["Self Repair","Gash+1"],"picked":"Cold Snap","floor":22.0},{"not_picked":["Leap","Double Energy"],"picked":"Glacier","floor":23.0},{"not_picked":["Stack","Leap"],"picked":"Defragment","floor":24.0},{"not_picked":["Cold Snap","Undo+1"],"picked":"Meteor Strike","floor":25.0},{"not_picked":["Cold Snap+1","Compile Driver"],"picked":"Rainbow","floor":27.0},{"not_picked":["Beam Cell","Storm","Hyperbeam"],"picked":"SKIP","floor":29.0},{"not_picked":["Ball Lightning","Steam"],"picked":"Chill","floor":31.0},{"not_picked":["Reboot","Machine Learning"],"picked":"Meteor Strike","floor":33.0},{"not_picked":["Rip and Tear+1","Steam"],"picked":"Hologram+1","floor":35.0},{"not_picked":["Madness","Swift Strike"],"picked":"Flash of Steel","floor":39.0},{"not_picked":["Dark Shackles","Madness"],"picked":"Panache","floor":39.0},{"not_picked":["Streamline","Storm","Melter+1"],"picked":"SKIP","floor":40.0},{"not_picked":["Gash","Ball Lightning+1"],"picked":"Glacier","floor":42.0},{"not_picked":["Force Field+1","FTL"],"picked":"Loop","floor":44.0},{"not_picked":["Cold Snap+1","Sweeping Beam"],"picked":"Defragment+1","floor":46.0},{"not_picked":["Stack+1","Redo+1","Leap+1"],"picked":"SKIP","floor":48.0},{"not_picked":["Fusion+1","Ball Lightning+1"],"picked":"Defragment","floor":54.0}],"player_experience":2267858,"relics_obtained":[{"floor":6.0,"key":"Akabeko"},{"floor":8.0,"key":"Smiling Mask"},{"floor":9.0,"key":"DataDisk"},{"floor":11.0,"key":"InkBottle"},{"floor":23.0,"key":"CeramicFish"},{"floor":25.0,"key":"Happy Flower"},{"floor":27.0,"key":"Lantern"},{"floor":29.0,"key":"Gambling Chip"},{"floor":36.0,"key":"Bird Faced Urn"},{"floor":40.0,"key":"Vajra"},{"floor":43.0,"key":"Darkstone Periapt"},{"floor":44.0,"key":"Mummified Hand"},{"floor":46.0,"key":"War Paint"},{"floor":54.0,"key":"Bag of Preparation"}],"event_choices":[{"cards_removed":["Strike_B"],"damage_healed":0.0,"max_hp_gain":0.0,"max_hp_loss":0.0,"gold_gain":0.0,"event_name":"Bonfire Elementals","player_choice":"Offered Basic","floor":2.0,"gold_loss":0.0,"damage_taken":0.0},{"damage_healed":0.0,"max_hp_gain":0.0,"max_hp_loss":0.0,"gold_gain":0.0,"event_name":"MindBloom","player_choice":"Fight","floor":36.0,"gold_loss":0.0,"damage_taken":0.0},{"damage_healed":0.0,"max_hp_gain":0.0,"max_hp_loss":0.0,"gold_gain":0.0,"event_name":"Tomb of Lord Red Mask","player_choice":"Ignored","floor":37.0,"gold_loss":0.0,"damage_taken":0.0},{"damage_healed":0.0,"max_hp_gain":0.0,"max_hp_loss":0.0,"gold_gain":0.0,"event_name":"SensoryStone","player_choice":"Memory 3","floor":39.0,"gold_loss":0.0,"damage_taken":10.0}],"is_beta":true,"boss_relics":[{"not_picked":["Coffee Dripper","SlaversCollar"],"picked":"Runic Pyramid"},{"not_picked":["Fusion Hammer","Philosopher\u0027s Stone"],"picked":"Sozu"}],"items_purged_floors":[3,13,22,38,53],"is_endless":false,"potions_floor_spawned":[4,5,6,8,19,20,21,23,33,36,40,46],"ascension_level":1}}