{"host":"x3qmax6e7jj3tga5","time":1611442053,"event":{"mods":["BaseMod","Custom Start","Minty Spire (QoL Compilation)","StSLib"],"gold_per_floor":[116,116,116,131,146,173,173,201,228,245,263,6,17,51,63,175,187,216,228,258,285,315,327,339,377,389,501,530,542,588,618,630,739,751,781,410,425,474,488,523,536,536,587,587,612,413,413,432,432,432],"floor_reached":51,"language":"ENG","playtime":2280,"items_purged":["Clumsy"],"score":1244,"play_id":"32982897-c2ed-4dd3-bf91-dae3ef54f237","local_time":"20210123164733","is_ascension_mode":false,"campfire_choices":[{"floor":15,"key":"REST"},{"floor":23,"key":"REST"},{"floor":29,"key":"REST"},{"floor":32,"key":"REST"},{"floor":44,"key":"REST"},{"floor":47,"key":"REST"},{"floor":49,"key":"REST"}],"circlet_count":0,"master_deck":["Panacea+1","Leg Sweep+1","Terror+1","Blur+1","Finisher+1","Dodge and Roll+1","Backflip+1","Cloak And Dagger+1","After Image+1","Accuracy+1","Accuracy+1","Footwork+1","Infinite Blades+1","Footwork+1","Blade Dance+1","Blade Dance+1","Dash+1","Deflect+1","Neutralize+1","Slice+1","Dagger Throw+1","Prepared+1","PiercingWail+1","A Thousand Cuts+1","Concentrate+1","Malaise+1","Deflect+1","Tools of the Trade+1","Wraith Form v2+1","Skewer+1","Slice+1","Purity+1"],"relics":["Ring of the Snake","Toxic Egg 2","Molten Egg 2","Frozen Egg 2","Fusion Hammer","Ice Cream","Runic Pyramid","WristBlade","War Paint","Centennial Puzzle","Oddly Smooth Stone","Mercury Hourglass","MawBank","Fusion Hammer","MutagenicStrength","Shuriken","Smiling Mask","Du-Vu Doll","Blue Candle","Ninja Scroll","Cursed Key","Lantern","Nunchaku","Dead Branch","White Beast Statue","Akabeko","Peace Pipe","ClockworkSouvenir"],"acts_visited":["Exordium","TheCity","TheBeyond"],"potions_floor_usage":[],"damage_taken":[{"damage":0,"enemies":"Small Slimes","floor":1,"turns":1},{"damage":0,"enemies":"Jaw Worm","floor":4,"turns":1},{"damage":0,"enemies":"Cultist","floor":5,"turns":2},{"damage":0,"enemies":"3 Sentries","floor":6,"turns":3},{"damage":0,"enemies":"Lagavulin","floor":8,"turns":2},{"damage":0,"enemies":"Blue Slaver","floor":10,"turns":1},{"damage":0,"enemies":"3 Louse","floor":11,"turns":2},{"damage":0,"enemies":"Exordium Wildlife","floor":13,"turns":2},{"damage":0,"enemies":"3 Sentries","floor":14,"turns":2},{"damage":0,"enemies":"Slime Boss","floor":16,"turns":2},{"damage":0,"enemies":"3 Byrds","floor":18,"turns":2},{"damage":0,"enemies":"2 Thieves","floor":20,"turns":2},{"damage":0,"enemies":"Snake Plant","floor":21,"turns":1},{"damage":0,"enemies":"Snecko","floor":22,"turns":2},{"damage":0,"enemies":"Slavers","floor":25,"turns":4},{"damage":0,"enemies":"Colosseum Slavers","floor":27,"turns":2},{"damage":3,"enemies":"Colosseum Nobs","floor":27,"turns":3},{"damage":0,"enemies":"Centurion and Healer","floor":28,"turns":3},{"damage":0,"enemies":"Book of Stabbing","floor":30,"turns":2},{"damage":0,"enemies":"Snake Plant","floor":31,"turns":2},{"damage":0,"enemies":"Champ","floor":33,"turns":4},{"damage":0,"enemies":"Orb Walker","floor":35,"turns":1},{"damage":0,"enemies":"3 Darklings","floor":37,"turns":3},{"damage":0,"enemies":"2 Orb Walkers","floor":38,"turns":1},{"damage":0,"enemies":"Spire Growth","floor":39,"turns":2},{"damage":0,"enemies":"Giant Head","floor":40,"turns":1},{"damage":0,"enemies":"Jaw Worm Horde","floor":41,"turns":1},{"damage":0,"enemies":"Reptomancer","floor":45,"turns":2},{"damage":0,"enemies":"Transient","floor":48,"turns":4},{"damage":0,"enemies":"Awakened One","floor":50,"turns":6}],"seed_played":"3997568110640505230","potions_obtained":[{"floor":6,"key":"AttackPotion"},{"floor":10,"key":"Strength Potion"},{"floor":11,"key":"Energy Potion"}],"is_trial":true,"path_per_floor":["M","?","?","M","M","E","?","E","T","M","M","$","M","E","R","B",null,"M","?","M","M","M","R","$","E","T","?","M","R","E","M","R","B",null,"M","$","M","?","M","E","M","?","T","R","E","$","R","M","R","B",null],"character_chosen":"THE_SILENT","items_purchased":["Mercury Hourglass","Lantern","Nunchaku","Skewer+1","ClockworkSouvenir"],"campfire_rested":7,"item_purchase_floors":[12,36,36,36,46],"current_hp_per_floor":[70,75,75,75,75,75,75,75,75,75,75,75,75,75,75,75,75,75,75,75,75,75,75,75,75,75,72,72,75,75,75,75,75,75,75,75,75,75,75,75,75,65,65,75,75,75,75,75,75,75],"gold":432,"neow_bonus":"","is_daily":false,"chose_seed":false,"campfire_upgraded":0,"win_rate":0.0,"timestamp":1611442053,"path_taken":["M","?","?","?","M","E","?","E","T","M","M","$","M","E","R","BOSS","M","?","M","M","M","R","$","E","T","?","M","R","E","M","R","BOSS","M","$","M","?","M","E","M","?","T","R","E","$","R","M","R","BOSS"],"items_purchased_type":["Relic","Relic","Relic","Card","Relic"],"build_version":"2020-12-22","purchased_purges":1,"victory":true,"max_hp_per_floor":[70,75,75,75,75,75,75,75,75,75,75,75,75,75,75,75,75,75,75,75,75,75,75,75,75,75,75,75,75,75,75,75,75,75,75,75,75,75,75,75,75,75,75,75,75,75,75,75,75,75],"card_choices":[{"not_picked":["Underhanded Strike+1","Poisoned Stab+1"],"picked":"Dash+1","floor":1},{"not_picked":["Sucker Punch+1","Outmaneuver+1"],"picked":"Slice+1","floor":4},{"not_picked":["Flechettes+1","Finisher+1","Flying Knee+1"],"picked":"SKIP","floor":5},{"not_picked":["Dagger Spray+1","Flying Knee+1"],"picked":"Dagger Throw+1","floor":6},{"not_picked":["Reflex+1","Setup+1"],"picked":"Prepared+1","floor":8},{"not_picked":["Acrobatics+1","Dodge and Roll+1"],"picked":"PiercingWail+1","floor":10},{"not_picked":["Deflect+1","Poisoned Stab+1","Outmaneuver+1"],"picked":"SKIP","floor":11},{"not_picked":["PiercingWail+1","Flying Knee+1"],"picked":"A Thousand Cuts+1","floor":13},{"not_picked":["Dagger Spray+1","Sucker Punch+1"],"picked":"Concentrate+1","floor":14},{"not_picked":["Grand Finale+1","Night Terror+1"],"picked":"Malaise+1","floor":16},{"not_picked":["Acrobatics+1","Noxious Fumes+1","Underhanded Strike+1"],"picked":"SKIP","floor":18},{"not_picked":["Backstab+1","Outmaneuver+1","Crippling Poison+1"],"picked":"SKIP","floor":20},{"not_picked":["Crippling Poison+1","Eviscerate+1"],"picked":"Deflect+1","floor":21},{"not_picked":["Outmaneuver+1","Bane+1","Deadly Poison+1"],"picked":"SKIP","floor":22},{"not_picked":["Deadly Poison+1","All Out Attack+1","Flying Knee+1"],"picked":"SKIP","floor":25},{"not_picked":["Underhanded Strike+1","PiercingWail+1"],"picked":"Tools of the Trade+1","floor":27},{"not_picked":["Deadly Poison+1","Backstab+1","Flechettes+1"],"picked":"SKIP","floor":28},{"not_picked":["Phantasmal Killer+1","Concentrate+1","Backstab+1"],"picked":"SKIP","floor":30},{"not_picked":["Prepared+1","Dagger Spray+1","Well Laid Plans+1"],"picked":"SKIP","floor":31},{"not_picked":["Malaise+1","Storm of Steel+1"],"picked":"Wraith Form v2+1","floor":33},{"not_picked":["PiercingWail+1","Blade Dance+1","Prepared+1"],"picked":"SKIP","floor":35},{"not_picked":["Eviscerate+1","Noxious Fumes+1","Blade Dance+1"],"picked":"SKIP","floor":37},{"not_picked":["Dash+1","Dagger Throw+1"],"picked":"Slice+1","floor":38},{"not_picked":["Flying Knee+1","Bane+1","Underhanded Strike+1"],"picked":"SKIP","floor":39},{"not_picked":["Venomology+1","Outmaneuver+1","Acrobatics+1"],"picked":"SKIP","floor":40},{"not_picked":["Underhanded Strike+1","Crippling Poison+1","Sucker Punch+1"],"picked":"SKIP","floor":41},{"not_picked":["HandOfGreed+1","Deep Breath+1"],"picked":"Purity+1","floor":42},{"not_picked":["Eviscerate+1","Tools of the Trade+1","Poisoned Stab+1"],"picked":"SKIP","floor":45},{"not_picked":["Calculated Gamble+1","Underhanded Strike+1","Flying Knee+1"],"picked":"SKIP","floor":48}],"player_experience":339612,"relics_obtained":[{"floor":6,"key":"War Paint"},{"floor":8,"key":"Centennial Puzzle"},{"floor":9,"key":"Oddly Smooth Stone"},{"floor":14,"key":"MawBank"},{"floor":25,"key":"Shuriken"},{"floor":26,"key":"Smiling Mask"},{"floor":27,"key":"Du-Vu Doll"},{"floor":27,"key":"Blue Candle"},{"floor":30,"key":"Ninja Scroll"},{"floor":38,"key":"Dead Branch"},{"floor":40,"key":"White Beast Statue"},{"floor":43,"key":"Akabeko"},{"floor":45,"key":"Peace Pipe"}],"event_choices":[{"damage_healed":0,"gold_gain":0,"player_choice":"Donut","damage_taken":0,"max_hp_gain":5,"max_hp_loss":0,"event_name":"Big Fish","floor":2,"gold_loss":0},{"damage_healed":0,"gold_gain":0,"player_choice":"2 cards matched","damage_taken":0,"max_hp_gain":0,"max_hp_loss":0,"event_name":"Match and Keep!","floor":3,"gold_loss":0,"cards_obtained":["Deflect","Neutralize"]},{"damage_healed":0,"gold_gain":0,"player_choice":"Leave","damage_taken":0,"max_hp_gain":0,"max_hp_loss":0,"event_name":"The Cleric","floor":7,"gold_loss":0},{"damage_healed":0,"gold_gain":0,"player_choice":"Inject Mutagens","damage_taken":0,"relics_obtained":["MutagenicStrength"],"max_hp_gain":0,"max_hp_loss":0,"event_name":"Drug Dealer","floor":19,"gold_loss":0},{"damage_healed":0,"gold_gain":0,"player_choice":"Fight","damage_taken":0,"max_hp_gain":0,"max_hp_loss":0,"event_name":"Colosseum","floor":27,"gold_loss":0},{"damage_healed":0,"gold_gain":0,"player_choice":"Fought Nobs","damage_taken":0,"max_hp_gain":0,"max_hp_loss":0,"event_name":"Colosseum","floor":27,"gold_loss":0},{"damage_healed":0,"gold_gain":0,"player_choice":"Fight","damage_taken":0,"max_hp_gain":0,"max_hp_loss":0,"event_name":"Mysterious Sphere","floor":38,"gold_loss":0},{"damage_healed":0,"gold_gain":0,"player_choice":"Memory 3","damage_taken":10,"max_hp_gain":0,"max_hp_loss":0,"event_name":"SensoryStone","floor":42,"gold_loss":0}],"is_beta":false,"boss_relics":[{"not_picked":["Philosopher\u0027s Stone","Snecko Eye"],"picked":"Fusion Hammer"},{"not_picked":["Empty Cage","SlaversCollar"],"picked":"Cursed Key"}],"items_purged_floors":[46],"is_endless":false,"potions_floor_spawned":[6,10,11,13,18,21,27,28,31,39,41,45,48],"ascension_level":0}}