{"host":"j4g6ia6asvpyu2b0","time":1611360862,"event":{"mods":["BaseMod","Colored Map","Minty Spire (QoL Compilation)","Permanent Neow","Quick Restart","Relic Stats","StSLib","Unceasing Turn Reminder"],"gold_per_floor":[111,81,98,118,128,160,160,160,160,160,160,180,211,222,222,297,297,309,21,21,40,40,75,75,75,75],"floor_reached":25,"language":"ENG","playtime":680,"items_purged":[],"score":448,"play_id":"aa2d56ab-c630-44df-a6e3-0885da3796db","local_time":"20210122171422","is_ascension_mode":true,"campfire_choices":[{"data":"Bash","floor":7,"key":"SMITH"},{"data":"Anger","floor":11,"key":"SMITH"},{"data":"Disarm","floor":15,"key":"SMITH"},{"floor":24,"key":"REST"}],"circlet_count":0,"master_deck":["AscendersBane","Strike_R","Strike_R","Strike_R","Strike_R+1","Defend_R","Defend_R","Defend_R","Defend_R","Bash+1","Disarm","Inflame+1","Anger+1","Sword Boomerang","Carnage","Uppercut+1","Disarm+1","True Grit","Barricade","Pummel+1","Shame","Shrug It Off+1","Bloodletting","Entrench"],"relics":["Burning Blood","Ginger","Gambling Chip","Kunai","Bottled Flame","Sozu","Ice Cream","Eternal Feather","Whetstone"],"acts_visited":["Exordium","TheCity"],"potions_floor_usage":[6,6,6],"damage_taken":[{"damage":3,"enemies":"Small Slimes","floor":1,"turns":5},{"damage":1,"enemies":"Cultist","floor":3,"turns":3},{"damage":0,"enemies":"2 Louse","floor":4,"turns":4},{"damage":0,"enemies":"Exordium Wildlife","floor":5,"turns":3},{"damage":13,"enemies":"Lagavulin","floor":6,"turns":6},{"damage":0,"enemies":"2 Fungi Beasts","floor":12,"turns":2},{"damage":0,"enemies":"Gremlin Nob","floor":13,"turns":2},{"damage":10,"enemies":"Lots of Slimes","floor":14,"turns":3},{"damage":17,"enemies":"The Guardian","floor":16,"turns":13},{"damage":0,"enemies":"3 Byrds","floor":18,"turns":6},{"damage":34,"enemies":"2 Thieves","floor":21,"turns":5},{"damage":39,"enemies":"Book of Stabbing","floor":23,"turns":7},{"damage":24,"enemies":"Gremlin Leader","floor":25,"turns":2}],"seed_played":"-7026574082487078454","potions_obtained":[{"floor":2,"key":"BlessingOfTheForge"},{"floor":2,"key":"EntropicBrew"},{"floor":3,"key":"FearPotion"},{"floor":6,"key":"BloodPotion"}],"is_trial":false,"path_per_floor":["M","?","M","M","M","E","R","?","T","$","R","M","E","M","R","B",null,"M","$","?","M","?","E","R","E"],"character_chosen":"IRONCLAD","items_purchased":["Ice Cream"],"campfire_rested":1,"item_purchase_floors":[19],"current_hp_per_floor":[53,53,58,64,70,63,63,63,63,63,63,69,75,71,71,60,71,75,75,75,47,47,14,48,24,24],"gold":75,"neow_bonus":"ONE_RARE_RELIC","is_daily":false,"chose_seed":false,"campfire_upgraded":3,"win_rate":0.0,"timestamp":1611360862,"path_taken":["M","?","M","?","M","E","R","?","T","$","R","M","E","M","R","BOSS","M","$","?","M","?","E","R","E"],"items_purchased_type":["Relic"],"build_version":"2020-12-22","purchased_purges":0,"victory":false,"max_hp_per_floor":[75,75,75,75,75,75,75,75,75,75,75,75,75,75,75,75,75,75,75,75,75,75,75,75,75,75],"relic_stats":{"Sozu":1,"counters":[13,61],"Gambling Chip":[19],"Eternal Feather":12,"Ginger":[4],"Kunai":[7],"Whetstone":["Strike_R","Uppercut"],"obtain_stats":[{"Sozu":17,"Ice Cream":19,"Bottled Flame":13,"Gambling Chip":6,"Eternal Feather":20,"Ginger":0,"Kunai":9,"Whetstone":23,"Burning Blood":0},{"Sozu":9,"Ice Cream":10,"Bottled Flame":7,"Gambling Chip":5,"Eternal Feather":10,"Ginger":0,"Kunai":5,"Whetstone":12,"Burning Blood":0},{"Sozu":41,"Ice Cream":47,"Bottled Flame":25,"Gambling Chip":21,"Eternal Feather":47,"Ginger":0,"Kunai":21,"Whetstone":59,"Burning Blood":0}],"Burning Blood":70},"card_choices":[{"not_picked":["Havoc","Armaments"],"picked":"Disarm","floor":1},{"not_picked":["Wild Strike","Flex"],"picked":"Inflame","floor":3},{"not_picked":["Combust","Clash"],"picked":"Anger","floor":4},{"not_picked":["Heavy Blade","Reckless Charge"],"picked":"Sword Boomerang","floor":5},{"not_picked":["Heavy Blade","Reckless Charge"],"picked":"Carnage","floor":6},{"not_picked":["Armaments","Twin Strike"],"picked":"Uppercut","floor":12},{"not_picked":["Havoc","Inflame"],"picked":"Disarm","floor":13},{"not_picked":["Burning Pact","Body Slam"],"picked":"True Grit","floor":14},{"not_picked":["Bludgeon","Juggernaut"],"picked":"Barricade","floor":16},{"not_picked":["Warcry","Rampage"],"picked":"Pummel+1","floor":18},{"not_picked":["Dropkick","Havoc"],"picked":"Shrug It Off+1","floor":21},{"not_picked":["Searing Blow","Armaments"],"picked":"Entrench","floor":23}],"player_experience":942358,"relics_obtained":[{"floor":6,"key":"Gambling Chip"},{"floor":9,"key":"Kunai"},{"floor":13,"key":"Bottled Flame"},{"floor":23,"key":"Whetstone"}],"event_choices":[{"damage_healed":0,"gold_gain":0,"player_choice":"Bought 2 Potions","damage_taken":0,"max_hp_gain":0,"max_hp_loss":0,"event_name":"The Woman in Blue","floor":2,"gold_loss":0},{"damage_healed":0,"gold_gain":0,"player_choice":"Grow","damage_taken":0,"max_hp_gain":0,"max_hp_loss":0,"event_name":"Living Wall","floor":8,"gold_loss":0,"cards_upgraded":["Inflame"]},{"damage_healed":0,"gold_gain":0,"player_choice":"Stole Relic","damage_taken":0,"relics_obtained":["Eternal Feather"],"max_hp_gain":0,"max_hp_loss":0,"event_name":"Addict","floor":20,"gold_loss":0,"cards_obtained":["Shame"]},{"damage_healed":0,"gold_gain":0,"cards_transformed":["Strike_R"],"player_choice":"Transformed","damage_taken":0,"max_hp_gain":0,"max_hp_loss":0,"event_name":"Transmorgrifier","floor":22,"gold_loss":0,"cards_obtained":["Bloodletting"]}],"is_beta":false,"boss_relics":[{"not_picked":["Philosopher\u0027s Stone","Ectoplasm"],"picked":"Sozu"}],"items_purged_floors":[],"is_endless":false,"potions_floor_spawned":[3,6,13,14,18],"killed_by":"Gremlin Leader","ascension_level":15}}