{"host":"17eltwdkyvydzbrm","time":1611380464,"event":{"mods":["BaseMod","Better Vampires","Dota2Spire","Downfall","Minty Spire (QoL Compilation)","Robot Space Explorer","StSLib","noobMod","¡¾ÒÅÎï¿¨ÅÆ¡¿REMEMod","óô»ðÖ¸ÄÏ"],"gold_per_floor":[109,127,127,137,137,137,165,12,12,28,48,59,89,107,107,204,204,218,218,218,133,133,10,41,41,65,65,76,91,124,124,124,226,226,243,243,243,254,270,50,77,77,77,97,97,112,112,462,50,50,50,50,2,29,29],"floor_reached":56,"language":"ZHS","playtime":4215,"items_purged":["Defend_G"],"score":1275,"play_id":"ab8f0bb0-1ecb-427d-a26b-1f57c933dd03","local_time":"20210123134104","is_ascension_mode":false,"campfire_choices":[{"floor":6,"key":"RECALL"},{"data":"Noxious Fumes","floor":15,"key":"SMITH"},{"floor":25,"key":"REST"},{"data":"REME_EyeOfCthun","floor":27,"key":"SMITH"},{"floor":32,"key":"REST"},{"floor":42,"key":"REST"},{"data":"Infinite Blades","floor":45,"key":"SMITH"},{"data":"Blade Dance","floor":52,"key":"SMITH"}],"circlet_count":0,"master_deck":["Strike_G","Strike_G+1","Strike_G+1","Strike_G","Strike_G","Defend_G","Defend_G","Defend_G","Defend_G","Survivor","Neutralize","REME_EyeOfCthun+1","Dagger Spray","Quick Slash","Slice","A Thousand Cuts","Outmaneuver","Deflect","Noxious Fumes+1","REME_GreenPollution","REME_ShadowForm","Choke","Bane","Poisoned Stab","Escape Plan+1","Backflip+1","Poisoned Stab","Skewer+1","Poisoned Stab","After Image","Blade Dance","REME_EyeOfCthun","Panache","Dramatic Entrance","Deep Breath","Deflect","Blade Dance+1","Distraction","Infinite Blades+1","Crippling Poison","PiercingWail+1","Flying Knee","Prepared+1","Madness","Madness","Poisoned Stab","Blade Dance+1","Infinite Blades","Backflip+1"],"relics":["Ring of the Snake","ice","REME_ComplimentaryCards","Anchor","Blue Candle","Dota2Spire:BattleFury","Strange Spoon","Gremlin Horn","Toy Ornithopter","WristBlade","Dream Catcher","Whetstone","Lantern","Boot","bronze:MakeshiftBattery","Frozen Eye","Dota2Spire:UrnOfShadows","Vajra","Old Coin","REME_HandOfSuture","HandDrill","Bronze Scales"],"acts_visited":["Exordium","TheCity","TheBeyond","TheEnding"],"potions_floor_usage":[13,16,16,30,30,41,48,50,50,54,54,55],"damage_taken":[{"damage":0,"enemies":"Small Slimes","floor":1,"turns":2},{"damage":0,"enemies":"2 Louse","floor":2,"turns":2},{"damage":1,"enemies":"Jaw Worm","floor":4,"turns":2},{"damage":12,"enemies":"Gremlin Nob","floor":7,"turns":4},{"damage":0,"enemies":"Looter","floor":10,"turns":2},{"damage":8,"enemies":"Large Slime","floor":11,"turns":3},{"damage":0,"enemies":"3 Louse","floor":12,"turns":2},{"damage":22,"enemies":"Lagavulin","floor":13,"turns":5},{"damage":4,"enemies":"Blue Slaver","floor":14,"turns":3},{"damage":46,"enemies":"The Guardian","floor":16,"turns":7},{"damage":0,"enemies":"2 Thieves","floor":18,"turns":3},{"damage":47,"enemies":"Book of Stabbing","floor":24,"turns":5},{"damage":0,"enemies":"3 Byrds","floor":28,"turns":2},{"damage":0,"enemies":"Snake Plant","floor":29,"turns":1},{"damage":58,"enemies":"REME_1_Revenger","floor":30,"turns":4},{"damage":23,"enemies":"Collector","floor":33,"turns":6},{"damage":1,"enemies":"Orb Walker","floor":35,"turns":2},{"damage":0,"enemies":"3 Darklings","floor":38,"turns":2},{"damage":0,"enemies":"Transient","floor":39,"turns":5},{"damage":33,"enemies":"Nemesis","floor":41,"turns":5},{"damage":0,"enemies":"Spire Growth","floor":44,"turns":3},{"damage":0,"enemies":"3 Darklings","floor":46,"turns":2},{"damage":32,"enemies":"Mind Bloom Boss Battle","floor":48,"turns":3},{"damage":79,"enemies":"Time Eater","floor":50,"turns":9},{"damage":4,"enemies":"Shield and Spear","floor":54,"turns":2},{"damage":76,"enemies":"The Heart","floor":55,"turns":6}],"seed_played":"-4635199835772793037","potions_obtained":[{"floor":2,"key":"LiquidMemories"},{"floor":7,"key":"Strength Potion"},{"floor":10,"key":"Strength Potion"},{"floor":16,"key":"Regen Potion"},{"floor":24,"key":"Dota2Spire:Clarity"},{"floor":29,"key":"ColorlessPotion"},{"floor":30,"key":"LiquidBronze"},{"floor":39,"key":"Regen Potion"},{"floor":41,"key":"Energy Potion"},{"floor":48,"key":"Slimebound:ThreeZeroPotion"},{"floor":54,"key":"Swift Potion"}],"is_trial":false,"path_per_floor":["M","M","?","M","?","R","E","R","T","M","M","M","E","M","R","B",null,"M","?","?","?","T","R","E","R","T","R","M","M","E","?","R","B",null,"M","?","?","M","M","R","E","R","T","M","R","M","?","?","R","B",null,"R","$","E","B",null],"character_chosen":"THE_SILENT","items_purchased":["Strange Spoon","Bane","Infinite Blades","Frozen Eye","Blade Dance","REME_HandOfSuture","Infinite Blades","HandDrill","Explosive Potion"],"campfire_rested":3,"item_purchase_floors":[8,23,40,40,49,49,49,49,53],"current_hp_per_floor":[70,70,70,69,64,64,52,52,52,52,44,44,22,18,18,49,79,79,79,79,79,79,79,32,59,59,59,59,59,11,11,40,17,100,99,89,89,89,89,89,61,94,94,94,94,94,80,53,53,114,134,134,134,130,59],"gold":29,"neow_bonus":"RANDOM_COMMON_RELIC","is_daily":false,"chose_seed":false,"campfire_upgraded":4,"win_rate":0.0,"timestamp":1611380464,"path_taken":["M","M","?","M","?","R","E","R","T","M","?","M","E","M","R","BOSS","M","?","?","?","?","R","E","R","T","R","M","M","E","?","R","BOSS","M","?","?","M","M","R","E","R","T","?","R","M","?","?","R","BOSS","R","$","E","BOSS"],"items_purchased_type":["Relic","Card","Card","Relic","Card","Relic","Card","Relic","Potion"],"build_version":"2020-12-22","purchased_purges":1,"victory":true,"max_hp_per_floor":[70,70,70,70,70,70,70,70,70,70,70,70,70,70,70,79,79,82,82,82,82,82,82,92,92,92,92,92,92,98,98,98,100,100,101,101,101,101,106,106,110,110,110,111,111,113,113,124,124,134,134,134,134,137,198],"card_choices":[{"not_picked":["Eviscerate","Heel Hook"],"picked":"Dagger Spray","floor":1},{"not_picked":["Deflect","Bane"],"picked":"Quick Slash","floor":2},{"not_picked":["Quick Slash","Deflect"],"picked":"Slice","floor":4},{"not_picked":["Choke","Sucker Punch"],"picked":"A Thousand Cuts","floor":7},{"not_picked":["Flechettes","Deflect"],"picked":"Outmaneuver","floor":10},{"not_picked":["Quick Slash","Leg Sweep","REME_ShadowStrike"],"picked":"SKIP","floor":11},{"not_picked":["Tactician","Skewer"],"picked":"Deflect","floor":12},{"not_picked":["Reflex","Underhanded Strike"],"picked":"Noxious Fumes","floor":13},{"not_picked":["Backflip","Flying Knee"],"picked":"REME_GreenPollution","floor":14},{"not_picked":["Glass Knife","Unload"],"picked":"REME_ShadowForm","floor":16},{"not_picked":["Bouncing Flask","Flying Knee"],"picked":"Choke","floor":18},{"not_picked":["Acrobatics","Flying Knee"],"picked":"Poisoned Stab","floor":24},{"not_picked":["Endless Agony","Acrobatics"],"picked":"Escape Plan+1","floor":25},{"not_picked":["Riddle With Holes","PiercingWail"],"picked":"Backflip+1","floor":28},{"not_picked":["Flying Knee+1","Night Terror"],"picked":"Poisoned Stab","floor":29},{"not_picked":["Acrobatics","Outmaneuver"],"picked":"Skewer+1","floor":30},{"not_picked":["Expertise","Backstab+1"],"picked":"Poisoned Stab","floor":32},{"not_picked":["A Thousand Cuts","Doppelganger"],"picked":"After Image","floor":33},{"not_picked":["Quick Slash+1","Bane+1"],"picked":"Blade Dance","floor":35},{"not_picked":["Dramatic Entrance","Jack Of All Trades"],"picked":"REME_EyeOfCthun","floor":36},{"not_picked":["Swift Strike","REME_MagicPocketWatch"],"picked":"Panache","floor":36},{"not_picked":["Discovery","Deep Breath"],"picked":"Dramatic Entrance","floor":36},{"not_picked":["Flying Knee","Masterful Stab"],"picked":"Blade Dance+1","floor":38},{"not_picked":["Underhanded Strike+1","Tactician+1"],"picked":"Distraction","floor":39},{"not_picked":["Well Laid Plans+1","Underhanded Strike+1"],"picked":"Crippling Poison","floor":41},{"not_picked":["Slice","Deflect"],"picked":"PiercingWail+1","floor":42},{"not_picked":["Sucker Punch","Slice"],"picked":"Flying Knee","floor":44},{"not_picked":["Glass Knife","Choke"],"picked":"Prepared+1","floor":46},{"not_picked":["Masterful Stab+1","Bane"],"picked":"Poisoned Stab","floor":48},{"not_picked":["Dodge and Roll","PiercingWail+1"],"picked":"Backflip+1","floor":54}],"player_experience":28048,"relics_obtained":[{"floor":7,"key":"Dota2Spire:BattleFury"},{"floor":9,"key":"Gremlin Horn"},{"floor":13,"key":"Toy Ornithopter"},{"floor":24,"key":"Whetstone"},{"floor":26,"key":"Lantern"},{"floor":30,"key":"Boot"},{"floor":41,"key":"Dota2Spire:UrnOfShadows"},{"floor":43,"key":"Vajra"},{"floor":48,"key":"Old Coin"},{"floor":54,"key":"Bronze Scales"}],"event_choices":[{"damage_healed":0,"gold_gain":0,"player_choice":"Ignored","damage_taken":0,"max_hp_gain":0,"max_hp_loss":0,"event_name":"Golden Idol","floor":3,"gold_loss":0},{"damage_healed":0,"gold_gain":0,"player_choice":"Ignored","damage_taken":0,"max_hp_gain":0,"max_hp_loss":0,"event_name":"Ghosts","floor":19,"gold_loss":0},{"damage_healed":0,"gold_gain":0,"player_choice":"Ignored","damage_taken":0,"max_hp_gain":0,"max_hp_loss":0,"event_name":"The Mausoleum","floor":20,"gold_loss":0},{"damage_healed":0,"gold_gain":0,"player_choice":"Obtained Relic","damage_taken":0,"relics_obtained":["Dream Catcher"],"max_hp_gain":0,"max_hp_loss":0,"event_name":"Addict","floor":21,"gold_loss":85},{"damage_healed":0,"gold_gain":0,"player_choice":"Memory 3","damage_taken":10,"max_hp_gain":0,"max_hp_loss":0,"event_name":"SensoryStone","floor":36,"gold_loss":0},{"damage_healed":0,"gold_gain":0,"player_choice":"2 cards matched","damage_taken":0,"max_hp_gain":0,"max_hp_loss":0,"event_name":"Match and Keep!","floor":37,"gold_loss":0,"cards_obtained":["Deep Breath","Deflect"]},{"damage_healed":0,"gold_gain":0,"player_choice":"Embrace Madness","damage_taken":14,"max_hp_gain":0,"max_hp_loss":0,"event_name":"Winding Halls","floor":47,"gold_loss":0,"cards_obtained":["Madness","Madness"]},{"damage_healed":0,"gold_gain":0,"player_choice":"Fight","damage_taken":0,"max_hp_gain":0,"max_hp_loss":0,"event_name":"MindBloom","floor":48,"gold_loss":0}],"is_beta":false,"boss_relics":[{"not_picked":["Runic Pyramid","Dota2Spire:Bloodstone"],"picked":"WristBlade"},{"not_picked":["REME_LowDesire","Philosopher\u0027s Stone"],"picked":"bronze:MakeshiftBattery"}],"items_purged_floors":[23],"is_endless":false,"potions_floor_spawned":[2,7,10,16,24,29,30,39,41,48,54],"ascension_level":0}}