{"host":"0cm5wy4nhuju7tij","time":1611374225,"event":{"mods":["100% Spire Juice","2.2 Compatiblity","AchievementEnabler","Aspiration","BaseMod","Better Third Choice","BetterRewards","CCEM","CapriCore","Colored Powertips","Curses Come First","Custom Start","Displayed Cursed Tome","Downfall","Energized Spire","Evolution","Filter the Spire","Highlight Path","Jess\u0027s Bottle","Minty Spire (QoL Compilation)","Permanent Neow","Poor People Problems","Relic Stats","Shop Mod","Spicy Shops","StSLib","The Cursed","The Dragonkin","The Juggle"],"gold_per_floor":[115,128,128,148,167,200,200,226,226,238,279,291,314,21,21,122,122,133,150,150,162,177,177,202,202,202,202,221,241,261,279,279,376,376,392,101,115,134,152,152,152],"floor_reached":40,"language":"ENG","playtime":2923,"items_purged":["theDragonkin:Strike"],"score":434,"play_id":"90ee5aef-dea5-41d6-8fba-bdbd806fe605","local_time":"20210122225705","is_ascension_mode":false,"campfire_choices":[{"floor":7.0,"key":"REST"},{"floor":10.0,"key":"REST"},{"floor":15.0,"key":"REST"},{"data":"theDragonkin:HolySmite","floor":23.0,"key":"SMITH"},{"data":"theDragonkin:CrusaderForm","floor":25.0,"key":"SMITH"},{"floor":32,"key":"REST"}],"circlet_count":0,"master_deck":["theDragonkin:BurningRage","theDragonkin:Defend+1","theDragonkin:Defend","theDragonkin:Defend","theDragonkin:Defend","theDragonkin:HolySmite+1","theDragonkin:BlazingBreath","theDragonkin:FlameBreath","theDragonkin:AcidBreath","theDragonkin:SlowBurn","theDragonkin:HolyWordBarrier","theDragonkin:CrusaderForm+1","theDragonkin:MiasmicBreath+1","theDragonkin:MagmaScales","theDragonkin:ControlledBreath+1","theDragonkin:MiasmicBreath","theDragonkin:HolyWordBarrier","theDragonkin:Smaugs_Smog+1","theDragonkin:HammerOfWrath+1","theDragonkin:EnduringAgony","theDragonkin:AcidBreath+1","theDragonkin:DivineBreath+1","theDragonkin:DivineBreath+1","theDragonkin:DivineVision+1","theDragonkin:MoltenBreath+1","theDragonkin:DivineBreath+1","theDragonkin:GoldenFlames+1","theDragonkin:AkatirnsDecree+1","theDragonkin:AcidArmor+1","theDragonkin:Ravage+1","theDragonkin:HolyFlask+1","theDragonkin:AcidArmor+1"],"relics":["theDragonkin:GarnetScale","EVO:Axolotl","aspiration:Nostalgia","Moonworks:BrokenBomb","Blue Candle","theDragonkin:FernosBellows","Anchor","MawBank","Molten Egg 2","Nunchaku","War Paint","energizedSpire:DeadBattery","aspiration:HiddenCompartment","Singing Bowl","Empty Cage","Membership Card","Orrery"],"acts_visited":["Exordium","TheCity","TheBeyond"],"potions_floor_usage":[40,40],"damage_taken":[{"damage":7.0,"enemies":"2 Louse","floor":1.0,"turns":2.0},{"damage":0.0,"enemies":"Small Slimes","floor":2.0,"turns":3.0},{"damage":0.0,"enemies":"Cultist","floor":4.0,"turns":2.0},{"damage":44.0,"enemies":"Gremlin Gang","floor":5.0,"turns":9.0},{"damage":11.0,"enemies":"Gremlin Nob","floor":6.0,"turns":4.0},{"damage":6.0,"enemies":"Lagavulin","floor":8.0,"turns":7.0},{"damage":33.0,"enemies":"3 Sentries","floor":11.0,"turns":11.0},{"damage":2.0,"enemies":"Blue Slaver","floor":13.0,"turns":4.0},{"damage":13.0,"enemies":"The Guardian","floor":16.0,"turns":8.0},{"damage":0.0,"enemies":"Shell Parasite","floor":18.0,"turns":5.0},{"damage":0.0,"enemies":"Spheric Guardian","floor":19.0,"turns":2.0},{"damage":8.0,"enemies":"Snecko","floor":21.0,"turns":5.0},{"damage":3.0,"enemies":"Snake Plant","floor":22.0,"turns":4.0},{"damage":7.0,"enemies":"Book of Stabbing","floor":24.0,"turns":4.0},{"damage":2.0,"enemies":"Centurion and Healer","floor":28.0,"turns":6.0},{"damage":2.0,"enemies":"Cultist and Chosen","floor":29.0,"turns":6.0},{"damage":17,"enemies":"Snake Plant","floor":30,"turns":3},{"damage":9,"enemies":"Shelled Parasite and Fungi","floor":31,"turns":5},{"damage":46,"enemies":"Collector","floor":33,"turns":10},{"damage":22,"enemies":"3 Darklings","floor":35,"turns":6},{"damage":1,"enemies":"Orb Walker","floor":37,"turns":3},{"damage":35,"enemies":"3 Darklings","floor":38,"turns":4},{"damage":3,"enemies":"Transient","floor":39,"turns":4},{"damage":51,"enemies":"Reptomancer","floor":40,"turns":3}],"seed_played":"8031914425823483888","potions_obtained":[{"floor":2.0,"key":"Swift Potion"},{"floor":5.0,"key":"SpeedPotion"},{"floor":8.0,"key":"theDragonkin:DragonkinCommonPotion"},{"floor":11.0,"key":"AttackPotion"},{"floor":28.0,"key":"PowerPotion"},{"floor":31,"key":"Block Potion"}],"is_trial":false,"path_per_floor":["M","M","?","M","M","E","R","E","T","R","E","?","M","$","R","B",null,"M","M","?","M","M","R","E","R","T","?","M","M","M","M","R","B",null,"M","$","M","M","M","E"],"character_chosen":"THE_DRAGONKIN","items_purchased":["theDragonkin:MiasmicBreath","War Paint","theDragonkin:HolyWordBarrier","Membership Card","theDragonkin:AkatirnsDecree+1","Orrery"],"campfire_rested":4,"item_purchase_floors":[14,14,14,36,36,36],"current_hp_per_floor":[78,78,73,73,29,18,43,37,37,62,29,29,27,27,52,39,85,85,85,85,77,74,74,67,67,67,67,65,63,46,39,65,21,89,67,73,72,39,36,0,0],"gold":152,"neow_bonus":"NOSTALGIA","is_daily":false,"chose_seed":false,"campfire_upgraded":2,"win_rate":0.0,"timestamp":1611374225,"path_taken":["M","M","?","M","M","E","R","E","T","R","E","?","M","$","R","BOSS","M","M","?","M","M","R","E","R","T","?","M","M","?","M","R","BOSS","M","$","?","M","M","E"],"items_purchased_type":["Card","Relic","Card","Relic","Card","Relic"],"build_version":"2020-12-22","purchased_purges":1,"victory":false,"max_hp_per_floor":[85,85,85,85,85,85,85,85,85,85,85,85,85,85,85,85,85,85,85,85,85,85,85,85,85,85,85,85,85,85,87,87,89,89,89,95,95,97,97,97,97],"relic_stats":{"Nunchaku":[12],"Singing Bowl":12,"counters":[24,120],"Blue Candle":[0],"War Paint":["theDragonkin:Defend","theDragonkin:MiasmicBreath"],"MawBank":60,"obtain_stats":[{"Singing Bowl":26,"aspiration:Nostalgia":0,"Blue Candle":3,"EVO:Axolotl":0,"War Paint":14,"MawBank":9,"energizedSpire:DeadBattery":17,"aspiration:HiddenCompartment":24,"Empty Cage":34,"theDragonkin:FernosBellows":6,"Anchor":8,"Nunchaku":12,"theDragonkin:GarnetScale":0,"Orrery":36,"Molten Egg 2":11,"Membership Card":36,"Moonworks:BrokenBomb":0},{"Singing Bowl":14,"aspiration:Nostalgia":0,"Blue Candle":2,"EVO:Axolotl":0,"War Paint":8,"MawBank":6,"energizedSpire:DeadBattery":9,"aspiration:HiddenCompartment":14,"Empty Cage":19,"theDragonkin:FernosBellows":5,"Anchor":6,"Nunchaku":7,"theDragonkin:GarnetScale":0,"Orrery":20,"Molten Egg 2":7,"Membership Card":20,"Moonworks:BrokenBomb":0},{"Singing Bowl":70,"aspiration:Nostalgia":0,"Blue Candle":5,"EVO:Axolotl":0,"War Paint":42,"MawBank":27,"energizedSpire:DeadBattery":50,"aspiration:HiddenCompartment":70,"Empty Cage":100,"theDragonkin:FernosBellows":20,"Anchor":27,"Nunchaku":38,"theDragonkin:GarnetScale":0,"Orrery":106,"Molten Egg 2":38,"Membership Card":106,"Moonworks:BrokenBomb":0}]},"card_choices":[{"not_picked":["theDragonkin:FlameWard","theDragonkin:CorrosiveBelch"],"picked":"theDragonkin:FlameBreath","floor":1.0},{"not_picked":["theDragonkin:HolyFlask","theDragonkin:DivineFire"],"picked":"theDragonkin:AcidBreath","floor":2.0},{"not_picked":["theDragonkin:GoldenFlames","theDragonkin:HolyShock"],"picked":"theDragonkin:SlowBurn","floor":4.0},{"not_picked":["theDragonkin:SandBreath","theDragonkin:FlameBreath"],"picked":"theDragonkin:HolyWordBarrier","floor":5.0},{"not_picked":["theDragonkin:AshBreath","theDragonkin:SlowBurn"],"picked":"theDragonkin:CrusaderForm","floor":6.0},{"not_picked":["theDragonkin:ShieldGlare","theDragonkin:DivineJolt"],"picked":"theDragonkin:MiasmicBreath","floor":8.0},{"not_picked":["theDragonkin:HolyWordBarrier","theDragonkin:FlameBreath+1"],"picked":"theDragonkin:MagmaScales","floor":11.0},{"not_picked":["theDragonkin:Sizzle","theDragonkin:DivineJolt+1"],"picked":"theDragonkin:ControlledBreath+1","floor":13.0},{"not_picked":["theDragonkin:Detox","theDragonkin:BurnAfterReading"],"picked":"theDragonkin:Smaugs_Smog+1","floor":16.0},{"not_picked":["theDragonkin:AcidBreath+1","theDragonkin:DivineFire+1"],"picked":"theDragonkin:HammerOfWrath+1","floor":18.0},{"not_picked":["theDragonkin:DivineVision","theDragonkin:ShieldGlare+1"],"picked":"theDragonkin:EnduringAgony","floor":19.0},{"not_picked":["theDragonkin:BurningRage+1","theDragonkin:ControlledBreath+1"],"picked":"theDragonkin:AcidBreath+1","floor":21.0},{"not_picked":["theDragonkin:FlameWard","theDragonkin:Flashpoint"],"picked":"theDragonkin:DivineBreath+1","floor":22.0},{"not_picked":["theDragonkin:AncestralSeance","theDragonkin:DivineJolt+1"],"picked":"theDragonkin:DivineBreath+1","floor":24.0},{"not_picked":["theDragonkin:HolyWordBarrier","theDragonkin:BurningRage+1"],"picked":"theDragonkin:DivineVision+1","floor":28.0},{"not_picked":["theDragonkin:Smaugs_Smog+1","theDragonkin:SlowBurn"],"picked":"theDragonkin:MoltenBreath+1","floor":29.0},{"not_picked":["theDragonkin:SlowBurn","theDragonkin:CorrosiveBelch+1"],"picked":"theDragonkin:DivineBreath+1","floor":30},{"not_picked":["theDragonkin:MiasmicBreath","theDragonkin:DivineBreath+1","theDragonkin:FlameBreath+1"],"picked":"Singing Bowl","floor":31},{"not_picked":["theDragonkin:Detox","theDragonkin:FlashofLight","theDragonkin:Subdue"],"picked":"Singing Bowl","floor":33},{"not_picked":["theDragonkin:FlameWard","theDragonkin:CorrosiveBelch+1"],"picked":"theDragonkin:GoldenFlames+1","floor":35},{"not_picked":["theDragonkin:HolyBarrier","theDragonkin:DivineFire+1"],"picked":"theDragonkin:AcidArmor+1","floor":36},{"not_picked":["theDragonkin:AshenArmor","theDragonkin:MiasmicBreath"],"picked":"theDragonkin:Ravage+1","floor":36},{"not_picked":["theDragonkin:ShieldGlare","theDragonkin:DivineVision+1","theDragonkin:Flashpoint+1"],"picked":"Singing Bowl","floor":36},{"not_picked":["theDragonkin:BurningRage+1","theDragonkin:DivineBreath+1","theDragonkin:Ashfall"],"picked":"Singing Bowl","floor":36},{"not_picked":["theDragonkin:GoldenFlames+1","theDragonkin:FlameBreath+1","theDragonkin:SandBreath"],"picked":"Singing Bowl","floor":36},{"not_picked":["theDragonkin:CorrosiveBelch+1","theDragonkin:ChainsOfTruth+1"],"picked":"theDragonkin:HolyFlask+1","floor":37},{"not_picked":["theDragonkin:DivineBreath+1","theDragonkin:HolyWordBarrier","theDragonkin:GooGrip+1"],"picked":"Singing Bowl","floor":38},{"not_picked":["theDragonkin:HolyWordBarrier+1","theDragonkin:ChainsOfTruth+1"],"picked":"theDragonkin:AcidArmor+1","floor":39}],"player_experience":240840,"relics_obtained":[{"floor":6.0,"key":"theDragonkin:FernosBellows"},{"floor":8.0,"key":"Anchor"},{"floor":9.0,"key":"MawBank"},{"floor":11.0,"key":"Molten Egg 2"},{"floor":24.0,"key":"aspiration:HiddenCompartment"},{"floor":26.0,"key":"Singing Bowl"}],"event_choices":[{"damage_healed":0.0,"max_hp_gain":0.0,"max_hp_loss":0.0,"gold_gain":0.0,"event_name":"Dead Adventurer","player_choice":"Searched \u00272\u0027 times","floor":12.0,"gold_loss":0.0,"damage_taken":0.0,"relics_obtained":["Nunchaku"]},{"damage_healed":0.0,"max_hp_gain":0.0,"max_hp_loss":0.0,"gold_gain":0.0,"event_name":"Ghosts","player_choice":"Ignored","floor":20.0,"gold_loss":0.0,"damage_taken":0.0},{"damage_healed":0.0,"max_hp_gain":0.0,"max_hp_loss":0.0,"gold_gain":0.0,"event_name":"The Woman in Blue","player_choice":"Bought 0 Potions","floor":27.0,"gold_loss":0.0,"damage_taken":0.0}],"is_beta":false,"boss_relics":[{"not_picked":["aspiration:RitualDagger","Runic Pyramid"],"picked":"energizedSpire:DeadBattery"},{"not_picked":["SacredBark","aspiration:PoetsPen_weak"],"picked":"Empty Cage"}],"items_purged_floors":[14],"is_endless":false,"potions_floor_spawned":[2,5,8,11,13,19,22,28,29,31,38,39],"killed_by":"Reptomancer","ascension_level":0}}