{"host":"irrizrmw64do51k7","time":1611419751,"event":{"mods":["AchievementEnabler","BaseMod","Better Altar","Better Match","Better Note","Better Sensory Stone","Better Skull","Better Third Choice","BetterRewards","Card Forge","Colored Map","Colored Powertips","Curses Come First","DeckTracker","Good Game Mod","Hubris","Infinite Spire","Minty Spire (QoL Compilation)","Quick Restart","Relic Stats","Replay The Spire","Shop Mod","StSLib"],"gold_per_floor":[113,127,127,141,160,192,208,208,208,222,222,237,250,278,278,382,382,393,404,404,416,742,742,742],"floor_reached":23,"language":"ENG","playtime":1164,"items_purged":[],"score":290,"play_id":"c9d44e30-2abe-41f8-a6f6-738c99988e5a","local_time":"20210123083551","is_ascension_mode":true,"campfire_choices":[{"floor":8,"key":"REST"},{"data":"Sneak Up","floor":8,"key":"SMITH"},{"floor":11,"key":"REST"},{"data":"Accuracy","floor":11,"key":"SMITH"},{"floor":15,"key":"REST"},{"data":"Crippling Poison","floor":15,"key":"SMITH"}],"circlet_count":0,"master_deck":["Strike_G","Strike_G","Strike_G","Strike_G","Strike_G","Defend_G","Defend_G","Defend_G","Defend_G","Defend_G","Survivor","Neutralize","After Image","ReplayTheSpireMod:Shiv Toss","Sneak Up+1","Dagger Throw","Dodge and Roll","Replay:Bag of Tricks","Toxin Wave","Accuracy+1","Flying Knee","Crippling Poison+1","Blade Dance","Die Die Die","Cloak And Dagger","Choke","infinitespire:Punishment","hubris:Rewind","Hidden Blade+1"],"relics":["Ring of the Snake","Hammer of Thor","Seething Fire","Anvil of the Gods","REME:ComplimentaryCards","NeowsBlessing","Art of War","infinitespire:Magic Flask","The Specimen","Ornamental Fan","Busted Crown"],"acts_visited":["Exordium","TheCity"],"potions_floor_usage":[6,12,14,16,18,23],"damage_taken":[{"damage":0,"enemies":"Small Slimes","floor":1,"turns":1},{"damage":0,"enemies":"Cultist","floor":2,"turns":1},{"damage":0,"enemies":"Jaw Worm","floor":4,"turns":1},{"damage":6,"enemies":"Red Slaver","floor":5,"turns":3},{"damage":48,"enemies":"Lagavulin","floor":6,"turns":15},{"damage":0,"enemies":"Large Slime","floor":7,"turns":7},{"damage":1,"enemies":"Blue Slaver","floor":10,"turns":4},{"damage":3,"enemies":"Gremlin Gang","floor":12,"turns":3},{"damage":3,"enemies":"Exordium Wildlife","floor":13,"turns":5},{"damage":29,"enemies":"3 Sentries","floor":14,"turns":7},{"damage":35,"enemies":"Hexaghost","floor":16,"turns":10},{"damage":0,"enemies":"2 Thieves","floor":18,"turns":4},{"damage":0,"enemies":"Chosen","floor":19,"turns":4},{"damage":0,"enemies":"Centurion and Healer","floor":21,"turns":5},{"damage":32,"enemies":"Replay:Snechameleon","floor":23,"turns":7}],"seed_played":"-3907571356382063771","potions_obtained":[{"floor":1,"key":"ColorlessPotion"},{"floor":5,"key":"SpeedPotion"},{"floor":6,"key":"Toxic Potion"},{"floor":13,"key":"Regen Potion"},{"floor":14,"key":"CunningPotion"},{"floor":16,"key":"Explosive Potion"},{"floor":21,"key":"LiquidMemories"}],"is_trial":false,"path_per_floor":["M","M","?","M","M","E","M","R","T","M","R","M","M","E","R","B",null,"M","M","AVR","M","?","E"],"character_chosen":"THE_SILENT","items_purchased":[],"campfire_rested":3,"item_purchase_floors":[],"current_hp_per_floor":[63,63,63,63,57,9,9,30,30,29,50,47,44,30,51,16,57,57,57,57,57,32,0,0],"gold":742,"neow_bonus":"THREE_ENEMY_KILL","is_daily":false,"chose_seed":false,"campfire_upgraded":3,"win_rate":0.0,"timestamp":1611419751,"path_taken":["M","M","?","M","?","E","M","R","T","M","R","M","M","E","R","BOSS","M","M","AVR","M","?","E"],"items_purchased_type":[],"build_version":"2020-12-22","purchased_purges":0,"victory":false,"max_hp_per_floor":[70,70,70,70,70,70,70,70,70,70,70,70,70,70,70,70,70,70,70,70,70,70,70,70],"relic_stats":{"Busted Crown":2,"counters":[220,765],"Ornamental Fan":[68],"Art of War":[11],"obtain_stats":[{"TwistedFunnel":0,"Golden Egg":6,"Ginger":75,"Whetstone":157,"Boot":6,"Sling":36,"Old Coin":27,"Replay:Wanted Poster":121,"Blood Vial":131,"infinitespire:ShieldingShard":26,"infinitespire:Golems Mask":45,"MerchantsRug":106,"Pear":26,"Eternal Feather":43,"Pen Nib":26,"infinitespire:Magic Flask":43,"Akabeko":60,"Cables":0,"SlaversCollar":51,"infinitespire:Lychee Nut":0,"Bird Faced Urn":42,"Unceasing Top":9,"Ring of the Serpent":34,"infinitespire:PuzzleCube":25,"Regal Pillow":76,"Lantern":148,"Torii":38,"animator:TheMissingPiece":0,"Bag of Preparation":27,"Matryoshka":9,"WristBlade":87,"infinitespire:Bottled Soul":76,"WingedGreaves":40,"InkBottle":57,"Ring of the Snake":0,"Potion Belt":96,"NeowsBlessing":0,"The Specimen":9,"Golden Idol":112,"Thread and Needle":90,"infinitespire:Joker Card":12,"PreservedInsect":125,"Omamori":79,"Seething Fire":0,"infinitespire:CheckeredPen":0,"infinitespire:Lucky Rock":22,"Frozen Egg 2":77,"MawBank":110,"Nuclear Battery":17,"Busted Crown":34,"Ornamental Fan":14,"animator:LivingPicture":0,"Turnip":0,"Art of War":74,"Durian":30,"Bottled Lightning":56,"ReplayTheSpireMod:Ring of Challenge":143,"ReplayTheSpireMod:Lightbulb":142,"Toy Ornithopter":145,"infinitespire:Freezer":38,"infinitespire:Midas Blood":59,"Ice Cream":0,"Divine Protection":0,"Calipers":0,"Tiny House":17,"Gremlin Horn":27,"infinitespire:BlackEgg":154,"Hammer of Thor":0,"Centennial Puzzle":8,"infinitespire:SolderingIron":40,"Iron Hammer":116,"Happy Flower":11,"ReplayTheSpireMod:CursedCoin":0,"Astrolabe":70,"Oddly Smooth Stone":0,"infinitespire:Beetle Shell":10,"Du-Vu Doll":27,"Replay:Baseball":130,"Bottled Flame":37,"Anvil of the Gods":0,"Shuriken":30,"Bronze Scales":43,"Simple Rune":132,"Molten Egg 2":28,"infinitespire:EmpoweringShard":7,"SacredBark":138,"Snake Skull":129,"Incense Burner":80,"Juzu Bracelet":94,"Empty Cage":68,"Tough Bandages":29,"Replay:Bandana":118,"Chameleon Ring":147,"Mummified Hand":67,"Gambling Chip":0,"Tiny Chest":0,"Red Mask":21,"Cracked Core":21,"Replay:Towering Pillar of Hats":0,"Guide Book":157,"Odd Mushroom":65,"Orichalcum":6,"Mercury Hourglass":90,"Peace Pipe":0,"REME:ComplimentaryCards":0,"CaptainsWheel":0,"DataDisk":48,"Anchor":62,"infinitespire:WardingShard":0,"ChewingGum":155,"Bag of Marbles":0,"Membership Card":12,"TungstenRod":0,"FossilizedHelix":20},{"TwistedFunnel":70,"Golden Egg":182,"Ginger":110,"Whetstone":150,"Boot":28,"Sling":174,"Old Coin":86,"Replay:Wanted Poster":134,"Blood Vial":139,"infinitespire:ShieldingShard":40,"infinitespire:Golems Mask":96,"MerchantsRug":129,"Pear":169,"Eternal Feather":50,"Pen Nib":85,"infinitespire:Magic Flask":96,"Akabeko":104,"Cables":3,"SlaversCollar":98,"infinitespire:Lychee Nut":70,"Bird Faced Urn":96,"Unceasing Top":10,"Ring of the Serpent":91,"infinitespire:PuzzleCube":169,"Regal Pillow":111,"Lantern":147,"Torii":47,"animator:TheMissingPiece":0,"Bag of Preparation":19,"Matryoshka":29,"WristBlade":119,"infinitespire:Bottled Soul":69,"WingedGreaves":95,"InkBottle":58,"Ring of the Snake":0,"Potion Belt":124,"NeowsBlessing":0,"The Specimen":211,"Golden Idol":131,"Thread and Needle":121,"infinitespire:Joker Card":12,"PreservedInsect":137,"Omamori":113,"Seething Fire":0,"infinitespire:CheckeredPen":3,"infinitespire:Lucky Rock":18,"Frozen Egg 2":69,"MawBank":131,"Nuclear Battery":34,"Busted Crown":45,"Ornamental Fan":215,"animator:LivingPicture":0,"Turnip":3,"Art of War":68,"Durian":194,"Bottled Lightning":57,"ReplayTheSpireMod:Ring of Challenge":145,"ReplayTheSpireMod:Lightbulb":145,"Toy Ornithopter":146,"infinitespire:Freezer":47,"infinitespire:Midas Blood":104,"Ice Cream":3,"Divine Protection":152,"Calipers":3,"Tiny House":15,"Gremlin Horn":170,"infinitespire:BlackEgg":150,"Hammer of Thor":0,"Centennial Puzzle":10,"infinitespire:SolderingIron":48,"Iron Hammer":132,"Happy Flower":77,"ReplayTheSpireMod:CursedCoin":152,"Astrolabe":107,"Oddly Smooth Stone":70,"infinitespire:Beetle Shell":30,"Du-Vu Doll":41,"Replay:Baseball":139,"Bottled Flame":175,"Anvil of the Gods":0,"Shuriken":172,"Bronze Scales":50,"Simple Rune":140,"Molten Egg 2":193,"infinitespire:EmpoweringShard":10,"SacredBark":143,"Snake Skull":139,"Incense Burner":114,"Juzu Bracelet":124,"Empty Cage":63,"Tough Bandages":88,"Replay:Bandana":133,"Chameleon Ring":146,"Mummified Hand":106,"Gambling Chip":3,"Tiny Chest":152,"Red Mask":18,"Cracked Core":18,"Replay:Towering Pillar of Hats":152,"Guide Book":150,"Odd Mushroom":62,"Orichalcum":75,"Mercury Hourglass":121,"Peace Pipe":152,"REME:ComplimentaryCards":0,"CaptainsWheel":3,"DataDisk":52,"Anchor":60,"infinitespire:WardingShard":152,"ChewingGum":150,"Bag of Marbles":152,"Membership Card":77,"TungstenRod":70,"FossilizedHelix":81},{"TwistedFunnel":242,"Golden Egg":600,"Ginger":367,"Whetstone":476,"Boot":104,"Sling":564,"Old Coin":294,"Replay:Wanted Poster":443,"Blood Vial":450,"infinitespire:ShieldingShard":146,"infinitespire:Golems Mask":333,"MerchantsRug":428,"Pear":545,"Eternal Feather":188,"Pen Nib":292,"infinitespire:Magic Flask":333,"Akabeko":356,"Cables":5,"SlaversCollar":341,"infinitespire:Lychee Nut":242,"Bird Faced Urn":333,"Unceasing Top":25,"Ring of the Serpent":316,"infinitespire:PuzzleCube":545,"Regal Pillow":370,"Lantern":467,"Torii":175,"animator:TheMissingPiece":0,"Bag of Preparation":71,"Matryoshka":108,"WristBlade":396,"infinitespire:Bottled Soul":241,"WingedGreaves":328,"InkBottle":210,"Ring of the Snake":0,"Potion Belt":413,"NeowsBlessing":0,"The Specimen":717,"Golden Idol":432,"Thread and Needle":403,"infinitespire:Joker Card":33,"PreservedInsect":447,"Omamori":376,"Seething Fire":0,"infinitespire:CheckeredPen":5,"infinitespire:Lucky Rock":63,"Frozen Egg 2":241,"MawBank":432,"Nuclear Battery":125,"Busted Crown":170,"Ornamental Fan":736,"animator:LivingPicture":0,"Turnip":5,"Art of War":236,"Durian":644,"Bottled Lightning":208,"ReplayTheSpireMod:Ring of Challenge":462,"ReplayTheSpireMod:Lightbulb":462,"Toy Ornithopter":465,"infinitespire:Freezer":175,"infinitespire:Midas Blood":356,"Ice Cream":5,"Divine Protection":485,"Calipers":5,"Tiny House":51,"Gremlin Horn":550,"infinitespire:BlackEgg":476,"Hammer of Thor":0,"Centennial Puzzle":25,"infinitespire:SolderingIron":180,"Iron Hammer":435,"Happy Flower":266,"ReplayTheSpireMod:CursedCoin":485,"Astrolabe":363,"Oddly Smooth Stone":242,"infinitespire:Beetle Shell":111,"Du-Vu Doll":151,"Replay:Baseball":450,"Bottled Flame":569,"Anvil of the Gods":0,"Shuriken":556,"Bronze Scales":188,"Simple Rune":452,"Molten Egg 2":642,"infinitespire:EmpoweringShard":25,"SacredBark":459,"Snake Skull":450,"Incense Burner":378,"Juzu Bracelet":413,"Empty Cage":222,"Tough Bandages":303,"Replay:Bandana":436,"Chameleon Ring":465,"Mummified Hand":358,"Gambling Chip":5,"Tiny Chest":485,"Red Mask":63,"Cracked Core":63,"Replay:Towering Pillar of Hats":485,"Guide Book":476,"Odd Mushroom":218,"Orichalcum":259,"Mercury Hourglass":403,"Peace Pipe":485,"REME:ComplimentaryCards":0,"CaptainsWheel":5,"DataDisk":193,"Anchor":214,"infinitespire:WardingShard":485,"ChewingGum":476,"Bag of Marbles":485,"Membership Card":266,"TungstenRod":242,"FossilizedHelix":281}],"Ring of the Snake":[88]},"card_choices":[{"not_picked":["hubris:Sniper","Sucker Punch"],"picked":"ReplayTheSpireMod:Shiv Toss","floor":1},{"not_picked":["ReplayTheSpireMod:Shiv Toss","hubris:Counter"],"picked":"Sneak Up","floor":2},{"not_picked":["ReplayTheSpireMod:Speed Training","Dodge and Roll"],"picked":"Dagger Throw","floor":4},{"not_picked":["Acrobatics","Outmaneuver"],"picked":"Dodge and Roll","floor":5},{"not_picked":["Catalyst","Sucker Punch"],"picked":"Replay:Bag of Tricks","floor":6},{"not_picked":["Concentrate","Dash"],"picked":"Toxin Wave","floor":7},{"not_picked":["hubris:SlightOfHand","ReplayTheSpireMod:The Works"],"picked":"Accuracy","floor":10},{"not_picked":["Heel Hook","hubris:SlightOfHand"],"picked":"Flying Knee","floor":12},{"not_picked":["Deflect","Backflip"],"picked":"Crippling Poison","floor":13},{"not_picked":["Storm of Steel","Caltrops"],"picked":"Blade Dance","floor":14},{"not_picked":["Bullet Time","After Image"],"picked":"Die Die Die","floor":16},{"not_picked":["Predator","Outmaneuver"],"picked":"Cloak And Dagger","floor":18},{"not_picked":["Setup","Hidden Blade"],"picked":"Choke","floor":19},{"not_picked":[],"picked":"Hidden Blade+1","floor":21}],"player_experience":523276,"relics_obtained":[{"floor":6,"key":"infinitespire:Magic Flask"},{"floor":9,"key":"The Specimen"},{"floor":14,"key":"Ornamental Fan"}],"event_choices":[{"damage_healed":0,"gold_gain":0,"player_choice":"Gave Potion","damage_taken":0,"relics_obtained":["Art of War"],"max_hp_gain":0,"max_hp_loss":0,"event_name":"WeMeetAgain","floor":3,"gold_loss":0},{"damage_healed":0,"gold_gain":326,"player_choice":"GO GO GO ","damage_taken":28,"relics_obtained":[],"max_hp_gain":0,"max_hp_loss":0,"event_name":"betterSkull:BetterSkull","floor":22,"gold_loss":0,"cards_upgraded":[]}],"is_beta":false,"boss_relics":[{"not_picked":["ReplayTheSpireMod:DimensionalGlitch","hubris:BlackHole","Sozu"]}],"items_purged_floors":[],"is_endless":false,"potions_floor_spawned":[1,5,6,13,14,16,21],"killed_by":"Replay:Snechameleon","ascension_level":8}}