{"host":"o7j6aatxjwpw1421","time":1611393450,"event":{"mods":["2.2 Compatiblity","AchievementEnabler","BaseMod","Colored Map","DeckTracker","Highlight Path","Keyboard Shortcuts","Minty Spire (QoL Compilation)","Permanent Neow","Quick Restart","StSLib","SuperFastMode","everything is the same but u backflip on backflip"],"gold_per_floor":[115,34,109,129,129,129,142,172,172,172,172,192,216,231,231,322,322,345,345,195,195,95,95,116,116,140,153,186,186,219,94,94,192,192,208,221,71,71,96,135,135,166,191,204,229,229,250,273,273,273],"floor_reached":51,"language":"KOR","playtime":2111,"items_purged":["Strike_P","Strike_P","Strike_P","Defend_P"],"score":1512,"play_id":"1f6fed4c-9b5a-4669-81dd-c5c8c63adf1a","local_time":"20210123181730","is_ascension_mode":true,"campfire_choices":[{"data":"Apotheosis","floor":6.0,"key":"SMITH"},{"data":"Eruption","floor":10.0,"key":"SMITH"},{"floor":15.0,"key":"REST"},{"data":"Vault","floor":23.0,"key":"SMITH"},{"data":"Adaptation","floor":25.0,"key":"SMITH"},{"data":"Adaptation","floor":29.0,"key":"SMITH"},{"data":"MentalFortress","floor":32.0,"key":"SMITH"},{"data":"DeusExMachina","floor":41.0,"key":"SMITH"},{"data":"MentalFortress","floor":46.0,"key":"SMITH"},{"floor":49,"key":"REST"}],"circlet_count":0,"master_deck":["AscendersBane","Eruption+1","Vigilance","Apotheosis+1","WheelKick","Adaptation+1","Adaptation+1","InnerPeace","Vault+1","CrushJoints+1","Blasphemy+1","CutThroughFate+1","MentalFortress+1","MentalFortress+1","EmptyFist","Tantrum+1","DeusExMachina+1","FlyingSleeves"],"relics":["PureWater","Bronze Scales","Meat on the Bone","Golden Idol","Astrolabe","Potion Belt","Mango","Red Mask","Runic Pyramid","Regal Pillow","Blue Candle","Bag of Marbles","Vajra"],"acts_visited":["Exordium","TheCity","TheBeyond"],"potions_floor_usage":[50],"damage_taken":[{"damage":4.0,"enemies":"Jaw Worm","floor":1.0,"turns":4.0},{"damage":8.0,"enemies":"Small Slimes","floor":4.0,"turns":3.0},{"damage":0.0,"enemies":"2 Louse","floor":7.0,"turns":2.0},{"damage":0.0,"enemies":"Blue Slaver","floor":12.0,"turns":1.0},{"damage":12.0,"enemies":"Exordium Wildlife","floor":13.0,"turns":3.0},{"damage":19.0,"enemies":"Gremlin Gang","floor":14.0,"turns":5.0},{"damage":3.0,"enemies":"Slime Boss","floor":16.0,"turns":7.0},{"damage":0.0,"enemies":"Spheric Guardian","floor":18.0,"turns":3.0},{"damage":13.0,"enemies":"Shell Parasite","floor":24.0,"turns":3.0},{"damage":0.0,"enemies":"3 Cultists","floor":27.0,"turns":4.0},{"damage":12.0,"enemies":"Gremlin Leader","floor":28.0,"turns":5.0},{"damage":12.0,"enemies":"Masked Bandits","floor":30.0,"turns":4.0},{"damage":14.0,"enemies":"Collector","floor":33.0,"turns":9.0},{"damage":0.0,"enemies":"Orb Walker","floor":35.0,"turns":3.0},{"damage":0.0,"enemies":"3 Shapes","floor":36.0,"turns":6.0},{"damage":0.0,"enemies":"Sphere and 2 Shapes","floor":39.0,"turns":3.0},{"damage":8.0,"enemies":"Nemesis","floor":40.0,"turns":4.0},{"damage":0.0,"enemies":"Giant Head","floor":42.0,"turns":4.0},{"damage":0.0,"enemies":"Writhing Mass","floor":44.0,"turns":3.0},{"damage":2.0,"enemies":"Jaw Worm Horde","floor":45.0,"turns":4.0},{"damage":18,"enemies":"4 Shapes","floor":47,"turns":4},{"damage":0,"enemies":"Time Eater","floor":50,"turns":5}],"seed_played":"-7801699070534065196","potions_obtained":[{"floor":4.0,"key":"BottledMiracle"},{"floor":12.0,"key":"Weak Potion"},{"floor":13.0,"key":"DuplicationPotion"},{"floor":18.0,"key":"BlessingOfTheForge"},{"floor":24.0,"key":"EssenceOfSteel"},{"floor":35.0,"key":"SkillPotion"},{"floor":40.0,"key":"GamblersBrew"},{"floor":47,"key":"PowerPotion"}],"is_trial":false,"path_per_floor":["M","$","?","M","?","R","M","?","T","R","?","M","M","M","R","B",null,"M","?","$","?","$","R","M","R","T","M","E","R","?","$","R","B",null,"M","M","$","?","M","E","R","E","T","M","M","R","M","T","R","B",null],"character_chosen":"WATCHER","items_purchased":["Adaptation","MentalFortress"],"campfire_rested":2,"item_purchase_floors":[2,20],"current_hp_per_floor":[39,39,28,20,20,20,20,20,20,20,20,32,32,25,43,40,57,57,57,57,57,57,57,44,44,44,44,46,46,46,46,46,44,68,68,68,68,68,68,60,60,60,60,60,58,58,40,40,76,76],"gold":273,"neow_bonus":"RANDOM_COLORLESS_2","is_daily":false,"chose_seed":false,"campfire_upgraded":8,"win_rate":0.0,"timestamp":1611393450,"path_taken":["M","$","?","M","?","R","M","?","T","R","?","M","?","M","R","BOSS","M","?","$","?","$","R","M","R","T","M","E","R","?","?","R","BOSS","M","M","$","?","M","E","R","E","T","?","M","R","?","?","R","BOSS"],"items_purchased_type":["Card","Card"],"build_version":"2020-12-22","purchased_purges":4,"victory":true,"max_hp_per_floor":[68,68,68,68,68,68,68,68,68,68,62,62,62,62,62,62,62,62,62,62,62,62,62,62,62,62,62,76,76,76,76,76,76,76,76,76,76,76,76,76,76,76,76,76,76,76,76,76,76,76],"card_choices":[{"not_picked":["The Bomb","Secret Weapon"],"picked":"Apotheosis","floor":0.0},{"not_picked":["Consecrate","Perseverance"],"picked":"WheelKick","floor":1.0},{"not_picked":["Crescendo","ClearTheMind"],"picked":"Adaptation","floor":4.0},{"not_picked":["DeceiveReality","Evaluate","BowlingBash"],"picked":"SKIP","floor":7.0},{"not_picked":["Evaluate","Protect","BowlingBash"],"picked":"SKIP","floor":12.0},{"not_picked":["EmptyBody","Indignation"],"picked":"InnerPeace","floor":13.0},{"not_picked":["CrushJoints","Devotion","Protect"],"picked":"SKIP","floor":14.0},{"not_picked":["MasterReality","Establishment"],"picked":"Vault","floor":16.0},{"not_picked":["Evaluate","Fasting2","Crescendo"],"picked":"SKIP","floor":18.0},{"not_picked":["WreathOfFlame","SashWhip"],"picked":"EmptyFist","floor":24.0},{"not_picked":["PathToVictory","ThirdEye","Halt"],"picked":"SKIP","floor":27.0},{"not_picked":["Adaptation","EmptyBody"],"picked":"Tantrum+1","floor":28.0},{"not_picked":["DevaForm","Establishment"],"picked":"DeusExMachina","floor":33.0},{"not_picked":["CrushJoints+1","Study","BowlingBash"],"picked":"SKIP","floor":35.0},{"not_picked":["Consecrate","CrushJoints","Study"],"picked":"SKIP","floor":36.0},{"not_picked":["ClearTheMind+1","CrushJoints","DeceiveReality+1"],"picked":"SKIP","floor":39.0},{"not_picked":["Devotion","Pray","FlurryOfBlows+1"],"picked":"SKIP","floor":40.0},{"not_picked":["InnerPeace","Meditate","WreathOfFlame"],"picked":"SKIP","floor":42.0},{"not_picked":["FlurryOfBlows","EmptyMind","Indignation"],"picked":"SKIP","floor":44.0},{"not_picked":["Consecrate+1","Protect","Conclude"],"picked":"SKIP","floor":45.0},{"not_picked":["Evaluate+1","SpiritShield","CarveReality+1"],"picked":"SKIP","floor":47}],"player_experience":604601,"relics_obtained":[{"floor":9.0,"key":"Meat on the Bone"},{"floor":26.0,"key":"Potion Belt"},{"floor":28.0,"key":"Mango"},{"floor":30.0,"key":"Red Mask"},{"floor":40.0,"key":"Regal Pillow"},{"floor":42.0,"key":"Blue Candle"},{"floor":43.0,"key":"Bag of Marbles"},{"floor":48,"key":"Vajra"}],"event_choices":[{"damage_healed":0.0,"max_hp_gain":0.0,"max_hp_loss":0.0,"gold_gain":75.0,"event_name":"World of Goop","player_choice":"Gather Gold","floor":3.0,"gold_loss":0.0,"damage_taken":11.0},{"damage_healed":0.0,"max_hp_gain":0.0,"max_hp_loss":0.0,"gold_gain":0.0,"event_name":"Scrap Ooze","player_choice":"Fled","floor":5.0,"gold_loss":0.0,"damage_taken":0.0},{"damage_healed":0.0,"max_hp_gain":0.0,"max_hp_loss":0.0,"gold_gain":30.0,"event_name":"Dead Adventurer","player_choice":"Searched \u00272\u0027 times","floor":8.0,"gold_loss":0.0,"damage_taken":0.0,"relics_obtained":["Bronze Scales"]},{"damage_healed":0.0,"max_hp_gain":0.0,"max_hp_loss":6.0,"gold_gain":0.0,"event_name":"Golden Idol","player_choice":"Lose Max HP","floor":11.0,"gold_loss":0.0,"damage_taken":0.0,"relics_obtained":["Golden Idol"]},{"damage_healed":0.0,"max_hp_gain":0.0,"max_hp_loss":0.0,"gold_gain":0.0,"event_name":"Ghosts","player_choice":"Ignored","floor":19.0,"gold_loss":0.0,"damage_taken":0.0},{"damage_healed":0.0,"max_hp_gain":0.0,"max_hp_loss":0.0,"gold_gain":0.0,"event_name":"The Library","player_choice":"Read","floor":21.0,"gold_loss":0.0,"damage_taken":0.0,"cards_obtained":["MentalFortress"]},{"damage_healed":0.0,"max_hp_gain":0.0,"max_hp_loss":0.0,"gold_gain":0.0,"event_name":"Masked Bandits","player_choice":"Fought Bandits","floor":30.0,"gold_loss":0.0,"damage_taken":0.0},{"damage_healed":0.0,"max_hp_gain":0.0,"max_hp_loss":0.0,"gold_gain":0.0,"cards_transformed":["Defend_P"],"event_name":"Transmorgrifier","player_choice":"Transformed","floor":38.0,"gold_loss":0.0,"damage_taken":0.0,"cards_obtained":["FlyingSleeves"]}],"is_beta":false,"boss_relics":[{"not_picked":["HolyWater","Tiny House"],"picked":"Astrolabe"},{"not_picked":["Coffee Dripper","Cursed Key"],"picked":"Runic Pyramid"}],"items_purged_floors":[20,22,31,37],"is_endless":false,"potions_floor_spawned":[4,12,13,18,24,35,40,47],"ascension_level":17}}