{"host":"srk2drlvga69hbot","time":1611428059,"event":{"mods":["BaseMod","Bestiary","Block Reminder","Colored Map","Colored Powertips","Dark Map","DeckTracker","Highlight Path","Minty Spire (QoL Compilation)","Quick Restart","Rare Cards Sparkle","Relic Stats","SuperFastMode","Unceasing Turn Reminder"],"gold_per_floor":[118,137,160,160,175,175,210,221,221,221,239,252,252,252],"floor_reached":13,"language":"ZHS","playtime":339,"items_purged":[],"score":100,"play_id":"7bb56496-7fdb-4d4e-8835-61b56a617366","local_time":"20210124025419","is_ascension_mode":true,"campfire_choices":[{"data":"Terror","floor":6,"key":"SMITH"},{"floor":10,"key":"REST"}],"circlet_count":0,"master_deck":["Strike_G+1","Strike_G","Strike_G","Strike_G+1","Defend_G","Defend_G","Defend_G","Defend_G","Defend_G","Survivor","Neutralize","Flechettes","Terror+1","Reflex","Calculated Gamble"],"relics":["Ring of the Snake","NeowsBlessing","Whetstone","Question Card","Omamori"],"acts_visited":["Exordium"],"potions_floor_usage":[7],"damage_taken":[{"damage":0,"enemies":"Cultist","floor":1,"turns":1},{"damage":0,"enemies":"2 Louse","floor":2,"turns":1},{"damage":0,"enemies":"Small Slimes","floor":5,"turns":1},{"damage":32,"enemies":"Lagavulin","floor":7,"turns":6},{"damage":0,"enemies":"Blue Slaver","floor":8,"turns":4},{"damage":13,"enemies":"Exordium Wildlife","floor":11,"turns":5},{"damage":10,"enemies":"3 Louse","floor":12,"turns":3},{"damage":40,"enemies":"3 Sentries","floor":13,"turns":5}],"seed_played":"4319123266884998023","potions_obtained":[{"floor":5,"key":"Explosive Potion"},{"floor":8,"key":"PowerPotion"},{"floor":11,"key":"BlessingOfTheForge"},{"floor":12,"key":"Poison Potion"}],"is_trial":false,"path_per_floor":["M","M","T","?","M","R","E","M","T","R","M","M","E"],"character_chosen":"THE_SILENT","items_purchased":[],"campfire_rested":1,"item_purchase_floors":[],"current_hp_per_floor":[70,70,70,70,70,70,38,38,38,59,46,36,0,0],"gold":252,"neow_bonus":"THREE_ENEMY_KILL","is_daily":false,"chose_seed":false,"campfire_upgraded":1,"win_rate":0.0,"timestamp":1611428059,"path_taken":["M","?","?","?","M","R","E","M","T","R","M","M","E"],"items_purchased_type":[],"build_version":"2020-12-22","purchased_purges":0,"victory":false,"max_hp_per_floor":[70,70,70,70,70,70,70,70,70,70,70,70,70,70],"relic_stats":{"counters":[8,26],"Whetstone":["Strike_G","Strike_G"],"Question Card":3,"obtain_stats":[{"NeowsBlessing":0,"Omamori":9,"Whetstone":3,"Question Card":7,"Ring of the Snake":0},{"NeowsBlessing":0,"Omamori":5,"Whetstone":2,"Question Card":4,"Ring of the Snake":0},{"NeowsBlessing":0,"Omamori":13,"Whetstone":2,"Question Card":9,"Ring of the Snake":0}],"Ring of the Snake":[16]},"card_choices":[{"not_picked":["Dodge and Roll","Infinite Blades","Slice"],"picked":"SKIP","floor":1},{"not_picked":["Flying Knee","Dodge and Roll"],"picked":"Flechettes","floor":2},{"not_picked":["Crippling Poison","Dodge and Roll"],"picked":"Terror","floor":5},{"not_picked":["Blade Dance","Deflect","Dodge and Roll"],"picked":"SKIP","floor":7},{"not_picked":["Dagger Spray","Prepared","Dodge and Roll"],"picked":"Reflex","floor":8},{"not_picked":["Acrobatics","Infinite Blades","Sucker Punch"],"picked":"Calculated Gamble","floor":11},{"not_picked":["Sucker Punch","Blade Dance","Outmaneuver","Deadly Poison"],"picked":"SKIP","floor":12}],"player_experience":187697,"relics_obtained":[{"floor":3,"key":"Whetstone"},{"floor":7,"key":"Question Card"},{"floor":9,"key":"Omamori"}],"event_choices":[{"cards_removed":["Strike_G"],"damage_healed":0,"gold_gain":0,"player_choice":"Forget","damage_taken":0,"max_hp_gain":0,"max_hp_loss":0,"event_name":"Living Wall","floor":4,"gold_loss":0}],"is_beta":false,"boss_relics":[],"items_purged_floors":[],"is_endless":false,"potions_floor_spawned":[5,8,11,12],"killed_by":"3 Sentries","ascension_level":3}}