{"host":"tbhNathan","time":1611374727,"event":{"mods":["AchievementEnabler","Astrologer","BaseMod","Better Third Choice","Downfall","Googly Eyes","Highlight Path","Minty Spire (QoL Compilation)","StSLib","The Disciple","The Hierophant"],"gold_per_floor":[99,119,129,139,139,150,229,229,241,12,12,27,37,37,63,75,75,75],"floor_reached":16,"language":"ENG","playtime":1555,"items_purged":[],"score":96,"play_id":"0c837803-917c-4a49-88fb-668cbc662a30","local_time":"20210123040527","is_ascension_mode":false,"campfire_choices":[{"floor":1,"key":"RECALL"},{"data":"expansioncontent:LastStand","floor":11,"key":"SMITH"}],"circlet_count":0,"master_deck":["Slimebound:Strike_Slimebound","Slimebound:Strike_Slimebound","Slimebound:Tackle","Slimebound:Defend_Slimebound","Slimebound:Defend_Slimebound","Slimebound:Defend_Slimebound","Slimebound:Split+1","Slimebound:CorrosiveSpit","Slimebound:SplitBruiser","Slimebound:HauntingLick","Slimebound:Prepare","Slimebound:RollThrough","Slimebound:ItLooksTasty","Slimebound:SlimeSlap","Slimebound:PressTheAttack","Slimebound:SplitBruiser","Slimebound:ComboTackle","expansioncontent:LastStand+1","Slimebound:SplitBruiser","Slimebound:MassRepurpose"],"relics":["Empty Cage","MawBank"],"acts_visited":["Exordium"],"potions_floor_usage":[6,12,16,16,16],"damage_taken":[{"damage":3,"enemies":"Jaw Worm","floor":2,"turns":4},{"damage":4,"enemies":"Cultist","floor":3,"turns":3},{"damage":6,"enemies":"2 Louse","floor":4,"turns":2},{"damage":2,"enemies":"Gremlin Gang","floor":6,"turns":4},{"damage":0,"enemies":"2 Fungi Beasts","floor":9,"turns":2},{"damage":0,"enemies":"downfall:FleeingMerchant","floor":10,"turns":4},{"damage":6,"enemies":"Large Slime","floor":12,"turns":3},{"damage":6,"enemies":"3 Louse","floor":13,"turns":2},{"damage":11,"enemies":"Red Slaver","floor":15,"turns":3},{"damage":39,"enemies":"DF_ARCHETYPE_STREAMLINE","floor":16,"turns":6}],"seed_played":"-6014920362770939940","potions_obtained":[{"floor":3,"key":"bronze:BurnAndBuffPotion"},{"floor":5,"key":"Block Potion"},{"floor":5,"key":"LiquidMemories"},{"floor":5,"key":"LiquidMemories"},{"floor":12,"key":"SkillPotion"},{"floor":13,"key":"Block Potion"}],"is_trial":false,"path_per_floor":["R","M","M","M","?","M","T","?","M","$","R","M","M","?","M","B"],"character_chosen":"SLIMEBOUND","items_purchased":["Slimebound:PressTheAttack","Slimebound:SplitBruiser","Slimebound:ComboTackle","expansioncontent:LastStand"],"campfire_rested":0,"item_purchase_floors":[10,10,10,10],"current_hp_per_floor":[65,62,58,52,52,50,50,50,50,50,50,44,38,38,27,0,0,0],"gold":75,"neow_bonus":"BOSS_RELIC","is_daily":false,"chose_seed":false,"campfire_upgraded":1,"win_rate":0.0,"timestamp":1611374727,"path_taken":["R","M","M","M","?","?","T","?","?","$","R","?","M","?","M","BOSS"],"items_purchased_type":["Card","Card","Card","Card"],"build_version":"2020-12-18","purchased_purges":0,"victory":false,"max_hp_per_floor":[65,65,65,65,65,65,65,65,65,65,65,65,65,65,65,65,65,65],"card_choices":[{"not_picked":["Slimebound:Prepare","Slimebound:ItLooksTasty"],"picked":"Slimebound:SplitBruiser","floor":2},{"not_picked":["Slimebound:ComboTackle","Slimebound:ForwardTackle"],"picked":"Slimebound:HauntingLick","floor":3},{"not_picked":["Slimebound:HauntingLick","Slimebound:GoopTackle"],"picked":"Slimebound:Prepare","floor":4},{"not_picked":["Slimebound:HauntingLick","Slimebound:Schlurp"],"picked":"Slimebound:RollThrough","floor":6},{"not_picked":["Slimebound:ComboTackle","Slimebound:Schlurp"],"picked":"Slimebound:ItLooksTasty","floor":9},{"not_picked":["Slimebound:SlimeBarrage","Slimebound:SplitAcid"],"picked":"Slimebound:SlimeSlap","floor":10},{"not_picked":["Slimebound:TongueLash","Slimebound:LeechingTouch","Slimebound:SlimeBrawl"],"picked":"SKIP","floor":12},{"not_picked":["Slimebound:SplitMire","Slimebound:PressTheAttack"],"picked":"Slimebound:SplitBruiser","floor":13},{"not_picked":["Slimebound:ComboTackle","Slimebound:PressTheAttack"],"picked":"Slimebound:MassRepurpose","floor":15}],"player_experience":193263,"relics_obtained":[],"event_choices":[{"damage_healed":0,"gold_gain":0,"player_choice":"Got Potions","damage_taken":0,"max_hp_gain":0,"max_hp_loss":0,"event_name":"Lab","floor":5,"gold_loss":0}],"is_beta":true,"boss_relics":[],"items_purged_floors":[],"is_endless":false,"potions_floor_spawned":[3,12,13,15],"killed_by":"DF_ARCHETYPE_STREAMLINE","ascension_level":0}}