{"host":"w4b7hmige5bnqipq","time":1611405639,"event":{"mods":["2.2 Compatiblity","BaseMod","Colored Map","DeckTracker","Keyboard Shortcuts","Minty Spire (QoL Compilation)","Permanent Neow","Rare Cards Sparkle","SuperFastMode","everything is the same but u backflip on backflip","slay the spire mod where everything is the same but ironclad has a cowboy hat"],"gold_per_floor":[368,368,0,20,36,36,70,95,95,95,95,95],"floor_reached":11,"language":"KOR","playtime":208,"items_purged":[],"score":146,"play_id":"a4605bf5-4529-481c-b288-fea750154839","local_time":"20210123214039","is_ascension_mode":true,"campfire_choices":[{"data":"Blood for Blood","floor":6.0,"key":"SMITH"},{"floor":10,"key":"REST"}],"circlet_count":0,"master_deck":["AscendersBane","Strike_R","Strike_R","Strike_R","Strike_R","Strike_R","Defend_R","Defend_R","Defend_R","Defend_R","Bash","Body Slam","Blood for Blood+1","Shrug It Off","Second Wind","Battle Trance"],"relics":["Burning Blood","Golden Idol","Medical Kit","MealTicket","Paper Frog","Singing Bowl"],"acts_visited":["Exordium"],"potions_floor_usage":[7],"damage_taken":[{"damage":10.0,"enemies":"Small Slimes","floor":1.0,"turns":6.0},{"damage":5.0,"enemies":"2 Louse","floor":4.0,"turns":4.0},{"damage":2.0,"enemies":"Cultist","floor":5.0,"turns":4.0},{"damage":37,"enemies":"Lagavulin","floor":7,"turns":7},{"damage":15,"enemies":"Large Slime","floor":8,"turns":5},{"damage":31,"enemies":"Gremlin Nob","floor":11,"turns":3}],"seed_played":"6724709667359894463","potions_obtained":[{"floor":1.0,"key":"PowerPotion"},{"floor":4.0,"key":"AttackPotion"}],"is_trial":false,"path_per_floor":["M","?","$","M","M","R","E","M","T","R","E"],"character_chosen":"IRONCLAD","items_purchased":["Medical Kit","MealTicket","Blood for Blood"],"campfire_rested":1,"item_purchase_floors":[3,3,3],"current_hp_per_floor":[46,46,46,47,51,51,20,11,11,31,0,0],"gold":95,"neow_bonus":"TWO_FIFTY_GOLD","is_daily":false,"chose_seed":false,"campfire_upgraded":1,"win_rate":0.0,"timestamp":1611405639,"path_taken":["M","?","$","M","M","R","E","M","T","R","E"],"items_purchased_type":["Relic","Relic","Card"],"build_version":"2020-12-22","purchased_purges":0,"victory":false,"max_hp_per_floor":[75,68,68,68,68,68,68,68,68,68,68,68],"card_choices":[{"not_picked":["Sentinel","Dual Wield"],"picked":"Body Slam","floor":1.0},{"not_picked":["Sword Boomerang","Wild Strike"],"picked":"Shrug It Off","floor":4.0},{"not_picked":["Sword Boomerang","Bloodletting"],"picked":"Second Wind","floor":5.0},{"not_picked":["Cleave","Warcry"],"picked":"Battle Trance","floor":7},{"not_picked":["Twin Strike","Infernal Blade","Combust"],"picked":"SKIP","floor":8}],"player_experience":576136,"relics_obtained":[{"floor":7,"key":"Paper Frog"},{"floor":9,"key":"Singing Bowl"}],"event_choices":[{"damage_healed":0.0,"max_hp_gain":0.0,"max_hp_loss":7.0,"gold_gain":0.0,"event_name":"Golden Idol","player_choice":"Lose Max HP","floor":2.0,"gold_loss":0.0,"damage_taken":0.0,"relics_obtained":["Golden Idol"]}],"is_beta":false,"boss_relics":[],"items_purged_floors":[],"is_endless":false,"potions_floor_spawned":[1,4],"killed_by":"Gremlin Nob","ascension_level":20}}