{"host":"oigynbtg272c19pw","time":1611391782,"event":{"mods":["BaseMod","Colored Map","Minty Spire (QoL Compilation)","Relic Stats","Slay the Relics Exporter","StSLib"],"gold_per_floor":[12,32,44,63,19,45,45,45,96,123,134,134,134,149,149,223,223,235,160,174,174,186,186,197,222,246,246,271,271,299,11,11,83,83,96,96,96,114,14,14,14],"floor_reached":40,"playtime":2709,"items_purged":["Strike_G","Eviscerate"],"score":1008,"play_id":"7ddf94b8-3248-4a95-a002-87f80ccfb913","local_time":"20210123094942","is_ascension_mode":true,"campfire_choices":[{"data":"Heel Hook","floor":8.0,"key":"SMITH"},{"data":"Malaise","floor":12.0,"key":"SMITH"},{"data":"Noxious Fumes","floor":15.0,"key":"SMITH"},{"data":"Wraith Form v2","floor":23.0,"key":"SMITH"},{"data":"Catalyst","floor":32.0,"key":"SMITH"}],"circlet_count":0,"master_deck":["AscendersBane","Survivor","Neutralize","Malaise+1","Venomology","All Out Attack","Leg Sweep","Dash","Dagger Spray","Heel Hook+1","Wraith Form v2+1","Sucker Punch","Noxious Fumes+1","Deflect","Leg Sweep","Corpse Explosion","Catalyst+1","Phantasmal Killer","Heel Hook","Setup","Dash","Deflect","Sucker Punch","Cloak And Dagger","Calculated Gamble"],"relics":["Ring of the Snake","Pantograph","Anchor","War Paint","Potion Belt","Busted Crown","Bottled Lightning","Tiny Chest","Meat on the Bone","Shuriken","Gremlin Horn","Pandora\u0027s Box","Molten Egg 2"],"acts_visited":["Exordium","TheCity","TheBeyond"],"potions_floor_usage":[33,33,33,40],"damage_taken":[{"damage":0.0,"enemies":"Cultist","floor":1.0,"turns":5.0},{"damage":3.0,"enemies":"Jaw Worm","floor":2.0,"turns":7.0},{"damage":3.0,"enemies":"Small Slimes","floor":3.0,"turns":5.0},{"damage":11.0,"enemies":"Gremlin Gang","floor":4.0,"turns":4.0},{"damage":24.0,"enemies":"3 Sentries","floor":6.0,"turns":13.0},{"damage":8.0,"enemies":"Lagavulin","floor":10.0,"turns":9.0},{"damage":1.0,"enemies":"Blue Slaver","floor":11.0,"turns":5.0},{"damage":4.0,"enemies":"2 Fungi Beasts","floor":14.0,"turns":4.0},{"damage":19.0,"enemies":"The Guardian","floor":16.0,"turns":10.0},{"damage":2.0,"enemies":"2 Thieves","floor":18.0,"turns":4.0},{"damage":0.0,"enemies":"Shell Parasite","floor":20.0,"turns":8.0},{"damage":8.0,"enemies":"Sentry and Sphere","floor":22.0,"turns":7.0},{"damage":4.0,"enemies":"Shelled Parasite and Fungi","floor":24.0,"turns":10.0},{"damage":0.0,"enemies":"Gremlin Leader","floor":25.0,"turns":7.0},{"damage":8.0,"enemies":"Slavers","floor":28.0,"turns":4.0},{"damage":16.0,"enemies":"Gremlin Leader","floor":30.0,"turns":7.0},{"damage":6,"enemies":"Champ","floor":33,"turns":18},{"damage":14,"enemies":"3 Shapes","floor":35,"turns":3},{"damage":1,"enemies":"Orb Walker","floor":38,"turns":5},{"damage":63,"enemies":"Giant Head","floor":40,"turns":10}],"seed_played":"-2884032061999821717","potions_obtained":[{"floor":3.0,"key":"Block Potion"},{"floor":6.0,"key":"PowerPotion"},{"floor":11.0,"key":"Energy Potion"},{"floor":16.0,"key":"SneckoOil"},{"floor":18.0,"key":"Explosive Potion"},{"floor":28.0,"key":"Strength Potion"},{"floor":30.0,"key":"Poison Potion"}],"is_trial":false,"path_per_floor":["M","M","M","M","?","E","?","R","T","E","M","R","?","M","R","B",null,"M","$","M","?","M","R","M","E","T","?","E","?","E","$","R","B",null,"M","$","T","M","$","E"],"character_chosen":"THE_SILENT","items_purchased":["Gremlin Horn"],"campfire_rested":0,"item_purchase_floors":[31],"current_hp_per_floor":[59,56,53,42,42,33,33,33,33,25,24,24,24,20,20,26,56,54,54,54,54,46,46,42,42,42,42,34,34,30,30,30,49,62,48,48,48,47,47,0,0],"gold":14,"neow_bonus":"TRANSFORM_TWO_CARDS","is_daily":false,"chose_seed":false,"campfire_upgraded":5,"win_rate":0.0,"timestamp":1611391782,"path_taken":["M","M","M","?","?","E","?","R","T","E","M","R","?","M","R","BOSS","M","$","?","?","M","R","M","E","T","?","E","?","E","?","R","BOSS","M","$","?","?","$","E"],"items_purchased_type":["Relic"],"build_version":"2020-12-13","purchased_purges":2,"victory":false,"max_hp_per_floor":[66,66,66,66,66,66,66,66,66,66,66,66,66,66,66,66,66,66,66,66,66,66,66,66,66,66,66,66,66,66,66,66,66,66,66,66,66,66,66,66,66],"relic_stats":{"Busted Crown":20,"Gremlin Horn":[0,0],"counters":[20,145],"Shuriken":[7],"Pantograph":50,"Tiny Chest":1,"Pandora\u0027s Box":["Heel Hook","Setup","Dash","Deflect","Sucker Punch","Eviscerate","Cloak And Dagger"],"War Paint":["Defend_G","Defend_G"],"obtain_stats":[{"Potion Belt":10,"Gremlin Horn":31,"War Paint":9,"Anchor":7,"Busted Crown":17,"Shuriken":30,"Pantograph":6,"Tiny Chest":26,"Pandora\u0027s Box":34,"Molten Egg 2":37,"Bottled Lightning":25,"Ring of the Snake":0,"Meat on the Bone":28},{"Potion Belt":6,"Gremlin Horn":16,"War Paint":5,"Anchor":5,"Busted Crown":9,"Shuriken":16,"Pantograph":5,"Tiny Chest":14,"Pandora\u0027s Box":17,"Molten Egg 2":18,"Bottled Lightning":14,"Ring of the Snake":0,"Meat on the Bone":15},{"Potion Belt":43,"Gremlin Horn":109,"War Paint":34,"Anchor":34,"Busted Crown":62,"Shuriken":109,"Pantograph":34,"Tiny Chest":98,"Pandora\u0027s Box":127,"Molten Egg 2":130,"Bottled Lightning":98,"Ring of the Snake":0,"Meat on the Bone":102}],"Ring of the Snake":[40],"Meat on the Bone":12},"card_choices":[{"not_picked":["Cloak And Dagger","PiercingWail"],"picked":"All Out Attack","floor":1.0},{"not_picked":["Sucker Punch","Expertise"],"picked":"Leg Sweep","floor":2.0},{"not_picked":["Outmaneuver","Underhanded Strike"],"picked":"Dash","floor":3.0},{"not_picked":["Bane","Catalyst"],"picked":"Dagger Spray","floor":4.0},{"not_picked":["Deflect","Flying Knee"],"picked":"Heel Hook","floor":6.0},{"not_picked":["Backstab","Eviscerate"],"picked":"Wraith Form v2","floor":10.0},{"not_picked":["Cloak And Dagger","Blade Dance"],"picked":"Sucker Punch","floor":11.0},{"not_picked":["Concentrate","Dagger Throw"],"picked":"Leg Sweep","floor":14.0},{"not_picked":["Doppelganger","Envenom"],"picked":"Corpse Explosion","floor":16.0},{"not_picked":["Blade Dance"],"picked":"SKIP","floor":18.0},{"not_picked":["Caltrops"],"picked":"SKIP","floor":20.0},{"not_picked":["Dagger Spray"],"picked":"SKIP","floor":22.0},{"not_picked":["Dagger Spray"],"picked":"SKIP","floor":22.0},{"not_picked":["Sucker Punch"],"picked":"SKIP","floor":24.0},{"not_picked":["Prepared"],"picked":"SKIP","floor":25.0},{"not_picked":["Slice"],"picked":"SKIP","floor":28.0},{"not_picked":["Concentrate"],"picked":"SKIP","floor":30.0},{"not_picked":[],"picked":"Phantasmal Killer","floor":33},{"not_picked":[],"picked":"Calculated Gamble","floor":35},{"not_picked":["Quick Slash+1"],"picked":"SKIP","floor":38}],"player_experience":1469093,"relics_obtained":[{"floor":6.0,"key":"Pantograph"},{"floor":9.0,"key":"War Paint"},{"floor":10.0,"key":"Potion Belt"},{"floor":25.0,"key":"Bottled Lightning"},{"floor":26.0,"key":"Tiny Chest"},{"floor":28.0,"key":"Meat on the Bone"},{"floor":30.0,"key":"Shuriken"},{"floor":37,"key":"Molten Egg 2"}],"event_choices":[{"damage_healed":0.0,"max_hp_gain":0.0,"max_hp_loss":0.0,"gold_gain":0.0,"event_name":"World of Goop","player_choice":"Left Gold","floor":5.0,"gold_loss":44.0,"damage_taken":0.0},{"damage_healed":0.0,"max_hp_gain":0.0,"max_hp_loss":0.0,"gold_gain":0.0,"event_name":"Dead Adventurer","player_choice":"Searched \u00271\u0027 times","floor":7.0,"gold_loss":0.0,"damage_taken":0.0,"relics_obtained":["Anchor"]},{"damage_healed":0.0,"max_hp_gain":0.0,"max_hp_loss":0.0,"gold_gain":0.0,"event_name":"Match and Keep!","player_choice":"2 cards matched","floor":13.0,"gold_loss":0.0,"damage_taken":0.0,"cards_obtained":["Noxious Fumes","Deflect"]},{"damage_healed":0.0,"max_hp_gain":0.0,"max_hp_loss":0.0,"gold_gain":0.0,"event_name":"Vampires","player_choice":"Ignored","floor":21.0,"gold_loss":0.0,"damage_taken":0.0},{"damage_healed":0.0,"max_hp_gain":0.0,"max_hp_loss":0.0,"gold_gain":0.0,"event_name":"The Library","player_choice":"Read","floor":27.0,"gold_loss":0.0,"damage_taken":0.0,"cards_obtained":["Catalyst"]},{"damage_healed":0.0,"max_hp_gain":0.0,"max_hp_loss":0.0,"gold_gain":0.0,"event_name":"Back to Basics","player_choice":"Simplicity","floor":29.0,"gold_loss":0.0,"damage_taken":0.0,"cards_upgraded":["Strike_G","Strike_G","Defend_G","Defend_G","Defend_G"]}],"is_beta":false,"boss_relics":[{"not_picked":["Velvet Choker","Tiny House"],"picked":"Busted Crown"},{"not_picked":["Runic Dome","Sozu"],"picked":"Pandora\u0027s Box"}],"items_purged_floors":[19,39],"is_endless":false,"potions_floor_spawned":[3,6,11,16,18,24,28,30],"killed_by":"Giant Head","ascension_level":20}}