{"host":"gqbt4rsay5c20o5x","time":1611408950,"event":{"mods":["Act Like it!","BaseMod","Gensokyo","Marisa£®ÏF”Í°°ƒß¿Ì…≥£©","Minty Spire (QoL Compilation)","StSLib","The Cursed","The Servant 0.9.4"],"gold_per_floor":[117,145,145,161,161,187,187,212,237,254,254,254,266,9,9,106,106,116,133,133,0,0,0,0],"floor_reached":23,"language":"ZHS","playtime":1682,"items_purged":[],"score":358,"play_id":"add81ef9-37b3-4696-abf6-a3b47e813fa0","local_time":"20210123213550","is_ascension_mode":true,"campfire_choices":[{"data":"GalacticHalo","floor":7,"key":"SMITH"},{"floor":11,"key":"REST"},{"floor":15,"key":"REST"}],"circlet_count":0,"master_deck":["Defend_MRS","Defend_MRS","Defend_MRS","Defend_MRS","MasterSpark","PropBag","GalacticHalo","GalacticHalo+1","AsteroidBelt","OrrerysSun","CollectingQuirk","BlazeAway","PowerUp","MagicAbsorber","StarDustReverie","RefractionSpark+1","DarkMatter+1","DarkMatter","EarthLightRay","Gensokyo:BlemishedSteel","Gensokyo:DepletedGenerator","CollectingQuirk"],"relics":["MiniHakkero","NeowsBlessing","Potion Belt","Strawberry","HandmadeGrimoire","Dream Catcher","Gensokyo:CelestialsFlawlessClothing","Eternal Feather","Astrolabe","Frozen Eye","Mercury Hourglass"],"acts_visited":["Gensokyo:Gensokyo","Gensokyo:Gensokyoer"],"potions_floor_usage":[16],"damage_taken":[{"damage":0,"enemies":"Gensokyo:Python","floor":1,"turns":1},{"damage":0,"enemies":"Gensokyo:Mamizou","floor":2,"turns":2},{"damage":0,"enemies":"Gensokyo:3_Fairies","floor":4,"turns":2},{"damage":43,"enemies":"Gensokyo:Aya","floor":6,"turns":8},{"damage":0,"enemies":"Gensokyo:Mamizou","floor":8,"turns":10},{"damage":6,"enemies":"Gensokyo:Gryphon","floor":10,"turns":4},{"damage":3,"enemies":"Gensokyo:2_Rabbits","floor":13,"turns":6},{"damage":52,"enemies":"Gensokyo:Kokoro","floor":16,"turns":14},{"damage":23,"enemies":"Gensokyo:CosmicMonolith","floor":18,"turns":7},{"damage":1,"enemies":"Gensokyo:AngelMirror","floor":19,"turns":4},{"damage":143,"enemies":"Gensokyo:Koishi","floor":23,"turns":10}],"seed_played":"2334764248167231988","potions_obtained":[{"floor":2,"key":"CultistPotion"},{"floor":8,"key":"Strength Potion"},{"floor":13,"key":"AttackPotion"},{"floor":16,"key":"BlessingOfTheForge"}],"is_trial":false,"path_per_floor":["M","?","?","M","?","E","R","E","T","M","R","?","M","$","R","B",null,"M","M","?","COS","?","E"],"character_chosen":"MARISA","items_purchased":["Eternal Feather"],"campfire_rested":2,"item_purchase_floors":[14],"current_hp_per_floor":[68,68,68,68,65,22,22,22,22,28,52,32,29,29,62,10,64,41,40,40,40,40,0,0],"gold":0,"neow_bonus":"THREE_ENEMY_KILL","is_daily":false,"chose_seed":false,"campfire_upgraded":1,"win_rate":0.0,"timestamp":1611408950,"path_taken":["M","?","?","M","?","E","R","E","T","?","R","?","M","?","R","BOSS","M","?","?","COS","?","E"],"items_purchased_type":["Relic"],"build_version":"2020-12-22","purchased_purges":0,"victory":false,"max_hp_per_floor":[75,75,75,75,82,82,82,82,82,82,82,82,82,82,82,82,82,82,82,82,82,82,82,82],"card_choices":[{"not_picked":["UnstableBomb","MysteriousBeam"],"picked":"PropBag","floor":1},{"not_picked":["UnstableBomb","ShootTheMoon"],"picked":"GalacticHalo","floor":2},{"not_picked":["LuminesStrike","MysteriousBeam"],"picked":"GalacticHalo","floor":4},{"not_picked":["DragonMeteor","EventHorizon"],"picked":"AsteroidBelt","floor":6},{"not_picked":["MagicAbsorber","ShootingEcho","DragonMeteor"],"picked":"OrrerysSun","floor":8},{"not_picked":["MysteriousBeam","AlicesGift","DC"],"picked":"CollectingQuirk","floor":10},{"not_picked":["6A","DoubleSpark","DC"],"picked":"BlazeAway","floor":11},{"not_picked":["MysteriousBeam","GrandCross","MeteoricShower"],"picked":"PowerUp","floor":13},{"not_picked":["MysteriousBeam","Singularity","IllusionStar"],"picked":"MagicAbsorber","floor":15},{"not_picked":["BigCrunch","JA","CollectingQuirk"],"picked":"StarDustReverie","floor":16},{"not_picked":["6A","LuminesStrike","GalacticHalo"],"picked":"DarkMatter","floor":18},{"not_picked":["PropBag","MysteriousBeam","GrandCross"],"picked":"EarthLightRay","floor":19}],"player_experience":421417,"relics_obtained":[{"floor":2,"key":"Potion Belt"},{"floor":6,"key":"Question Card"},{"floor":8,"key":"HandmadeGrimoire"},{"floor":9,"key":"Dream Catcher"}],"event_choices":[],"is_beta":false,"boss_relics":[{"not_picked":["Cursed Key","BewitchedHakkero"],"picked":"Astrolabe"}],"items_purged_floors":[],"is_endless":false,"potions_floor_spawned":[2,8,13,16],"killed_by":"Gensokyo:Koishi","ascension_level":6}}