{"host":"cpfpi6qzkh3nfm6s","time":1611366572,"event":{"mods":["AchievementEnabler","BaseMod","Colored Map","Downfall","Minty Spire (QoL Compilation)","StSLib"],"gold_per_floor":[900,900,915,915,929,955,955,205,205,235,252,262,275,9370,9370,9472,9472,9489,9489,9501,9501,9501,9535,9549,9549,9549,9580,9580,9600,9600,9610,9610,9709,9709,9721,9734,8920,8939,8992,8992,8992,8992,8992,9020,9020,9040,9075,9086,9086,9086],"floor_reached":51,"language":"ENG","playtime":2056,"items_purged":["Defend_B","Strike_B","Strike_B"],"score":957,"play_id":"136c75c0-c3a4-4471-b9bc-4d7217fe53b0","local_time":"20210123014932","is_ascension_mode":false,"campfire_choices":[{"data":"Auto Shields","floor":7,"key":"SMITH"},{"data":"Storm","floor":15,"key":"SMITH"},{"data":"Rainbow","floor":25,"key":"SMITH"},{"data":"Chaos","floor":28,"key":"SMITH"},{"floor":30,"key":"DIG"},{"floor":32,"key":"DIG"},{"data":"Defragment","floor":40,"key":"SMITH"},{"data":"Echo Form","floor":42,"key":"SMITH"},{"floor":45,"key":"DIG"},{"floor":49,"key":"DIG"}],"circlet_count":0,"master_deck":["Strike_B+1","Strike_B+1","Defend_B+1","Defend_B+1","Defend_B","Zap","Dualcast","Beam Cell","Auto Shields+1","Ball Lightning+1","Auto Shields","Rainbow+1","Lockon","Redo","Storm+1","Storm","Thunder Strike","Thunder Strike","CurseOfTheBell","Chaos+1","Redo+1","Darkness+1","Echo Form+1","Chaos+1","Static Discharge","Defragment+1","Hello World+1","Blizzard+1"],"relics":["Cracked Core","Shovel","Ginger","Whetstone","Strange Spoon","Matryoshka","Pen Nib","DollysMirror","Kunai","Gremlin Horn","Calling Bell","Nunchaku","Darkstone Periapt","Lizard Tail","Blue Candle","Calipers","Ice Cream","Strawberry","HornCleat","Boot","Oddly Smooth Stone","Eternal Feather","Inserter","Unceasing Top","Juzu Bracelet","Frozen Eye","Peace Pipe","Anchor","MealTicket","Mango","Ornamental Fan","Letter Opener","Mummified Hand","PreservedInsect"],"acts_visited":["Exordium","TheCity","TheBeyond"],"potions_floor_usage":[33,33,50],"damage_taken":[{"damage":9,"enemies":"2 Louse","floor":1,"turns":3},{"damage":0,"enemies":"Small Slimes","floor":3,"turns":2},{"damage":0,"enemies":"Jaw Worm","floor":5,"turns":2},{"damage":16,"enemies":"Gremlin Nob","floor":6,"turns":3},{"damage":4,"enemies":"3 Sentries","floor":10,"turns":5},{"damage":0,"enemies":"Exordium Wildlife","floor":11,"turns":2},{"damage":3,"enemies":"Looter","floor":12,"turns":2},{"damage":0,"enemies":"Exordium Thugs","floor":13,"turns":3},{"damage":0,"enemies":"Slime Boss","floor":16,"turns":4},{"damage":0,"enemies":"Spheric Guardian","floor":18,"turns":3},{"damage":21,"enemies":"3 Byrds","floor":20,"turns":4},{"damage":32,"enemies":"Slavers","floor":23,"turns":3},{"damage":24,"enemies":"Snake Plant","floor":24,"turns":3},{"damage":27,"enemies":"Gremlin Leader","floor":27,"turns":7},{"damage":0,"enemies":"Snecko","floor":29,"turns":3},{"damage":21,"enemies":"Centurion and Healer","floor":31,"turns":4},{"damage":49,"enemies":"Automaton","floor":33,"turns":7},{"damage":1,"enemies":"3 Darklings","floor":35,"turns":4},{"damage":33,"enemies":"3 Shapes","floor":36,"turns":5},{"damage":1,"enemies":"Transient","floor":38,"turns":1},{"damage":1,"enemies":"2 Orb Walkers","floor":39,"turns":1},{"damage":1,"enemies":"Reptomancer","floor":44,"turns":1},{"damage":1,"enemies":"Jaw Worm Horde","floor":46,"turns":1},{"damage":1,"enemies":"Giant Head","floor":47,"turns":1},{"damage":0,"enemies":"Writhing Mass","floor":48,"turns":1},{"damage":32,"enemies":"Time Eater","floor":50,"turns":5}],"seed_played":"2103795514362948413","potions_obtained":[{"floor":3,"key":"FearPotion"},{"floor":11,"key":"EssenceOfSteel"},{"floor":16,"key":"DistilledChaos"},{"floor":23,"key":"Regen Potion"},{"floor":35,"key":"Regen Potion"},{"floor":36,"key":"Ancient Potion"}],"is_trial":false,"path_per_floor":["M","?","M","?","M","E","R","$","T","E","M","M","M","$","R","B",null,"M","?","M","?","?","E","M","R","T","E","R","M","R","M","R","B",null,"M","M","$","M","?","R","T","R","T","E","R","M","E","M","R","B",null],"character_chosen":"DEFECT","items_purchased":["Rainbow","Ginger","Whetstone","Strange Spoon","DollysMirror","Kunai","Gremlin Horn","Thunder Strike","Defragment","Unceasing Top","Juzu Bracelet","Frozen Eye"],"campfire_rested":0,"item_purchase_floors":[8,8,8,8,14,14,14,14,37,37,37,37],"current_hp_per_floor":[75,75,75,75,75,59,59,59,59,55,55,52,52,52,52,52,75,75,70,49,49,49,44,72,72,79,52,52,52,52,31,31,33,82,81,48,48,47,46,61,61,76,90,89,96,95,94,94,96,69],"gold":9086,"neow_bonus":"UPGRADE_CARD","is_daily":false,"chose_seed":false,"campfire_upgraded":6,"win_rate":0.0,"timestamp":1611366572,"path_taken":["M","?","M","?","M","E","R","?","T","E","M","M","M","$","R","BOSS","M","?","M","?","?","E","M","R","T","E","R","M","R","?","R","BOSS","M","M","$","M","?","R","?","R","T","E","R","M","E","M","R","BOSS"],"items_purchased_type":["Card","Relic","Relic","Relic","Relic","Relic","Relic","Card","Card","Relic","Relic","Relic"],"build_version":"2020-12-22","purchased_purges":3,"victory":true,"max_hp_per_floor":[75,75,75,75,75,75,75,75,75,75,75,75,75,75,75,75,75,75,75,75,75,75,75,75,75,82,82,82,82,82,82,82,82,82,82,82,82,82,82,82,82,82,96,96,96,96,96,96,96,96],"card_choices":[{"not_picked":["Sweeping Beam","Blizzard"],"picked":"Beam Cell","floor":1},{"not_picked":["Stack","Coolheaded"],"picked":"Auto Shields","floor":3},{"not_picked":["Stack","Double Energy"],"picked":"Ball Lightning","floor":5},{"not_picked":["Streamline","Steam Power"],"picked":"Auto Shields","floor":6},{"not_picked":["Steam","Beam Cell"],"picked":"Lockon","floor":10},{"not_picked":["Beam Cell","Steam","Reboot"],"picked":"SKIP","floor":11},{"not_picked":["Darkness","Sweeping Beam"],"picked":"Redo","floor":12},{"not_picked":["FTL","Conserve Battery"],"picked":"Storm","floor":13},{"not_picked":["Reboot","Buffer"],"picked":"Thunder Strike","floor":16},{"not_picked":["Redo","Steam Power"],"picked":"Chaos","floor":18},{"not_picked":["Coolheaded","Auto Shields"],"picked":"Redo+1","floor":20},{"not_picked":["Doom and Gloom","Darkness","Coolheaded+1"],"picked":"SKIP","floor":23},{"not_picked":["Storm","Cold Snap+1","Sweeping Beam"],"picked":"SKIP","floor":24},{"not_picked":["Leap+1","Redo"],"picked":"Darkness+1","floor":27},{"not_picked":["Storm","Seek","Steam Power"],"picked":"SKIP","floor":29},{"not_picked":["Melter","Chill","Stack"],"picked":"SKIP","floor":31},{"not_picked":["Machine Learning","Thunder Strike"],"picked":"Echo Form","floor":33},{"not_picked":["Chill+1","Conserve Battery"],"picked":"Chaos+1","floor":35},{"not_picked":["Cold Snap","Leap"],"picked":"Static Discharge","floor":36},{"not_picked":["Melter+1","Beam Cell+1"],"picked":"Hello World+1","floor":38},{"not_picked":["Hello World","Steam+1","Coolheaded+1"],"picked":"SKIP","floor":44},{"not_picked":["Conserve Battery","Streamline","BootSequence"],"picked":"SKIP","floor":46},{"not_picked":["Reprogram","Force Field+1"],"picked":"Blizzard+1","floor":47},{"not_picked":["Go for the Eyes","Static Discharge","White Noise"],"picked":"SKIP","floor":48}],"player_experience":12598,"relics_obtained":[{"floor":6,"key":"Shovel"},{"floor":9,"key":"Matryoshka"},{"floor":10,"key":"Pen Nib"},{"floor":17,"key":"Nunchaku"},{"floor":17,"key":"Darkstone Periapt"},{"floor":17,"key":"Lizard Tail"},{"floor":23,"key":"Ice Cream"},{"floor":26,"key":"Strawberry"},{"floor":26,"key":"HornCleat"},{"floor":27,"key":"Boot"},{"floor":30,"key":"Oddly Smooth Stone"},{"floor":32,"key":"Eternal Feather"},{"floor":39,"key":"Peace Pipe"},{"floor":41,"key":"Anchor"},{"floor":41,"key":"MealTicket"},{"floor":43,"key":"Mango"},{"floor":44,"key":"Ornamental Fan"},{"floor":45,"key":"Letter Opener"},{"floor":47,"key":"Mummified Hand"},{"floor":49,"key":"PreservedInsect"}],"event_choices":[{"damage_healed":0,"gold_gain":0,"player_choice":"Ignored","damage_taken":0,"max_hp_gain":0,"max_hp_loss":0,"event_name":"Liars Game","floor":2,"gold_loss":0},{"damage_healed":0,"gold_gain":0,"player_choice":"Entered Light","damage_taken":15,"max_hp_gain":0,"max_hp_loss":0,"event_name":"Shining Light","floor":4,"gold_loss":0,"cards_upgraded":["Defend_B","Defend_B"]},{"damage_healed":0,"gold_gain":0,"player_choice":"Opened","damage_taken":0,"relics_obtained":["Calipers"],"max_hp_gain":0,"max_hp_loss":0,"event_name":"The Mausoleum","floor":21,"gold_loss":0},{"damage_healed":0,"gold_gain":0,"player_choice":"Got Potions","damage_taken":0,"max_hp_gain":0,"max_hp_loss":0,"event_name":"Lab","floor":22,"gold_loss":0},{"damage_healed":0,"gold_gain":0,"player_choice":"Fight","damage_taken":0,"max_hp_gain":0,"max_hp_loss":0,"event_name":"Mysterious Sphere","floor":39,"gold_loss":0}],"is_beta":false,"boss_relics":[{"not_picked":["Snecko Eye","Sozu"],"picked":"Calling Bell"},{"not_picked":["Velvet Choker","Nuclear Battery"],"picked":"Inserter"}],"items_purged_floors":[8,14,37],"is_endless":false,"potions_floor_spawned":[3,11,16,20,23,24,35,36,39,46],"ascension_level":0}}