{"host":"1v94wza6sq30pv3l","time":1611369648,"event":{"mods":["AchievementEnabler","BaseMod","Highlight Path","Minty Spire (QoL Compilation)"],"gold_per_floor":[119,119,119,132,147,147,157,187,241,251,270,270,299,174,174,272,272,285,320,339,353,353,353,380,380,403,403,431,450,375,290,290,290,290],"floor_reached":33,"language":"ENG","playtime":1684,"items_purged":["Defend_P"],"score":389,"play_id":"224796f9-ba22-4f77-8366-d7624da0f3ad","local_time":"20210122214048","is_ascension_mode":true,"campfire_choices":[{"data":"FlyingSleeves","floor":6,"key":"SMITH"},{"data":"Wallop","floor":12,"key":"SMITH"},{"data":"LikeWater","floor":15,"key":"SMITH"},{"data":"BowlingBash","floor":23,"key":"SMITH"},{"floor":25,"key":"REST"},{"floor":27,"key":"REST"},{"floor":32,"key":"REST"}],"circlet_count":0,"master_deck":["Strike_P","Strike_P","Strike_P","Defend_P","Defend_P","Eruption+1","Vigilance","FlyingSleeves+1","LikeWater+1","Protect","ThirdEye","Wallop+1","BowlingBash+1","Conclude","FlyingSleeves","Ragnarok","BowlingBash","EmptyBody+1","BattleHymn+1","Tantrum","Prostrate","CutThroughFate","SpiritShield","Crescendo"],"relics":["Velvet Choker","Frozen Egg 2","Pen Nib","SacredBark","Red Mask","MealTicket","Juzu Bracelet","Letter Opener","Gremlin Horn"],"acts_visited":["Exordium","TheCity"],"potions_floor_usage":[8,16,16,19,20,24,33,33],"damage_taken":[{"damage":0,"enemies":"Small Slimes","floor":1,"turns":2},{"damage":0,"enemies":"2 Louse","floor":4,"turns":1},{"damage":0,"enemies":"Cultist","floor":5,"turns":3},{"damage":3,"enemies":"3 Louse","floor":7,"turns":4},{"damage":26,"enemies":"Gremlin Nob","floor":8,"turns":5},{"damage":0,"enemies":"Blue Slaver","floor":10,"turns":2},{"damage":0,"enemies":"Lots of Slimes","floor":11,"turns":3},{"damage":0,"enemies":"3 Sentries","floor":13,"turns":3},{"damage":0,"enemies":"Hexaghost","floor":16,"turns":5},{"damage":5,"enemies":"Chosen","floor":18,"turns":3},{"damage":0,"enemies":"Masked Bandits","floor":19,"turns":4},{"damage":0,"enemies":"3 Byrds","floor":20,"turns":4},{"damage":0,"enemies":"3 Cultists","floor":21,"turns":4},{"damage":46,"enemies":"Gremlin Leader","floor":24,"turns":4},{"damage":25,"enemies":"Book of Stabbing","floor":28,"turns":5},{"damage":1,"enemies":"Chosen and Byrds","floor":29,"turns":4},{"damage":120,"enemies":"Automaton","floor":33,"turns":6}],"seed_played":"-5712645947876557068","potions_obtained":[{"floor":7,"key":"Regen Potion"},{"floor":8,"key":"Swift Potion"},{"floor":11,"key":"LiquidMemories"},{"floor":16,"key":"BottledMiracle"},{"floor":18,"key":"BottledMiracle"},{"floor":21,"key":"DuplicationPotion"},{"floor":29,"key":"LiquidBronze"}],"is_trial":false,"path_per_floor":["M","?","?","M","M","R","M","E","T","M","M","R","E","$","R","B",null,"M","?","M","M","?","R","E","R","T","R","E","M","?","?","R","B"],"character_chosen":"WATCHER","items_purchased":["FearPotion"],"campfire_rested":3,"item_purchase_floors":[14],"current_hp_per_floor":[72,72,72,72,72,72,69,50,50,50,50,50,50,50,50,50,72,67,67,67,67,67,67,21,42,42,63,38,37,37,37,58,0,0],"gold":290,"neow_bonus":"BOSS_RELIC","is_daily":false,"chose_seed":false,"campfire_upgraded":4,"win_rate":0.0,"timestamp":1611369648,"path_taken":["M","?","?","M","M","R","?","E","T","M","M","R","E","$","R","BOSS","M","?","M","M","?","R","E","R","T","R","E","M","?","?","R","BOSS"],"items_purchased_type":["Potion"],"build_version":"2020-12-22","purchased_purges":1,"victory":false,"max_hp_per_floor":[72,72,72,72,72,72,72,72,72,72,72,72,72,72,72,72,72,72,72,72,72,72,72,72,72,72,72,72,72,72,72,72,72,72],"card_choices":[{"not_picked":["JustLucky","Halt"],"picked":"FlyingSleeves","floor":1},{"not_picked":["Evaluate","Pray"],"picked":"LikeWater","floor":4},{"not_picked":["EmptyFist","CrushJoints"],"picked":"Protect","floor":5},{"not_picked":["WreathOfFlame","DeceiveReality"],"picked":"ThirdEye","floor":7},{"not_picked":["FearNoEvil","SashWhip"],"picked":"Wallop","floor":8},{"not_picked":["Crescendo","FlyingSleeves"],"picked":"BowlingBash","floor":10},{"not_picked":["Perseverance","PathToVictory"],"picked":"Conclude","floor":11},{"not_picked":["EmptyBody","ConjureBlade"],"picked":"FlyingSleeves","floor":13},{"not_picked":["Establishment+1","Judgement"],"picked":"Ragnarok","floor":16},{"not_picked":["Consecrate","SashWhip"],"picked":"BowlingBash","floor":18},{"not_picked":["Consecrate","SignatureMove"],"picked":"EmptyBody+1","floor":19},{"not_picked":["EmptyBody","EmptyFist"],"picked":"BattleHymn+1","floor":20},{"not_picked":["WaveOfTheHand","Vengeance"],"picked":"Tantrum","floor":21},{"not_picked":["FlurryOfBlows","Adaptation+1"],"picked":"CutThroughFate","floor":24},{"not_picked":["InnerPeace","JustLucky"],"picked":"SpiritShield","floor":28},{"not_picked":["WreathOfFlame","Halt"],"picked":"Crescendo","floor":29}],"player_experience":95950,"relics_obtained":[{"floor":8,"key":"Frozen Egg 2"},{"floor":13,"key":"Pen Nib"},{"floor":19,"key":"Red Mask"},{"floor":24,"key":"MealTicket"},{"floor":26,"key":"Juzu Bracelet"},{"floor":28,"key":"Letter Opener"}],"event_choices":[{"damage_healed":0,"gold_gain":0,"player_choice":"Grow","damage_taken":0,"max_hp_gain":0,"max_hp_loss":0,"event_name":"Living Wall","floor":2,"gold_loss":0,"cards_upgraded":["Eruption"]},{"cards_removed":["Defend_P"],"damage_healed":0,"gold_gain":0,"player_choice":"Offered Basic","damage_taken":0,"max_hp_gain":0,"max_hp_loss":0,"event_name":"Bonfire Elementals","floor":3,"gold_loss":0},{"damage_healed":0,"gold_gain":0,"player_choice":"Fought Bandits","damage_taken":0,"max_hp_gain":0,"max_hp_loss":0,"event_name":"Masked Bandits","floor":19,"gold_loss":0},{"damage_healed":0,"gold_gain":0,"player_choice":"1 cards matched","damage_taken":0,"max_hp_gain":0,"max_hp_loss":0,"event_name":"Match and Keep!","floor":22,"gold_loss":0,"cards_obtained":["Prostrate"]},{"cards_removed":["Strike_P"],"damage_healed":0,"gold_gain":0,"player_choice":"Gave Gold","damage_taken":0,"max_hp_gain":0,"max_hp_loss":0,"event_name":"Beggar","floor":30,"gold_loss":75},{"damage_healed":0,"gold_gain":0,"player_choice":"Obtained Relic","damage_taken":0,"relics_obtained":["Gremlin Horn"],"max_hp_gain":0,"max_hp_loss":0,"event_name":"Addict","floor":31,"gold_loss":85}],"is_beta":false,"boss_relics":[{"not_picked":["Runic Dome","Calling Bell"],"picked":"SacredBark"}],"items_purged_floors":[14],"is_endless":false,"potions_floor_spawned":[7,8,11,16,18,21,29],"killed_by":"Automaton","ascension_level":1}}