{"host":"9tzam4717zt8ei1o","time":1611420061,"event":{"mods":["BaseMod","Colored Map","Keyboard Shortcuts","Minty Spire (QoL Compilation)","Quick Restart","StSLib","SuperFastMode"],"gold_per_floor":[117,131,146,146,162,162,162,217,217,271,297,297,18,29,54,54,157,157,170,186,186,196,196,196,209,236,236,236,161,193,193,206,206,308,308,326,326,226,277,289,320,320,336,336,336,60,60,70,81,81,81,81,81,81,106,106],"floor_reached":57,"language":"KOR","playtime":1342,"items_purged":["Strike_G","Strike_G","Regret"],"score":1908,"play_id":"298d9b91-2e63-4a47-84cf-19ec6737f88c","local_time":"20210124014101","is_ascension_mode":true,"campfire_choices":[{"data":"Noxious Fumes","floor":7.0,"key":"SMITH"},{"floor":9.0,"key":"REST"},{"data":"Choke","floor":16.0,"key":"SMITH"},{"data":"Prepared","floor":24,"key":"SMITH"},{"floor":28,"key":"REST"},{"floor":31,"key":"REST"},{"data":"Blade Dance","floor":33,"key":"SMITH"},{"data":"Accuracy","floor":45,"key":"SMITH"},{"data":"Acrobatics","floor":47,"key":"SMITH"},{"floor":50,"key":"RECALL"},{"floor":53,"key":"REST"}],"circlet_count":0,"master_deck":["AscendersBane","Strike_G","Strike_G","Defend_G","Defend_G","Defend_G","Defend_G","Defend_G","Survivor","Neutralize+1","Blade Dance+1","Prepared+1","Choke+1","After Image","After Image","Blade Dance","Blur","Heel Hook","Infinite Blades","Endless Agony+1","Prepared+1","Accuracy+1","Acrobatics+1","Backflip+1","Escape Plan+1","Cloak And Dagger+1"],"relics":["Ring of the Snake","Dream Catcher","PreservedInsect","Lizard Tail","Vajra","Mercury Hourglass","Cursed Key","Regal Pillow","Shuriken","Anchor","SlaversCollar","Pocketwatch","MealTicket","Medical Kit","TungstenRod"],"acts_visited":["Exordium","TheCity","TheBeyond","TheEnding"],"potions_floor_usage":[17,30,39,56],"damage_taken":[{"damage":0.0,"enemies":"Small Slimes","floor":1.0,"turns":5.0},{"damage":4.0,"enemies":"Jaw Worm","floor":2.0,"turns":6.0},{"damage":0.0,"enemies":"Cultist","floor":3.0,"turns":4.0},{"damage":12.0,"enemies":"3 Louse","floor":5.0,"turns":5.0},{"damage":47.0,"enemies":"Gremlin Nob","floor":8.0,"turns":5.0},{"damage":26.0,"enemies":"Gremlin Nob","floor":11.0,"turns":4.0},{"damage":34.0,"enemies":"Exordium Wildlife","floor":14.0,"turns":6.0},{"damage":4.0,"enemies":"Lagavulin","floor":15.0,"turns":7.0},{"damage":12,"enemies":"Slime Boss","floor":17,"turns":6},{"damage":7,"enemies":"Spheric Guardian","floor":19,"turns":4},{"damage":0,"enemies":"Chosen","floor":20,"turns":3},{"damage":31,"enemies":"Snecko","floor":22,"turns":6},{"damage":13,"enemies":"Chosen and Byrds","floor":25,"turns":5},{"damage":0,"enemies":"Gremlin Leader","floor":26,"turns":4},{"damage":6,"enemies":"Book of Stabbing","floor":30,"turns":4},{"damage":3,"enemies":"Sentry and Sphere","floor":32,"turns":5},{"damage":0,"enemies":"Champ","floor":34,"turns":8},{"damage":6,"enemies":"3 Shapes","floor":36,"turns":3},{"damage":21,"enemies":"2 Orb Walkers","floor":39,"turns":5},{"damage":0,"enemies":"Orb Walker","floor":40,"turns":3},{"damage":0,"enemies":"Nemesis","floor":41,"turns":5},{"damage":0,"enemies":"Spire Growth","floor":43,"turns":3},{"damage":0,"enemies":"Maw","floor":48,"turns":5},{"damage":1,"enemies":"Writhing Mass","floor":49,"turns":5},{"damage":52,"enemies":"Donu and Deca","floor":51,"turns":8},{"damage":2,"enemies":"Shield and Spear","floor":55,"turns":5},{"damage":108,"enemies":"The Heart","floor":56,"turns":10}],"seed_played":"1858038146980919738","potions_obtained":[{"floor":5.0,"key":"AttackPotion"},{"floor":8.0,"key":"PowerPotion"},{"floor":20,"key":"DuplicationPotion"},{"floor":22,"key":"GhostInAJar"},{"floor":34,"key":"Fire Potion"},{"floor":39,"key":"FairyPotion"}],"is_trial":false,"path_per_floor":["M","M","M","?","M","M","R","?","R","T","E","?","$","M","E","R","B",null,"M","M","?","M","?","R","M","E","T","R","?","E","R","M","R","B",null,"M","?","$","?","M","E","?","M","T","R","$","R","M","M","R","B",null,"R","$","E","B",null],"character_chosen":"THE_SILENT","items_purchased":["Vajra","Block Potion","Medical Kit"],"campfire_rested":4,"item_purchase_floors":[13,13,46],"current_hp_per_floor":[63,59,59,64,52,52,52,5,27,27,1,75,75,41,37,37,25,63,56,56,56,25,25,25,12,12,12,49,49,43,75,72,72,72,74,68,68,68,47,47,47,47,47,47,47,62,62,62,61,61,9,56,71,71,69,23],"gold":106,"neow_bonus":"UPGRADE_CARD","is_daily":false,"chose_seed":false,"campfire_upgraded":6,"win_rate":0.0,"timestamp":1611420061,"path_taken":["M","M","M","?","M","M","R","?","R","T","E","?","$","?","E","R","BOSS","M","M","?","M","?","R","M","E","T","R","?","E","R","M","R","BOSS","M","?","$","?","M","E","?","M","T","R","$","R","M","M","R","BOSS","R","$","E","BOSS"],"items_purchased_type":["Relic","Potion","Relic"],"build_version":"2020-12-22","purchased_purges":3,"victory":true,"max_hp_per_floor":[70,70,70,75,75,75,75,75,75,75,75,75,75,75,75,75,75,75,75,75,75,75,75,75,75,75,75,75,75,75,75,75,75,75,75,75,71,71,71,71,71,71,71,71,71,71,71,71,71,71,71,71,71,71,71,71],"card_choices":[{"not_picked":["Quick Slash","Bane","Flying Knee"],"picked":"SKIP","floor":1.0},{"not_picked":["Dagger Throw","Deadly Poison"],"picked":"Blade Dance","floor":2.0},{"not_picked":["Prepared","Bane","Deflect"],"picked":"SKIP","floor":3.0},{"not_picked":["Bane","Deflect"],"picked":"Prepared","floor":3.0},{"not_picked":["Dash","Backflip"],"picked":"Noxious Fumes","floor":5.0},{"not_picked":["Dagger Spray","Blade Dance"],"picked":"Choke","floor":8.0},{"not_picked":["Skewer","Bane"],"picked":"Masterful Stab","floor":11.0},{"not_picked":["Prepared","Slice"],"picked":"After Image","floor":14.0},{"not_picked":["Well Laid Plans","Prepared","Endless Agony"],"picked":"SKIP","floor":15.0},{"not_picked":["Night Terror","Unload"],"picked":"After Image","floor":17},{"not_picked":["Slice","Cloak And Dagger","Outmaneuver"],"picked":"SKIP","floor":19},{"not_picked":["Finisher","Bane","Quick Slash"],"picked":"SKIP","floor":20},{"not_picked":["Cloak And Dagger","Bane"],"picked":"Blade Dance","floor":22},{"not_picked":["Deadly Poison","Malaise"],"picked":"Blur","floor":25},{"not_picked":["Poisoned Stab","Prepared"],"picked":"Heel Hook","floor":26},{"not_picked":["Deadly Poison","Endless Agony"],"picked":"Infinite Blades","floor":28},{"not_picked":["Catalyst","Quick Slash","Flying Knee"],"picked":"SKIP","floor":30},{"not_picked":["Catalyst","Quick Slash","Flying Knee"],"picked":"SKIP","floor":30},{"not_picked":["Well Laid Plans","Corpse Explosion"],"picked":"Endless Agony+1","floor":31},{"not_picked":["Dagger Throw+1","Dagger Spray"],"picked":"Prepared+1","floor":32},{"not_picked":["Backflip","Backstab","Underhanded Strike+1"],"picked":"SKIP","floor":36},{"not_picked":["Backflip+1","Slice+1"],"picked":"Accuracy","floor":39},{"not_picked":["Infinite Blades+1","Noxious Fumes"],"picked":"Acrobatics","floor":40},{"not_picked":["Malaise","Flying Knee"],"picked":"Backflip+1","floor":41},{"not_picked":["Expertise","Dagger Spray","Crippling Poison"],"picked":"SKIP","floor":43},{"not_picked":["PiercingWail+1","Slice","Deflect"],"picked":"SKIP","floor":48},{"not_picked":["Dagger Throw","Cloak And Dagger","Bane"],"picked":"SKIP","floor":49},{"not_picked":["Slice","Backflip"],"picked":"Escape Plan+1","floor":53},{"not_picked":["Quick Slash","Poisoned Stab"],"picked":"Cloak And Dagger+1","floor":55}],"player_experience":103839,"relics_obtained":[{"floor":8.0,"key":"Dream Catcher"},{"floor":10.0,"key":"PreservedInsect"},{"floor":11.0,"key":"Lizard Tail"},{"floor":15.0,"key":"Mercury Hourglass"},{"floor":26,"key":"Regal Pillow"},{"floor":27,"key":"Shuriken"},{"floor":30,"key":"Anchor"},{"floor":39,"key":"Pocketwatch"},{"floor":41,"key":"MealTicket"},{"floor":55,"key":"TungstenRod"}],"event_choices":[{"damage_healed":0.0,"max_hp_gain":5.0,"max_hp_loss":0.0,"gold_gain":0.0,"event_name":"Big Fish","player_choice":"Donut","floor":4.0,"gold_loss":0.0,"damage_taken":0.0},{"damage_healed":0.0,"max_hp_gain":0.0,"max_hp_loss":0.0,"gold_gain":30.0,"event_name":"Dead Adventurer","player_choice":"Searched \u00272\u0027 times","floor":8.0,"gold_loss":0.0,"damage_taken":0.0},{"cards_removed":["Masterful Stab"],"damage_healed":74.0,"max_hp_gain":0.0,"max_hp_loss":0.0,"gold_gain":0.0,"event_name":"Bonfire Elementals","player_choice":"Offered Uncommon","floor":12.0,"gold_loss":0.0,"damage_taken":0.0},{"damage_healed":0,"gold_gain":0,"player_choice":"Ignored","damage_taken":0,"max_hp_gain":0,"max_hp_loss":0,"event_name":"Vampires","floor":21,"gold_loss":0},{"cards_removed":["Strike_G"],"damage_healed":0,"gold_gain":0,"player_choice":"Elegance","damage_taken":0,"max_hp_gain":0,"max_hp_loss":0,"event_name":"Back to Basics","floor":23,"gold_loss":0},{"cards_removed":["Shame"],"damage_healed":0,"gold_gain":0,"player_choice":"Gave Gold","damage_taken":0,"max_hp_gain":0,"max_hp_loss":0,"event_name":"Beggar","floor":29,"gold_loss":75},{"damage_healed":0,"gold_gain":0,"player_choice":"Max HP","damage_taken":0,"max_hp_gain":0,"max_hp_loss":4,"event_name":"Winding Halls","floor":37,"gold_loss":0},{"damage_healed":0,"gold_gain":0,"player_choice":"Fight","damage_taken":0,"max_hp_gain":0,"max_hp_loss":0,"event_name":"Mysterious Sphere","floor":39,"gold_loss":0},{"cards_removed":["Noxious Fumes"],"damage_healed":0,"gold_gain":0,"player_choice":"Removed Power","damage_taken":0,"max_hp_gain":0,"max_hp_loss":0,"event_name":"Falling","floor":42,"gold_loss":0}],"is_beta":false,"boss_relics":[{"not_picked":["Tiny House","Snecko Eye"],"picked":"Cursed Key"},{"not_picked":["HoveringKite","Velvet Choker"],"picked":"SlaversCollar"}],"items_purged_floors":[13,38,46],"is_endless":false,"potions_floor_spawned":[5,8,14,15,20,22,25,34,39,40,49],"ascension_level":12}}