{"host":"8aoim7owc9xd4zca","time":1611428222,"event":{"mods":["AchievementEnabler","BaseMod","Better Altar","Better Match","Better Note","Better Sensory Stone","Better Skull","Better Third Choice","Colored Powertips","Downfall","Highlight Path","Minty Spire (QoL Compilation)","Permanent Neow","Quick Restart","RNG Fix","Rare Cards Sparkle","Replay The Spire","StSLib","SuperFastMode","The Jungle","The Runesmith"],"gold_per_floor":[99,119,130,34,34,53,98,207,282,297,68,84,117,132,150,253,253,53,72,213,231,231,131,131,149,19,19,19,19,169,181,191,290,290,290,300,225,225,225,225,225,6,106,106,138,138,164,164,164,164,175,175,175,175],"floor_reached":52,"language":"ENG","playtime":5349,"items_purged":["Regret","Injury","downfall:Haunted"],"score":858,"play_id":"792c9d43-40cb-4ac8-ba20-9ae6f478d247","local_time":"20210123105702","is_ascension_mode":false,"campfire_choices":[{"floor":1.0,"key":"RECALL"},{"data":"expansioncontent:QuickStudy","floor":18.0,"key":"SMITH"},{"data":"Slimebound:DouseInSlime","floor":23.0,"key":"SMITH"},{"data":"Sadistic Nature","floor":35.0,"key":"SMITH"},{"data":"Slimebound:OozeBath","floor":40.0,"key":"SMITH"},{"floor":46.0,"key":"REST"}],"circlet_count":0,"master_deck":["Slimebound:Strike_Slimebound","Slimebound:Strike_Slimebound","Slimebound:Tackle","Slimebound:Defend_Slimebound","Slimebound:Defend_Slimebound","Slimebound:Defend_Slimebound","Slimebound:Defend_Slimebound","Slimebound:Split","Slimebound:CorrosiveSpit","Slimebound:SpikyOuterGoop","Slimebound:FinishingTackle","Slimebound:MegaLick","expansioncontent:QuickStudy+1","Slimebound:Dissolve","Slimebound:SpikyOuterGoop","Slimebound:PressTheAttack","Slimebound:LeechEnergy","Slimebound:TongueLash","Slimebound:DouseInSlime+1","Slimebound:SplitMire","Slimebound:HauntingLick","Slimebound:SplitBruiser","Slimebound:AcidTongue","Slimebound:LeechEnergy","Slimebound:RejuvenatingLick","Slimebound:OozeBath+1","Slimebound:Gluttony+1","Slimebound:SplitLeeching","Secret Technique","Sadistic Nature+1","Violence","Slimebound:ViciousTackle","Slimebound:Nibble","Slimebound:HauntingLick","Pot Of Greed","Slimebound:SplitAcid+1","Slimebound:SplitBruiser","Slimebound:SplitBruiser","Slimebound:LeadByExample","Slimebound:SamplingLick+1","Slimebound:SlimeSlap","Slimebound:SplitBruiser","Slimebound:LeechLife","Slimebound:SlimeTap+1","Slimebound:RainOfGoop+1","Purity+1","downfall:Haunted","ReplayTheSpireMod:Faulty Equipment","Slimebound:LeechLife","Slimebound:LeechingTouch+1","Slimebound:RejuvenatingLick+1","Slimebound:RejuvenatingLick+1","Madness+1","Slimebound:OozeBath"],"relics":["Slimebound:AbsorbEndCombat","Juzu Bracelet","ReplayTheSpireMod:CursedCoin","Dead Branch","Membership Card","Replay:Grab Bag","Replay:Fungal Core","Sozu","SlaversCollar","downfall:HeartBlessingRed","downfall:HeartBlessingGreen","ReplayTheSpireMod:ShopPack","downfall:HeartBlessingBlue","Replay:Mystery Machine","HandDrill","Kunai","theJungle:BirthdayCakeSlice","Philosopher\u0027s Stone","Du-Vu Doll","Iron Hammer","Dream Catcher","ClockworkSouvenir","downfall:GremlinWheel","Question Card","TungstenRod"],"acts_visited":["Exordium","Exordium","TheBeyond"],"potions_floor_usage":[],"damage_taken":[{"damage":6.0,"enemies":"2 Louse","floor":2.0,"turns":3.0},{"damage":11.0,"enemies":"Small Slimes","floor":3.0,"turns":3.0},{"damage":9.0,"enemies":"downfall:FleeingMerchant","floor":4.0,"turns":4.0},{"damage":0.0,"enemies":"Cultist","floor":6.0,"turns":3.0},{"damage":1.0,"enemies":"2 Fungi Beasts","floor":10.0,"turns":2.0},{"damage":25.0,"enemies":"downfall:FleeingMerchant","floor":11.0,"turns":4.0},{"damage":9.0,"enemies":"Large Slime","floor":12.0,"turns":3.0},{"damage":12.0,"enemies":"Gremlin Nob","floor":13.0,"turns":3.0},{"damage":10.0,"enemies":"Exordium Wildlife","floor":14.0,"turns":2.0},{"damage":0.0,"enemies":"3 Louse","floor":15.0,"turns":1.0},{"damage":1.0,"enemies":"SI_SHIV_ARCHETYPE","floor":16.0,"turns":5.0},{"damage":15.0,"enemies":"theJungle:MUSHROOMGANG","floor":19.0,"turns":4.0},{"damage":0.0,"enemies":"downfall:FleeingMerchant","floor":20.0,"turns":3.0},{"damage":22.0,"enemies":"theJungle:GiantWrat","floor":21.0,"turns":3.0},{"damage":10.0,"enemies":"theJungle:JungleHuntersEncounter","floor":25.0,"turns":4.0},{"damage":33.0,"enemies":"JungleHuntersEvent","floor":27.0,"turns":4.0},{"damage":17.0,"enemies":"theJungle:2_Flameangoes","floor":31.0,"turns":4.0},{"damage":0.0,"enemies":"theJungle:Snecko_Cultist_And_Trap","floor":32.0,"turns":3.0},{"damage":15.0,"enemies":"DF_ARCHETYPE_CLAW","floor":33.0,"turns":5.0},{"damage":42.0,"enemies":"3 Darklings","floor":36.0,"turns":3.0},{"damage":0.0,"floor":43.0,"turns":2.0},{"damage":10.0,"enemies":"Reptomancer","floor":45.0,"turns":3.0},{"damage":0.0,"enemies":"Nemesis","floor":47.0,"turns":3.0},{"damage":10,"enemies":"Orb Walker","floor":51,"turns":2},{"damage":62,"enemies":"IC_BLOCK_ARCHETYPE","floor":52,"turns":2}],"seed_played":"-3073370306953161600","potions_obtained":[{"floor":3.0,"key":"FearPotion"},{"floor":9.0,"key":"downfall:CursedFountainPotion"},{"floor":12.0,"key":"Death Potion"},{"floor":13.0,"key":"AttackPotion"},{"floor":14.0,"key":"Guardian:BlockOnCardUsePotion"},{"floor":15.0,"key":"ColorlessPotion"}],"is_trial":false,"path_per_floor":["R","M","M","$","?","M","T","?","?","M","$","M","E","M","M","B",null,"R","M","$","M","?","R","T","M","$","?","?","?","?","M","M","B",null,"R","M","?","?","?","R","T","$","?","?","E","R","E","PTL","PTL","?","M","B"],"character_chosen":"SLIMEBOUND","items_purchased":["ReplayTheSpireMod:CursedCoin","expansioncontent:QuickStudy","Slimebound:Dissolve","Membership Card","Slimebound:HauntingLick","ReplayTheSpireMod:ShopPack","Slimebound:ViciousTackle","Slimebound:Nibble","Slimebound:SplitBruiser","HandDrill","Slimebound:LeadByExample","Dream Catcher","ClockworkSouvenir"],"campfire_rested":1,"item_purchase_floors":[4,4,4,11,11,20,20,20,26,26,26,42,42],"current_hp_per_floor":[65,61,54,49,49,53,53,37,37,42,25,22,18,14,20,27,65,65,56,64,44,44,54,54,52,52,27,27,32,32,23,31,24,80,80,58,58,58,58,58,58,58,62,62,67,80,80,80,80,65,57,0,0,0],"gold":175,"neow_bonus":"RANDOM_COMMON_RELIC","is_daily":false,"chose_seed":false,"campfire_upgraded":4,"win_rate":0.0,"timestamp":1611428222,"path_taken":["R","M","M","?","?","M","T","?","?","M","?","M","E","M","M","BOSS","R","M","$","M","?","R","T","M","$","?","?","?","?","M","M","BOSS","R","M","?","?","?","R","T","$","?","?","E","R","E","PTL","PTL","?","M","BOSS"],"items_purchased_type":["Relic","Card","Card","Relic","Card","Relic","Card","Card","Card","Relic","Card","Relic","Relic"],"build_version":"2020-12-22","purchased_purges":3,"victory":false,"max_hp_per_floor":[65,65,65,65,65,65,65,65,65,65,65,65,65,65,65,65,65,65,65,65,65,65,75,75,75,75,75,75,80,80,80,80,80,80,80,80,80,80,80,80,80,80,80,80,80,80,80,80,80,80,80,80,80,80],"card_choices":[{"not_picked":["Slimebound:SplitBruiser","Slimebound:LeechEnergy"],"picked":"Slimebound:SpikyOuterGoop","floor":2.0},{"not_picked":["Slimebound:ForwardTackle","Slimebound:SamplingLick"],"picked":"Slimebound:FinishingTackle","floor":3.0},{"not_picked":["Slimebound:PressTheAttack","Slimebound:SamplingLick"],"picked":"Slimebound:MegaLick","floor":4.0},{"not_picked":["Slimebound:SlimeSpikes","Slimebound:GrowthPunch"],"picked":"Slimebound:SpikyOuterGoop","floor":6.0},{"not_picked":["Slimebound:ItLooksTasty","Slimebound:GoopSpray"],"picked":"Slimebound:PressTheAttack","floor":8.0},{"not_picked":["Slimebound:GoopTackle","Slimebound:ComboTackle"],"picked":"Slimebound:LeechEnergy","floor":8.0},{"not_picked":["Slimebound:LivingWall","Slimebound:Prepare"],"picked":"Slimebound:TongueLash","floor":8.0},{"not_picked":["Slimebound:FinishingTackle","Slimebound:GrowthPunch"],"picked":"Slimebound:DouseInSlime","floor":10.0},{"not_picked":["Slimebound:RainOfGoop","Slimebound:Gluttony"],"picked":"Slimebound:SplitMire","floor":11.0},{"not_picked":["Slimebound:FlameTackle","Slimebound:HauntingLick"],"picked":"Slimebound:SplitBruiser","floor":12.0},{"not_picked":["Slimebound:Nibble","Slimebound:GoopTackle"],"picked":"Slimebound:AcidTongue","floor":13.0},{"not_picked":["Slimebound:Prepare","Slimebound:SlimeBarrage"],"picked":"Slimebound:LeechEnergy","floor":14.0},{"not_picked":["Slimebound:SamplingLick","Slimebound:SplitMire"],"picked":"Slimebound:RejuvenatingLick","floor":15.0},{"not_picked":["Slimebound:SelfFormingGoo","Slimebound:MinionMaster"],"picked":"Slimebound:OozeBath","floor":16.0},{"not_picked":["Slimebound:HauntingLick","Slimebound:SlimeTap+1"],"picked":"Slimebound:Gluttony+1","floor":19.0},{"not_picked":["Slimebound:LivingWall+1","Slimebound:Grow"],"picked":"Slimebound:SplitLeeching","floor":20.0},{"not_picked":["Master of Strategy","The Bomb"],"picked":"Secret Technique","floor":20.0},{"not_picked":["Forethought","Trip"],"picked":"Sadistic Nature","floor":20.0},{"not_picked":["Replay:Bootleg Shield Generator","Deep Breath"],"picked":"Violence","floor":20.0},{"not_picked":["Slimebound:ComboTackle","Slimebound:WasteNot"],"picked":"Slimebound:HauntingLick","floor":21.0},{"not_picked":["Slimebound:MegaLick","Slimebound:GoopSpray"],"picked":"Slimebound:SplitAcid+1","floor":25.0},{"not_picked":["Slimebound:Gluttony","Slimebound:GoopTackle"],"picked":"Slimebound:SamplingLick+1","floor":27.0},{"not_picked":["Slimebound:ForwardTackle","Slimebound:SlimeBarrage","Slimebound:LivingWall"],"picked":"SKIP","floor":31.0},{"not_picked":["Slimebound:LevelUp","Slimebound:PressTheAttack+1"],"picked":"Slimebound:SplitBruiser","floor":32.0},{"not_picked":["Slimebound:Teamwork","Slimebound:SelfFormingGoo"],"picked":"Slimebound:LeechLife","floor":33.0},{"not_picked":["Slimebound:ComboTackle+1","Slimebound:SlimeSpikes"],"picked":"Slimebound:SlimeTap+1","floor":36.0},{"not_picked":["Slimebound:LevelUp+1","Slimebound:Nibble+1"],"picked":"Slimebound:RainOfGoop+1","floor":37.0},{"not_picked":["Bandage Up+1","Flash of Steel+1"],"picked":"Purity+1","floor":37.0},{"not_picked":["Slimebound:RainOfGoop","Slimebound:PressTheAttack+1"],"picked":"Slimebound:LeechingTouch+1","floor":45.0},{"not_picked":["Slimebound:ComboTackle","Slimebound:SplitAcid+1","Slimebound:ForwardTackle+1"],"picked":"Slimebound:RejuvenatingLick+1","floor":46.0},{"not_picked":["Slimebound:SlimeBrawl+1","Slimebound:SlimeSpikes+1","Slimebound:SplitBruiser+1"],"picked":"Slimebound:RejuvenatingLick+1","floor":47.0},{"not_picked":["Slimebound:ItLooksTasty+1","Slimebound:LeechingTouch+1","Slimebound:LivingWall+1"],"picked":"Slimebound:OozeBath","floor":51}],"player_experience":296909,"relics_obtained":[{"floor":13.0,"key":"Potion Belt"},{"floor":24.0,"key":"Replay:Mystery Machine"},{"floor":27.0,"key":"Kunai"},{"floor":41.0,"key":"Iron Hammer"},{"floor":43.0,"key":"downfall:GremlinWheel"},{"floor":45.0,"key":"Question Card"},{"floor":47.0,"key":"TungstenRod"}],"event_choices":[{"damage_healed":0.0,"max_hp_gain":0.0,"max_hp_loss":0.0,"gold_gain":0.0,"event_name":"Big Fish","player_choice":"Box","floor":5.0,"gold_loss":0.0,"damage_taken":0.0,"relics_obtained":["Dead Branch"],"cards_obtained":["Regret"]},{"cards_removed":["Violence"],"damage_healed":0.0,"max_hp_gain":0.0,"max_hp_loss":0.0,"gold_gain":0.0,"event_name":"betterNote:BetterNote","player_choice":"Take \u0026 Give","floor":22.0,"gold_loss":0.0,"damage_taken":0.0,"cards_obtained":["Pot Of Greed"]},{"damage_healed":0.0,"max_hp_gain":0.0,"max_hp_loss":0.0,"gold_gain":0.0,"event_name":"betterMatch:BetterMatch","player_choice":"2","floor":37.0,"gold_loss":0.0,"damage_taken":0.0,"cards_obtained":["betterMatch:UncommonCard","betterMatch:ColorlessUncommonCard"]},{"cards_removed":["Slimebound:Strike_Slimebound"],"damage_healed":0.0,"max_hp_gain":0.0,"max_hp_loss":0.0,"gold_gain":0.0,"event_name":"Falling","player_choice":"Removed Attack","floor":38.0,"gold_loss":0.0,"damage_taken":0.0},{"damage_healed":0,"gold_gain":3,"player_choice":"2","damage_taken":0,"max_hp_gain":0,"max_hp_loss":16,"event_name":"betterStone:BetterStone","floor":50,"gold_loss":0}],"is_beta":false,"boss_relics":[{"not_picked":["Coffee Dripper","Snecko Eye"],"picked":"Replay:Grab Bag"},{"not_picked":["ReplayTheSpireMod:Onyx Gauntlets","Cursed Key"],"picked":"Replay:Fungal Core"},{"not_picked":["Painkiller Herb","Replay:Bronze Core"],"picked":"Sozu"},{"not_picked":["Ring of Chaos","SacredBark"],"picked":"SlaversCollar"},{"not_picked":["Honey Jar","Tiny House"],"picked":"Philosopher\u0027s Stone"}],"items_purged_floors":[11,20,42],"is_endless":false,"potions_floor_spawned":[3,12,13,14,15,19,25,31,36,45,47],"killed_by":"IC_BLOCK_ARCHETYPE","ascension_level":0}}