{"host":"d9m9v0h6vo0edadb","time":1611404960,"event":{"mods":["BaseMod","Hermit","Keyboard Shortcuts","Minty Spire (QoL Compilation)","StSLib","SuperFastMode","The Cursed"],"gold_per_floor":[113,123,48,48,48,89,89,169,169,169,169,69,69,87,87,186,186,210,210,223,248,248,248,248],"floor_reached":23,"language":"KOR","playtime":236,"items_purged":["Strike_G","Strike_G"],"score":474,"play_id":"cf2d2471-adf9-476b-8a7e-572f3caad0d7","local_time":"20210123212920","is_ascension_mode":true,"campfire_choices":[{"data":"Deadly Poison","floor":7.0,"key":"SMITH"},{"data":"Corpse Explosion","floor":10.0,"key":"SMITH"},{"floor":13.0,"key":"REST"},{"floor":15,"key":"DIG"}],"circlet_count":0,"master_deck":["AscendersBane","Strike_G","Strike_G","Defend_G","Defend_G","Defend_G","Defend_G","Defend_G+1","Survivor+1","Neutralize","Deadly Poison+1","Catalyst+1","Corpse Explosion+1","Footwork","Malaise","Reflex","Bouncing Flask","Noxious Fumes+1"],"relics":["Ring of the Snake","NeowsBlessing","Golden Idol","Dream Catcher","Shovel","Pantograph","Sundial","Cursed Key"],"acts_visited":["Exordium","TheCity"],"potions_floor_usage":[],"damage_taken":[{"damage":0.0,"enemies":"Jaw Worm","floor":1.0,"turns":1.0},{"damage":0.0,"enemies":"Small Slimes","floor":2.0,"turns":1.0},{"damage":0.0,"enemies":"Gremlin Nob","floor":6.0,"turns":1.0},{"damage":43.0,"enemies":"Gremlin Nob","floor":8.0,"turns":4.0},{"damage":0,"enemies":"2 Louse","floor":14,"turns":2},{"damage":20,"enemies":"The Guardian","floor":16,"turns":8},{"damage":19,"enemies":"2 Thieves","floor":18,"turns":4},{"damage":3,"enemies":"Spheric Guardian","floor":20,"turns":5},{"damage":7,"enemies":"Snecko","floor":21,"turns":5},{"damage":30,"enemies":"Shelled Parasite and Fungi","floor":23,"turns":3}],"seed_played":"5863244589942885323","potions_obtained":[{"floor":2.0,"key":"Ancient Potion"},{"floor":6.0,"key":"Fire Potion"}],"is_trial":false,"path_per_floor":["M","M","$","?","?","E","R","?","T","R","?","$","R","M","R","B",null,"M","?","M","M","?","M"],"character_chosen":"THE_SILENT","items_purchased":[],"campfire_rested":1,"item_purchase_floors":[],"current_hp_per_floor":[59,59,59,64,64,64,64,21,21,21,2,2,21,21,21,26,55,36,36,33,26,26,0,0],"gold":248,"neow_bonus":"THREE_ENEMY_KILL","is_daily":false,"chose_seed":false,"campfire_upgraded":2,"win_rate":0.0,"timestamp":1611404960,"path_taken":["M","M","$","?","?","E","R","?","T","R","?","$","R","M","R","BOSS","M","?","M","?","?","M"],"items_purchased_type":[],"build_version":"2020-12-22","purchased_purges":2,"victory":false,"max_hp_per_floor":[66,66,66,71,64,64,64,64,64,64,64,64,64,64,64,64,64,64,64,64,64,64,64,64],"card_choices":[{"not_picked":["Deflect","Sucker Punch"],"picked":"Deadly Poison","floor":1.0},{"not_picked":["Slice","Sucker Punch"],"picked":"Catalyst","floor":2.0},{"not_picked":["Backstab","Flying Knee"],"picked":"Corpse Explosion","floor":6.0},{"not_picked":["Blur","Cloak And Dagger"],"picked":"Footwork","floor":8.0},{"not_picked":["Deadly Poison","Underhanded Strike","Skewer"],"picked":"SKIP","floor":14},{"not_picked":["Grand Finale","Glass Knife"],"picked":"Malaise","floor":16},{"not_picked":["Dagger Throw","Expertise"],"picked":"Reflex","floor":18},{"not_picked":["Leg Sweep","Slice"],"picked":"Bouncing Flask","floor":20},{"not_picked":["PiercingWail","Flying Knee"],"picked":"Noxious Fumes+1","floor":21}],"player_experience":987716,"relics_obtained":[{"floor":6.0,"key":"Dream Catcher"},{"floor":8.0,"key":"Shovel"},{"floor":9.0,"key":"Pantograph"},{"floor":15,"key":"Sundial"}],"event_choices":[{"damage_healed":0.0,"max_hp_gain":5.0,"max_hp_loss":0.0,"gold_gain":0.0,"event_name":"Big Fish","player_choice":"Donut","floor":4.0,"gold_loss":0.0,"damage_taken":0.0},{"damage_healed":0.0,"max_hp_gain":0.0,"max_hp_loss":7.0,"gold_gain":0.0,"event_name":"Golden Idol","player_choice":"Lose Max HP","floor":5.0,"gold_loss":0.0,"damage_taken":0.0,"relics_obtained":["Golden Idol"]},{"damage_healed":0.0,"max_hp_gain":0.0,"max_hp_loss":0.0,"gold_gain":0.0,"event_name":"Dead Adventurer","player_choice":"Searched \u00271\u0027 times","floor":8.0,"gold_loss":0.0,"damage_taken":0.0},{"damage_healed":0.0,"max_hp_gain":0.0,"max_hp_loss":0.0,"gold_gain":0.0,"event_name":"Shining Light","player_choice":"Entered Light","floor":11.0,"gold_loss":0.0,"damage_taken":19.0,"cards_upgraded":["Survivor","Defend_G"]},{"cards_removed":["Strike_G"],"damage_healed":0,"gold_gain":0,"player_choice":"Purged","damage_taken":0,"max_hp_gain":0,"max_hp_loss":0,"event_name":"Purifier","floor":19,"gold_loss":0},{"damage_healed":0,"gold_gain":0,"player_choice":"Upgraded","damage_taken":0,"max_hp_gain":0,"max_hp_loss":0,"event_name":"Upgrade Shrine","floor":22,"gold_loss":0,"cards_upgraded":["Catalyst"]}],"is_beta":false,"boss_relics":[{"not_picked":["Ectoplasm","SlaversCollar"],"picked":"Cursed Key"}],"items_purged_floors":[3,12],"is_endless":false,"potions_floor_spawned":[2,6],"killed_by":"Shelled Parasite and Fungi","ascension_level":20}}