{"host":"mnqy5xd9fdi0p1ot","time":1611368555,"event":{"mods":["BaseMod","Better Third Choice","Conspire","Dota2Spire","Downfall","Hubris","Minty Spire (QoL Compilation)","Spicy Shops","StSLib","??????REMEMod"],"gold_per_floor":[99,99,99,27,202,220,220,235,250,250,250,250],"floor_reached":10,"language":"ENG","playtime":311,"items_purged":[],"score":90,"play_id":"2d464e3b-f073-4458-ace6-b6e161e6abdf","local_time":"20210123092235","is_ascension_mode":true,"campfire_choices":[{"data":"champ:TripleStrike","floor":1.0,"key":"SMITH"}],"circlet_count":0,"master_deck":["AscendersBane","champ:Strike","champ:Strike","champ:Strike","champ:Strike","champ:Defend","champ:Defend","champ:Defend","champ:Defend","champ:Execute","champ:Taunt","champ:TripleStrike+1","champ:ShieldWall","champ:BringItOn","champ:VampiricStrike","Doubt","champ:StanceDance","champ:ShieldWall"],"relics":["champ:ChampionCrown","REME_ComplimentaryCards","downfall:HeartsMalice","Meat on the Bone"],"acts_visited":["Exordium"],"potions_floor_usage":[10],"damage_taken":[{"damage":0.0,"enemies":"conspire:RoseBush","floor":2.0,"turns":1.0},{"damage":0.0,"enemies":"2 Louse","floor":3.0,"turns":1.0},{"damage":0.0,"enemies":"downfall:FleeingMerchant","floor":4.0,"turns":1.0},{"damage":7.0,"enemies":"Jaw Worm","floor":6.0,"turns":2.0},{"damage":1.0,"enemies":"Exordium Thugs","floor":8.0,"turns":4.0},{"damage":27,"enemies":"Exordium Wildlife","floor":9,"turns":5},{"damage":21,"enemies":"Gremlin Nob","floor":10,"turns":4}],"seed_played":"-1505201183120240272","potions_obtained":[{"floor":6.0,"key":"bronze:BurnAndBuffPotion"},{"floor":8.0,"key":"LiquidMemories"}],"is_trial":false,"path_per_floor":["R","M","M","$","?","M","T","M","M","E"],"character_chosen":"THE_CHAMP","items_purchased":["champ:VampiricStrike"],"campfire_rested":0,"item_purchase_floors":[4],"current_hp_per_floor":[81,81,81,81,81,74,74,73,51,30,30,30],"gold":250,"neow_bonus":"THREE_ENEMY_KILL","is_daily":false,"chose_seed":false,"campfire_upgraded":1,"win_rate":0.0,"timestamp":1611368555,"path_taken":["R","M","M","$","?","M","T","M","M","E"],"items_purchased_type":["Card"],"build_version":"2020-12-22","purchased_purges":0,"victory":false,"max_hp_per_floor":[90,90,90,90,90,90,90,90,90,90,90,90],"card_choices":[{"not_picked":["champ:Shatter","champ:ShieldSigil","champ:TornadoPunch"],"picked":"SKIP","floor":2.0},{"not_picked":["champ:Backstep","champ:Haymaker"],"picked":"champ:ShieldWall","floor":3.0},{"not_picked":["champ:TornadoPunch","champ:Lariat"],"picked":"champ:BringItOn","floor":4.0},{"not_picked":["champ:TornadoPunch","champ:Backstep"],"picked":"champ:StanceDance","floor":6.0},{"not_picked":["champ:DeathBlow","champ:BerserkersShout","champ:Parry"],"picked":"SKIP","floor":8.0},{"not_picked":["champ:PreemptiveStrike","champ:FanOfKnives"],"picked":"champ:ShieldWall","floor":9}],"player_experience":550514,"relics_obtained":[{"floor":7.0,"key":"Meat on the Bone"}],"event_choices":[],"is_beta":false,"boss_relics":[],"items_purged_floors":[],"is_endless":false,"potions_floor_spawned":[6,8,9],"killed_by":"Gremlin Nob","ascension_level":12}}