{"host":"n23juj4d9qam5hh1","time":1611383546,"event":{"mods":["BaseMod","Better Note","BetterRewards","Displayed Cursed Tome","Infinite Spire","Minty Spire (QoL Compilation)","Relic Stats","StSLib","Thieving Mod"],"gold_per_floor":[116,116,129,129,207,207,207,126,126,143,143,162,162,174,174,270,270,287,287,300,399,416,416,341,341,341,351,351,380,380,395,395,494,494,504,504,333,383,402,429,429,459,459,459,493,503,378,397,397,397],"floor_reached":51,"language":"ENG","playtime":2511,"items_purged":["Sweeping Beam","Sunder","Leap"],"score":901,"play_id":"09a1d318-da22-4724-aff9-f1848315ccf5","local_time":"20210123013226","daily_mods":["Draft","Heirloom","Flight"],"is_ascension_mode":true,"campfire_choices":[{"data":"Defragment","floor":6,"key":"SMITH"},{"data":"Capacitor","floor":11,"key":"SMITH"},{"data":"Consume","floor":13,"key":"SMITH"},{"data":"infinitespire:Oblivion","floor":15,"key":"SMITH"},{"data":"Electrodynamics","floor":23,"key":"SMITH"},{"data":"Chaos","floor":25,"key":"SMITH"},{"data":"Coolheaded","floor":32,"key":"SMITH"},{"data":"Reboot","floor":41,"key":"SMITH"},{"floor":44,"key":"REST"},{"data":"Defragment","floor":49,"key":"SMITH"}],"circlet_count":0,"master_deck":["Turbo","Coolheaded","Coolheaded+1","Ball Lightning","Streamline+1","Doom and Gloom+1","Glacier","Defragment+1","Coolheaded+1","FTL","Barrage","Chaos+1","Capacitor+1","Turbo+1","infinitespire:Oblivion+1","Self Repair","Consume+1","Electrodynamics+1","Darkness+1","Fusion+1","Electrodynamics","Aggregate+1","Loop","Self Repair+1","Turbo+1","Reboot+1","Defragment+1","BootSequence"],"relics":["FrozenCore","Bird Faced Urn","Singing Bowl","Whetstone","War Paint","Sling","Nuclear Battery","Prayer Wheel","White Beast Statue","infinitespire:CursedDice","Blood Vial","DataDisk"],"acts_visited":["Exordium","TheCity","TheBeyond"],"potions_floor_usage":[16,29,42,50,50],"damage_taken":[{"damage":8.0,"enemies":"Small Slimes","floor":1.0,"turns":2.0},{"damage":0.0,"enemies":"Jaw Worm","floor":3.0,"turns":5.0},{"damage":0,"enemies":"Cultist","floor":10,"turns":2},{"damage":14,"enemies":"Large Slime","floor":12,"turns":4},{"damage":11,"enemies":"Blue Slaver","floor":14,"turns":3},{"damage":13,"enemies":"Hexaghost","floor":16,"turns":9},{"damage":0,"enemies":"Chosen","floor":18,"turns":3},{"damage":23,"enemies":"2 Thieves","floor":20,"turns":3},{"damage":14,"enemies":"3 Cultists","floor":22,"turns":3},{"damage":7,"enemies":"Snake Plant","floor":27,"turns":4},{"damage":3,"enemies":"Book of Stabbing","floor":29,"turns":5},{"damage":0,"enemies":"Centurion and Healer","floor":31,"turns":5},{"damage":33,"enemies":"Automaton","floor":33,"turns":9},{"damage":11,"enemies":"Orb Walker","floor":35,"turns":3},{"damage":0,"enemies":"Mind Bloom Boss Battle","floor":38,"turns":7},{"damage":10,"enemies":"3 Darklings","floor":39,"turns":2},{"damage":57,"enemies":"Nemesis","floor":40,"turns":9},{"damage":47,"enemies":"Giant Head","floor":42,"turns":9},{"damage":0,"enemies":"Reptomancer","floor":45,"turns":5},{"damage":8,"enemies":"Writhing Mass","floor":46,"turns":4},{"damage":9,"enemies":"4 Shapes","floor":48,"turns":3},{"damage":39,"enemies":"Donu and Deca","floor":50,"turns":8}],"seed_played":"-5901864136126809537","potions_obtained":[{"floor":12,"key":"infinitespire:BlackPotion"},{"floor":14,"key":"SkillPotion"},{"floor":22,"key":"SteroidPotion"},{"floor":27,"key":"Weak Potion"},{"floor":33,"key":"FocusPotion"},{"floor":42,"key":"Fire Potion"},{"floor":45,"key":"Block Potion"}],"is_trial":true,"path_per_floor":["M","$","M","?","?","R","?","$","T","M","R","M","R","M","R","B",null,"M","?","M","?","M","R","$","R","T","M","$","E","AVR","M","R","B",null,"M","?","$","?","M","E","R","E","T","R","E","M","$","M","R","B",null],"character_chosen":"DEFECT","items_purchased":["Self Repair","Loop"],"campfire_rested":1,"item_purchase_floors":[8,37],"current_hp_per_floor":[67,67,71,71,71,71,53,53,53,64,64,61,61,65,65,65,79,79,79,58,58,52,52,52,52,52,51,51,65,65,82,82,64,87,78,78,78,89,89,59,59,45,45,72,93,95,95,90,90,83],"gold":397,"neow_bonus":"","is_daily":false,"chose_seed":false,"campfire_upgraded":9,"win_rate":0.0,"timestamp":1611383546,"path_taken":["M","$","M","?","?","R","?","$","T","M","R","M","R","M","R","BOSS","M","?","M","?","M","R","$","R","T","M","$","E","AVR","M","R","BOSS","M","?","$","?","M","E","R","E","T","R","E","M","$","M","R","BOSS"],"items_purchased_type":["Card","Card"],"build_version":"2020-12-22","purchased_purges":3,"victory":true,"max_hp_per_floor":[75,75,75,75,75,75,75,75,75,77,77,77,77,79,79,79,79,79,79,79,79,81,81,81,81,81,83,83,85,85,87,87,87,87,87,87,87,89,89,89,89,91,91,91,93,95,95,97,97,97],"relic_stats":{"Blood Vial":4,"Singing Bowl":22,"counters":[22,105],"Bird Faced Urn":[128],"Prayer Wheel":3,"Whetstone":["Doom and Gloom","Streamline"],"War Paint":["Turbo","Coolheaded"],"obtain_stats":[{"Singing Bowl":9,"infinitespire:CursedDice":42,"Whetstone":26,"War Paint":29,"Sling":30,"White Beast Statue":40,"FrozenCore":17,"Nuclear Battery":34,"Blood Vial":43,"DataDisk":45,"Bird Faced Urn":0,"Prayer Wheel":38,"Cracked Core":0},{"Singing Bowl":2,"infinitespire:CursedDice":18,"Whetstone":9,"War Paint":11,"Sling":11,"White Beast Statue":17,"FrozenCore":6,"Nuclear Battery":13,"Blood Vial":18,"DataDisk":19,"Bird Faced Urn":0,"Prayer Wheel":15,"Cracked Core":0},{"Singing Bowl":7,"infinitespire:CursedDice":85,"Whetstone":34,"War Paint":43,"Sling":43,"White Beast Statue":76,"FrozenCore":25,"Nuclear Battery":57,"Blood Vial":85,"DataDisk":90,"Bird Faced Urn":0,"Prayer Wheel":66,"Cracked Core":0}],"FrozenCore":[12]},"card_choices":[{"not_picked":["Steam Power","Turbo"],"picked":"Sunder","floor":0.0},{"not_picked":["Barrage","Go for the Eyes"],"picked":"Turbo","floor":0.0},{"not_picked":["Turbo","Recycle"],"picked":"Coolheaded","floor":0.0},{"not_picked":["Chaos","Cold Snap"],"picked":"Coolheaded","floor":0.0},{"not_picked":["Compile Driver","Darkness"],"picked":"Leap","floor":0.0},{"not_picked":["Sunder","Stack"],"picked":"Ball Lightning","floor":0.0},{"not_picked":["Lockon","Beam Cell"],"picked":"Sweeping Beam","floor":0.0},{"not_picked":["Leap","Barrage"],"picked":"Streamline","floor":0.0},{"not_picked":["Ball Lightning","Beam Cell"],"picked":"Doom and Gloom","floor":0.0},{"not_picked":["Cold Snap","Turbo"],"picked":"Glacier","floor":0.0},{"not_picked":["Ball Lightning","Sunder"],"picked":"Defragment","floor":0.0},{"not_picked":["Beam Cell","Steam"],"picked":"Coolheaded","floor":0.0},{"not_picked":["Scrape","Turbo"],"picked":"FTL","floor":0.0},{"not_picked":["Skim","Tempest"],"picked":"Barrage","floor":0.0},{"not_picked":["Hologram","Barrage"],"picked":"Chaos","floor":0.0},{"not_picked":["Doom and Gloom","Barrage"],"picked":"Capacitor","floor":1.0},{"not_picked":["Chill","Compile Driver"],"picked":"Turbo","floor":3.0},{"not_picked":["infinitespire:NeuralNetwork","infinitespire:SealOfDarkness+"],"picked":"infinitespire:Oblivion","floor":7},{"not_picked":["Steam","Hologram","Barrage"],"picked":"Singing Bowl","floor":10},{"not_picked":["Beam Cell","Capacitor"],"picked":"Consume","floor":12},{"not_picked":["Reprogram","Hello World","Streamline"],"picked":"Singing Bowl","floor":14},{"not_picked":["Core Surge","Meteor Strike"],"picked":"Electrodynamics","floor":16},{"not_picked":["Beam Cell","Aggregate"],"picked":"Darkness+1","floor":18},{"not_picked":["Sweeping Beam","Melter"],"picked":"Fusion+1","floor":20},{"not_picked":["Beam Cell","Sweeping Beam+1","Redo"],"picked":"Singing Bowl","floor":22},{"not_picked":["Beam Cell","Conserve Battery","Go for the Eyes"],"picked":"Singing Bowl","floor":27},{"not_picked":["Barrage","Ball Lightning","Sweeping Beam+1"],"picked":"Singing Bowl","floor":29},{"not_picked":["Reprogram","Fusion","Barrage"],"picked":"Singing Bowl","floor":31},{"not_picked":["Core Surge","Thunder Strike"],"picked":"Electrodynamics","floor":33},{"not_picked":["Ball Lightning","Hello World"],"picked":"Aggregate+1","floor":35},{"not_picked":["Cold Snap+1","Compile Driver+1","Streamline+1"],"picked":"Singing Bowl","floor":38},{"not_picked":["Heatsinks","Double Energy"],"picked":"Self Repair+1","floor":39},{"not_picked":["Beam Cell","Self Repair+1"],"picked":"Turbo+1","floor":39},{"not_picked":["Force Field","Rip and Tear+1"],"picked":"Reboot","floor":40},{"not_picked":["Compile Driver","Skim+1","Gash"],"picked":"Singing Bowl","floor":42},{"not_picked":["Go for the Eyes+1","Self Repair","Reinforced Body"],"picked":"Singing Bowl","floor":45},{"not_picked":["Cold Snap","Sunder+1"],"picked":"Defragment","floor":46},{"not_picked":["Beam Cell","Leap","Lockon"],"picked":"Singing Bowl","floor":46},{"not_picked":["Sunder+1","Compile Driver+1","Beam Cell+1"],"picked":"Singing Bowl","floor":48},{"not_picked":["Streamline","Gash"],"picked":"BootSequence","floor":48}],"player_experience":247830,"relics_obtained":[{"floor":9,"key":"Singing Bowl"},{"floor":26,"key":"Whetstone"},{"floor":29,"key":"War Paint"},{"floor":38,"key":"Prayer Wheel"},{"floor":40,"key":"White Beast Statue"},{"floor":42,"key":"infinitespire:CursedDice"},{"floor":43,"key":"Blood Vial"},{"floor":45,"key":"DataDisk"}],"event_choices":[{"damage_healed":0,"gold_gain":0,"player_choice":"Leave","damage_taken":0,"max_hp_gain":0,"max_hp_loss":0,"event_name":"The Cleric","floor":4,"gold_loss":0},{"damage_healed":0,"gold_gain":78,"player_choice":"Gained Gold","damage_taken":0,"max_hp_gain":0,"max_hp_loss":0,"event_name":"Golden Wing","floor":5,"gold_loss":0},{"cards_removed":["Turbo"],"damage_healed":0,"gold_gain":0,"player_choice":"Give","damage_taken":0,"max_hp_gain":0,"max_hp_loss":0,"event_name":"betterNote:BetterNote","floor":19,"gold_loss":0,"cards_obtained":["Strike_G"]},{"damage_healed":0,"gold_gain":99,"player_choice":"Stole From Cult","damage_taken":0,"max_hp_gain":0,"max_hp_loss":0,"event_name":"Nest","floor":21,"gold_loss":0},{"damage_healed":0,"gold_gain":0,"player_choice":"Ignored","damage_taken":0,"max_hp_gain":0,"max_hp_loss":0,"event_name":"Tomb of Lord Red Mask","floor":36,"gold_loss":0},{"damage_healed":0,"gold_gain":0,"player_choice":"Fight","damage_taken":0,"max_hp_gain":0,"max_hp_loss":0,"event_name":"MindBloom","floor":38,"gold_loss":0}],"is_beta":false,"boss_relics":[{"not_picked":["Astrolabe","Fusion Hammer"],"picked":"FrozenCore"},{"not_picked":["Black Star","infinitespire:Cupcake"],"picked":"Nuclear Battery"}],"items_purged_floors":[24,37,47],"is_endless":false,"potions_floor_spawned":[12,14,22,27,33,35,40,42,45,46,48],"ascension_level":3}}