{"host":"mg3e76uznu9x14du","time":1611401869,"event":{"mods":["BaseMod","Colored Map","Downfall","Minty Spire (QoL Compilation)","Permanent Neow","Relic Stats","StSLib","Waifu the Spire","everything is the same but u backflip on backflip"],"gold_per_floor":[109,120,135,146,246,279,77,93,142,142,160,160,187,207,207,312,312,325,358,135,50,50,50,85,104,104,4,4,30,40,66,66,163,163,174,191,203,218,49,84,84,84,84,97,116,116,128,145,145,145,145,145,14,39,39,39],"floor_reached":55,"language":"ENG","playtime":3433,"items_purged":["Strike_G","Strike_G","Strike_G"],"score":926,"play_id":"ccb2a114-da47-4bbc-99a5-2622d5b79e59","local_time":"20210123063749","is_ascension_mode":true,"campfire_choices":[{"data":"Noxious Fumes","floor":10,"key":"SMITH"},{"data":"Underhanded Strike","floor":12,"key":"SMITH"},{"floor":15,"key":"REST"},{"floor":23,"key":"REST"},{"floor":32,"key":"REST"},{"floor":42,"key":"REST"},{"floor":49,"key":"RECALL"},{"floor":52,"key":"REST"}],"circlet_count":0,"master_deck":["Strike_G","Strike_G","Defend_G","Defend_G","Defend_G+1","Defend_G","Defend_G","Survivor","Neutralize+1","Outmaneuver","Dagger Spray+1","Outmaneuver","Underhanded Strike","Noxious Fumes+1","Flying Knee","Underhanded Strike+1","Prepared","Noxious Fumes","Outmaneuver","Tools of the Trade","Backflip","PiercingWail+1","Flechettes+1","Dagger Throw","Adrenaline","Prepared","Acrobatics+1","Grand Finale","Footwork+1","Dash","Distraction+1","Infinite Blades","Quick Slash+1","Finisher+1","Blade Dance+1","Madness","Madness","Cloak And Dagger+1","Bouncing Flask"],"relics":["Runic Pyramid","Regal Pillow","Lee\u0027s Waffle","Guardian:PocketSentry","Whetstone","expansioncontent:StudyCardRelic","Red Mask","TwistedFunnel","Unceasing Top","HornCleat","Lantern","Potion Belt","Smiling Mask","Black Star","Matryoshka","Pantograph","Akabeko","Orichalcum","War Paint"],"acts_visited":["Exordium","TheCity","TheBeyond","TheEnding"],"potions_floor_usage":[19,35,37,37,44,50,50,50,50,54,55,55,55],"damage_taken":[{"damage":5,"enemies":"Cultist","floor":1,"turns":5},{"damage":0,"enemies":"Jaw Worm","floor":2,"turns":5},{"damage":9,"enemies":"Small Slimes","floor":3,"turns":4},{"damage":6,"enemies":"Looter","floor":4,"turns":4},{"damage":29,"enemies":"3 Sentries","floor":6,"turns":10},{"damage":8,"enemies":"Blue Slaver","floor":8,"turns":4},{"damage":22,"enemies":"Gremlin Gang","floor":11,"turns":3},{"damage":12,"enemies":"Lagavulin","floor":13,"turns":7},{"damage":4,"enemies":"Large Slime","floor":14,"turns":5},{"damage":38,"enemies":"The Guardian","floor":16,"turns":9},{"damage":8,"enemies":"Chosen","floor":18,"turns":4},{"damage":22,"enemies":"Masked Bandits","floor":19,"turns":4},{"damage":32,"enemies":"Book of Stabbing","floor":24,"turns":5},{"damage":0,"enemies":"3 Byrds","floor":25,"turns":3},{"damage":7,"enemies":"Slavers","floor":29,"turns":4},{"damage":0,"enemies":"3 Cultists","floor":30,"turns":4},{"damage":10,"enemies":"Book of Stabbing","floor":31,"turns":4},{"damage":17,"enemies":"Collector","floor":33,"turns":7},{"damage":4,"enemies":"3 Darklings","floor":35,"turns":3},{"damage":9,"enemies":"3 Shapes","floor":36,"turns":4},{"damage":15,"enemies":"Transient","floor":37,"turns":5},{"damage":0,"enemies":"3 Darklings","floor":38,"turns":4},{"damage":19,"enemies":"Nemesis","floor":40,"turns":7},{"damage":7,"enemies":"Jaw Worm Horde","floor":44,"turns":4},{"damage":9,"enemies":"Writhing Mass","floor":45,"turns":5},{"damage":0,"enemies":"Transient","floor":47,"turns":5},{"damage":0,"enemies":"Spire Growth","floor":48,"turns":3},{"damage":64,"enemies":"Donu and Deca","floor":50,"turns":6},{"damage":39,"enemies":"Shield and Spear","floor":54,"turns":6},{"damage":68,"enemies":"The Heart","floor":55,"turns":5}],"seed_played":"-5986903975195933065","potions_obtained":[{"floor":8,"key":"FearPotion"},{"floor":11,"key":"CultistPotion"},{"floor":14,"key":"hexamod:SoulburnPotion"},{"floor":30,"key":"Swift Potion"},{"floor":31,"key":"Poison Potion"},{"floor":35,"key":"Weak Potion"},{"floor":36,"key":"LiquidMemories"},{"floor":37,"key":"Regen Potion"},{"floor":47,"key":"Swift Potion"},{"floor":54,"key":"Energy Potion"}],"is_trial":false,"path_per_floor":["M","M","M","M","?","E","$","M","T","R","M","R","E","M","R","B",null,"M","?","$","?","?","R","E","M","T","$","?","E","M","E","R","B",null,"M","M","M","M","$","E","?","R","T","M","M","?","M","M","R","B",null,"R","$","E","B"],"character_chosen":"THE_SILENT","items_purchased":["Lee\u0027s Waffle","Flying Knee","TwistedFunnel","Infinite Blades","Poison Potion","BlessingOfTheForge","EssenceOfSteel"],"campfire_rested":5,"item_purchase_floors":[7,7,20,39,39,53,53],"current_hp_per_floor":[65,65,56,50,50,21,77,69,69,69,47,47,35,31,69,31,66,58,36,36,36,36,74,42,42,42,42,28,21,21,11,50,33,70,66,57,42,42,42,23,23,62,62,55,46,36,36,36,36,12,65,82,82,43,0,0],"gold":39,"neow_bonus":"BOSS_RELIC","is_daily":false,"chose_seed":false,"campfire_upgraded":2,"win_rate":0.0,"timestamp":1611401869,"path_taken":["M","M","?","M","?","E","?","M","T","R","?","R","E","M","R","BOSS","M","?","$","?","?","R","E","M","T","$","?","E","?","E","R","BOSS","M","M","?","?","$","E","?","R","T","M","M","?","M","M","R","BOSS","R","$","E","BOSS"],"items_purchased_type":["Relic","Card","Relic","Card","Potion","Potion","Potion"],"build_version":"2020-12-22","purchased_purges":3,"victory":false,"max_hp_per_floor":[70,70,70,70,70,70,77,77,77,77,77,77,77,77,77,77,77,77,77,77,77,77,77,77,77,77,77,82,82,82,82,82,82,82,82,82,82,82,82,82,82,82,82,82,82,82,82,82,82,82,82,82,82,82,82,82],"relic_stats":{"Regal Pillow":60,"Lee\u0027s Waffle":56,"counters":[30,145],"Pantograph":50,"Black Star":2,"Whetstone":["Neutralize","Dagger Spray"],"Orichalcum":[6],"War Paint":["Acrobatics","Defend_G"],"Smiling Mask":75,"obtain_stats":[{"TwistedFunnel":20,"Potion Belt":29,"Regal Pillow":6,"Lee\u0027s Waffle":7,"Lantern":26,"Guardian:PocketSentry":9,"expansioncontent:StudyCardRelic":17,"Whetstone":13,"Orichalcum":54,"War Paint":54,"Smiling Mask":31,"Akabeko":43,"HornCleat":24,"Matryoshka":40,"Pantograph":40,"Red Mask":19,"Black Star":34,"Unceasing Top":21,"Ring of the Snake":0,"Runic Pyramid":0},{"TwistedFunnel":12,"Potion Belt":15,"Regal Pillow":5,"Lee\u0027s Waffle":5,"Lantern":14,"Guardian:PocketSentry":6,"expansioncontent:StudyCardRelic":10,"Whetstone":8,"Orichalcum":29,"War Paint":29,"Smiling Mask":17,"Akabeko":23,"HornCleat":13,"Matryoshka":23,"Pantograph":23,"Red Mask":12,"Black Star":18,"Unceasing Top":12,"Ring of the Snake":0,"Runic Pyramid":0},{"TwistedFunnel":62,"Potion Belt":74,"Regal Pillow":28,"Lee\u0027s Waffle":28,"Lantern":70,"Guardian:PocketSentry":32,"expansioncontent:StudyCardRelic":55,"Whetstone":41,"Orichalcum":140,"War Paint":140,"Smiling Mask":82,"Akabeko":111,"HornCleat":67,"Matryoshka":111,"Pantograph":111,"Red Mask":62,"Black Star":89,"Unceasing Top":62,"Ring of the Snake":0,"Runic Pyramid":0}],"Unceasing Top":[17]},"card_choices":[{"not_picked":["Sucker Punch","Deadly Poison"],"picked":"Outmaneuver","floor":1},{"not_picked":["Sucker Punch","Quick Slash"],"picked":"Dagger Spray","floor":2},{"not_picked":["Bullet Time","Slice"],"picked":"Outmaneuver","floor":3},{"not_picked":["Flying Knee","Leg Sweep"],"picked":"Underhanded Strike","floor":4},{"not_picked":["Deflect","Caltrops"],"picked":"Noxious Fumes","floor":6},{"not_picked":["Corpse Explosion","Dagger Spray"],"picked":"Underhanded Strike","floor":8},{"not_picked":["Masterful Stab","Footwork"],"picked":"Prepared","floor":11},{"not_picked":["Prepared","Backstab"],"picked":"Noxious Fumes","floor":13},{"not_picked":["Cloak And Dagger","Dagger Spray"],"picked":"Outmaneuver","floor":14},{"not_picked":["Phantasmal Killer","Burst"],"picked":"Tools of the Trade","floor":16},{"not_picked":["Bane","Deflect"],"picked":"Backflip","floor":18},{"not_picked":["Backflip","Bane"],"picked":"PiercingWail+1","floor":19},{"not_picked":["Tools of the Trade","Dagger Spray"],"picked":"Flechettes+1","floor":24},{"not_picked":["Bane","Poisoned Stab"],"picked":"Dagger Throw","floor":25},{"not_picked":["Calculated Gamble","Masterful Stab+1"],"picked":"Adrenaline","floor":29},{"not_picked":["Finisher","Choke"],"picked":"Prepared","floor":30},{"not_picked":["Quick Slash","Flying Knee+1"],"picked":"Acrobatics","floor":31},{"not_picked":["Glass Knife","Tools of the Trade"],"picked":"Grand Finale","floor":33},{"not_picked":["Cloak And Dagger","Flechettes","Poisoned Stab+1"],"picked":"SKIP","floor":35},{"not_picked":["Cloak And Dagger","Flechettes","Poisoned Stab+1"],"picked":"SKIP","floor":35},{"not_picked":["Cloak And Dagger","Flechettes","Poisoned Stab+1"],"picked":"SKIP","floor":35},{"not_picked":["Prepared","Blur"],"picked":"Footwork+1","floor":36},{"not_picked":["Outmaneuver","PiercingWail"],"picked":"Dash","floor":37},{"not_picked":["Bane+1","Backflip"],"picked":"Distraction+1","floor":38},{"not_picked":["Sucker Punch+1","Flying Knee"],"picked":"Quick Slash+1","floor":40},{"not_picked":["Prepared+1","Slice"],"picked":"Finisher+1","floor":44},{"not_picked":["Flechettes","Crippling Poison+1"],"picked":"Blade Dance+1","floor":45},{"not_picked":["Underhanded Strike","Flying Knee"],"picked":"Cloak And Dagger+1","floor":47},{"not_picked":["Dagger Throw","Deadly Poison","Dagger Spray+1"],"picked":"SKIP","floor":48},{"not_picked":["Night Terror","Quick Slash+1"],"picked":"Bouncing Flask","floor":54}],"player_experience":480806,"relics_obtained":[{"floor":6,"key":"Regal Pillow"},{"floor":9,"key":"Guardian:PocketSentry"},{"floor":13,"key":"Whetstone"},{"floor":19,"key":"Red Mask"},{"floor":24,"key":"HornCleat"},{"floor":26,"key":"Lantern"},{"floor":29,"key":"Potion Belt"},{"floor":31,"key":"Smiling Mask"},{"floor":40,"key":"Matryoshka"},{"floor":40,"key":"Pantograph"},{"floor":43,"key":"Akabeko"},{"floor":54,"key":"Orichalcum"},{"floor":54,"key":"War Paint"}],"event_choices":[{"damage_healed":0,"gold_gain":100,"player_choice":"Pray","damage_taken":0,"max_hp_gain":0,"max_hp_loss":0,"event_name":"Golden Shrine","floor":5,"gold_loss":0},{"damage_healed":0,"gold_gain":0,"player_choice":"Fought Bandits","damage_taken":0,"max_hp_gain":0,"max_hp_loss":0,"event_name":"Masked Bandits","floor":19,"gold_loss":0},{"damage_healed":0,"gold_gain":0,"player_choice":"Obtained Relic","damage_taken":0,"relics_obtained":["Unceasing Top"],"max_hp_gain":0,"max_hp_loss":0,"event_name":"Addict","floor":21,"gold_loss":85},{"damage_healed":0,"gold_gain":0,"player_choice":"Ignored","damage_taken":0,"max_hp_gain":0,"max_hp_loss":0,"event_name":"Vampires","floor":22,"gold_loss":0},{"damage_healed":0,"gold_gain":0,"player_choice":"Shed Blood","damage_taken":19,"max_hp_gain":5,"max_hp_loss":0,"event_name":"Forgotten Altar","floor":28,"gold_loss":0},{"damage_healed":0,"gold_gain":0,"player_choice":"Ignored","damage_taken":0,"max_hp_gain":0,"max_hp_loss":0,"event_name":"Mysterious Sphere","floor":41,"gold_loss":0},{"damage_healed":0,"gold_gain":0,"player_choice":"Embrace Madness","damage_taken":10,"max_hp_gain":0,"max_hp_loss":0,"event_name":"Winding Halls","floor":46,"gold_loss":0,"cards_obtained":["Madness","Madness"]}],"is_beta":false,"boss_relics":[{"not_picked":["WristBlade","Velvet Choker"],"picked":"expansioncontent:StudyCardRelic"},{"not_picked":["Snecko Eye","Astrolabe"],"picked":"Black Star"}],"items_purged_floors":[20,27,39],"is_endless":false,"potions_floor_spawned":[8,11,14,18,30,31,35,36,37,47,54],"killed_by":"The Heart","ascension_level":5}}