{"host":"ws4mzzemcqsz5e2k","time":1611395356,"event":{"mods":["Act Like it!","BaseMod","Better Synergies","Colored Powertips","Downfall","Minty Spire (QoL Compilation)","Quick Restart","Relic Stats","StSLib","没有小屋子和绿帽子啦"],"gold_per_floor":[99,109,150,170,180,197,223,256,156,181,181,201,201,201,219,323,323,323,323,337,354,354,354,354,30,57,69,69,95,95,95,108,204,204,104,122,134,134,147,179,179,79,79,429,464,479,509,234,254,354,354,354,372,384,403,179,209,291,116,216,216,216,216],"floor_reached":61,"language":"ZHS","playtime":2619,"items_purged":["champ:Strike","champ:Defend","champ:Strike","champ:Strike","champ:Strike"],"score":1201,"play_id":"06625e27-89c7-4cfe-996b-bc6ef74c340f","local_time":"20210123174916","daily_mods":["Heirloom","downfall:ChampStances","downfall:Lament","Elite Swarm","Uncertain Future"],"is_ascension_mode":false,"campfire_choices":[{"floor":1.0,"key":"RECALL"},{"data":"champ:StrikeOfGenius","floor":9.0,"key":"SMITH"},{"data":"champ:UltimateStance","floor":11.0,"key":"SMITH"},{"data":"champ:UltimateStance","floor":18.0,"key":"SMITH"},{"data":"champ:EndlessRage","floor":23.0,"key":"SMITH"},{"data":"champ:CalledShot","floor":28.0,"key":"SMITH"},{"data":"champ:GladiatorForm","floor":35.0,"key":"SMITH"},{"data":"champ:SteelEdge","floor":42.0,"key":"SMITH"},{"data":"champ:VampiricStrike","floor":52.0,"key":"SMITH"}],"circlet_count":0,"master_deck":["champ:Defend+1","champ:Defend+1","champ:Defend","champ:Execute","champ:RecklessLeap","champ:FocusedBerserking","champ:DefensiveStyle+1","champ:StrikeOfGenius+1","champ:UltimateStance+1","champ:CalledShot+1","downfall:Malfunctioning","champ:UltimateStance+1","champ:EndlessRage+1","champ:BerserkerStyle","champ:VampiricStrike+1","champ:GladiatorForm+1","champ:FancyFootwork+1","champ:SteelEdge+1","champ:FancyFootwork","champ:BerserkerStyle","champ:UltimateStance","champ:DefensiveStyle"],"relics":["champ:ChampionCrownUpgraded","champ:ChampStancesModRelic","NeowsBlessing","Pocketwatch","champ:BerserkersGuideToSlaughter","Oddly Smooth Stone","Guardian:PocketSentry","downfall:HeartBlessingRed","Letter Opener","SlaversCollar","Mummified Hand","PreservedInsect","FossilizedHelix","hexamod:Sixitude","downfall:HeartBlessingGreen","Bottled Tornado","downfall:HeartBlessingBlue","Old Coin","InkBottle","Kunai","hexamod:BolsterEngine","Runic Pyramid","champ:ChampStancesModRelic","NeowsBlessing","Matryoshka","Champion Belt"],"acts_visited":["Exordium","TheCity","TheBeyond","Exordium"],"potions_floor_usage":[60],"damage_taken":[{"damage":0.0,"enemies":"Cultist","floor":2.0,"turns":1.0},{"damage":0.0,"enemies":"downfall:FleeingMerchant","floor":3.0,"turns":1.0},{"damage":0.0,"enemies":"2 Louse","floor":4.0,"turns":1.0},{"damage":16.0,"enemies":"Jaw Worm","floor":5.0,"turns":2.0},{"damage":45.0,"enemies":"Exordium Thugs","floor":6.0,"turns":4.0},{"damage":41.0,"enemies":"Gremlin Nob","floor":8.0,"turns":3.0},{"damage":68.0,"enemies":"3 Sentries","floor":10.0,"turns":5.0},{"damage":10.0,"enemies":"Blue Slaver","floor":12.0,"turns":2.0},{"damage":60.0,"enemies":"Large Slime","floor":15.0,"turns":4.0},{"damage":73.0,"enemies":"WA_ARCHETYPE_RETAIN","floor":16.0,"turns":6.0},{"damage":0.0,"enemies":"Chosen","floor":19.0,"turns":1.0},{"damage":47.0,"enemies":"Shelled Parasite and Fungi","floor":20.0,"turns":2.0},{"damage":40.0,"enemies":"3 Cultists","floor":21.0,"turns":4.0},{"damage":65.0,"enemies":"Slavers","floor":26.0,"turns":4.0},{"damage":28.0,"enemies":"Snake Plant","floor":27.0,"turns":3.0},{"damage":48.0,"enemies":"Book of Stabbing","floor":29.0,"turns":3.0},{"damage":77.0,"enemies":"Snecko","floor":32.0,"turns":2.0},{"damage":130.0,"enemies":"DF_ARCHETYPE_CLAW","floor":33.0,"turns":5.0},{"damage":50.0,"enemies":"3 Darklings","floor":36.0,"turns":2.0},{"damage":31.0,"enemies":"Orb Walker","floor":37.0,"turns":2.0},{"damage":35.0,"enemies":"3 Darklings","floor":39.0,"turns":3.0},{"damage":74.0,"enemies":"Reptomancer","floor":40.0,"turns":2.0},{"damage":30.0,"enemies":"2 Orb Walkers","floor":44.0,"turns":3.0},{"damage":104.0,"enemies":"Giant Head","floor":45.0,"turns":4.0},{"damage":68.0,"enemies":"Jaw Worm Horde","floor":46.0,"turns":4.0},{"damage":52.0,"enemies":"Reptomancer","floor":47.0,"turns":3.0},{"damage":18.0,"enemies":"Writhing Mass","floor":49.0,"turns":3.0},{"damage":118.0,"enemies":"SI_POISON_ARCHETYPE","floor":50.0,"turns":4.0},{"damage":0.0,"enemies":"Jaw Worm","floor":53.0,"turns":1.0},{"damage":0.0,"enemies":"Small Slimes","floor":54.0,"turns":1.0},{"damage":0.0,"enemies":"2 Louse","floor":55.0,"turns":1.0},{"damage":44.0,"enemies":"Gremlin Nob","floor":57.0,"turns":2.0},{"damage":22,"enemies":"Gremlin Nob","floor":60,"turns":4},{"damage":0,"enemies":"Lagavulin","floor":61,"turns":1}],"seed_played":"578017110556642409","potions_obtained":[{"floor":4.0,"key":"Weak Potion"},{"floor":8.0,"key":"champ:TechniquePotion"},{"floor":15.0,"key":"Strength Potion"},{"floor":16.0,"key":"AttackPotion"},{"floor":21.0,"key":"FearPotion"},{"floor":26.0,"key":"Weak Potion"},{"floor":32.0,"key":"Slimebound:ThreeZeroPotion"},{"floor":37.0,"key":"EntropicBrew"},{"floor":39.0,"key":"Guardian:BlockOnCardUsePotion"},{"floor":45.0,"key":"SpeedPotion"},{"floor":50.0,"key":"SteroidPotion"}],"is_trial":true,"path_per_floor":["R","M","$","M","M","M","T","E","R","E","R","M","?","?","M","B",null,"R","M","M","M","?","R","T","$","E","M","R","E","?","?","M","B",null,"R","M","M","?","M","E","T","R","$","?","E","M","E","$","M","B",null,"R","M","M","M","$","E","T","$","?","E"],"character_chosen":"THE_CHAMP","items_purchased":["champ:BerserkersGuideToSlaughter","champ:FocusedBerserking","champ:BerserkerStyle","PreservedInsect","hexamod:BolsterEngine","champ:BerserkerStyle"],"campfire_rested":0,"item_purchase_floors":[3,3,25,25,48,56],"current_hp_per_floor":[90,90,90,90,79,74,74,78,78,55,55,65,65,65,70,52,90,90,90,83,90,90,90,90,90,90,90,90,84,84,84,90,74,90,90,90,90,90,90,90,90,100,100,100,99,86,100,100,100,93,100,100,100,100,100,100,100,100,100,92,92,92,92],"gold":216,"neow_bonus":"","is_daily":false,"chose_seed":false,"campfire_upgraded":8,"win_rate":0.0,"timestamp":1611395356,"path_taken":["R","M","$","M","M","M","T","E","R","E","R","?","?","?","M","BOSS","R","M","M","M","?","R","T","$","E","M","R","E","?","?","M","BOSS","R","M","M","?","M","E","T","R","$","?","E","M","E","?","M","BOSS","R","M","M","M","$","E","T","?","?","E"],"items_purchased_type":["Relic","Card","Card","Relic","Relic","Card"],"build_version":"2020-12-22","purchased_purges":5,"victory":false,"max_hp_per_floor":[90,90,90,90,90,90,90,90,90,90,90,90,90,90,90,90,90,90,90,90,90,90,90,90,90,90,90,90,90,90,90,90,90,90,90,90,90,90,90,90,90,100,100,100,100,100,100,100,100,100,100,100,100,100,100,100,100,100,100,100,100,100,100],"relic_stats":{"counters":[34,93],"Mummified Hand":[85],"PreservedInsect":427,"Letter Opener":[223],"Kunai":[6],"Champion Belt":[0],"obtain_stats":[{"champ:ChampStancesModRelic":0,"champ:ChampionCrown":0,"downfall:HeartBlessingGreen":35,"Bottled Tornado":40,"Old Coin":44,"downfall:BrokenWingStatue":14,"Matryoshka":58,"Mummified Hand":24,"downfall:HeartBlessingBlue":42,"champ:BerserkersGuideToSlaughter":3,"Kunai":47,"InkBottle":45,"Runic Pyramid":51,"NeowsBlessing":0,"downfall:HeartBlessingRed":9,"Oddly Smooth Stone":7,"hexamod:Sixitude":29,"PreservedInsect":25,"champ:ChampionCrownUpgraded":34,"Guardian:PocketSentry":8,"Letter Opener":10,"SlaversCollar":17,"Champion Belt":60,"hexamod:BolsterEngine":48,"FossilizedHelix":26,"Pocketwatch":0},{"champ:ChampStancesModRelic":0,"champ:ChampionCrown":0,"downfall:HeartBlessingGreen":18,"Bottled Tornado":22,"Old Coin":23,"downfall:BrokenWingStatue":8,"Matryoshka":32,"Mummified Hand":13,"downfall:HeartBlessingBlue":22,"champ:BerserkersGuideToSlaughter":2,"Kunai":26,"InkBottle":24,"Runic Pyramid":28,"NeowsBlessing":0,"downfall:HeartBlessingRed":6,"Oddly Smooth Stone":5,"hexamod:Sixitude":16,"PreservedInsect":13,"champ:ChampionCrownUpgraded":18,"Guardian:PocketSentry":6,"Letter Opener":7,"SlaversCollar":10,"Champion Belt":33,"hexamod:BolsterEngine":26,"FossilizedHelix":14,"Pocketwatch":0},{"champ:ChampStancesModRelic":0,"champ:ChampionCrown":0,"downfall:HeartBlessingGreen":53,"Bottled Tornado":62,"Old Coin":65,"downfall:BrokenWingStatue":19,"Matryoshka":88,"Mummified Hand":36,"downfall:HeartBlessingBlue":62,"champ:BerserkersGuideToSlaughter":2,"Kunai":76,"InkBottle":69,"Runic Pyramid":83,"NeowsBlessing":0,"downfall:HeartBlessingRed":12,"Oddly Smooth Stone":9,"hexamod:Sixitude":46,"PreservedInsect":36,"champ:ChampionCrownUpgraded":53,"Guardian:PocketSentry":12,"Letter Opener":17,"SlaversCollar":29,"Champion Belt":92,"hexamod:BolsterEngine":76,"FossilizedHelix":40,"Pocketwatch":0}],"InkBottle":[12],"Pocketwatch":[49]},"card_choices":[{"not_picked":["champ:StanceDance","champ:TornadoPunch"],"picked":"champ:RecklessLeap","floor":2.0},{"not_picked":["champ:Shatter","champ:Circumvent","champ:DefensiveShout"],"picked":"SKIP","floor":3.0},{"not_picked":["champ:Shatter","champ:FanOfKnives","champ:RisingSlash"],"picked":"SKIP","floor":4.0},{"not_picked":["champ:Backstep","champ:TornadoPunch"],"picked":"champ:DefensiveStyle","floor":5.0},{"not_picked":["champ:Encircle","champ:Circumvent"],"picked":"champ:StrikeOfGenius","floor":6.0},{"not_picked":["champ:HoldFirm","champ:IgnorePain"],"picked":"champ:UltimateStance","floor":8.0},{"not_picked":["champ:HeavySlash","champ:Improvising","champ:ShieldThrow"],"picked":"SKIP","floor":10.0},{"not_picked":["champ:GladiatorStyle","champ:BringItOn"],"picked":"champ:CalledShot","floor":12.0},{"not_picked":["champ:PreciseThrust","champ:Haymaker","champ:AdrenalArmor"],"picked":"SKIP","floor":15.0},{"not_picked":["champ:TripleStrike","champ:IgnorePain"],"picked":"champ:UltimateStance","floor":16.0},{"not_picked":["champ:Encircle","champ:AdrenalArmor","champ:SetATrap"],"picked":"SKIP","floor":19.0},{"not_picked":["champ:IronFortress+1","champ:Shatter"],"picked":"champ:EndlessRage","floor":20.0},{"not_picked":["champ:Encircle+1","champ:RapidStrikes","champ:FalseCounter+1"],"picked":"SKIP","floor":21.0},{"not_picked":["champ:IgnorePain","champ:UltimateStance"],"picked":"champ:VampiricStrike","floor":26.0},{"not_picked":["champ:Circumvent+1","champ:Backstep","champ:TornadoPunch+1"],"picked":"SKIP","floor":27.0},{"not_picked":["champ:ShieldThrow","champ:Devastate"],"picked":"champ:GladiatorForm","floor":29.0},{"not_picked":["champ:BringItOn","champ:StanceDance+1"],"picked":"champ:FancyFootwork+1","floor":32.0},{"not_picked":["champ:CrownThrow+1","champ:DeathBlow","champ:EnGarde"],"picked":"SKIP","floor":36.0},{"not_picked":["champ:Haymaker","champ:PreemptiveStrike+1","champ:RisingSlash+1"],"picked":"SKIP","floor":37.0},{"not_picked":["champ:Shatter+1","champ:ShieldSlam+1","champ:BladeFlurry"],"picked":"SKIP","floor":39.0},{"not_picked":["champ:ShieldThrow","champ:StrikeOfGenius"],"picked":"champ:SteelEdge","floor":40.0},{"not_picked":["champ:SteelEdge","champ:GladiatorForm","champ:TripleStrike"],"picked":"SKIP","floor":45.0},{"not_picked":["champ:Endure+1","champ:TornadoPunch+1","champ:FlashCut+1"],"picked":"SKIP","floor":46.0},{"not_picked":["champ:Devastate","champ:ShieldThrow","champ:SteelEdge"],"picked":"SKIP","floor":47.0},{"not_picked":["champ:FanOfKnives","champ:TornadoPunch","champ:EnGarde"],"picked":"SKIP","floor":49.0},{"not_picked":["champ:DeathBlow","champ:CrownThrow"],"picked":"champ:FancyFootwork","floor":53.0},{"not_picked":["champ:Duel","champ:Haymaker","champ:BladeFlurry"],"picked":"SKIP","floor":54.0},{"not_picked":["champ:PreciseThrust","champ:FlashCut","champ:BladeFlurry"],"picked":"SKIP","floor":55.0},{"not_picked":["champ:GladiatorForm","champ:SwordThrow"],"picked":"champ:UltimateStance","floor":57.0},{"not_picked":["champ:PreciseThrust","champ:BringItOn"],"picked":"champ:DefensiveStyle","floor":60}],"player_experience":1646227,"relics_obtained":[{"floor":7.0,"key":"Oddly Smooth Stone"},{"floor":8.0,"key":"Guardian:PocketSentry"},{"floor":10.0,"key":"Letter Opener"},{"floor":24.0,"key":"Mummified Hand"},{"floor":26.0,"key":"FossilizedHelix"},{"floor":29.0,"key":"hexamod:Sixitude"},{"floor":40.0,"key":"Bottled Tornado"},{"floor":44.0,"key":"Old Coin"},{"floor":45.0,"key":"InkBottle"},{"floor":47.0,"key":"Kunai"},{"floor":58.0,"key":"Matryoshka"},{"floor":60,"key":"Champion Belt"}],"event_choices":[{"damage_healed":0.0,"max_hp_gain":0.0,"max_hp_loss":0.0,"gold_gain":0.0,"event_name":"Vampires","player_choice":"Ignored","floor":22.0,"gold_loss":0.0,"damage_taken":0.0},{"damage_healed":0.0,"max_hp_gain":0.0,"max_hp_loss":0.0,"gold_gain":0.0,"event_name":"Ghosts","player_choice":"Ignored","floor":30.0,"gold_loss":0.0,"damage_taken":0.0},{"cards_removed":["champ:Taunt"],"damage_healed":0.0,"max_hp_gain":0.0,"max_hp_loss":0.0,"gold_gain":0.0,"event_name":"Falling","player_choice":"Removed Skill","floor":38.0,"gold_loss":0.0,"damage_taken":0.0},{"damage_healed":0.0,"max_hp_gain":0.0,"max_hp_loss":0.0,"gold_gain":0.0,"event_name":"Mysterious Sphere","player_choice":"Fight","floor":44.0,"gold_loss":0.0,"damage_taken":0.0}],"is_beta":false,"boss_relics":[{"not_picked":["Fusion Hammer","Cursed Key"],"picked":"SlaversCollar"},{"not_picked":["expansioncontent:StudyCardRelic","Runic Dome"],"picked":"champ:ChampionCrownUpgraded"},{"not_picked":["sneckomod:SneckoTalon","Calling Bell"],"picked":"Runic Pyramid"}],"items_purged_floors":[3,25,48,56,59],"is_endless":true,"potions_floor_spawned":[4,8,15,16,21,26,29,32,37,39,45,47,50,54,57],"killed_by":"Lagavulin","ascension_level":0}}