{"host":"928gv66myv2vlnsd","time":1611378373,"event":{"mods":["BaseMod","Minty Spire (QoL Compilation)","StSLib"],"gold_per_floor":[111,55,68,68,88,115,115,147,147,176,176,192,192,202,202,280,280,291,50,25,40,52,52,78,98,169,169,169],"floor_reached":27,"language":"ENG","playtime":1214,"items_purged":["Strike_R"],"score":497,"play_id":"63c0aa23-41b8-4383-8fe6-c408768630fe","local_time":"20210123000613","is_ascension_mode":true,"campfire_choices":[{"data":"Sword Boomerang","floor":7,"key":"SMITH"},{"data":"Armaments","floor":11,"key":"SMITH"},{"floor":13,"key":"REST"},{"data":"Bash","floor":15,"key":"SMITH"},{"floor":23,"key":"REST"}],"circlet_count":0,"master_deck":["AscendersBane","Strike_R","Strike_R","Strike_R","Strike_R","Defend_R","Defend_R","Defend_R","Defend_R","Bash+1","Shrug It Off","Sword Boomerang+1","Feel No Pain","Feel No Pain","Sever Soul","Inflame","Armaments+1","Dropkick","Inflame","Corruption","Evolve","Warcry","Infernal Blade+1","Feel No Pain+1"],"relics":["Burning Blood","NeowsBlessing","Pen Nib","Darkstone Periapt","Nunchaku","HornCleat","Mark of Pain","Vajra","Happy Flower","Bottled Flame"],"acts_visited":["Exordium","TheCity"],"potions_floor_usage":[8,10,16,16,24],"damage_taken":[{"damage":0,"enemies":"2 Louse","floor":1,"turns":2},{"damage":0,"enemies":"Cultist","floor":3,"turns":1},{"damage":0,"enemies":"Jaw Worm","floor":5,"turns":1},{"damage":23,"enemies":"3 Sentries","floor":6,"turns":18},{"damage":32,"enemies":"Gremlin Nob","floor":8,"turns":4},{"damage":44,"enemies":"Lagavulin","floor":10,"turns":8},{"damage":5,"enemies":"Blue Slaver","floor":12,"turns":5},{"damage":1,"enemies":"2 Fungi Beasts","floor":14,"turns":3},{"damage":33,"enemies":"The Guardian","floor":16,"turns":15},{"damage":16,"enemies":"Shell Parasite","floor":18,"turns":5},{"damage":3,"enemies":"2 Thieves","floor":20,"turns":4},{"damage":21,"enemies":"Snecko","floor":21,"turns":6},{"damage":19,"enemies":"Snake Plant","floor":22,"turns":4},{"damage":29,"enemies":"Book of Stabbing","floor":24,"turns":5},{"damage":16,"enemies":"Cultist and Chosen","floor":25,"turns":8},{"damage":14,"enemies":"Centurion and Healer","floor":27,"turns":4}],"seed_played":"4874511978877424422","potions_obtained":[{"floor":3,"key":"SneckoOil"},{"floor":4,"key":"Swift Potion"},{"floor":8,"key":"BloodPotion"},{"floor":10,"key":"Block Potion"},{"floor":18,"key":"SteroidPotion"},{"floor":24,"key":"SmokeBomb"}],"is_trial":false,"path_per_floor":["M","$","M","?","M","E","R","E","T","E","R","M","R","M","R","B",null,"M","$","M","M","M","R","E","M","T","M"],"character_chosen":"IRONCLAD","items_purchased":["Sword Boomerang","Vajra"],"campfire_rested":2,"item_purchase_floors":[2,19],"current_hp_per_floor":[74,74,75,75,75,58,58,32,32,9,9,10,32,37,37,10,59,49,49,52,37,24,46,23,13,13,0,0],"gold":169,"neow_bonus":"THREE_ENEMY_KILL","is_daily":false,"chose_seed":false,"campfire_upgraded":3,"win_rate":0.0,"timestamp":1611378373,"path_taken":["M","$","M","?","M","E","R","E","T","E","R","M","R","?","R","BOSS","M","$","M","M","M","R","E","M","T","M"],"items_purchased_type":["Card","Relic"],"build_version":"2020-12-22","purchased_purges":1,"victory":false,"max_hp_per_floor":[75,75,75,75,75,75,75,75,75,75,75,75,75,75,75,75,75,75,75,75,75,75,75,75,75,75,75,75],"card_choices":[{"not_picked":["Thunderclap","Warcry"],"picked":"Shrug It Off","floor":1},{"not_picked":["True Grit","Wild Strike"],"picked":"Feel No Pain","floor":3},{"not_picked":["Dual Wield","Cleave"],"picked":"Feel No Pain","floor":5},{"not_picked":["Thunderclap","Searing Blow"],"picked":"Sever Soul","floor":6},{"not_picked":["Berserk","Heavy Blade"],"picked":"Inflame","floor":8},{"not_picked":["Uppercut","Rage"],"picked":"Armaments","floor":10},{"not_picked":["Intimidate","Flex"],"picked":"Dropkick","floor":12},{"not_picked":["Clash","Warcry"],"picked":"Inflame","floor":14},{"not_picked":["Impervious","Exhume"],"picked":"Corruption","floor":16},{"not_picked":["Clothesline+1","Anger","Twin Strike"],"picked":"SKIP","floor":18},{"not_picked":["Cleave","Carnage"],"picked":"Evolve","floor":20},{"not_picked":["Body Slam","Feel No Pain+1","Anger"],"picked":"SKIP","floor":21},{"not_picked":["Whirlwind","Havoc"],"picked":"Warcry","floor":22},{"not_picked":["Cleave","Twin Strike"],"picked":"Infernal Blade+1","floor":24},{"not_picked":["Clothesline","Shrug It Off"],"picked":"Feel No Pain+1","floor":25}],"player_experience":1299845,"relics_obtained":[{"floor":6,"key":"Pen Nib"},{"floor":8,"key":"Darkstone Periapt"},{"floor":9,"key":"Nunchaku"},{"floor":10,"key":"HornCleat"},{"floor":24,"key":"Happy Flower"},{"floor":26,"key":"Bottled Flame"}],"event_choices":[{"damage_healed":0,"gold_gain":0,"player_choice":"Got Potions","damage_taken":0,"max_hp_gain":0,"max_hp_loss":0,"event_name":"Lab","floor":4,"gold_loss":0}],"is_beta":false,"boss_relics":[{"not_picked":["Calling Bell","Tiny House"],"picked":"Mark of Pain"}],"items_purged_floors":[19],"is_endless":false,"potions_floor_spawned":[3,6,8,10,14,18,24],"killed_by":"Centurion and Healer","ascension_level":19}}