{"host":"9xv6exvwmlpefxuw","time":1611392682,"event":{"mods":["ATMod(阿瑾Mod)","AchievementEnabler","Act Like it!","Aspiration","BaseMod","Chen","Colored Powertips","Conspire","Downfall","Friendly Minions","Gensokyo","GifTheSpireLib","KinomotoSakuraMod(木之本樱)","Koishi","KomeijiMod","Marisa（F雨　魔理沙）","Minty Spire (QoL Compilation)","Pale of the Ancients","Rare Cards Sparkle","Reimu（博丽灵梦）","Remilia_Scarlet Moed（蕾米莉亚・斯卡雷特）3.3.5","Remilia（蕾米莉亚）","RumiaBox-露米娅的神秘盒子","StSLib","The Administrix","The Animator","The Blackbeard","The Mystic","The Servant 0.9.4","WarShipGirlsR/战舰少女R mod","Yakumo Yukari mod","Youmu（魂魄妖梦）","Yuyuko","【功能Mod】混沌之环修复补丁","【功能Mod】聪明的最终Boss"],"gold_per_floor":[112,112,125,125,141,141,151,143,219,219,210,242,13,23,23,127,127,143,143,161,161,121,121,121,121],"floor_reached":24,"language":"ZHS","playtime":1129,"items_purged":["Poor:ReiMu"],"score":231,"play_id":"5737c516-9891-49e3-8ea6-aa0c1daeaf09","local_time":"20210123170442","is_ascension_mode":false,"campfire_choices":[{"floor":6,"key":"RECALL"},{"data":"AT_DrawKnifeCut","floor":10,"key":"SMITH"},{"floor":15,"key":"REST"},{"data":"ZunPunch:ReiMu","floor":23,"key":"SMITH"}],"circlet_count":0,"master_deck":["Strike_R","Strike_R","Strike_R","Strike_R","Strike_R","Defend_R","Defend_R","Defend_R","Defend_R","Bash","AT_FamilyPortrait","AT_DrawKnifeCut+1","Clash","Shrug It Off","Shockwave","Metallicize","Sword Boomerang","Heavy Blade","Impervious","AT_DarkMatter","ZunPunch:ReiMu+1"],"relics":["AT_ATBox","conspire:RoyalGoblet","Baka2","YidongShenshe:ReiMu","GodSword1","Letter Opener","ZombieArmy","aspiration:Nostalgia","SpellCardsRule","aspiration:DefectSkillbook","Incense Burner"],"acts_visited":["Exordium","TheCity"],"potions_floor_usage":[12],"damage_taken":[{"damage":5,"enemies":"Small Slimes","floor":1,"turns":3},{"damage":6,"enemies":"2 Louse","floor":3,"turns":2},{"damage":6,"enemies":"Jaw Worm","floor":5,"turns":2},{"damage":22,"enemies":"Lagavulin","floor":7,"turns":5},{"damage":7,"enemies":"Blue Slaver","floor":8,"turns":5},{"damage":14,"enemies":"Large Slime","floor":11,"turns":3},{"damage":2,"enemies":"3 Sentries","floor":12,"turns":3},{"damage":0,"enemies":"Looter","floor":14,"turns":1},{"damage":41,"enemies":"Hexaghost","floor":16,"turns":9},{"damage":3,"enemies":"2 Thieves","floor":18,"turns":2},{"damage":0,"enemies":"Spheric Guardian","floor":20,"turns":4},{"damage":91,"enemies":"Gremlin Leader","floor":24,"turns":3}],"seed_played":"-8113368426483953208","potions_obtained":[{"floor":3,"key":"Guardian:BlockOnCardUsePotion"},{"floor":7,"key":"ZuzhouPotion:ReiMu"},{"floor":11,"key":"ColorlessPotion"},{"floor":12,"key":"ZuzhouPotion:ReiMu"},{"floor":14,"key":"Slimebound:ThreeZeroPotion"}],"is_trial":false,"path_per_floor":["M","?","M","?","M","R","E","M","T","R","M","E","$","M","R","B",null,"M","?","M","$","?","R","E"],"character_chosen":"IRONCLAD","items_purchased":["aspiration:Nostalgia"],"campfire_rested":1,"item_purchase_floors":[13],"current_hp_per_floor":[75,80,74,74,68,68,46,39,39,39,25,23,23,23,48,22,85,82,82,82,82,82,82,0,0],"gold":121,"neow_bonus":"BOSS_RELIC","is_daily":false,"chose_seed":false,"campfire_upgraded":2,"win_rate":0.0,"timestamp":1611392682,"path_taken":["M","?","M","?","M","R","E","M","T","R","?","E","$","M","R","BOSS","M","?","M","$","?","R","E"],"items_purchased_type":["Relic"],"build_version":"2020-12-22","purchased_purges":1,"victory":false,"max_hp_per_floor":[80,85,85,85,85,85,85,85,85,85,85,85,85,85,85,85,85,85,85,85,85,85,85,85,85],"card_choices":[{"not_picked":["Clothesline","Clash"],"picked":"AT_DrawKnifeCut","floor":1},{"not_picked":["Dropkick","True Grit"],"picked":"Clash","floor":3},{"not_picked":["Headbutt","AT_CaressingTears"],"picked":"Shrug It Off","floor":5},{"not_picked":["AT_Dispersion","Flame Barrier"],"picked":"Shockwave","floor":7},{"not_picked":["True Grit","Reckless Charge"],"picked":"Metallicize","floor":8},{"not_picked":["AT_ManFootWork","Blood for Blood"],"picked":"Sword Boomerang","floor":11},{"not_picked":["Uppercut","Entrench","Body Slam"],"picked":"SKIP","floor":12},{"not_picked":["AT_BodySlamDance","Clothesline"],"picked":"Heavy Blade","floor":14},{"not_picked":["Corruption","AT_Dispersion"],"picked":"Impervious","floor":16},{"not_picked":["Feel No Pain","Second Wind","AT_GerminateFire","Rupture"],"picked":"SKIP","floor":18},{"not_picked":["Rebound","Blizzard","AT_IchimonjiDouble+1"],"picked":"AT_DarkMatter","floor":20}],"player_experience":11514,"relics_obtained":[{"floor":1,"key":"Baka"},{"floor":3,"key":"Baka2"},{"floor":7,"key":"GodSword1"},{"floor":9,"key":"Letter Opener"},{"floor":12,"key":"ZombieArmy"}],"event_choices":[{"damage_healed":0,"gold_gain":0,"player_choice":"Donut","damage_taken":0,"max_hp_gain":5,"max_hp_loss":0,"event_name":"Big Fish","floor":2,"gold_loss":0},{"damage_healed":0,"gold_gain":0,"player_choice":"带走神社","damage_taken":0,"relics_obtained":["YidongShenshe:ReiMu"],"max_hp_gain":0,"max_hp_loss":0,"event_name":"yidonshenshe","floor":4,"gold_loss":0,"cards_obtained":["Poor:ReiMu"]},{"damage_healed":0,"gold_gain":0,"player_choice":"Opened","damage_taken":0,"relics_obtained":["Incense Burner"],"max_hp_gain":0,"max_hp_loss":0,"event_name":"The Mausoleum","floor":19,"gold_loss":0},{"damage_healed":0,"gold_gain":0,"player_choice":"交出神酒","damage_taken":0,"max_hp_gain":0,"max_hp_loss":0,"event_name":"ZunEvent","floor":22,"relics_lost":["ZunR:ReiMu"],"gold_loss":0,"cards_obtained":["ZunPunch:ReiMu"]}],"is_beta":false,"boss_relics":[{"not_picked":["SoulBox","aspiration:RunicSpoon"],"picked":"aspiration:DefectSkillbook"}],"items_purged_floors":[13],"is_endless":false,"potions_floor_spawned":[3,7,11,12,14],"killed_by":"Gremlin Leader","ascension_level":0}}