{"host":"hwrdjx5eod2cxh09","time":1611390174,"event":{"mods":["AchievementEnabler","BaseMod","Bestiary","Minty Spire (QoL Compilation)","Relic Stats"],"gold_per_floor":[114,189,139,150,150,150,166,196,196,196,230,245,280,61,61,164,164,177,195,195,211,211,211],"floor_reached":22,"language":"ENG","playtime":1023,"items_purged":["Strike_P"],"score":194,"play_id":"56cff9fa-dc74-4df4-99cf-771222c13405","local_time":"20210123172254","is_ascension_mode":false,"campfire_choices":[{"data":"Eruption","floor":6.0,"key":"SMITH"},{"floor":15.0,"key":"REST"}],"circlet_count":0,"master_deck":["Strike_P+1","Defend_P","Defend_P","Defend_P","Defend_P","Eruption+1","Vigilance","CutThroughFate+1","ClearTheMind","CutThroughFate","InnerPeace","FlurryOfBlows","Meditate","Blasphemy","Vengeance","Consecrate"],"relics":["PureWater","NeowsBlessing","Question Card","Thread and Needle","Whetstone","PreservedInsect","VioletLotus"],"acts_visited":["Exordium","TheCity"],"potions_floor_usage":[],"damage_taken":[{"damage":0.0,"enemies":"Small Slimes","floor":1.0,"turns":1.0},{"damage":0.0,"enemies":"2 Louse","floor":4.0,"turns":1.0},{"damage":0.0,"enemies":"Jaw Worm","floor":7.0,"turns":1.0},{"damage":23.0,"enemies":"Lagavulin","floor":11.0,"turns":6.0},{"damage":0.0,"enemies":"Red Slaver","floor":12.0,"turns":3.0},{"damage":21.0,"enemies":"3 Sentries","floor":13.0,"turns":5.0},{"damage":35.0,"enemies":"The Guardian","floor":16.0,"turns":10.0},{"damage":18.0,"enemies":"2 Thieves","floor":18.0,"turns":4.0},{"damage":1,"enemies":"Shell Parasite","floor":19,"turns":2},{"damage":24,"enemies":"Snake Plant","floor":21,"turns":4},{"damage":100014,"enemies":"Cultist and Chosen","floor":22,"turns":5}],"seed_played":"8261515304356347610","potions_obtained":[{"floor":4.0,"key":"CultistPotion"},{"floor":11.0,"key":"Regen Potion"},{"floor":16.0,"key":"FearPotion"},{"floor":19,"key":"LiquidBronze"}],"is_trial":false,"path_per_floor":["M","?","?","M","?","R","M","?","T","?","E","M","E","$","R","B",null,"M","M","?","M","M"],"character_chosen":"WATCHER","items_purchased":["PreservedInsect"],"campfire_rested":1,"item_purchase_floors":[14],"current_hp_per_floor":[72,61,61,61,66,66,66,66,66,59,36,36,15,15,38,3,77,59,58,58,34,0,0],"gold":211,"neow_bonus":"THREE_ENEMY_KILL","is_daily":false,"chose_seed":false,"campfire_upgraded":1,"win_rate":0.0,"timestamp":1611390174,"path_taken":["M","?","?","M","?","R","M","?","T","?","E","?","E","$","R","BOSS","M","M","?","M","M"],"items_purchased_type":["Relic"],"build_version":"2020-12-22","purchased_purges":1,"victory":false,"max_hp_per_floor":[72,72,72,72,77,77,77,77,77,77,77,77,77,77,77,77,77,77,77,77,77,77,77],"relic_stats":{"counters":[11,41],"PreservedInsect":0,"VioletLotus":[10],"Whetstone":["Strike_P","CutThroughFate"],"Question Card":7,"obtain_stats":[{"NeowsBlessing":0,"Thread and Needle":11,"PreservedInsect":14,"VioletLotus":17,"Whetstone":13,"PureWater":0,"Question Card":9},{"NeowsBlessing":0,"Thread and Needle":4,"PreservedInsect":6,"VioletLotus":7,"Whetstone":6,"PureWater":0,"Question Card":3},{"NeowsBlessing":0,"Thread and Needle":9,"PreservedInsect":17,"VioletLotus":27,"Whetstone":17,"PureWater":0,"Question Card":3}]},"card_choices":[{"not_picked":["Consecrate","CrushJoints"],"picked":"CutThroughFate","floor":1.0},{"not_picked":["Crescendo","EmptyBody"],"picked":"ClearTheMind","floor":4.0},{"not_picked":["Consecrate","DeceiveReality"],"picked":"CutThroughFate","floor":7.0},{"not_picked":["Indignation","ReachHeaven","BattleHymn"],"picked":"InnerPeace","floor":11.0},{"not_picked":["Halt","Meditate","PathToVictory"],"picked":"FlurryOfBlows","floor":12.0},{"not_picked":["EmptyFist","EmptyBody","Adaptation"],"picked":"Meditate","floor":13.0},{"not_picked":["MasterReality","Scrawl","ConjureBlade"],"picked":"Blasphemy","floor":16.0},{"not_picked":["Collect","Wallop+1","Prostrate","PathToVictory"],"picked":"SKIP","floor":18.0},{"not_picked":["FlurryOfBlows","Omniscience","Prostrate"],"picked":"Vengeance","floor":19},{"not_picked":["WheelKick","JustLucky","PathToVictory"],"picked":"Consecrate","floor":21}],"player_experience":251355,"relics_obtained":[{"floor":9.0,"key":"Question Card"},{"floor":11.0,"key":"Thread and Needle"},{"floor":13.0,"key":"Whetstone"}],"event_choices":[{"damage_healed":0.0,"max_hp_gain":0.0,"max_hp_loss":0.0,"gold_gain":75.0,"event_name":"World of Goop","player_choice":"Gather Gold","floor":2.0,"gold_loss":0.0,"damage_taken":11.0},{"cards_removed":["Strike_P"],"damage_healed":0.0,"max_hp_gain":0.0,"max_hp_loss":0.0,"gold_gain":0.0,"event_name":"The Cleric","player_choice":"Card Removal","floor":3.0,"gold_loss":50.0,"damage_taken":0.0},{"damage_healed":0.0,"max_hp_gain":5.0,"max_hp_loss":0.0,"gold_gain":0.0,"event_name":"Big Fish","player_choice":"Donut","floor":5.0,"gold_loss":0.0,"damage_taken":0.0},{"damage_healed":0.0,"max_hp_gain":0.0,"max_hp_loss":0.0,"gold_gain":30.0,"event_name":"Dead Adventurer","player_choice":"Searched \u00271\u0027 times","floor":8.0,"gold_loss":0.0,"damage_taken":0.0},{"cards_removed":["Strike_P"],"damage_healed":0.0,"max_hp_gain":0.0,"max_hp_loss":0.0,"gold_gain":0.0,"event_name":"Golden Wing","player_choice":"Card Removal","floor":10.0,"gold_loss":0.0,"damage_taken":7.0},{"damage_healed":0,"gold_gain":0,"player_choice":"Ignored","damage_taken":0,"max_hp_gain":0,"max_hp_loss":0,"event_name":"The Mausoleum","floor":20,"gold_loss":0}],"is_beta":false,"boss_relics":[{"not_picked":["Fusion Hammer","Velvet Choker"],"picked":"VioletLotus"}],"items_purged_floors":[14],"is_endless":false,"potions_floor_spawned":[4,11,16,19],"killed_by":"Cultist and Chosen","ascension_level":0}}