{"host":"928gv66myv2vlnsd","time":1611380245,"event":{"mods":["BaseMod","Minty Spire (QoL Compilation)","StSLib"],"gold_per_floor":[112,127,127,145,105,138,138,476,476,476,156,169,200,200,200,200,200],"floor_reached":16,"language":"ENG","playtime":627,"items_purged":[],"score":230,"play_id":"be279507-399b-4712-ba76-20e72c58f6a3","local_time":"20210123003725","is_ascension_mode":true,"campfire_choices":[{"data":"True Grit","floor":7,"key":"SMITH"},{"floor":15,"key":"REST"}],"circlet_count":0,"master_deck":["AscendersBane","Strike_R","Strike_R","Strike_R","Strike_R","Strike_R","Defend_R","Defend_R","Defend_R","Defend_R","Bash","Clumsy","Offering","True Grit+1","Spot Weakness","Injury","Power Through","Twin Strike","Pommel Strike","Perfected Strike","Parasite","Warcry","Sever Soul","Armaments+1","Perfected Strike"],"relics":["Burning Blood","Golden Idol","Self Forming Clay","Old Coin","Du-Vu Doll","ClockworkSouvenir","Kunai"],"acts_visited":["Exordium"],"potions_floor_usage":[8,8,16,16],"damage_taken":[{"damage":6,"enemies":"Cultist","floor":1,"turns":2},{"damage":2,"enemies":"2 Louse","floor":2,"turns":4},{"damage":10,"enemies":"Jaw Worm","floor":4,"turns":4},{"damage":17,"enemies":"Looter","floor":5,"turns":4},{"damage":35,"enemies":"Lagavulin","floor":6,"turns":9},{"damage":42,"enemies":"3 Sentries","floor":8,"turns":10},{"damage":0,"enemies":"Blue Slaver","floor":12,"turns":2},{"damage":8,"enemies":"Gremlin Nob","floor":13,"turns":3},{"damage":52,"enemies":"Hexaghost","floor":16,"turns":9}],"seed_played":"305857548176577468","potions_obtained":[{"floor":1,"key":"Dexterity Potion"},{"floor":4,"key":"BloodPotion"},{"floor":12,"key":"GamblersBrew"}],"is_trial":false,"path_per_floor":["M","M","?","M","M","E","R","E","T","?","$","M","E","?","R","B"],"character_chosen":"IRONCLAD","items_purchased":["ClockworkSouvenir","Block Potion","Warcry","Sever Soul"],"campfire_rested":1,"item_purchase_floors":[11,11,11,11],"current_hp_per_floor":[68,72,72,68,57,28,28,7,7,25,25,31,29,29,51,0,0],"gold":200,"neow_bonus":"THREE_RARE_CARDS","is_daily":false,"chose_seed":false,"campfire_upgraded":1,"win_rate":0.0,"timestamp":1611380245,"path_taken":["M","?","?","M","M","E","R","E","T","?","$","M","E","?","R","BOSS"],"items_purchased_type":["Relic","Potion","Card","Card"],"build_version":"2020-12-22","purchased_purges":0,"victory":false,"max_hp_per_floor":[75,75,75,75,75,75,75,75,75,75,75,75,75,75,75,75,75],"card_choices":[{"not_picked":["Impervious","Corruption"],"picked":"Offering","floor":0},{"not_picked":["Havoc","Heavy Blade"],"picked":"True Grit","floor":1},{"not_picked":["Iron Wave","Heavy Blade"],"picked":"Spot Weakness","floor":2},{"not_picked":["Clash","Demon Form"],"picked":"Power Through","floor":4},{"not_picked":["Clothesline","Rampage"],"picked":"Twin Strike","floor":5},{"not_picked":["Warcry","Twin Strike"],"picked":"Pommel Strike","floor":6},{"not_picked":["Impervious","Headbutt"],"picked":"Perfected Strike","floor":8},{"not_picked":["Clash","Iron Wave"],"picked":"Armaments","floor":12},{"not_picked":["Shockwave","Dark Embrace"],"picked":"Perfected Strike","floor":13}],"player_experience":1302192,"relics_obtained":[{"floor":6,"key":"Self Forming Clay"},{"floor":8,"key":"Old Coin"},{"floor":9,"key":"Du-Vu Doll"},{"floor":13,"key":"Kunai"}],"event_choices":[{"damage_healed":0,"gold_gain":0,"player_choice":"Take Wound","damage_taken":0,"relics_obtained":["Golden Idol"],"max_hp_gain":0,"max_hp_loss":0,"event_name":"Golden Idol","floor":3,"gold_loss":0,"cards_obtained":["Injury"]},{"damage_healed":18,"gold_gain":0,"player_choice":"Healed and dodged fight","damage_taken":0,"max_hp_gain":0,"max_hp_loss":0,"event_name":"Mushrooms","floor":10,"gold_loss":0,"cards_obtained":["Parasite"]},{"damage_healed":0,"gold_gain":0,"player_choice":"Grow","damage_taken":0,"max_hp_gain":0,"max_hp_loss":0,"event_name":"Living Wall","floor":14,"gold_loss":0,"cards_upgraded":["Armaments"]}],"is_beta":false,"boss_relics":[],"items_purged_floors":[],"is_endless":false,"potions_floor_spawned":[1,4,12,13],"killed_by":"Hexaghost","ascension_level":19}}