{"host":"nt5s8w9te9kjrjx1","time":1611438067,"event":{"mods":["100% Spire Juice","2.2 Compatiblity","A Penny For Your Troubles","Abigail Mod","AchievementEnabler","Act Like it!","Aspiration","BaseMod","Better Altar","Better Match","Better Note","Better Sensory Stone","Better Skull","Better Third Choice","Better Vampires","Better-Laid Plans","BetterRewards","CapriCore","Card Forge","Colored Powertips","Conspire","Curses Come First","Displayed Cursed Tome","Energized Spire","Evolution","Gensokyo","Gold Saver","Good Game Mod","GungeonMod","Halation","Hallownest","Hermit","HexUI Lib","Highlight Path","HololiveMod","Hubris","Infinite Spire","Jess\u0027s Bottle","Jorbs\u0027s Wanderer Trilogy","Koishi","Luminous","Mari Mod (Legacy)","Mari\u0027s V1 Patch","Marisa????????","Marked Mod","Mimic Mod","Minty Spire (QoL Compilation)","MostiFishMod","Pale of the Ancients","Quick Restart","Rare Cards Sparkle","Reimu??????","Remilia??????","Reorder Act Four","Replay The Spire","Retaliation","Shade Mod","Small Relic Pack","Spicy Shops","Spikes Relics","Spire Arcade","StS++","StSLib","Steal the Spire","The Administrix","The Animator","The Blue Laboratory","The Caster","The Construct","The Cursed","The Gatherer","The Jungle","The Marked","The Mystic","The Necromancer","The Sage","The Servant 0.9.4","The Wild Card","TheVacant","Transform Curses","Uncapped","Virulent Crown","WarShipGirlsR/????R mod","vexMod"],"gold_per_floor":[30888,30888,29694,29706,29706,29706,29736,29750,29750,29764,28713,28744,28760,28773,28773,28872,28972,28984,29003,28216,28216,28234,28264,28283,28318,28318,28374,28374,28388,28459,28475,28475,28573,28573,28590,27607,27607,26242,26242,26269,26280,26308,26368,26400,26413,26438,26438,26461,26461,26462,26462,26462],"floor_reached":51,"language":"ENG","playtime":3010,"items_purged":["Regret","rmod:goodsister+1","rmod:spoils+1","rmod:spoils+1"],"score":1190,"play_id":"433e335c-cad4-4db7-b84a-4349fe29e0f1","local_time":"20210123214107","is_ascension_mode":false,"campfire_choices":[{"floor":6.0,"key":"REST"},{"data":"rmod:chargemoney","floor":15.0,"key":"SMITH"},{"floor":32,"key":"DIG"},{"data":"rmod:acesubmarine","floor":47,"key":"SMITH"},{"data":"rmod:fletcherpendant","floor":49,"key":"SMITH"}],"circlet_count":0,"master_deck":["rmod:strick+1","rmod:strick+1","rmod:strick+1","rmod:strick+1","rmod:defend+1","rmod:defend+1","rmod:defend+1","rmod:defend+1","rmod:basicallowance+1","rmod:maingunfire+1","rmod:circuitoustactics+1","rmod:expedition+3","rmod:supportaircraftcarrier+1","rmod:mineteam+1","rmod:bulid+1","rmod:guardianhero+1","rmod:luckystar+1","rmod:openingtorpedo+1","rmod:aviationdawn+1","rmod:chargemoney+1","rmod:saltedfish+1","rmod:openingtorpedo+1","rmod:spoils+1","rmod:openingtorpedo+1","rmod:expedition+3","Moonworks:EvilSpyWorkPreparation+1","rmod:supportaircraftcarrier+1","rmod:supportaircraftcarrier+1","ReplayTheSpireMod:Haul+1","rmod:heivgo+1","rmod:openingtorpedo+1","rmod:windflower+1","rmod:fuelsupply+1","rmod:expeditionaryescort+1","Sharp Hide+1","Feed+1","rmod:strick+1","rmod:strick+1","rmod:strick+1","rmod:strick+1","rmod:defend+1","rmod:defend+1","rmod:defend+1","rmod:defend+1","rmod:basicallowance+1","rmod:maingunfire+1","rmod:circuitoustactics+1","rmod:expedition+3","rmod:supportaircraftcarrier+1","rmod:mineteam+1","rmod:bulid+1","rmod:guardianhero+1","rmod:luckystar+1","rmod:openingtorpedo+1","rmod:aviationdawn+1","rmod:chargemoney+1","rmod:saltedfish+1","rmod:openingtorpedo+1","rmod:spoils+1","rmod:openingtorpedo+1","rmod:expedition+3","Moonworks:EvilSpyWorkPreparation+1","rmod:supportaircraftcarrier+1","rmod:supportaircraftcarrier+1","ReplayTheSpireMod:Haul+1","rmod:heivgo+1","rmod:openingtorpedo+1","rmod:windflower+1","rmod:fuelsupply+1","rmod:expeditionaryescort+1","Sharp Hide+1","Feed+1","rmod:luckystar+1","rmod:fletcherpendant+1","rmod:gendarmerie+1","rmod:gendarmerie+1","rmod:acesubmarine+1","rmod:sl+1","rmod:maintain+1","rmod:highspeedmaneuver+1","rmod:wolves+1"],"relics":["rmod:firstchargereward","Hammer of Thor","Seething Fire","Anvil of the Gods","EVO:Axolotl","DaveBox","REME:ComplimentaryCards","SynthV:TestCard","relicPack:OneForAll","ShadowXiaoBlade","ArrowTower","Nunchaku","halation:Sosunser","BargainBundle","Replay:Mystery Machine","construct:BoolHorns","Toxic Egg 2","Shuriken","DemoMod:Metronome","Eternal Feather","Sling","Tiny Chest","infinitespire:Broken Mirror","DemoMod:OrangeGuonStone","Replay:Wanted Poster","relicPack:DarknessArmor","Juzu Bracelet","Replay:Rubber Ducky","StSpp:SailingBoat","Dream Catcher","sagemod:Red_Beast_Statue","Replay:Bottled Flurry","DemoMod:PartiallyEatenCheese","energizedSpire:OgreHead","Blue Doll","SpikesRelics:DaevaFist","TheAbacus","ReplayTheSpireMod:Shallot","DemoMod:ClearGuonStone","conspire:TopHat","Civilization","Guide Book","vexMod:RedPlottingStone","ZombieTooth","infinitespire:PuzzleCube","Regal Pillow","Prayer Wheel","DemoMod:MonsterBlood","ReplayTheSpireMod:Lightbulb","ReplayTheSpireMod:TigerMarble","BloodWine"],"acts_visited":["Exordium","TheCity","TheBeyond","Exordium"],"potions_floor_usage":[50,50,50],"damage_taken":[{"damage":0.0,"enemies":"Cultist","floor":1.0,"turns":3.0},{"damage":5.0,"enemies":"Small Slimes","floor":4.0,"turns":2.0},{"damage":0.0,"enemies":"Gremlin Nob","floor":7.0,"turns":3.0},{"damage":0.0,"enemies":"2 Louse","floor":8.0,"turns":2.0},{"damage":0.0,"enemies":"Red Slaver","floor":10.0,"turns":3.0},{"damage":6.0,"enemies":"3 Sentries","floor":12.0,"turns":4.0},{"damage":0.0,"enemies":"Gremlin Gang","floor":13.0,"turns":2.0},{"damage":0.0,"enemies":"3 Louse","floor":14.0,"turns":1.0},{"damage":30.0,"enemies":"The Guardian","floor":16.0,"turns":5.0},{"damage":0,"enemies":"Spheric Guardian","floor":18,"turns":2},{"damage":1,"enemies":"Shell Parasite","floor":19,"turns":2},{"damage":5,"enemies":"Cultist and Chosen","floor":22,"turns":2},{"damage":45,"enemies":"Nightmare","floor":23,"turns":4},{"damage":0,"enemies":"Snecko","floor":24,"turns":2},{"damage":0,"enemies":"Gremlin Leader","floor":25,"turns":2},{"damage":0,"enemies":"Centurion and Healer","floor":29,"turns":2},{"damage":0,"enemies":"Sentry and Sphere","floor":31,"turns":1},{"damage":0,"enemies":"Champ","floor":33,"turns":5},{"damage":5,"enemies":"Orb Walker","floor":35,"turns":2},{"damage":0,"enemies":"Reptomancer","floor":40,"turns":1},{"damage":0,"enemies":"3 Darklings","floor":41,"turns":1},{"damage":0,"enemies":"R_Hoarder","floor":42,"turns":1},{"damage":0,"enemies":"4 Shapes","floor":43,"turns":5},{"damage":0,"enemies":"Giant Head","floor":44,"turns":1},{"damage":0,"enemies":"4 Shapes","floor":45,"turns":1},{"damage":0,"enemies":"Nightmare","floor":46,"turns":1},{"damage":14,"enemies":"Donu and Deca","floor":50,"turns":4}],"seed_played":"-5256433766390407265","potions_obtained":[{"floor":4.0,"key":"blueLaboratory:LouseDecoction"},{"floor":10.0,"key":"Dexterity Potion"}],"is_trial":false,"path_per_floor":["M","?","$","M","?","R","E","M","T","M","$","E","M","M","R","B",null,"M","M","$","?","M","NM","M","E","T","?","?","M","T","M","R","B",null,"M","$","?","$","?","E","M","E","MIM","E","M","NM","R","T","R","B",null],"character_chosen":"PRAEFECT","items_purchased":["ArrowTower","Nunchaku","halation:Sosunser","BargainBundle","Replay:Mystery Machine","construct:BoolHorns","rmod:expedition","DemoMod:Metronome","Eternal Feather","Sling","Tiny Chest","infinitespire:Broken Mirror","rmod:goodsister","rmod:luckystar","relicPack:DarknessArmor","Juzu Bracelet","Replay:Rubber Ducky","rmod:openingtorpedo+1","rmod:expedition","Blue Doll","SpikesRelics:DaevaFist","TheAbacus","ReplayTheSpireMod:Shallot","DemoMod:ClearGuonStone","Sharp Hide+1","conspire:TopHat","Civilization","Guide Book","vexMod:RedPlottingStone","ZombieTooth","rmod:luckystar"],"campfire_rested":1,"item_purchase_floors":[3,3,3,3,3,3,3,11,11,11,11,11,11,11,20,20,20,20,20,36,36,36,36,36,36,38,38,38,38,38,38],"current_hp_per_floor":[82,82,82,77,77,82,82,82,82,82,82,76,76,76,82,52,82,82,81,81,81,76,31,31,31,31,31,58,58,58,58,76,76,82,77,77,77,77,77,78,80,83,87,99,104,109,114,114,114,111,125,125],"gold":26462,"neow_bonus":"TEN_PERCENT_HP_BONUS","is_daily":false,"chose_seed":false,"campfire_upgraded":3,"win_rate":0.0,"timestamp":1611438067,"path_taken":["M","?","$","M","?","R","E","M","T","M","$","E","M","M","R","BOSS","M","M","$","?","M","NM","M","E","T","?","?","M","?","M","R","BOSS","M","$","?","$","?","E","M","E","MIM","E","M","NM","R","?","R","BOSS"],"items_purchased_type":["Relic","Relic","Relic","Relic","Relic","Relic","Card","Relic","Relic","Relic","Relic","Relic","Card","Card","Relic","Relic","Relic","Card","Card","Relic","Relic","Relic","Relic","Relic","Card","Relic","Relic","Relic","Relic","Relic","Card"],"build_version":"2020-12-22","purchased_purges":4,"victory":false,"max_hp_per_floor":[82,82,82,82,82,82,82,82,82,82,82,82,82,82,82,82,82,82,82,82,82,82,82,82,82,82,82,82,82,82,82,82,82,82,82,82,82,82,82,83,85,88,92,104,109,114,114,114,114,125,125,125],"card_choices":[{"not_picked":["rmod:aluminumsupply","rmod:tearstotiara"],"picked":"rmod:circuitoustactics","floor":1.0},{"not_picked":["rmod:intelligenceanalysis","rmod:ammunitionsupply","rmod:heivgo","rmod:rockthrower"],"picked":"rmod:supportaircraftcarrier","floor":4.0},{"not_picked":["rmod:fuelsupply+1","rmod:tearstotiara","rmod:aluminumsupply+1","rmod:luckystar"],"picked":"rmod:mineteam","floor":7.0},{"not_picked":["rmod:steelsupply+1","rmod:secretscript","rmod:supportescort+1","rmod:intelligenceanalysis"],"picked":"rmod:bulid+1","floor":8.0},{"not_picked":["rmod:aluminumsupply+1","rmod:smokecover+1","rmod:launchingtorpedo","rmod:mineteam"],"picked":"rmod:guardianhero+1","floor":10.0},{"not_picked":["rmod:supportescort+1","rmod:fuelsupply+1","rmod:windflower+1","rmod:intelligenceanalysis"],"picked":"rmod:openingtorpedo","floor":12.0},{"not_picked":["rmod:diamondstrike","rmod:goodsister","rmod:bulid+1","rmod:circuitoustactics+1"],"picked":"rmod:aviationdawn+1","floor":13.0},{"not_picked":["rmod:aluminumsupply+1","rmod:openingtorpedo","rmod:mineteam","rmod:victimresponsibility+1"],"picked":"rmod:chargemoney","floor":14.0},{"not_picked":["rmod:stealaluminum","rmod:abidefaith","rmod:secretscript","rmod:seals"],"picked":"rmod:saltedfish+1","floor":16.0},{"not_picked":["rmod:launchingtorpedo+1","rmod:intelligenceanalysis","rmod:aviationdawn+1","rmod:ammunitionsupply+1"],"picked":"rmod:openingtorpedo+1","floor":18},{"not_picked":["rmod:fuelsupply+1","rmod:circuitoustactics+1","rmod:aviationdawn+1","rmod:goodfighter"],"picked":"rmod:spoils+1","floor":19},{"not_picked":["rmod:salvage","rmod:diamondstrike","rmod:ring+1","rmod:diaomin+1"],"picked":"rmod:supportaircraftcarrier+1","floor":22},{"not_picked":["infinitespire:FinalStrike","infinitespire:Punishment"],"picked":"ReplayTheSpireMod:Haul","floor":23},{"not_picked":["rmod:intelligenceanalysis+1","rmod:ammunitionsupply+1","rmod:tearstotiara","rmod:timeschanged"],"picked":"rmod:heivgo+1","floor":23},{"not_picked":["rmod:steelsupply+1","rmod:fuelsupply+1","rmod:tearstotiara","rmod:punchline+1"],"picked":"rmod:openingtorpedo","floor":24},{"not_picked":["rmod:firesupport","rmod:bulid+1","rmod:openingtorpedo+1","rmod:diaomin+1"],"picked":"rmod:windflower+1","floor":25},{"not_picked":["rmod:victimresponsibility+1","rmod:rockthrower+1","rmod:ammunitionsupply+1","rmod:aluminumsupply+1"],"picked":"rmod:spoils+1","floor":27},{"not_picked":["rmod:ammunitionsupply+1","rmod:chargemoney","rmod:intelligenceanalysis+1","rmod:goodsister"],"picked":"rmod:fuelsupply+1","floor":29},{"not_picked":["rmod:aluminumsupply+1","rmod:circuitoustactics+1","rmod:tearstotiara","rmod:advancebysurprise+1","rmod:unsinkable+1"],"picked":"SKIP","floor":31},{"not_picked":["rmod:u235+1","rmod:secretscript","rmod:stealaluminum","rmod:desperatesituation"],"picked":"rmod:expeditionaryescort","floor":33},{"not_picked":["rmod:intelligenceanalysis+1","rmod:supportescort+1","rmod:selfconfidence","rmod:victimresponsibility+1","rmod:chargemoney+1"],"picked":"SKIP","floor":35},{"not_picked":["rmod:supportaircraftcarrier+1","rmod:steelsupply+1","rmod:windflower+1","rmod:ammunitionsupply+1"],"picked":"rmod:fletcherpendant","floor":40},{"not_picked":["rmod:secretscript","rmod:capitalist+1","rmod:chargemoney+1","rmod:unsinkable+1"],"picked":"rmod:gendarmerie+1","floor":41},{"not_picked":["rmod:goodfighter","rmod:advancebysurprise+1","rmod:luckystar+1","rmod:diamondstrike"],"picked":"rmod:gendarmerie+1","floor":42},{"not_picked":["rmod:circuitoustactics+1","rmod:wolves+1","rmod:maintain+1","rmod:steelsupply+1"],"picked":"rmod:acesubmarine","floor":43},{"not_picked":["rmod:aluminumsupply+1","rmod:circuitoustactics+1","rmod:secretscript","rmod:goodsister"],"picked":"rmod:sl+1","floor":44},{"not_picked":["rmod:wolves+1","rmod:supportescort+1","rmod:steelsupply+1","rmod:tearstotiara"],"picked":"rmod:maintain+1","floor":45},{"not_picked":["rmod:aviationdawn+1","rmod:steelsupply+1","rmod:sl+1","rmod:heivgo+1"],"picked":"rmod:highspeedmaneuver+1","floor":45},{"not_picked":["rmod:aviationdawn+1","rmod:supportescort+1","rmod:salvage","rmod:ring+1"],"picked":"rmod:wolves+1","floor":46}],"player_experience":197202,"relics_obtained":[{"floor":1.0,"key":"SynthV:TestCard"},{"floor":7.0,"key":"Shuriken"},{"floor":12.0,"key":"DemoMod:OrangeGuonStone"},{"floor":23,"key":"StSpp:SailingBoat"},{"floor":25,"key":"Dream Catcher"},{"floor":26,"key":"sagemod:Red_Beast_Statue"},{"floor":30,"key":"Replay:Bottled Flurry"},{"floor":32,"key":"DemoMod:PartiallyEatenCheese"},{"floor":40,"key":"infinitespire:PuzzleCube"},{"floor":42,"key":"Regal Pillow"},{"floor":43,"key":"Prayer Wheel"},{"floor":44,"key":"DemoMod:MonsterBlood"},{"floor":46,"key":"ReplayTheSpireMod:Lightbulb"},{"floor":48,"key":"ReplayTheSpireMod:TigerMarble"}],"event_choices":[{"damage_healed":27,"gold_gain":0,"player_choice":"Heal","damage_taken":0,"max_hp_gain":0,"max_hp_loss":0,"event_name":"The Library","floor":28,"gold_loss":0}],"is_beta":false,"boss_relics":[{"not_picked":["energizedSpire:RedRose","hubris:CrackedHourglass"],"picked":"Replay:Wanted Poster"},{"not_picked":["energizedSpire:DeadBattery","energizedSpire:NeverEndingSparkler"],"picked":"energizedSpire:OgreHead"},{"not_picked":["vexMod:ImprovementManual","GreenFoldingFan"],"picked":"BloodWine"}],"items_purged_floors":[3,20,38,38],"is_endless":true,"potions_floor_spawned":[4,10,12,13,19,22,23,41,44,45],"ascension_level":0}}