{"host":"ws4mzzemcqsz5e2k","time":1611401676,"event":{"mods":["Act Like it!","BaseMod","Better Synergies","Colored Powertips","Downfall","Minty Spire (QoL Compilation)","Quick Restart","Relic Stats","StSLib","没有小屋子和绿帽子啦"],"gold_per_floor":[99,118,137,137,44,44,70,90,102,114,114,143,160,189,200,272,272,172,188,188,188,188],"floor_reached":20,"language":"ZHS","playtime":5497,"items_purged":["bronze:Strike"],"score":668,"play_id":"c3253333-dcf9-447b-823b-f4ad44693dd4","local_time":"20210123193436","daily_mods":["Heirloom","downfall:Lament","Elite Swarm","Uncertain Future"],"is_ascension_mode":true,"campfire_choices":[{"floor":1.0,"key":"RECALL"},{"data":"bronze:BugBarrage","floor":6.0,"key":"SMITH"},{"data":"bronze:BugBarrage","floor":18,"key":"SMITH"}],"circlet_count":0,"master_deck":["bronze:Strike","bronze:Defend","bronze:Defend","bronze:Defend","bronze:Defend","AscendersBane","bronze:Replicate","bronze:Goto","bronze:Optimize","bronze:Iterate","bronze:BurnOut","bronze:BugBarrage+1","bronze:InfiniteBeams","bronze:BugBarrage+1","bronze:Assembly","bronze:ChosenStrike","bronze:Mutator","bronze:FineTuning","Pride"],"relics":["bronze:BronzeCore","NeowsBlessing","Lizard Tail","MawBank","Mummified Hand","PreservedInsect","Odd Mushroom","downfall:ShatteredFragment","Mercury Hourglass","Empty Cage","downfall:HeartBlessingRed","Dream Catcher"],"acts_visited":["Exordium","TheCity"],"potions_floor_usage":[],"damage_taken":[{"damage":0.0,"enemies":"2 Louse","floor":2.0,"turns":1.0},{"damage":0.0,"enemies":"Small Slimes","floor":3.0,"turns":1.0},{"damage":0.0,"enemies":"downfall:FleeingMerchant","floor":5.0,"turns":1.0},{"damage":6.0,"enemies":"The Mushroom Lair","floor":8.0,"turns":3.0},{"damage":0.0,"enemies":"Jaw Worm","floor":9.0,"turns":2.0},{"damage":0.0,"enemies":"3 Louse","floor":10.0,"turns":2.0},{"damage":0.0,"enemies":"3 Sentries","floor":12.0,"turns":3.0},{"damage":0.0,"enemies":"Red Slaver","floor":13.0,"turns":2.0},{"damage":0.0,"enemies":"Gremlin Nob","floor":14.0,"turns":2.0},{"damage":0.0,"enemies":"Gremlin Gang","floor":15.0,"turns":3.0},{"damage":55.0,"enemies":"WA_ARCHETYPE_RETAIN","floor":16.0,"turns":6.0},{"damage":10,"enemies":"Shell Parasite","floor":19,"turns":3}],"seed_played":"-348880149804413705","potions_obtained":[{"floor":2.0,"key":"Fire Potion"},{"floor":8.0,"key":"bronze:FreeFunctionsPotion"},{"floor":13.0,"key":"DuplicationPotion"}],"is_trial":true,"path_per_floor":["R","M","M","?","$","R","T","?","M","M","?","E","M","E","M","B",null,"R","M","?"],"character_chosen":"THE_AUTOMATON","items_purchased":["Mummified Hand","bronze:BugBarrage"],"campfire_rested":0,"item_purchase_floors":[5,5],"current_hp_per_floor":[57,57,57,52,52,52,52,46,46,46,25,25,25,25,25,1,48,48,38,38,38,38],"gold":188,"neow_bonus":"","is_daily":false,"chose_seed":false,"campfire_upgraded":2,"win_rate":0.0,"timestamp":1611401676,"path_taken":["R","M","M","?","$","R","T","?","M","M","?","E","M","E","M","BOSS","R","M","?"],"items_purchased_type":["Relic","Card"],"build_version":"2020-12-22","purchased_purges":1,"victory":false,"max_hp_per_floor":[63,63,63,63,63,63,63,63,63,63,63,63,63,63,63,63,63,63,63,63,63,63],"relic_stats":{"Lizard Tail":31,"Dream Catcher":0,"counters":[12,29],"Mummified Hand":[13],"PreservedInsect":55,"MawBank":12,"obtain_stats":[{"Lizard Tail":0,"Dream Catcher":20,"bronze:BronzeCore":0,"downfall:ShatteredFragment":11,"NeowsBlessing":0,"downfall:HeartBlessingRed":18,"Mummified Hand":5,"PreservedInsect":7,"Odd Mushroom":8,"MawBank":4,"Empty Cage":17,"Mercury Hourglass":14},{"Lizard Tail":0,"Dream Catcher":12,"bronze:BronzeCore":0,"downfall:ShatteredFragment":6,"NeowsBlessing":0,"downfall:HeartBlessingRed":11,"Mummified Hand":3,"PreservedInsect":3,"Odd Mushroom":4,"MawBank":2,"Empty Cage":11,"Mercury Hourglass":9},{"Lizard Tail":0,"Dream Catcher":29,"bronze:BronzeCore":0,"downfall:ShatteredFragment":10,"NeowsBlessing":0,"downfall:HeartBlessingRed":26,"Mummified Hand":3,"PreservedInsect":3,"Odd Mushroom":6,"MawBank":2,"Empty Cage":26,"Mercury Hourglass":17}],"Mercury Hourglass":[22]},"card_choices":[{"not_picked":["bronze:BuggyMess","bronze:CloningBeam"],"picked":"bronze:Optimize","floor":2.0},{"not_picked":["bronze:Frontload","bronze:DelayedGuard"],"picked":"bronze:Iterate","floor":3.0},{"not_picked":["bronze:Safeguard","bronze:Overheat"],"picked":"bronze:BurnOut","floor":5.0},{"not_picked":["bronze:Iterate","bronze:MaxOutput"],"picked":"bronze:InfiniteBeams","floor":9.0},{"not_picked":["bronze:BuggyMess","bronze:Separator"],"picked":"bronze:BugBarrage","floor":10.0},{"not_picked":["bronze:Break","bronze:ShipIt"],"picked":"bronze:Assembly","floor":12.0},{"not_picked":["bronze:Branch","bronze:WildBeam"],"picked":"bronze:ChosenStrike","floor":13.0},{"not_picked":["bronze:ShipIt","bronze:BurnOut","bronze:Virus"],"picked":"SKIP","floor":14.0},{"not_picked":["bronze:DelayedGuard","bronze:Overheat","bronze:WildBeam"],"picked":"SKIP","floor":15.0},{"not_picked":["bronze:RecursiveStrike","bronze:AlphaBuild"],"picked":"bronze:Mutator","floor":16.0},{"not_picked":["bronze:Overload","bronze:Philosophize"],"picked":"bronze:FineTuning","floor":19}],"player_experience":1648875,"relics_obtained":[{"floor":7.0,"key":"PreservedInsect"},{"floor":8.0,"key":"Odd Mushroom"},{"floor":14.0,"key":"Mercury Hourglass"}],"event_choices":[{"damage_healed":0.0,"max_hp_gain":0.0,"max_hp_loss":0.0,"gold_gain":0.0,"event_name":"Scrap Ooze","player_choice":"Success","floor":4.0,"gold_loss":0.0,"damage_taken":5.0,"relics_obtained":["MawBank"]},{"damage_healed":0.0,"max_hp_gain":0.0,"max_hp_loss":0.0,"gold_gain":0.0,"event_name":"Mushrooms","player_choice":"Fought Mushrooms","floor":8.0,"gold_loss":0.0,"damage_taken":0.0},{"damage_healed":0,"gold_gain":0,"player_choice":"Stole Relic","damage_taken":0,"relics_obtained":["Dream Catcher"],"max_hp_gain":0,"max_hp_loss":0,"event_name":"Addict","floor":20,"gold_loss":0,"cards_obtained":["Pride"]}],"is_beta":false,"boss_relics":[{"not_picked":["Runic Dome","Astrolabe"],"picked":"Empty Cage"}],"items_purged_floors":[5],"is_endless":true,"potions_floor_spawned":[2,8,9,13,15],"ascension_level":20}}