{"host":"5p9hybygolzp0efr","time":1611412391,"event":{"mods":["AchievementEnabler","BaseMod","Bestiary","Colored Map","Minty Spire (QoL Compilation)","Permanent Neow","Relic Stats"],"gold_per_floor":[109,109,124,137,151,180,196,196,196,166,199,199,232,242,242,338,388,406,417,417,430,345,345,345],"floor_reached":23,"language":"ENG","playtime":1024,"items_purged":[],"score":360,"play_id":"56b2cc1c-3431-45e0-aa4b-9b535b4e6f25","local_time":"20210123223311","is_ascension_mode":true,"campfire_choices":[{"floor":12,"key":"REST"},{"data":"CarveReality","floor":15,"key":"SMITH"}],"circlet_count":0,"master_deck":["Strike_P","Strike_P+1","Strike_P","Defend_P","Defend_P","Defend_P","Defend_P","Eruption","Vigilance","Worship","EmptyBody","CarveReality+1","WheelKick","JustLucky","FollowUp","Meditate","ThirdEye","Alpha","Wallop","Halt+1","FlurryOfBlows+1"],"relics":["Snecko Eye","Bronze Scales","Matryoshka","Omamori","Calipers","Tiny House","Juzu Bracelet"],"acts_visited":["Exordium","TheCity"],"potions_floor_usage":[11,13,16,23],"damage_taken":[{"damage":6,"enemies":"2 Louse","floor":1,"turns":2},{"damage":0,"enemies":"Cultist","floor":3,"turns":2},{"damage":9,"enemies":"Small Slimes","floor":4,"turns":3},{"damage":0,"enemies":"Exordium Wildlife","floor":5,"turns":2},{"damage":2,"enemies":"3 Sentries","floor":6,"turns":4},{"damage":3,"enemies":"2 Fungi Beasts","floor":7,"turns":3},{"damage":6,"enemies":"Looter","floor":10,"turns":4},{"damage":0,"enemies":"Lagavulin","floor":11,"turns":3},{"damage":5,"enemies":"3 Sentries","floor":13,"turns":3},{"damage":3,"enemies":"Blue Slaver","floor":14,"turns":2},{"damage":0,"enemies":"Slime Boss","floor":16,"turns":5},{"damage":3,"enemies":"Chosen","floor":18,"turns":3},{"damage":6,"enemies":"3 Byrds","floor":19,"turns":3},{"damage":29,"enemies":"Snake Plant","floor":21,"turns":3},{"damage":41,"enemies":"Slavers","floor":23,"turns":4}],"seed_played":"4389583585868115167","potions_obtained":[{"floor":1,"key":"Block Potion"},{"floor":2,"key":"LiquidMemories"},{"floor":2,"key":"SpeedPotion"},{"floor":11,"key":"LiquidMemories"},{"floor":13,"key":"Energy Potion"},{"floor":16,"key":"Explosive Potion"}],"is_trial":false,"path_per_floor":["M","?","M","M","M","E","M","?","T","M","E","R","E","M","R","B",null,"M","M","?","M","?","E"],"character_chosen":"WATCHER","items_purchased":[],"campfire_rested":1,"item_purchase_floors":[],"current_hp_per_floor":[66,66,66,57,57,55,52,45,45,39,39,60,55,52,52,52,72,69,63,63,34,34,0,0],"gold":345,"neow_bonus":"BOSS_RELIC","is_daily":false,"chose_seed":false,"campfire_upgraded":1,"win_rate":0.0,"timestamp":1611412391,"path_taken":["M","?","?","M","M","E","M","?","T","M","E","R","E","M","R","BOSS","M","M","?","M","?","E"],"items_purchased_type":[],"build_version":"2020-12-22","purchased_purges":0,"victory":false,"max_hp_per_floor":[72,72,72,72,72,72,72,72,72,72,72,72,72,72,72,72,77,77,77,77,77,77,77,77],"relic_stats":{"counters":[15,46],"Bronze Scales":[126],"Snecko Eye":[79,96,71,87],"Juzu Bracelet":0,"obtain_stats":[{"Matryoshka":9,"Calipers":13,"Tiny House":17,"Bronze Scales":6,"Snecko Eye":0,"Omamori":11,"Juzu Bracelet":22,"PureWater":0},{"Matryoshka":6,"Calipers":9,"Tiny House":11,"Bronze Scales":5,"Snecko Eye":0,"Omamori":8,"Juzu Bracelet":14,"PureWater":0},{"Matryoshka":16,"Calipers":26,"Tiny House":33,"Bronze Scales":13,"Snecko Eye":0,"Omamori":23,"Juzu Bracelet":42,"PureWater":0}]},"card_choices":[{"not_picked":["ForeignInfluence","FlyingSleeves"],"picked":"Worship","floor":1},{"not_picked":["Swivel","Consecrate"],"picked":"EmptyBody","floor":3},{"not_picked":["FollowUp","InnerPeace"],"picked":"CarveReality","floor":4},{"not_picked":["Worship","CrushJoints"],"picked":"WheelKick","floor":5},{"not_picked":["ReachHeaven","ClearTheMind","ForeignInfluence"],"picked":"SKIP","floor":6},{"not_picked":["CarveReality","PathToVictory"],"picked":"JustLucky","floor":7},{"not_picked":["Alpha","WreathOfFlame"],"picked":"FollowUp","floor":10},{"not_picked":["Halt","Nirvana"],"picked":"Meditate","floor":11},{"not_picked":["ReachHeaven","ClearTheMind","CarveReality"],"picked":"SKIP","floor":13},{"not_picked":["CrushJoints","WaveOfTheHand"],"picked":"ThirdEye","floor":14},{"not_picked":["ConjureBlade","MasterReality"],"picked":"Alpha","floor":16},{"not_picked":["SashWhip","Sanctity"],"picked":"Wallop","floor":17},{"not_picked":["Crescendo","Protect"],"picked":"Halt+1","floor":18},{"not_picked":["Wireheading","CrushJoints+1","JustLucky+1"],"picked":"SKIP","floor":19},{"not_picked":["FollowUp+1","Evaluate"],"picked":"FlurryOfBlows+1","floor":21}],"player_experience":525140,"relics_obtained":[{"floor":6,"key":"Bronze Scales"},{"floor":9,"key":"Matryoshka"},{"floor":11,"key":"Omamori"},{"floor":13,"key":"Calipers"}],"event_choices":[{"damage_healed":0,"gold_gain":0,"player_choice":"Got Potions","damage_taken":0,"max_hp_gain":0,"max_hp_loss":0,"event_name":"Lab","floor":2,"gold_loss":0},{"cards_removed":["Strike_P"],"damage_healed":0,"gold_gain":0,"player_choice":"Card Removal","damage_taken":7,"max_hp_gain":0,"max_hp_loss":0,"event_name":"Golden Wing","floor":8,"gold_loss":0},{"damage_healed":0,"gold_gain":0,"player_choice":"Ignored","damage_taken":0,"max_hp_gain":0,"max_hp_loss":0,"event_name":"Vampires","floor":20,"gold_loss":0},{"damage_healed":0,"gold_gain":0,"player_choice":"Obtained Relic","damage_taken":0,"relics_obtained":["Juzu Bracelet"],"max_hp_gain":0,"max_hp_loss":0,"event_name":"Addict","floor":22,"gold_loss":85}],"is_beta":false,"boss_relics":[{"not_picked":["Runic Pyramid","Busted Crown"],"picked":"Tiny House"}],"items_purged_floors":[],"is_endless":false,"potions_floor_spawned":[1,5,11,13,16,18],"killed_by":"Slavers","ascension_level":5}}