{"host":"t179ovrkr5k1gnfh","time":1611423106,"event":{"mods":["AchievementEnabler","BaseMod","Colored Map","Minty Spire (QoL Compilation)"],"gold_per_floor":[116,116,135,135,155,155,186,186,186,186,205,240,259,269,269,368,368,368,148,73,73,73,73,73,73,73,73,73,73,73,73,73,73,73,73,73,73,0,0,0,0,0,0,0,0,0,0,0,0,0],"floor_reached":51,"language":"ENG","playtime":2590,"items_purged":["Defend_R"],"score":902,"play_id":"34453917-8db9-405e-9eb6-de2cee38a52c","local_time":"20210123183146","is_ascension_mode":true,"campfire_choices":[{"data":"Iron Wave","floor":6,"key":"SMITH"},{"data":"Double Tap","floor":15,"key":"SMITH"},{"data":"Body Slam","floor":23,"key":"SMITH"},{"data":"Entrench","floor":28,"key":"SMITH"},{"data":"Metallicize","floor":32,"key":"SMITH"},{"data":"Armaments","floor":40,"key":"SMITH"},{"floor":42,"key":"REST"},{"floor":49,"key":"REST"}],"circlet_count":0,"master_deck":["Bash+1","Double Tap+1","Iron Wave+1","Impervious","Shrug It Off","Metallicize+1","Shrug It Off","Reaper+1","Body Slam+1","Entrench+1","Flame Barrier+1","Offering","Searing Blow","Bloodletting","Warcry","Seeing Red","Anger","Armaments+1","Pommel Strike+1"],"relics":["Burning Blood","Lizard Tail","Oddly Smooth Stone","Shuriken","Bird Faced Urn","Ectoplasm","Whetstone","Mercury Hourglass","Regal Pillow","Bag of Marbles","Pandora\u0027s Box","Red Mask","Dream Catcher"],"acts_visited":["Exordium","TheCity","TheBeyond"],"potions_floor_usage":[13,16,16,30,33,39,39,39,41,45,48,50,50],"damage_taken":[{"damage":10,"enemies":"2 Louse","floor":1,"turns":3},{"damage":7,"enemies":"Jaw Worm","floor":3,"turns":3},{"damage":1,"enemies":"Cultist","floor":5,"turns":3},{"damage":36,"enemies":"Gremlin Nob","floor":7,"turns":5},{"damage":11,"enemies":"Looter","floor":11,"turns":2},{"damage":2,"enemies":"Lagavulin","floor":12,"turns":6},{"damage":3,"enemies":"Large Slime","floor":13,"turns":4},{"damage":10,"enemies":"Blue Slaver","floor":14,"turns":3},{"damage":30,"enemies":"Hexaghost","floor":16,"turns":12},{"damage":15,"enemies":"3 Byrds","floor":18,"turns":8},{"damage":0,"enemies":"Chosen","floor":22,"turns":3},{"damage":21,"enemies":"Centurion and Healer","floor":24,"turns":6},{"damage":0,"enemies":"Gremlin Leader","floor":27,"turns":5},{"damage":7,"enemies":"Snecko","floor":29,"turns":5},{"damage":10,"enemies":"Book of Stabbing","floor":30,"turns":5},{"damage":20,"enemies":"Champ","floor":33,"turns":13},{"damage":6,"enemies":"Orb Walker","floor":35,"turns":4},{"damage":9,"enemies":"3 Darklings","floor":37,"turns":5},{"damage":43,"enemies":"Transient","floor":39,"turns":5},{"damage":3,"enemies":"Reptomancer","floor":41,"turns":1},{"damage":9,"enemies":"Spire Growth","floor":44,"turns":2},{"damage":67,"enemies":"Writhing Mass","floor":45,"turns":6},{"damage":28,"enemies":"4 Shapes","floor":48,"turns":5},{"damage":26,"enemies":"Awakened One","floor":50,"turns":13}],"seed_played":"-2617960775123449802","potions_obtained":[{"floor":1,"key":"Explosive Potion"},{"floor":7,"key":"SmokeBomb"},{"floor":12,"key":"DistilledChaos"},{"floor":14,"key":"Explosive Potion"},{"floor":18,"key":"Energy Potion"},{"floor":24,"key":"SpeedPotion"},{"floor":33,"key":"ColorlessPotion"},{"floor":36,"key":"Regen Potion"},{"floor":36,"key":"EntropicBrew"},{"floor":44,"key":"ElixirPotion"},{"floor":45,"key":"ColorlessPotion"}],"is_trial":false,"path_per_floor":["M","?","M","?","M","R","E","?","T","?","M","E","M","M","R","B",null,"M","$","?","?","M","R","M","?","T","E","R","M","E","?","R","B",null,"M","?","M","?","M","R","E","R","T","M","M","?","?","M","R","B",null],"character_chosen":"IRONCLAD","items_purchased":["Whetstone"],"campfire_rested":2,"item_purchase_floors":[19],"current_hp_per_floor":[76,60,59,59,64,64,34,16,16,42,37,41,44,42,42,20,80,75,75,75,63,73,73,65,65,65,80,80,79,80,80,80,77,80,80,80,80,80,67,67,70,80,80,79,22,22,22,14,53,48],"gold":0,"neow_bonus":"ONE_RANDOM_RARE_CARD","is_daily":false,"chose_seed":false,"campfire_upgraded":6,"win_rate":0.0,"timestamp":1611423106,"path_taken":["M","?","M","?","?","R","E","?","T","?","M","E","M","M","R","BOSS","M","$","?","?","?","R","M","?","T","E","R","?","E","?","R","BOSS","M","?","?","?","M","R","E","R","T","M","M","?","?","M","R","BOSS"],"items_purchased_type":["Relic"],"build_version":"2020-12-22","purchased_purges":1,"victory":true,"max_hp_per_floor":[80,80,80,80,80,80,80,80,80,80,80,80,80,80,80,80,80,80,80,80,80,80,80,80,80,80,80,80,80,80,80,80,80,80,80,80,80,80,80,80,80,80,80,80,80,80,80,80,80,80],"card_choices":[{"not_picked":["Sever Soul","Dual Wield","Sword Boomerang"],"picked":"SKIP","floor":1},{"not_picked":["Twin Strike","Sever Soul"],"picked":"Iron Wave","floor":3},{"not_picked":["Anger","Iron Wave","Fire Breathing"],"picked":"SKIP","floor":5},{"not_picked":["Body Slam","True Grit"],"picked":"Impervious","floor":7},{"not_picked":["Havoc","Pummel"],"picked":"Shrug It Off","floor":11},{"not_picked":["Warcry","Infernal Blade","Hemokinesis"],"picked":"SKIP","floor":12},{"not_picked":["Dark Embrace","Rampage"],"picked":"Metallicize","floor":13},{"not_picked":["Infernal Blade","Heavy Blade"],"picked":"Shrug It Off","floor":14},{"not_picked":["Fiend Fire","Bludgeon"],"picked":"Reaper","floor":16},{"not_picked":["Warcry","Twin Strike"],"picked":"Body Slam","floor":18},{"not_picked":["Wild Strike+1","Warcry","Clash"],"picked":"SKIP","floor":22},{"not_picked":["Fiend Fire","Inflame+1","Flex+1"],"picked":"SKIP","floor":24},{"not_picked":["Clash","Havoc"],"picked":"Entrench","floor":27},{"not_picked":["Sword Boomerang","Perfected Strike"],"picked":"Flame Barrier+1","floor":29},{"not_picked":["Power Through","Rampage","Shrug It Off+1"],"picked":"SKIP","floor":30},{"not_picked":["Fiend Fire","Immolate"],"picked":"Offering","floor":33},{"not_picked":["Headbutt+1","Dual Wield+1","Wild Strike+1"],"picked":"SKIP","floor":35},{"not_picked":["Whirlwind+1","Bloodletting+1","Warcry+1"],"picked":"SKIP","floor":37},{"not_picked":["Heavy Blade+1","Clash"],"picked":"Armaments","floor":39},{"not_picked":["Searing Blow+1","Sever Soul"],"picked":"Pommel Strike+1","floor":41},{"not_picked":["Iron Wave+1","Burning Pact","Wild Strike"],"picked":"SKIP","floor":44},{"not_picked":["Power Through","Rampage","Spot Weakness+1"],"picked":"SKIP","floor":45},{"not_picked":["Anger","Twin Strike","Entrench"],"picked":"SKIP","floor":48}],"player_experience":94063,"relics_obtained":[{"floor":7,"key":"Lizard Tail"},{"floor":9,"key":"Shuriken"},{"floor":12,"key":"Bird Faced Urn"},{"floor":26,"key":"Mercury Hourglass"},{"floor":27,"key":"Regal Pillow"},{"floor":30,"key":"Bag of Marbles"},{"floor":41,"key":"Dream Catcher"}],"event_choices":[{"damage_healed":0,"gold_gain":0,"player_choice":"Entered Light","damage_taken":16,"max_hp_gain":0,"max_hp_loss":0,"event_name":"Shining Light","floor":2,"gold_loss":0,"cards_upgraded":["Bash","Defend_R"]},{"cards_removed":["Strike_R"],"damage_healed":0,"gold_gain":0,"player_choice":"Purged","damage_taken":0,"max_hp_gain":0,"max_hp_loss":0,"event_name":"Purifier","floor":4,"gold_loss":0},{"damage_healed":0,"gold_gain":0,"player_choice":"Success","damage_taken":18,"relics_obtained":["Oddly Smooth Stone"],"max_hp_gain":0,"max_hp_loss":0,"event_name":"Scrap Ooze","floor":8,"gold_loss":0},{"damage_healed":26,"gold_gain":0,"player_choice":"Banana","damage_taken":0,"max_hp_gain":0,"max_hp_loss":0,"event_name":"Big Fish","floor":10,"gold_loss":0},{"cards_removed":["Defend_R"],"damage_healed":0,"gold_gain":0,"player_choice":"Gave Gold","damage_taken":0,"max_hp_gain":0,"max_hp_loss":0,"event_name":"Beggar","floor":20,"gold_loss":75},{"damage_healed":0,"gold_gain":90,"player_choice":"GOLD ","damage_taken":12,"max_hp_gain":0,"max_hp_loss":0,"event_name":"Knowing Skull","floor":21,"potions_obtained":[],"gold_loss":0,"cards_obtained":[]},{"cards_removed":["Strike_R"],"damage_healed":0,"gold_gain":0,"player_choice":"Purged","damage_taken":0,"max_hp_gain":0,"max_hp_loss":0,"event_name":"Purifier","floor":25,"gold_loss":0},{"damage_healed":0,"gold_gain":0,"player_choice":"Ignored","damage_taken":0,"max_hp_gain":0,"max_hp_loss":0,"event_name":"Vampires","floor":31,"gold_loss":0},{"damage_healed":0,"gold_gain":0,"player_choice":"Got Potions","damage_taken":0,"max_hp_gain":0,"max_hp_loss":0,"event_name":"Lab","floor":36,"gold_loss":0},{"damage_healed":0,"gold_gain":0,"player_choice":"Paid","damage_taken":0,"relics_obtained":["Red Mask"],"max_hp_gain":0,"max_hp_loss":0,"event_name":"Tomb of Lord Red Mask","floor":38,"gold_loss":73},{"damage_healed":0,"gold_gain":0,"player_choice":"Ignored","damage_taken":0,"max_hp_gain":0,"max_hp_loss":0,"event_name":"The Moai Head","floor":46,"gold_loss":0},{"damage_healed":0,"gold_gain":0,"player_choice":"Memory 1","damage_taken":0,"max_hp_gain":0,"max_hp_loss":0,"event_name":"SensoryStone","floor":47,"gold_loss":0}],"is_beta":false,"boss_relics":[{"not_picked":["Mark of Pain","SlaversCollar"],"picked":"Ectoplasm"},{"not_picked":["Busted Crown","Runic Cube"],"picked":"Pandora\u0027s Box"}],"items_purged_floors":[19],"is_endless":false,"potions_floor_spawned":[1,7,12,14,18,24,33,37,44,45],"ascension_level":2}}