{"host":"qekv59dthhdg54sz","time":1611428419,"event":{"mods":["AchievementEnabler","BaseMod","Colored Map","DeckTracker","KOR Keyword Fix","Minty Spire (QoL Compilation)","Rare Cards Sparkle","StSLib","SuperFastMode"],"gold_per_floor":[114,77,77,91,91,127,52,52,52,76,90,6,6,6,6,99,99,119,34,54,79,92,130,130,151,151,21,42,0,23,23,23,23,23],"floor_reached":33,"language":"KOR","playtime":765,"items_purged":["Strike_B","Defend_B"],"score":534,"play_id":"6c473986-360c-4a3d-99f4-79c1c97fbd30","local_time":"20210124040019","is_ascension_mode":true,"campfire_choices":[{"floor":8.0,"key":"REST"},{"data":"Loop","floor":15.0,"key":"SMITH"},{"floor":24.0,"key":"REST"},{"floor":32.0,"key":"REST"}],"circlet_count":0,"master_deck":["AscendersBane","Defend_B","Defend_B","Zap","Dualcast","Lockon","Ball Lightning","Coolheaded","Sunder","Coolheaded","Biased Cognition","Loop+1","Core Surge","Compile Driver+1","Cold Snap","Defragment","Chill"],"relics":["Cracked Core","Golden Idol","Singing Bowl","Ornamental Fan","Sozu","Torii","Centennial Puzzle","Kunai"],"acts_visited":["Exordium","TheCity"],"potions_floor_usage":[],"damage_taken":[{"damage":0.0,"enemies":"Cultist","floor":1.0,"turns":2.0},{"damage":7.0,"enemies":"Jaw Worm","floor":4.0,"turns":2.0},{"damage":32.0,"enemies":"Gremlin Nob","floor":6.0,"turns":4.0},{"damage":1.0,"enemies":"2 Louse","floor":10.0,"turns":3.0},{"damage":6.0,"enemies":"Looter","floor":11.0,"turns":4.0},{"damage":11.0,"enemies":"The Guardian","floor":16.0,"turns":10.0},{"damage":13.0,"enemies":"3 Byrds","floor":18.0,"turns":4.0},{"damage":1.0,"enemies":"Spheric Guardian","floor":20.0,"turns":4.0},{"damage":9.0,"enemies":"Snake Plant","floor":21.0,"turns":3.0},{"damage":13.0,"enemies":"3 Cultists","floor":22.0,"turns":5.0},{"damage":19.0,"enemies":"Gremlin Leader","floor":23.0,"turns":6.0},{"damage":23.0,"enemies":"Centurion and Healer","floor":25.0,"turns":5.0},{"damage":1.0,"enemies":"Cultist and Chosen","floor":28.0,"turns":5.0},{"damage":0.0,"enemies":"3 Cultists","floor":30.0,"turns":5.0},{"damage":31,"enemies":"Automaton","floor":33,"turns":12}],"seed_played":"1296544692115063496","potions_obtained":[{"floor":10.0,"key":"Fire Potion"},{"floor":16.0,"key":"EntropicBrew"}],"is_trial":false,"path_per_floor":["M","$","?","M","?","E","$","R","T","M","M","$","?","?","R","B",null,"M","?","M","M","M","E","R","M","T","$","M","$","M","?","R","B"],"character_chosen":"DEFECT","items_purchased":["Sunder","Loop","Cold Snap","Chill"],"campfire_rested":3,"item_purchase_floors":[2,12,27,29],"current_hp_per_floor":[64,64,64,57,57,25,25,42,42,43,39,39,32,37,37,26,57,46,46,47,40,29,10,32,11,11,11,10,10,12,12,35,4,4],"gold":23,"neow_bonus":"TRANSFORM_TWO_CARDS","is_daily":false,"chose_seed":false,"campfire_upgraded":1,"win_rate":0.0,"timestamp":1611428419,"path_taken":["M","?","?","?","?","E","$","R","T","M","M","$","?","?","R","BOSS","M","?","M","M","M","E","R","M","T","$","M","$","M","?","R","BOSS"],"items_purchased_type":["Card","Card","Card","Card"],"build_version":"2020-12-22","purchased_purges":2,"victory":false,"max_hp_per_floor":[64,64,64,64,58,58,58,58,58,60,62,62,62,67,67,67,67,69,69,71,73,75,75,75,77,77,77,77,77,79,79,79,79,79],"card_choices":[{"not_picked":["Heatsinks","Sweeping Beam"],"picked":"Coolheaded","floor":1.0},{"not_picked":["Redo","FTL"],"picked":"Coolheaded","floor":4.0},{"not_picked":["Streamline","Leap"],"picked":"Biased Cognition","floor":6.0},{"not_picked":["Hello World","Coolheaded","Leap"],"picked":"Singing Bowl","floor":10.0},{"not_picked":["Sweeping Beam","Steam","Rebound"],"picked":"Singing Bowl","floor":11.0},{"not_picked":["All For One","Fission"],"picked":"Core Surge","floor":16.0},{"not_picked":["Rebound","Barrage","BootSequence"],"picked":"Singing Bowl","floor":18.0},{"not_picked":["Go for the Eyes","Ball Lightning","Loop"],"picked":"Singing Bowl","floor":20.0},{"not_picked":["Steam Power","Sweeping Beam","Aggregate"],"picked":"Singing Bowl","floor":21.0},{"not_picked":["Darkness","Sweeping Beam+1","Gash"],"picked":"Singing Bowl","floor":22.0},{"not_picked":["Double Energy","Reboot"],"picked":"Compile Driver+1","floor":23.0},{"not_picked":["Cold Snap","Beam Cell","Gash"],"picked":"Singing Bowl","floor":25.0},{"not_picked":["Static Discharge","Beam Cell"],"picked":"Defragment","floor":28.0},{"not_picked":["Chill","Reprogram","Stack"],"picked":"Singing Bowl","floor":30.0}],"player_experience":816689,"relics_obtained":[{"floor":6.0,"key":"Singing Bowl"},{"floor":9.0,"key":"Ornamental Fan"},{"floor":23.0,"key":"Centennial Puzzle"},{"floor":26.0,"key":"Kunai"}],"event_choices":[{"cards_removed":["Strike_B"],"damage_healed":0.0,"max_hp_gain":0.0,"max_hp_loss":0.0,"gold_gain":0.0,"event_name":"Wheel of Change","player_choice":"Card Removal","floor":3.0,"gold_loss":0.0,"damage_taken":0.0},{"damage_healed":0.0,"max_hp_gain":0.0,"max_hp_loss":6.0,"gold_gain":0.0,"event_name":"Golden Idol","player_choice":"Lose Max HP","floor":5.0,"gold_loss":0.0,"damage_taken":0.0,"relics_obtained":["Golden Idol"]},{"cards_removed":["Strike_B"],"damage_healed":0.0,"max_hp_gain":0.0,"max_hp_loss":0.0,"gold_gain":0.0,"event_name":"Golden Wing","player_choice":"Card Removal","floor":13.0,"gold_loss":0.0,"damage_taken":7.0},{"damage_healed":0.0,"max_hp_gain":5.0,"max_hp_loss":0.0,"gold_gain":0.0,"event_name":"Big Fish","player_choice":"Donut","floor":14.0,"gold_loss":0.0,"damage_taken":0.0},{"damage_healed":0.0,"max_hp_gain":0.0,"max_hp_loss":0.0,"gold_gain":0.0,"event_name":"Addict","player_choice":"Obtained Relic","floor":19.0,"gold_loss":85.0,"damage_taken":0.0,"relics_obtained":["Torii"]},{"damage_healed":0.0,"max_hp_gain":0.0,"max_hp_loss":0.0,"gold_gain":0.0,"event_name":"Vampires","player_choice":"Ignored","floor":31.0,"gold_loss":0.0,"damage_taken":0.0}],"is_beta":false,"boss_relics":[{"not_picked":["FrozenCore","Coffee Dripper"],"picked":"Sozu"}],"items_purged_floors":[7,27],"is_endless":false,"potions_floor_spawned":[10,16,21,22],"killed_by":"Automaton","ascension_level":20}}