{"host":"8i58hvcssdezoe94","time":1611402442,"event":{"mods":["Act Like it!","BaseMod","Colored Map","Conspire","Downfall","Gensokyo","Good Game Mod","KinomotoSakuraMod(木之本樱)","Marisa（F雨　魔理沙）","Minty Spire (QoL Compilation)","Quick Restart","Remilia（蕾米莉亚）","Replay The Spire","StSLib","The Bug Knight","The Construct","The Cursed","The Hierophant","The Jungle","The Servant 0.9.4"],"gold_per_floor":[110,110,23,43,59,59,79,96,96,126,140,140,169,189,189,291,291,307,338,355,375,394,394,394,394],"floor_reached":24,"language":"ZHS","playtime":1160,"items_purged":[],"score":262,"play_id":"bab078a5-a502-4ef2-a700-d9ad681f54d1","local_time":"20210123194722","is_ascension_mode":false,"campfire_choices":[{"floor":6,"key":"RECALL"},{"data":"Dual Wield","floor":15,"key":"SMITH"},{"data":"Feed","floor":23,"key":"SMITH"}],"circlet_count":0,"master_deck":["Strike_R","Strike_R","Strike_R","Strike_R","Strike_R","Defend_R","Defend_R","Defend_R","Defend_R","Bash","Gensokyo:UnlikelyAid","Cleave","Carnage","Headbutt","Rampage","Clash","Clothesline","Anger","Dual Wield+1","Cleave","Feed+1","Headbutt","conspire:Charge","Fire Breathing","Iron Wave","Havoc"],"relics":["Burning Blood","REME:ComplimentaryCards","Strawberry","Mercury Hourglass","Pear","Blue Candle","Du-Vu Doll","Bird Faced Urn","construct:ClawGrip","Red Mask"],"acts_visited":["Gensokyo:Gensokyo","TheCity"],"potions_floor_usage":[],"damage_taken":[{"damage":4,"enemies":"Gensokyo:2_Kodama","floor":1,"turns":3},{"damage":1,"enemies":"Gensokyo:Python","floor":4,"turns":4},{"damage":0,"enemies":"Gensokyo:Gryphon","floor":5,"turns":2},{"damage":0,"enemies":"Gensokyo:VengefulSpirit","floor":7,"turns":2},{"damage":7,"enemies":"Gensokyo:2_Rabbits","floor":8,"turns":3},{"damage":18,"enemies":"Gensokyo:Mamizou","floor":10,"turns":5},{"damage":0,"enemies":"Gensokyo:LivingMonolith","floor":11,"turns":2},{"damage":26,"enemies":"Gensokyo:Aya","floor":13,"turns":4},{"damage":8,"enemies":"Gensokyo:CorruptedTreant","floor":14,"turns":1},{"damage":51,"enemies":"Gensokyo:Kokoro","floor":16,"turns":9},{"damage":0,"enemies":"Chosen","floor":18,"turns":3},{"damage":29,"enemies":"Masked Bandits","floor":19,"turns":4},{"damage":10,"enemies":"Spheric Guardian","floor":20,"turns":3},{"damage":17,"enemies":"Snecko","floor":21,"turns":4},{"damage":6,"enemies":"Cultist and Chosen","floor":22,"turns":4},{"damage":84,"enemies":"Book of Stabbing","floor":24,"turns":4}],"seed_played":"4787722584226769034","potions_obtained":[{"floor":7,"key":"FearPotion"},{"floor":8,"key":"Venom Potion"},{"floor":11,"key":"Explosive Potion"}],"is_trial":false,"path_per_floor":["M","?","COS","M","M","R","M","M","T","E","M","?","E","M","R","B",null,"M","?","M","M","M","R","E"],"character_chosen":"IRONCLAD","items_purchased":[],"campfire_rested":0,"item_purchase_floors":[],"current_hp_per_floor":[88,85,85,90,95,95,95,94,94,92,98,93,73,71,71,26,105,105,85,84,78,78,78,0,0],"gold":394,"neow_bonus":"TEN_PERCENT_HP_BONUS","is_daily":false,"chose_seed":false,"campfire_upgraded":2,"win_rate":0.0,"timestamp":1611402442,"path_taken":["M","?","COS","M","M","R","M","M","T","E","M","?","E","M","R","BOSS","M","?","M","M","M","R","E"],"items_purchased_type":[],"build_version":"2020-12-22","purchased_purges":0,"victory":false,"max_hp_per_floor":[88,95,95,95,95,95,95,95,95,105,105,105,105,105,105,105,105,105,108,111,114,114,114,114,114],"card_choices":[{"not_picked":["Heavy Blade","Warcry"],"picked":"Cleave","floor":1},{"not_picked":["Havoc","Twin Strike"],"picked":"Carnage","floor":4},{"not_picked":["Replay:Undeath\u0027s Touch","Carnage"],"picked":"Headbutt","floor":5},{"not_picked":["Twin Strike","Rupture"],"picked":"Rampage","floor":7},{"not_picked":["Abandon","Warcry"],"picked":"Clash","floor":8},{"not_picked":["Twin Strike","Exhume"],"picked":"Clothesline","floor":10},{"not_picked":["Clash","ReplayReversal"],"picked":"Anger","floor":11},{"not_picked":["Armaments","Warcry"],"picked":"Dual Wield","floor":13},{"not_picked":["Replay:Undeath\u0027s Touch","Warcry"],"picked":"Cleave","floor":14},{"not_picked":["Fiend Fire","Immolate"],"picked":"Feed","floor":16},{"not_picked":["Anger","Pommel Strike"],"picked":"Headbutt","floor":18},{"not_picked":["Dark Embrace","Combust"],"picked":"conspire:Charge","floor":19},{"not_picked":["Burning Pact","True Grit"],"picked":"Fire Breathing","floor":20},{"not_picked":["Flex+1","Dual Wield+1"],"picked":"Iron Wave","floor":21},{"not_picked":["Dual Wield","Body Slam"],"picked":"Havoc","floor":22}],"player_experience":51417,"relics_obtained":[{"floor":9,"key":"Mercury Hourglass"},{"floor":10,"key":"Pear"},{"floor":13,"key":"Bird Faced Urn"},{"floor":19,"key":"Red Mask"}],"event_choices":[{"damage_healed":0,"gold_gain":0,"player_choice":"Fought Bandits","damage_taken":0,"max_hp_gain":0,"max_hp_loss":0,"event_name":"Masked Bandits","floor":19,"gold_loss":0}],"is_beta":false,"boss_relics":[{"not_picked":["Painkiller Herb","Abe\u0027s Treasure"],"picked":"construct:ClawGrip"}],"items_purged_floors":[],"is_endless":false,"potions_floor_spawned":[7,8,11,13,16,19,21],"killed_by":"Book of Stabbing","ascension_level":0}}