{"host":"hqxy2g3i5ker09hc","time":1611364775,"event":{"mods":["2.2 Compatiblity","AlwaysNeverKeys","Aspiration","BaseMod","Beaked The Cultist","Better Match","Better Note","Better Sensory Stone","Better Silent Start","Better Third Choice","Better-Laid Plans","CCEM","CatGirl Mod","Chen","Conspire","Fireblade Mod","GifTheSpireLib","Gold Saver","Hubris","Ironclad Rager","Minty Spire (QoL Compilation)","MostiFishMod","Permanent Neow","Quarter Circle Forward PUNCH!","Quick Restart","Replay The Spire","Shop Mod","Small Relic Pack","Spikes Relics","StSLib","Stuff the Spire","The Animator","The Bug Knight","The Forsaken","The Wild Card","vexMod"],"gold_per_floor":[681,681,681,81,98,98,113,113,113,130,130,140,157,0,0,102,102,121,154,69,69,85,85,96,110,135,25,39,71,1,20,20,119,119,139,139,139,149,149,149,197,223,223,95,115,125,137,157,157,157,157,157,1,29,29],"floor_reached":56,"language":"ENG","playtime":5767,"items_purged":["Injury"],"score":1342,"play_id":"65906189-28b1-4652-b9d4-e962c9ff317b","local_time":"20210123021935","is_ascension_mode":true,"campfire_choices":[{"data":"theCatGirl:Counterattack","floor":6.0,"key":"SMITH"},{"data":"theCatGirl:ClawStrike","floor":8.0,"key":"SMITH"},{"data":"theCatGirl:Evasion","floor":15.0,"key":"SMITH"},{"data":"theCatGirl:Defend","floor":23.0,"key":"SMITH"},{"floor":32.0,"key":"DIG"},{"data":"theCatGirl:Enrage","floor":40.0,"key":"SMITH"},{"floor":49.0,"key":"REST"},{"data":"theCatGirl:Defend","floor":52.0,"key":"SMITH"}],"circlet_count":0,"master_deck":["theCatGirl:Strike","theCatGirl:Strike","theCatGirl:Strike","theCatGirl:Strike","theCatGirl:Defend+1","theCatGirl:Defend+1","theCatGirl:Defend+1","theCatGirl:Defend+1","theCatGirl:ClawStrike+1","theCatGirl:Evasion+1","theCatGirl:Misfire+1","theCatGirl:Insane+1","theCatGirl:Counterattack+1","theCatGirl:ThatWasntIt+1","theCatGirl:Claws+1","theCatGirl:TryingMyBest+1","theCatGirl:TwoStep+1","theCatGirl:SevenLives+1","theCatGirl:AccidentalHeadbutt+1","theCatGirl:SmellFear+1","theCatGirl:ClawScratch+1","theCatGirl:BloodScent","theCatGirl:ThatWasntIt+1","theCatGirl:FocusedStrike+1","theCatGirl:LearnByMistake+1","theCatGirl:GoddessOfMisfortune+1","theCatGirl:AccidentalHeadbutt+1","theCatGirl:Prepared+1","theCatGirl:TwoStep+1","theCatGirl:Enrage+1","StuffTheSpire:Coldhearted+1","StuffTheSpire:Coldhearted+1","theCatGirl:TrainWreck+1","theCatGirl:Slip+1","Stack+1","theCatGirl:Slip+1","Bandage Up+1","aspiration:Polymerization+1","FIFO Queue","Parasite","Rainbow+1","ICR:FrostFall+1","MostiFishMod:IceShield+1"],"relics":["theCatGirl:TrainedRelic","DaveBox","aspiration:Nostalgia","Burning Blood","SynthV:TestCard","Toxic Egg 2","Calipers","TungstenRod","theCatGirl:ThrowingDagger","Happy Flower","vexMod:ImprovementManual","Red Mask","HollowMod:PaleOreRelic","Akabeko","Replay:Rubber Ducky","vexMod:Dragonfruit","aspiration:DefectSkillbook","relicPack:DSword","BrokenLever","hubris:Potato","CCEMRelics:Sandal","vexMod:FocusSash","hubris:CrystalStatue"],"acts_visited":["Exordium","TheCity","TheBeyond","TheEnding"],"potions_floor_usage":[55],"damage_taken":[{"damage":1.0,"enemies":"Small Slimes","floor":1.0,"turns":6.0},{"damage":3.0,"enemies":"Jaw Worm","floor":5.0,"turns":3.0},{"damage":4.0,"enemies":"Cultist","floor":7.0,"turns":5.0},{"damage":3.0,"enemies":"Exordium Wildlife","floor":10.0,"turns":4.0},{"damage":2.0,"enemies":"Red Slaver","floor":12.0,"turns":5.0},{"damage":0.0,"enemies":"Blue Slaver","floor":13.0,"turns":4.0},{"damage":9.0,"enemies":"The Guardian","floor":16.0,"turns":14.0},{"damage":13.0,"enemies":"3 Byrds","floor":18.0,"turns":5.0},{"damage":0.0,"enemies":"Masked Bandits","floor":19.0,"turns":12.0},{"damage":0.0,"enemies":"Chosen","floor":22.0,"turns":5.0},{"damage":0.0,"enemies":"Snake Plant","floor":24.0,"turns":6.0},{"damage":0.0,"enemies":"Centurion and Healer","floor":25.0,"turns":10.0},{"damage":9.0,"enemies":"Chosen and Byrds","floor":28.0,"turns":7.0},{"damage":17.0,"enemies":"Gremlin Leader","floor":29.0,"turns":7.0},{"damage":3.0,"enemies":"Sentry and Sphere","floor":31.0,"turns":12.0},{"damage":13.0,"enemies":"hubris:MusketHawk","floor":33.0,"turns":18.0},{"damage":8.0,"enemies":"3 Shapes","floor":35.0,"turns":4.0},{"damage":0.0,"enemies":"3 Darklings","floor":38.0,"turns":7.0},{"damage":0.0,"enemies":"beaked:SuperParasite","floor":42.0,"turns":11.0},{"damage":0.0,"enemies":"Jaw Worm Horde","floor":45.0,"turns":4.0},{"damage":7.0,"enemies":"Writhing Mass","floor":46.0,"turns":7.0},{"damage":4.0,"enemies":"Spire Growth","floor":47.0,"turns":7.0},{"damage":15.0,"enemies":"3 Darklings","floor":48.0,"turns":6.0},{"damage":0.0,"enemies":"Time Eater","floor":50.0,"turns":12.0},{"damage":25.0,"enemies":"Shield and Spear","floor":54.0,"turns":10.0},{"damage":40,"enemies":"The Heart","floor":55,"turns":15}],"seed_played":"3983950230638596087","potions_obtained":[{"floor":5.0,"key":"Elixir"},{"floor":7.0,"key":"Adrenaline Potion"},{"floor":11.0,"key":"DistilledChaos"},{"floor":24.0,"key":"EntropicBrew"},{"floor":29.0,"key":"Reflective Coating"},{"floor":33.0,"key":"EssenceOfSteel"}],"is_trial":false,"path_per_floor":["M","?","T","$","M","R","M","R","T","M","?","M","M","$","R","B",null,"M","?","?","?","M","R","M","M","T","$","M","E","$","M","R","B",null,"M","?","?","M","?","R","?","E","T","$","M","M","M","M","R","B",null,"R","$","E","B",null],"character_chosen":"THE_CATGIRL","items_purchased":["theCatGirl:Insane+1","TungstenRod","theCatGirl:Counterattack","Happy Flower","theCatGirl:FocusedStrike+1","theCatGirl:LearnByMistake+1","theCatGirl:Prepared+1","Bandage Up+1","aspiration:Polymerization+1","vexMod:FocusSash"],"campfire_rested":1,"item_purchase_floors":[4,4,4,14,27,27,30,44,44,53],"current_hp_per_floor":[70,70,70,70,70,70,70,70,70,70,70,70,70,70,70,67,70,63,69,69,69,70,70,70,70,70,70,67,56,56,59,64,57,75,73,73,73,75,41,41,41,47,47,47,53,58,66,57,75,75,75,75,75,74,52],"gold":29,"neow_bonus":"NOSTALGIA","is_daily":false,"chose_seed":false,"campfire_upgraded":6,"win_rate":0.0,"timestamp":1611364775,"path_taken":["M","?","?","$","?","R","M","R","T","M","?","?","M","$","R","BOSS","M","?","?","?","M","R","M","M","T","$","M","E","$","M","R","BOSS","M","?","?","?","?","R","?","E","T","$","M","M","?","M","R","BOSS","R","$","E","BOSS"],"items_purchased_type":["Card","Relic","Card","Relic","Card","Card","Card","Card","Card","Relic"],"build_version":"2020-12-22","purchased_purges":1,"victory":true,"max_hp_per_floor":[70,70,70,70,70,70,70,70,70,70,70,70,70,70,70,70,70,70,70,70,70,70,70,70,70,70,70,70,70,70,70,75,75,75,75,75,75,75,75,75,75,75,75,75,75,75,75,75,75,75,75,75,75,75,75],"card_choices":[{"not_picked":["theCatGirl:TripLunge","theCatGirl:Claws"],"picked":"theCatGirl:Misfire","floor":1.0},{"not_picked":["theCatGirl:BloodBath","theCatGirl:EmergencyParry+1","theCatGirl:SmellFear+1","theCatGirl:ElegantStrike"],"picked":"theCatGirl:ThatWasntIt+1","floor":5.0},{"not_picked":["theCatGirl:RecoveryBlow","theCatGirl:Growl+1","theCatGirl:ElegantStrike","theCatGirl:DecliningDefenses+1"],"picked":"theCatGirl:Claws","floor":7.0},{"not_picked":["theCatGirl:BodyBlow","theCatGirl:Counterattack","theCatGirl:ShockedWitness","theCatGirl:FumblingBlow"],"picked":"theCatGirl:TryingMyBest","floor":10.0},{"not_picked":["theCatGirl:Counterattack","theCatGirl:Claws","theCatGirl:SpinningStrike","theCatGirl:AllIn"],"picked":"theCatGirl:TwoStep+1","floor":12.0},{"not_picked":["theCatGirl:SmellFear+1","theCatGirl:RunningWithDaggers","theCatGirl:PoisedStrike","theCatGirl:KeepAlert+1"],"picked":"theCatGirl:SevenLives+1","floor":13.0},{"not_picked":["theCatGirl:Insane+1","theCatGirl:Enrage","theCatGirl:HungerClaw","theCatGirl:PerfectBlock+1"],"picked":"theCatGirl:AccidentalHeadbutt+1","floor":16.0},{"not_picked":["theCatGirl:RageClaws","theCatGirl:Misfire+1","theCatGirl:DecliningDefenses+1","theCatGirl:SpinningStrike"],"picked":"theCatGirl:SmellFear+1","floor":18.0},{"not_picked":["theCatGirl:SpinningStrike+1","theCatGirl:DefensiveStance+1","theCatGirl:AllIn","theCatGirl:ElegantStrike"],"picked":"theCatGirl:ClawScratch+1","floor":19.0},{"not_picked":["theCatGirl:LostTrinket+1","theCatGirl:Stalk+1","theCatGirl:AllIn","theCatGirl:BodyBlow+1","theCatGirl:PoisedStrike"],"picked":"SKIP","floor":22.0},{"not_picked":["theCatGirl:ComboAttack","theCatGirl:BloodBath+1","theCatGirl:GoddessOfMisfortune+1","theCatGirl:DefensiveStance+1"],"picked":"theCatGirl:BloodScent","floor":24.0},{"not_picked":["theCatGirl:Stalk+1","theCatGirl:FinishingMove+1","theCatGirl:LostTrinket+1","theCatGirl:ExtremeSpeed"],"picked":"theCatGirl:ThatWasntIt+1","floor":25.0},{"not_picked":["theCatGirl:LearnByMistake+1","theCatGirl:LuckyBlow+1","theCatGirl:RageClaws+1","theCatGirl:Stalk+1"],"picked":"theCatGirl:GoddessOfMisfortune+1","floor":28.0},{"not_picked":["theCatGirl:Stalk+1","theCatGirl:Counterattack","theCatGirl:HungerClaw","theCatGirl:SmellFear+1"],"picked":"theCatGirl:AccidentalHeadbutt+1","floor":29.0},{"not_picked":["theCatGirl:LearnByMistake+1","theCatGirl:QuickStrike","theCatGirl:PlayAround","theCatGirl:SmellFear+1"],"picked":"theCatGirl:TwoStep+1","floor":31.0},{"not_picked":["theCatGirl:AdventurersInsight","theCatGirl:SevenLives+1","theCatGirl:LearnThePattern+1","theCatGirl:AngryForm"],"picked":"theCatGirl:Enrage","floor":33.0},{"not_picked":["theCatGirl:Growl+1","theCatGirl:PlayAround","Conserve Battery+1","hubris:PowerSurge+1","theCatGirl:AccidentalSlap+1"],"picked":"StuffTheSpire:Coldhearted+1","floor":35.0},{"not_picked":["theCatGirl:RageClaws+1","theCatGirl:RecoveryBlow","Undo+1","theCatGirl:LearnThePattern+1","Coolheaded+1"],"picked":"theCatGirl:TrainWreck+1","floor":38.0},{"not_picked":["MostiFishMod:PushDownKick+1","ReplaySolidLightProjector+1","Go for the Eyes","ReplayTheSpireMod:Calculation Training+1","theCatGirl:Growl+1"],"picked":"theCatGirl:Slip+1","floor":41.0},{"not_picked":["theCatGirl:LostTrinket+1","Go for the Eyes+1","theCatGirl:TrainWreck+1","StuffTheSpire:Coldhearted+1","MostiFishMod:ATRI+1"],"picked":"Stack+1","floor":41.0},{"not_picked":["theCatGirl:Stalk+1","theCatGirl:SpinningStrike+1","ReplayTheSpireMod:Repulse+1","theCatGirl:ComboAttack+1","BasicCrystalCard+1"],"picked":"theCatGirl:Slip+1","floor":42.0},{"not_picked":["theCatGirl:TripLunge+1","Undo+1","Steam Power+1","StuffTheSpire:SnapShoot+1","Scrape"],"picked":"FIFO Queue","floor":45.0},{"not_picked":["Leap+1","Ball Lightning","theCatGirl:AccidentalSlap","ReplayTheSpireMod:Reroute Power+1","theCatGirl:Stalk+1"],"picked":"Rainbow+1","floor":46.0},{"not_picked":["theCatGirl:ShockedWitness","Hologram+1","theCatGirl:TryingMyBest","theCatGirl:TwoStep+1","theCatGirl:PlayAround"],"picked":"ICR:FrostFall+1","floor":47.0},{"not_picked":["theCatGirl:EmergencyParry+1","aspiration:Polymerization+1","theCatGirl:TwoStep+1","Reprogram+1","theCatGirl:RecoveryBlow","theCatGirl:ClenchYourTeeth+1"],"picked":"SKIP","floor":48.0},{"not_picked":["Melter+1","Electrodynamics","Sweeping Beam","Scrape+1","Blizzard"],"picked":"MostiFishMod:IceShield+1","floor":54.0}],"player_experience":681174,"relics_obtained":[{"floor":1.0,"key":"SynthV:TestCard"},{"floor":3.0,"key":"Calipers"},{"floor":9.0,"key":"theCatGirl:ThrowingDagger"},{"floor":19.0,"key":"Red Mask"},{"floor":26.0,"key":"Akabeko"},{"floor":29.0,"key":"Replay:Rubber Ducky"},{"floor":32.0,"key":"vexMod:Dragonfruit"},{"floor":41.0,"key":"BrokenLever"},{"floor":42.0,"key":"hubris:Potato"},{"floor":43.0,"key":"CCEMRelics:Sandal"},{"floor":54.0,"key":"hubris:CrystalStatue"}],"event_choices":[{"damage_healed":0.0,"max_hp_gain":0.0,"max_hp_loss":0.0,"gold_gain":0.0,"event_name":"Lab","player_choice":"Got Potions","floor":11.0,"gold_loss":0.0,"damage_taken":0.0},{"damage_healed":0.0,"max_hp_gain":0.0,"max_hp_loss":0.0,"gold_gain":0.0,"event_name":"Masked Bandits","player_choice":"Fought Bandits","floor":19.0,"gold_loss":0.0,"damage_taken":0.0},{"damage_healed":0.0,"max_hp_gain":0.0,"max_hp_loss":0.0,"gold_gain":0.0,"event_name":"Addict","player_choice":"Obtained Relic","floor":20.0,"gold_loss":85.0,"damage_taken":0.0,"relics_obtained":["HollowMod:PaleOreRelic"]},{"damage_healed":0.0,"max_hp_gain":0.0,"max_hp_loss":0.0,"gold_gain":0.0,"event_name":"Duplicator","player_choice":"Copied","floor":37.0,"gold_loss":0.0,"damage_taken":0.0,"cards_obtained":["StuffTheSpire:Coldhearted"]}],"is_beta":false,"boss_relics":[{"not_picked":["Cursed Key","Fusion Hammer"],"picked":"vexMod:ImprovementManual"},{"not_picked":["Kintsugi","CosmicIsotope"],"picked":"aspiration:DefectSkillbook"}],"items_purged_floors":[4],"is_endless":false,"potions_floor_spawned":[5,7,12,24,29,33,35,46],"ascension_level":1}}