{"host":"sav7uxregyirlf69","time":1611417810,"event":{"mods":["AchievementEnabler","BaseMod","Colored Map","DeckTracker","Keyboard Shortcuts","Minty Spire (QoL Compilation)","READ ME - Guardian Mod","StSLib","SuperFastMode"],"gold_per_floor":[119,119,119,139,139,139,139,178,178,178,60,80,80,105,105,199,199,213,226,226,249,267,267,285,285,285,285,325,325,350,30,30,30,30],"floor_reached":33,"language":"KOR","playtime":595,"items_purged":["Strike_G","Decay"],"score":580,"play_id":"68d8eda9-bf47-4066-8988-6961da77645b","local_time":"20210124010330","is_ascension_mode":true,"campfire_choices":[{"data":"Neutralize","floor":6,"key":"SMITH"},{"floor":10,"key":"REST"},{"data":"Malaise","floor":15,"key":"SMITH"},{"data":"Well Laid Plans","floor":23,"key":"SMITH"},{"data":"Leg Sweep","floor":25,"key":"SMITH"},{"floor":27,"key":"REST"},{"floor":29,"key":"REST"},{"data":"Survivor","floor":32,"key":"SMITH"}],"circlet_count":0,"master_deck":["AscendersBane","Strike_G","Strike_G","Strike_G+1","Strike_G","Defend_G","Defend_G","Defend_G","Defend_G+1","Defend_G","Survivor+1","Neutralize+1","Quick Slash","Dash+1","Dagger Spray","Malaise+1","Die Die Die+1","Well Laid Plans+1","Bouncing Flask+1","Leg Sweep+1","After Image","Crippling Poison+1"],"relics":["Ring of the Snake","NeowsBlessing","Vajra","Golden Idol","InkBottle","Mercury Hourglass","CultistMask","Cursed Key","Whetstone","Omamori"],"acts_visited":["Exordium","TheCity"],"potions_floor_usage":[16,28,28,33],"damage_taken":[{"damage":0,"enemies":"Small Slimes","floor":1,"turns":1},{"damage":0,"enemies":"2 Louse","floor":4,"turns":1},{"damage":0,"enemies":"3 Sentries","floor":8,"turns":1},{"damage":1,"enemies":"Jaw Worm","floor":12,"turns":2},{"damage":0,"enemies":"Blue Slaver","floor":14,"turns":3},{"damage":6,"enemies":"The Guardian","floor":16,"turns":13},{"damage":0,"enemies":"Chosen","floor":18,"turns":5},{"damage":0,"enemies":"3 Byrds","floor":19,"turns":4},{"damage":9,"enemies":"Centurion and Healer","floor":21,"turns":8},{"damage":10,"enemies":"Sentry and Sphere","floor":22,"turns":4},{"damage":1,"enemies":"Snake Plant","floor":24,"turns":5},{"damage":10,"enemies":"Book of Stabbing","floor":28,"turns":6},{"damage":17,"enemies":"Chosen and Byrds","floor":30,"turns":6},{"damage":47,"enemies":"Champ","floor":33,"turns":11}],"seed_played":"2945514322857844278","potions_obtained":[{"floor":12,"key":"Strength Potion"},{"floor":16,"key":"PowerPotion"},{"floor":21,"key":"Block Potion"},{"floor":30,"key":"Weak Potion"}],"is_trial":false,"path_per_floor":["M","?","?","M","?","R","?","E","T","R","$","M","?","M","R","B",null,"M","M","?","M","M","R","M","R","T","R","E","R","M","$","R","B"],"character_chosen":"THE_SILENT","items_purchased":["Dash","Omamori","Poison Potion"],"campfire_rested":3,"item_purchase_floors":[11,31,31],"current_hp_per_floor":[59,39,28,28,28,28,28,28,28,46,46,45,45,45,45,39,55,55,55,55,46,36,36,35,35,35,53,43,60,43,43,43,0,0],"gold":30,"neow_bonus":"THREE_ENEMY_KILL","is_daily":false,"chose_seed":false,"campfire_upgraded":5,"win_rate":0.0,"timestamp":1611417810,"path_taken":["M","?","?","M","?","R","?","E","T","R","$","?","?","M","R","BOSS","M","M","?","M","M","R","?","R","T","R","E","R","?","?","R","BOSS"],"items_purchased_type":["Card","Relic","Potion"],"build_version":"2020-12-22","purchased_purges":2,"victory":false,"max_hp_per_floor":[66,66,66,66,60,60,60,60,60,60,60,60,60,60,60,60,60,60,60,60,60,60,60,60,60,60,60,60,60,60,60,60,60,60],"card_choices":[{"not_picked":["Acrobatics","Backflip","Outmaneuver"],"picked":"SKIP","floor":1},{"not_picked":["Endless Agony","Dodge and Roll"],"picked":"Quick Slash","floor":4},{"not_picked":["Deflect","Expertise","Setup"],"picked":"SKIP","floor":8},{"not_picked":["Backflip","Acrobatics"],"picked":"Dagger Spray","floor":12},{"not_picked":["Cloak And Dagger","Acrobatics"],"picked":"Malaise","floor":14},{"not_picked":["Doppelganger","Venomology"],"picked":"Die Die Die","floor":16},{"not_picked":["Backstab","Sucker Punch","Endless Agony"],"picked":"SKIP","floor":18},{"not_picked":["Bane+1","Flying Knee"],"picked":"Well Laid Plans","floor":19},{"not_picked":["Leg Sweep","Accuracy"],"picked":"Bouncing Flask+1","floor":21},{"not_picked":["Finisher","Reflex"],"picked":"Leg Sweep","floor":22},{"not_picked":["Flying Knee","Slice+1","Blade Dance"],"picked":"SKIP","floor":24},{"not_picked":["Skewer","Outmaneuver"],"picked":"After Image","floor":28},{"not_picked":["Prepared+1","Expertise"],"picked":"Crippling Poison+1","floor":30}],"player_experience":1367655,"relics_obtained":[{"floor":8,"key":"InkBottle"},{"floor":9,"key":"Mercury Hourglass"},{"floor":28,"key":"Whetstone"}],"event_choices":[{"damage_healed":0,"gold_gain":0,"player_choice":"Entered Light","damage_taken":20,"max_hp_gain":0,"max_hp_loss":0,"event_name":"Shining Light","floor":2,"gold_loss":0,"cards_upgraded":["Defend_G","Strike_G"]},{"damage_healed":0,"gold_gain":0,"player_choice":"Success","damage_taken":11,"relics_obtained":["Vajra"],"max_hp_gain":0,"max_hp_loss":0,"event_name":"Scrap Ooze","floor":3,"gold_loss":0},{"damage_healed":0,"gold_gain":0,"player_choice":"Lose Max HP","damage_taken":0,"relics_obtained":["Golden Idol"],"max_hp_gain":0,"max_hp_loss":6,"event_name":"Golden Idol","floor":5,"gold_loss":0},{"damage_healed":0,"gold_gain":0,"player_choice":"Ignored","damage_taken":0,"max_hp_gain":0,"max_hp_loss":0,"event_name":"Liars Game","floor":7,"gold_loss":0},{"damage_healed":0,"gold_gain":0,"player_choice":"Trade","damage_taken":0,"relics_obtained":["CultistMask"],"max_hp_gain":0,"max_hp_loss":0,"event_name":"FaceTrader","floor":13,"gold_loss":0},{"damage_healed":0,"gold_gain":0,"player_choice":"Ignored","damage_taken":0,"max_hp_gain":0,"max_hp_loss":0,"event_name":"N\u0027loth","floor":20,"gold_loss":0}],"is_beta":false,"boss_relics":[{"not_picked":["Coffee Dripper","SacredBark"],"picked":"Cursed Key"}],"items_purged_floors":[11,31],"is_endless":false,"potions_floor_spawned":[12,16,21,24,30],"killed_by":"Champ","ascension_level":20}}