{"host":"ry21fnlne667yo65","time":1611404560,"event":{"mods":["BaseMod","Downfall","Lobotomy","Minty Spire (QoL Compilation)","Shop Mod","StSLib","The Construct","The Cursed","The Necromancer"],"gold_per_floor":[99,99,99,99,99,99,123,27,44,44,71,71,88,88,114,211,211,211,211,211,211,282,306,360,360,360,387,387,406,433,460,460,460,460],"floor_reached":32,"language":"ZHS","playtime":1357,"items_purged":[],"score":253,"play_id":"80977f2b-7a75-4edd-a885-6dd5589bcb64","local_time":"20210123202240","is_ascension_mode":false,"campfire_choices":[{"data":"hexamod:Float","floor":1,"key":"SMITH"},{"data":"hexamod:RainOfEmbers","floor":10,"key":"SMITH"},{"data":"hexamod:EtherealExpedition","floor":18,"key":"SMITH"},{"data":"hexamod:SoulSteal","floor":26,"key":"SMITH"},{"data":"hexamod:VolcanoVisage","floor":28,"key":"SMITH"}],"circlet_count":0,"master_deck":["hexamod:Strike+1","hexamod:Strike","hexamod:Strike+1","hexamod:Strike+1","hexamod:Defend+1","hexamod:Defend","hexamod:Defend","hexamod:Defend","hexamod:Sear","hexamod:Float+1","hexamod:PhantomFireball","hexamod:SpectersWail","hexamod:SecondSeal","hexamod:RainOfEmbers+1","hexamod:BurningTouch","hexamod:ThirdSeal","hexamod:EtherealExpedition+1","hexamod:SwordOfDarkness","hexamod:VolcanoVisage+1","hexamod:SixthSeal","hexamod:EtherealExpedition+1","hexamod:SoulSteal+1","hexamod:ThermalTransfer","hexamod:AdvancingGuard+1","hexamod:ShieldOfDarkness","hexamod:Hexaguard","hexamod:FourthSeal"],"relics":["hexamod:SpiritBrand","downfall:HeartsMalice","Strawberry","Pen Nib","Sozu","Blue Candle","Du-Vu Doll","Shuriken","Whetstone"],"acts_visited":["Exordium","TheCity"],"potions_floor_usage":[16,23],"damage_taken":[{"damage":0,"enemies":"Small Slimes","floor":2,"turns":1},{"damage":0,"enemies":"2 Louse","floor":3,"turns":1},{"damage":0,"enemies":"Cultist","floor":4,"turns":1},{"damage":0,"enemies":"downfall:FleeingMerchant","floor":8,"turns":4},{"damage":0,"enemies":"3 Louse","floor":9,"turns":2},{"damage":5,"enemies":"Blue Slaver","floor":11,"turns":3},{"damage":2,"enemies":"2 Fungi Beasts","floor":13,"turns":3},{"damage":13,"enemies":"Exordium Thugs","floor":15,"turns":3},{"damage":57,"enemies":"SI_SHIV_ARCHETYPE","floor":16,"turns":9},{"damage":27,"enemies":"Spheric Guardian","floor":23,"turns":6},{"damage":0,"enemies":"3 Byrds","floor":27,"turns":3},{"damage":4,"enemies":"Snake Plant","floor":29,"turns":3},{"damage":14,"enemies":"Snecko","floor":30,"turns":6},{"damage":5,"enemies":"Shelled Parasite and Fungi","floor":31,"turns":4},{"damage":19,"enemies":"3 Cultists","floor":32,"turns":4}],"seed_played":"1394063936952768756","potions_obtained":[{"floor":9,"key":"SteroidPotion"},{"floor":11,"key":"Swift Potion"},{"floor":15,"key":"Ancient Potion"}],"is_trial":false,"path_per_floor":["R","M","M","M","?","?","T","$","M","R","M","?","M","?","M","B",null,"R","?","?","T","T","M","T","?","R","M","R","M","M","M","M"],"character_chosen":"THE_SPIRIT","items_purchased":["hexamod:RainOfEmbers"],"campfire_rested":0,"item_purchase_floors":[8],"current_hp_per_floor":[70,70,70,70,77,77,77,77,77,77,72,72,70,75,62,5,82,82,77,61,61,61,34,34,34,34,34,34,30,16,11,0,0,0],"gold":460,"neow_bonus":"THREE_ENEMY_KILL","is_daily":false,"chose_seed":false,"campfire_upgraded":5,"win_rate":0.0,"timestamp":1611404560,"path_taken":["R","M","M","M","?","?","T","$","?","R","M","?","M","?","M","BOSS","R","?","?","?","?","?","T","?","R","M","R","M","M","M","M"],"items_purchased_type":["Card"],"build_version":"2020-12-22","purchased_purges":0,"victory":false,"max_hp_per_floor":[70,70,70,70,77,77,77,77,77,77,77,77,77,82,82,82,82,82,82,87,87,87,87,87,87,87,87,87,87,87,87,87,87,87],"card_choices":[{"not_picked":["hexamod:NightmareStrike","hexamod:FastForward"],"picked":"hexamod:PhantomFireball","floor":2},{"not_picked":["hexamod:BurningTouch","hexamod:PhantomFireball"],"picked":"hexamod:SpectersWail","floor":3},{"not_picked":["hexamod:ThermalTransfer","hexamod:BurningTouch","hexamod:HeatMetal"],"picked":"SKIP","floor":4},{"not_picked":["hexamod:HeatMetal","hexamod:HauntingEcho"],"picked":"hexamod:SecondSeal","floor":8},{"not_picked":["hexamod:Incineration","hexamod:ExtraCrispy"],"picked":"hexamod:BurningTouch","floor":9},{"not_picked":["hexamod:FastForward","hexamod:NightmareGuise"],"picked":"hexamod:ThirdSeal","floor":11},{"not_picked":["hexamod:NightmareGuise","hexamod:SkipABeat","hexamod:AdvancingGuard"],"picked":"SKIP","floor":13},{"not_picked":["hexamod:RadiantFlame","hexamod:HeatMetal"],"picked":"hexamod:EtherealExpedition","floor":15},{"not_picked":["hexamod:SpectersWail","hexamod:ShieldOfDarkness"],"picked":"hexamod:SwordOfDarkness","floor":15},{"not_picked":["hexamod:SearingWound","hexamod:ParanormalForm"],"picked":"hexamod:VolcanoVisage","floor":16},{"not_picked":["hexamod:UnlimitedPower","hexamod:UnleashSpirits"],"picked":"hexamod:SixthSeal","floor":16},{"not_picked":["hexamod:GhostShield","hexamod:Rewind"],"picked":"hexamod:EtherealExpedition+1","floor":23},{"not_picked":["hexamod:AdvancingGuard","hexamod:NightmareStrike"],"picked":"hexamod:SoulSteal","floor":23},{"not_picked":["hexamod:GhostLash","hexamod:SoulSteal"],"picked":"hexamod:ThermalTransfer","floor":27},{"not_picked":["hexamod:RainOfEmbers","hexamod:SwordOfDarkness","hexamod:HauntingEcho"],"picked":"SKIP","floor":27},{"not_picked":["hexamod:BacktrackSmack+1","hexamod:BurningTouch"],"picked":"hexamod:AdvancingGuard+1","floor":29},{"not_picked":["hexamod:GhostShield","hexamod:NightmareGuise"],"picked":"hexamod:ShieldOfDarkness","floor":30},{"not_picked":["hexamod:HeatMetal","hexamod:GhostShield"],"picked":"hexamod:Hexaguard","floor":30},{"not_picked":["hexamod:NightmareGuise","hexamod:HauntingEcho+1"],"picked":"hexamod:FourthSeal","floor":31}],"player_experience":736055,"relics_obtained":[{"floor":7,"key":"Pen Nib"},{"floor":21,"key":"Du-Vu Doll"},{"floor":22,"key":"Shuriken"},{"floor":24,"key":"Whetstone"}],"event_choices":[{"damage_healed":0,"gold_gain":0,"player_choice":"Ignored","damage_taken":0,"max_hp_gain":0,"max_hp_loss":0,"event_name":"NoteForYourself","floor":6,"gold_loss":0},{"damage_healed":0,"gold_gain":0,"player_choice":"Donut","damage_taken":0,"max_hp_gain":5,"max_hp_loss":0,"event_name":"Big Fish","floor":14,"gold_loss":0},{"damage_healed":0,"gold_gain":0,"player_choice":"Got Potions","damage_taken":0,"max_hp_gain":0,"max_hp_loss":0,"event_name":"Lab","floor":25,"gold_loss":0}],"is_beta":false,"boss_relics":[{"not_picked":["Busted Crown","SlaversCollar"],"picked":"Sozu"}],"items_purged_floors":[],"is_endless":false,"potions_floor_spawned":[9,11,15,29,31],"killed_by":"3 Cultists","ascension_level":0}}