{"host":"yuhy0i501zzmn1iz","time":1611383452,"event":{"mods":["AchievementEnabler","AlwaysNeverKeys","BaseMod","Bestiary","Better Match","Better Third Choice","Curses Come First","Downfall","Minty Spire (QoL Compilation)","StSLib","slay the spire mod where everything is the same but ironclad has a cowboy hat"],"gold_per_floor":[14,14,14,27,100,143,143,174,174,174,174],"floor_reached":10,"language":"ENG","playtime":353,"items_purged":[],"score":87,"play_id":"a1c617f9-375e-453b-be24-82351cb53f11","local_time":"20210123013052","is_ascension_mode":true,"campfire_choices":[{"floor":7,"key":"REST"}],"circlet_count":0,"master_deck":["Strike_B","Strike_B","Strike_B","Strike_B","Defend_B","Defend_B","Defend_B","Defend_B","Zap","Dualcast","All For One","Cold Snap","Scrape","Undo","Chaos","Go for the Eyes"],"relics":["Cracked Core","Golden Idol","SsserpentHead","Gremlin Horn","White Beast Statue","Toxic Egg 2"],"acts_visited":["Exordium"],"potions_floor_usage":[10,10],"damage_taken":[{"damage":0,"enemies":"2 Louse","floor":1,"turns":2},{"damage":2,"enemies":"Small Slimes","floor":4,"turns":3},{"damage":0,"enemies":"Cultist","floor":5,"turns":2},{"damage":36,"enemies":"Gremlin Nob","floor":6,"turns":5},{"damage":34,"enemies":"Lagavulin","floor":8,"turns":9},{"damage":8,"enemies":"3 Sentries","floor":10,"turns":3}],"seed_played":"-118869272623247707","potions_obtained":[{"floor":1,"key":"Energy Potion"},{"floor":5,"key":"EssenceOfSteel"},{"floor":8,"key":"SkillPotion"}],"is_trial":false,"path_per_floor":["M","?","?","M","M","E","R","E","T","E"],"character_chosen":"DEFECT","items_purchased":[],"campfire_rested":1,"item_purchase_floors":[],"current_hp_per_floor":[75,57,57,55,55,19,41,7,7,0,0],"gold":174,"neow_bonus":"THREE_RARE_CARDS","is_daily":false,"chose_seed":false,"campfire_upgraded":0,"win_rate":0.0,"timestamp":1611383452,"path_taken":["M","?","?","M","?","E","R","E","T","E"],"items_purchased_type":[],"build_version":"2020-12-22","purchased_purges":0,"victory":false,"max_hp_per_floor":[75,75,75,75,75,75,75,75,75,75,75],"card_choices":[{"not_picked":["Rainbow","Seek"],"picked":"All For One","floor":0},{"not_picked":["Leap","Loop"],"picked":"Cold Snap","floor":1},{"not_picked":["Steam","Rebound"],"picked":"Scrape","floor":4},{"not_picked":["Redo","Lockon"],"picked":"Undo","floor":5},{"not_picked":["Self Repair","Compile Driver"],"picked":"Chaos","floor":6},{"not_picked":["Consume","Rainbow"],"picked":"Go for the Eyes","floor":8}],"player_experience":336762,"relics_obtained":[{"floor":6,"key":"Gremlin Horn"},{"floor":8,"key":"White Beast Statue"},{"floor":9,"key":"Toxic Egg 2"}],"event_choices":[{"damage_healed":0,"gold_gain":0,"player_choice":"Take Damage","damage_taken":18,"relics_obtained":["Golden Idol"],"max_hp_gain":0,"max_hp_loss":0,"event_name":"Golden Idol","floor":2,"gold_loss":0},{"damage_healed":0,"gold_gain":0,"player_choice":"Trade","damage_taken":0,"relics_obtained":["SsserpentHead"],"max_hp_gain":0,"max_hp_loss":0,"event_name":"FaceTrader","floor":3,"gold_loss":0}],"is_beta":false,"boss_relics":[],"items_purged_floors":[],"is_endless":false,"potions_floor_spawned":[1,5,8],"killed_by":"3 Sentries","ascension_level":3}}