{"host":"o98f72bjn8jxgroo","time":1611364380,"event":{"mods":["Act Like it!","BaseMod","ChefMod","Dio Mod","Fox Events","GifTheSpireLib","Jedi Mod","Minty Spire (QoL Compilation)","Relic Stats","Replay The Spire","Spicy Shops","Spire Arcade","StSLib","The Blackbeard","The Saiyan","??????REMEMod"],"gold_per_floor":[87,12,112,16,91,122,122,152,152,152,152,208,208,223,223,354,354,389,488,488,7,7,7,7,7,30,30,374,374,374,374,374,374,374,374,334,334,334,334,334,334,334,334,334,334,32,32,32,32,32],"floor_reached":51,"language":"PTB","playtime":3356,"items_purged":["Normality","Clumsy"],"score":806,"play_id":"05cf9f8d-9d45-47c6-8e4a-3507aea8defe","local_time":"20210122231300","is_ascension_mode":false,"campfire_choices":[{"data":"REME_BattleFury","floor":7.0,"key":"SMITH"},{"data":"Saiyan:TurtleShell","floor":11.0,"key":"SMITH"},{"data":"Saiyan:EnergyBlast","floor":15.0,"key":"SMITH"},{"data":"Mayhem","floor":23.0,"key":"SMITH"},{"data":"Saiyan:MajinSeal","floor":32.0,"key":"SMITH"},{"data":"Saiyan:SuperSaiyanForm","floor":40,"key":"SMITH"},{"data":"Pot Of Greed","floor":42,"key":"SMITH"},{"data":"Pot Of Greed","floor":44,"key":"SMITH"},{"floor":49,"key":"RECALL"}],"circlet_count":1,"master_deck":["Saiyan:SAIYA_Strike+1","Saiyan:SAIYA_Strike+1","Saiyan:SAIYA_Strike+1","Saiyan:SAIYA_Strike+1","Saiyan:SAIYA_Defend+1","Saiyan:SAIYA_Defend+1","Saiyan:SAIYA_Defend+1","Saiyan:SAIYA_Defend+1","Saiyan:EnergyBlast+1","Saiyan:KaioKen","Saiyan:RuthlessBlow+1","REME_BattleFury+1","Secret Weapon","Saiyan:TurtleShell+1","Finesse","Saiyan:Kienzan","Saiyan:FingerParry","Saiyan:TurtleShell","Saiyan:BigBangAttack","HandOfGreed","Saiyan:ExpandingShockwave","Saiyan:TransfigurationBeam+1","Saiyan:GhostAttack","Saiyan:FinalFlash+1","Pot Of Greed+1","Pot Of Greed+1","Pot Of Greed+1","Mayhem+1","ReplayTheSpireMod:Private Reserves+1","Saiyan:SuperSaiyanForm+1","Saiyan:MajinSeal+1","Saiyan:GhostAttack","Saiyan:Planning","Saiyan:DragonRadar","Saiyan:DragonRadar","Parasite","Saiyan:MindBoom","Pot Of Greed","Saiyan:MonkeyTail"],"relics":["SaiyanSoul","SaiyanHeart","REME_ComplimentaryCards","BargainBundle","HornCleat","Juzu Bracelet","Toolbox","StrikeDummy","Bottled Tornado","Bloody Idol","Circlet","jedi:heavyjacket","Ring of Chaos","CaptainsWheel","Membership Card","Grinning Jar","ReplayTheSpireMod:ShopPack","Garlic","Replay:Baseball","Nunchaku","jedi:ominousloannote","Centennial Puzzle","jedi:zontanonomicon","ReplayTheSpireMod:Lightbulb","Cursed Key","ReplayTheSpireMod:Ring of Collecting","Counterbalance","Replay:Wax Seal","Ring of Misfortune","REME_LimitBreaker","Frozen Eye","Torii","ReplayTheSpireMod:Shallot"],"acts_visited":["Exordium","TheCity","TheBeyond"],"potions_floor_usage":[50,50],"damage_taken":[{"damage":2.0,"enemies":"Cultist","floor":1.0,"turns":3.0},{"damage":9.0,"enemies":"Jaw Worm","floor":6.0,"turns":2.0},{"damage":0.0,"enemies":"2 Louse","floor":8.0,"turns":2.0},{"damage":0.0,"enemies":"Gremlin Nob","floor":12.0,"turns":3.0},{"damage":0.0,"enemies":"Large Slime","floor":14.0,"turns":3.0},{"damage":0.0,"enemies":"Slime Boss","floor":16.0,"turns":5.0},{"damage":2.0,"enemies":"3 Byrds","floor":18.0,"turns":4.0},{"damage":0.0,"enemies":"Gremlin Leader","floor":31.0,"turns":7.0},{"damage":10.0,"enemies":"Automaton","floor":33.0,"turns":9.0},{"damage":0.0,"enemies":"3 Shapes","floor":35.0,"turns":4.0},{"damage":0.0,"enemies":"2 Orb Walkers","floor":38.0,"turns":4.0},{"damage":0,"enemies":"Orb Walker","floor":39,"turns":4},{"damage":0,"enemies":"R_Hoarder","floor":41,"turns":7},{"damage":0,"enemies":"Sphere and 2 Shapes","floor":47,"turns":3},{"damage":11,"enemies":"Replay:Hell Engine","floor":50,"turns":6}],"seed_played":"-8931149761676529200","potions_obtained":[{"floor":16.0,"key":"Doom Potion"},{"floor":25.0,"key":"jedi:tentaclejuice"},{"floor":25.0,"key":"jedi:mysterypotion"}],"is_trial":false,"path_per_floor":["M","$","?","$","?","M","R","M","T","?","R","E","?","M","R","B",null,"M","?","?","$","?","R","?","?","T","?","$","?","?","E","R","B",null,"M","?","?","?","M","R","E","R","T","R","?","$","M","?","R","B",null],"character_chosen":"SAIYAJIN","items_purchased":["BargainBundle","HornCleat","Juzu Bracelet","Toolbox","StrikeDummy","Finesse","Saiyan:Kienzan","Saiyan:FingerParry","Saiyan:TurtleShell","Bottled Tornado","Saiyan:BigBangAttack","HandOfGreed","Dexterity Potion","Strength Potion","DistilledChaos","Membership Card","Grinning Jar","ReplayTheSpireMod:ShopPack","Garlic","Replay:Baseball","jedi:ominousloannote","Centennial Puzzle","Saiyan:SuperSaiyanForm","Frozen Eye","Saiyan:MindBoom","Torii"],"campfire_rested":0,"item_purchase_floors":[4,4,4,4,4,4,4,4,4,4,4,4,4,4,4,21,21,21,21,21,28,28,28,46,46,46],"current_hp_per_floor":[59,59,59,59,53,45,45,46,46,31,31,41,41,42,42,57,66,65,65,59,59,59,59,59,59,64,64,67,77,61,77,77,70,80,81,81,81,83,84,84,85,85,85,85,85,85,88,88,88,78],"gold":32,"neow_bonus":"RANDOM_COLORLESS_2","is_daily":false,"chose_seed":false,"campfire_upgraded":8,"win_rate":0.0,"timestamp":1611364380,"path_taken":["M","$","?","$","?","M","R","M","T","?","R","E","?","M","R","BOSS","M","?","?","?","?","R","?","?","T","?","?","?","?","E","R","BOSS","M","?","?","?","M","R","E","R","T","R","?","?","M","?","R","BOSS"],"items_purchased_type":["Relic","Relic","Relic","Relic","Relic","Card","Card","Card","Card","Relic","Card","Card","Potion","Potion","Potion","Relic","Relic","Relic","Relic","Relic","Relic","Relic","Card","Relic","Card","Relic"],"build_version":"2020-12-22","purchased_purges":2,"victory":true,"max_hp_per_floor":[61,61,61,61,61,62,62,63,63,63,63,64,64,65,65,66,66,67,67,67,67,67,67,67,67,67,67,67,77,77,78,78,80,80,81,81,81,83,84,84,85,85,85,85,85,85,88,88,88,89],"relic_stats":{"Nunchaku":[11],"Centennial Puzzle":[6],"Torii":0,"counters":[15,66],"Bloody Idol":8,"Juzu Bracelet":7,"Cursed Key":1,"obtain_stats":[{"Torii":46,"jedi:zontanonomicon":30,"Juzu Bracelet":4,"Bottled Tornado":4,"Cursed Key":34,"BranchBurnRelic":11,"Frozen Eye":46,"Nunchaku":26,"Centennial Puzzle":28,"HornCleat":4,"Toolbox":4,"Replay:Wax Seal":41,"BargainBundle":4,"Golden Idol":10,"Dead Branch":9,"Counterbalance":38,"Circlet":0,"Ring of Chaos":17,"SaiyanHeart":0,"REME_LimitBreaker":43,"jedi:heavyjacket":12,"CaptainsWheel":20,"Replay:Baseball":21,"ReplayTheSpireMod:Shallot":48,"jedi:ominousloannote":28,"Bloody Idol":24,"ReplayTheSpireMod:Ring of Collecting":37,"Ring of Misfortune":43,"SaiyanSoul":0,"Garlic":21,"Membership Card":21,"Grinning Jar":21,"StrikeDummy":4,"ReplayTheSpireMod:Lightbulb":31,"REME_ComplimentaryCards":0,"ReplayTheSpireMod:ShopPack":21},{"Torii":13,"jedi:zontanonomicon":7,"Juzu Bracelet":1,"Bottled Tornado":1,"Cursed Key":9,"BranchBurnRelic":3,"Frozen Eye":13,"Nunchaku":7,"Centennial Puzzle":7,"HornCleat":1,"Toolbox":1,"Replay:Wax Seal":13,"BargainBundle":1,"Golden Idol":3,"Dead Branch":3,"Counterbalance":11,"Circlet":0,"Ring of Chaos":6,"SaiyanHeart":0,"REME_LimitBreaker":13,"jedi:heavyjacket":4,"CaptainsWheel":7,"Replay:Baseball":7,"ReplayTheSpireMod:Shallot":14,"jedi:ominousloannote":7,"Bloody Idol":7,"ReplayTheSpireMod:Ring of Collecting":10,"Ring of Misfortune":13,"SaiyanSoul":0,"Garlic":7,"Membership Card":7,"Grinning Jar":7,"StrikeDummy":1,"ReplayTheSpireMod:Lightbulb":8,"REME_ComplimentaryCards":0,"ReplayTheSpireMod:ShopPack":7},{"Torii":57,"jedi:zontanonomicon":22,"Juzu Bracelet":3,"Bottled Tornado":3,"Cursed Key":38,"BranchBurnRelic":7,"Frozen Eye":57,"Nunchaku":22,"Centennial Puzzle":22,"HornCleat":3,"Toolbox":3,"Replay:Wax Seal":57,"BargainBundle":3,"Golden Idol":7,"Dead Branch":7,"Counterbalance":46,"Circlet":0,"Ring of Chaos":18,"SaiyanHeart":0,"REME_LimitBreaker":57,"jedi:heavyjacket":10,"CaptainsWheel":22,"Replay:Baseball":22,"ReplayTheSpireMod:Shallot":60,"jedi:ominousloannote":22,"Bloody Idol":22,"ReplayTheSpireMod:Ring of Collecting":42,"Ring of Misfortune":57,"SaiyanSoul":0,"Garlic":22,"Membership Card":22,"Grinning Jar":22,"StrikeDummy":3,"ReplayTheSpireMod:Lightbulb":29,"REME_ComplimentaryCards":0,"ReplayTheSpireMod:ShopPack":22}]},"card_choices":[{"not_picked":["Crow Ritual","The Bomb"],"picked":"REME_BattleFury","floor":0.0},{"not_picked":["Saiyan:DoubleMasenko","Saiyan:PlotArmor"],"picked":"Saiyan:TurtleShell","floor":1.0},{"not_picked":["Saiyan:ExtremeSpeed","Saiyan:BigBangAttack"],"picked":"Saiyan:ExpandingShockwave","floor":6.0},{"not_picked":["Saiyan:BurningSoul","Saiyan:Honing","Saiyan:Twize"],"picked":"SKIP","floor":8.0},{"not_picked":["Saiyan:Makankosappo","Saiyan:BigBangAttack"],"picked":"Saiyan:TransfigurationBeam","floor":12.0},{"not_picked":["Saiyan:Honing","Saiyan:KiExplosion","Saiyan:Reset"],"picked":"SKIP","floor":14.0},{"not_picked":["Saiyan:MajinSeal","Saiyan:SolarFlare"],"picked":"Saiyan:GhostAttack","floor":16.0},{"not_picked":["Saiyan:PlotArmor+1","Saiyan:DoubleMasenko"],"picked":"Saiyan:FinalFlash+1","floor":18.0},{"not_picked":["HandOfGreed","REME_AllRoundStrike"],"picked":"jedi:LeechingStrike","floor":21.0},{"not_picked":["Flash of Steel","Replay:Sssssssssshield"],"picked":"Mayhem","floor":21.0},{"not_picked":["Finesse","REME_AllRoundStrike"],"picked":"ReplayTheSpireMod:Private Reserves","floor":21.0},{"not_picked":["Saiyan:Twize","Saiyan:Teleport+1"],"picked":"Saiyan:MajinSeal","floor":31.0},{"not_picked":["Saiyan:SuperSaiyanThree","Saiyan:SenzuBean"],"picked":"Saiyan:GhostAttack","floor":33.0},{"not_picked":["Saiyan:Pacing+1","Saiyan:Medicine"],"picked":"Saiyan:Planning","floor":35.0},{"not_picked":["Saiyan:KiExplosion","Saiyan:PlotArmor+1"],"picked":"Saiyan:DragonRadar","floor":39},{"not_picked":["Saiyan:PressOn+1","Saiyan:ConcussiveBlow"],"picked":"Saiyan:DragonRadar","floor":41},{"not_picked":["Saiyan:Honing","Saiyan:PowerUp+1"],"picked":"Saiyan:MonkeyTail","floor":47}],"player_experience":362347,"relics_obtained":[{"floor":9.0,"key":"Dead Branch"},{"floor":12.0,"key":"jedi:heavyjacket"},{"floor":26.0,"key":"Nunchaku"},{"floor":30.0,"key":"jedi:zontanonomicon"},{"floor":31.0,"key":"ReplayTheSpireMod:Lightbulb"},{"floor":37.0,"key":"ReplayTheSpireMod:Ring of Collecting"},{"floor":38.0,"key":"Counterbalance"},{"floor":41,"key":"Replay:Wax Seal"},{"floor":43,"key":"Ring of Misfortune"},{"floor":43,"key":"REME_LimitBreaker"}],"event_choices":[{"damage_healed":0.0,"max_hp_gain":0.0,"max_hp_loss":0.0,"gold_gain":100.0,"event_name":"Golden Shrine","player_choice":"Pray","floor":3.0,"gold_loss":0.0,"damage_taken":0.0},{"damage_healed":0.0,"max_hp_gain":0.0,"max_hp_loss":0.0,"gold_gain":75.0,"event_name":"FaceTrader","player_choice":"Touch","floor":5.0,"gold_loss":0.0,"damage_taken":6.0},{"damage_healed":0.0,"max_hp_gain":0.0,"max_hp_loss":0.0,"gold_gain":0.0,"event_name":"Golden Idol","player_choice":"Take Damage","floor":10.0,"gold_loss":0.0,"damage_taken":15.0,"relics_obtained":["Golden Idol"]},{"damage_healed":0.0,"max_hp_gain":0.0,"max_hp_loss":0.0,"gold_gain":0.0,"event_name":"Living Wall","player_choice":"Grow","floor":13.0,"gold_loss":0.0,"damage_taken":0.0,"cards_upgraded":["Saiyan:TransfigurationBeam"]},{"damage_healed":0.0,"max_hp_gain":0.0,"max_hp_loss":0.0,"gold_gain":99.0,"event_name":"Nest","player_choice":"Stole From Cult","floor":19.0,"gold_loss":0.0,"damage_taken":0.0},{"damage_healed":0.0,"max_hp_gain":0.0,"max_hp_loss":0.0,"gold_gain":0.0,"event_name":"blackbeard:ShipwreckEvent","player_choice":"CaptainsWheel","floor":20.0,"gold_loss":0.0,"damage_taken":0.0,"relics_obtained":["CaptainsWheel"]},{"damage_healed":0.0,"max_hp_gain":0.0,"max_hp_loss":0.0,"gold_gain":0.0,"event_name":"Back to Basics","player_choice":"Simplicity","floor":22.0,"gold_loss":0.0,"damage_taken":0.0,"cards_upgraded":["Saiyan:SAIYA_Strike","Saiyan:SAIYA_Strike","Saiyan:SAIYA_Strike","Saiyan:SAIYA_Strike","Saiyan:SAIYA_Defend","Saiyan:SAIYA_Defend","Saiyan:SAIYA_Defend","Saiyan:SAIYA_Defend"]},{"damage_healed":0.0,"max_hp_gain":0.0,"max_hp_loss":0.0,"gold_gain":0.0,"event_name":"Forgotten Altar","player_choice":"Gave Idol","floor":24.0,"relics_lost":["Golden Idol"],"gold_loss":0.0,"damage_taken":0.0,"relics_obtained":["Bloody Idol"]},{"damage_healed":0.0,"max_hp_gain":0.0,"max_hp_loss":0.0,"gold_gain":0.0,"event_name":"Lab","player_choice":"Got Potions","floor":25.0,"gold_loss":0.0,"damage_taken":0.0},{"damage_healed":0.0,"max_hp_gain":0.0,"max_hp_loss":0.0,"gold_gain":0.0,"event_name":"Upgrade Shrine","player_choice":"Upgraded","floor":27.0,"gold_loss":0.0,"damage_taken":0.0,"cards_upgraded":["ReplayTheSpireMod:Private Reserves"]},{"cards_removed":["jedi:LeechingStrike"],"damage_healed":0.0,"max_hp_gain":10.0,"max_hp_loss":0.0,"gold_gain":0.0,"event_name":"Bonfire Elementals","player_choice":"Offered Rare","floor":29.0,"gold_loss":0.0,"damage_taken":0.0},{"damage_healed":0.0,"max_hp_gain":0.0,"max_hp_loss":0.0,"gold_gain":0.0,"event_name":"Cursed Tome","player_choice":"Obtained Book","floor":30.0,"gold_loss":0.0,"damage_taken":16.0},{"damage_healed":0.0,"max_hp_gain":0.0,"max_hp_loss":0.0,"gold_gain":0.0,"event_name":"Designer","player_choice":"Upgraded Two","floor":36.0,"gold_loss":40.0,"damage_taken":0.0,"cards_upgraded":["Saiyan:RuthlessBlow","Pot Of Greed"]},{"damage_healed":0.0,"max_hp_gain":0.0,"max_hp_loss":0.0,"gold_gain":0.0,"event_name":"Mysterious Sphere","player_choice":"Fight","floor":38.0,"gold_loss":0.0,"damage_taken":0.0}],"is_beta":false,"boss_relics":[{"not_picked":["Empty Cage","REME_DemonsWealth"],"picked":"Ring of Chaos"},{"not_picked":["jedi:hotpepper","Fusion Hammer"],"picked":"Cursed Key"}],"items_purged_floors":[2,21],"is_endless":false,"potions_floor_spawned":[6,14,16,18,38],"ascension_level":0}}