{"host":"f0gpob8hq9vgebej","time":1611382669,"event":{"mods":["AchievementEnabler","BaseMod","Minty Spire (QoL Compilation)","Quick Restart","SuperFastMode"],"gold_per_floor":[116,126,126,145,1,1,1,1,1,101,130,146,146,180,180,278,278,296,148,73,92,92,127,127,158,240,252,1,17,33,60,60,156,156,175,175,192,42,42,42,72,72,72,72,83,83,83,117,117,117],"floor_reached":51,"language":"KOR","playtime":1423,"items_purged":["Strike_R","Strike_R","Strike_R","Anger"],"score":1372,"play_id":"6eb265be-454b-414e-b7c6-7551e81e195c","local_time":"20210123151749","is_ascension_mode":true,"campfire_choices":[{"data":"Uppercut","floor":6.0,"key":"SMITH"},{"data":"Whirlwind","floor":8.0,"key":"SMITH"},{"data":"Pommel Strike","floor":13.0,"key":"SMITH"},{"data":"Sentinel","floor":15,"key":"SMITH"},{"data":"Corruption","floor":24,"key":"SMITH"},{"floor":32,"key":"REST"},{"data":"Body Slam","floor":40,"key":"SMITH"},{"data":"Jack Of All Trades","floor":42,"key":"SMITH"},{"floor":46,"key":"REST"},{"floor":49,"key":"REST"}],"circlet_count":0,"master_deck":["AscendersBane","Defend_R","Defend_R","Defend_R","Defend_R+1","Bash","Whirlwind+1","Uppercut+1","Offering","Sentinel+1","Corruption+1","CurseOfTheBell","Pummel","Shrug It Off","True Grit","Double Tap","Battle Trance","Body Slam+1","Dark Embrace","Bloodletting","Offering","Jack Of All Trades+1","Body Slam+1","Shrug It Off"],"relics":["Burning Blood","Du-Vu Doll","Self Forming Clay","Dead Branch","Calling Bell","Toy Ornithopter","Matryoshka","Unceasing Top","Bag of Preparation","Gremlin Horn","Ancient Tea Set","Sundial","Red Mask","Sozu","Molten Egg 2","Blood Vial","Darkstone Periapt","Letter Opener"],"acts_visited":["Exordium","TheCity","TheBeyond"],"potions_floor_usage":[16,22,23],"damage_taken":[{"damage":1.0,"enemies":"Cultist","floor":1.0,"turns":4.0},{"damage":2.0,"enemies":"Jaw Worm","floor":2.0,"turns":3.0},{"damage":3.0,"enemies":"Small Slimes","floor":4.0,"turns":5.0},{"damage":22.0,"enemies":"3 Sentries","floor":11.0,"turns":3.0},{"damage":5.0,"enemies":"Red Slaver","floor":12.0,"turns":3.0},{"damage":15,"enemies":"Gremlin Nob","floor":14,"turns":3},{"damage":15,"enemies":"Hexaghost","floor":16,"turns":9},{"damage":7,"enemies":"3 Byrds","floor":18,"turns":4},{"damage":18,"enemies":"2 Thieves","floor":21,"turns":3},{"damage":6,"enemies":"Shelled Parasite and Fungi","floor":22,"turns":2},{"damage":36,"enemies":"Book of Stabbing","floor":23,"turns":6},{"damage":21,"enemies":"Slavers","floor":25,"turns":5},{"damage":6,"enemies":"3 Cultists","floor":27,"turns":4},{"damage":0,"enemies":"Snake Plant","floor":29,"turns":2},{"damage":7,"enemies":"Snecko","floor":30,"turns":3},{"damage":65,"enemies":"Masked Bandits","floor":31,"turns":4},{"damage":10,"enemies":"Collector","floor":33,"turns":5},{"damage":33,"enemies":"3 Shapes","floor":35,"turns":5},{"damage":6,"enemies":"3 Darklings","floor":37,"turns":1},{"damage":13,"enemies":"Giant Head","floor":41,"turns":4},{"damage":25,"enemies":"Spire Growth","floor":45,"turns":3},{"damage":9,"enemies":"Nemesis","floor":48,"turns":3},{"damage":15,"enemies":"Awakened One","floor":50,"turns":2}],"seed_played":"4219324255195578852","potions_obtained":[{"floor":1.0,"key":"PowerPotion"},{"floor":11.0,"key":"SmokeBomb"},{"floor":18,"key":"Explosive Potion"},{"floor":27,"key":"FairyPotion"}],"is_trial":false,"path_per_floor":["M","M","?","M","$","R","?","R","T","?","E","M","R","E","R","B",null,"M","$","?","M","M","E","R","E","T","M","$","M","M","?","R","B",null,"M","?","M","$","?","R","E","R","T","$","M","R","?","E","R","B",null],"character_chosen":"IRONCLAD","items_purchased":["Offering","Shrug It Off","Body Slam","Dark Embrace"],"campfire_rested":3,"item_purchase_floors":[5,19,28,28],"current_hp_per_floor":[85,88,88,88,88,88,70,70,70,70,54,55,55,46,46,37,75,74,74,74,62,67,42,42,27,27,27,27,33,32,12,38,34,75,48,48,48,48,48,48,41,41,41,41,24,50,50,49,75,68],"gold":117,"neow_bonus":"TEN_PERCENT_HP_BONUS","is_daily":false,"chose_seed":false,"campfire_upgraded":7,"win_rate":0.0,"timestamp":1611382669,"path_taken":["M","M","?","M","$","R","?","R","T","?","E","M","R","E","R","BOSS","M","$","?","M","M","E","R","E","T","M","$","M","M","?","R","BOSS","M","?","M","$","?","R","E","R","T","$","M","R","?","E","R","BOSS"],"items_purchased_type":["Card","Card","Card","Card"],"build_version":"2020-12-22","purchased_purges":4,"victory":true,"max_hp_per_floor":[88,88,88,88,88,88,88,88,88,88,88,88,88,88,88,88,88,88,88,88,88,88,88,88,88,88,88,88,88,88,88,88,88,88,88,88,88,88,88,88,88,88,88,88,88,88,88,88,88,88],"card_choices":[{"not_picked":["Twin Strike","Combust"],"picked":"Pommel Strike","floor":1.0},{"not_picked":["Searing Blow","Armaments"],"picked":"Whirlwind","floor":2.0},{"not_picked":["Heavy Blade","Clothesline"],"picked":"Uppercut","floor":4.0},{"not_picked":["Twin Strike","Anger","Wild Strike"],"picked":"SKIP","floor":11.0},{"not_picked":["Disarm","Anger","Pommel Strike"],"picked":"SKIP","floor":12.0},{"not_picked":["Heavy Blade","Armaments"],"picked":"Sentinel","floor":14},{"not_picked":["Juggernaut","Offering"],"picked":"Corruption","floor":16},{"not_picked":["Wild Strike","Clothesline"],"picked":"Pummel","floor":18},{"not_picked":["Rampage","Pummel"],"picked":"True Grit","floor":21},{"not_picked":["Clash","Dropkick"],"picked":"Double Tap","floor":23},{"not_picked":["Iron Wave","Armaments"],"picked":"Battle Trance","floor":25},{"not_picked":["Dropkick","Evolve","Iron Wave"],"picked":"SKIP","floor":27},{"not_picked":["Rampage","Rupture+1","Dark Embrace"],"picked":"SKIP","floor":29},{"not_picked":["Clothesline","Armaments"],"picked":"Bloodletting","floor":30},{"not_picked":["Brutality","Exhume"],"picked":"Offering","floor":33},{"not_picked":["Cleave+1","Pommel Strike","Armaments"],"picked":"SKIP","floor":35},{"not_picked":["Combust","Flex","Heavy Blade"],"picked":"SKIP","floor":37},{"not_picked":["Blind","Forethought"],"picked":"Jack Of All Trades","floor":39},{"not_picked":["Twin Strike+1","Headbutt+1","Second Wind"],"picked":"SKIP","floor":41},{"not_picked":["Twin Strike+1","Sever Soul+1"],"picked":"Body Slam+1","floor":45},{"not_picked":["Rage","Rampage+1","Sword Boomerang+1"],"picked":"SKIP","floor":48}],"player_experience":231944,"relics_obtained":[{"floor":9.0,"key":"Du-Vu Doll"},{"floor":11.0,"key":"Self Forming Clay"},{"floor":14,"key":"Dead Branch"},{"floor":17,"key":"Toy Ornithopter"},{"floor":17,"key":"Matryoshka"},{"floor":17,"key":"Unceasing Top"},{"floor":23,"key":"Bag of Preparation"},{"floor":25,"key":"Gremlin Horn"},{"floor":26,"key":"Ancient Tea Set"},{"floor":26,"key":"Sundial"},{"floor":31,"key":"Red Mask"},{"floor":41,"key":"Molten Egg 2"},{"floor":43,"key":"Blood Vial"},{"floor":43,"key":"Darkstone Periapt"},{"floor":48,"key":"Letter Opener"}],"event_choices":[{"damage_healed":0.0,"max_hp_gain":0.0,"max_hp_loss":0.0,"gold_gain":0.0,"event_name":"Liars Game","player_choice":"Ignored","floor":3.0,"gold_loss":0.0,"damage_taken":0.0},{"damage_healed":0.0,"max_hp_gain":0.0,"max_hp_loss":0.0,"gold_gain":0.0,"event_name":"Shining Light","player_choice":"Entered Light","floor":7.0,"gold_loss":0.0,"damage_taken":18.0,"cards_upgraded":["Defend_R","Strike_R"]},{"damage_healed":0.0,"max_hp_gain":0.0,"max_hp_loss":0.0,"gold_gain":100.0,"event_name":"Golden Shrine","player_choice":"Pray","floor":10.0,"gold_loss":0.0,"damage_taken":0.0},{"cards_removed":["Strike_R"],"damage_healed":0,"gold_gain":0,"player_choice":"Gave Gold","damage_taken":0,"max_hp_gain":0,"max_hp_loss":0,"event_name":"Beggar","floor":20,"gold_loss":75},{"damage_healed":0,"gold_gain":0,"player_choice":"Fought Bandits","damage_taken":0,"max_hp_gain":0,"max_hp_loss":0,"event_name":"Masked Bandits","floor":31,"gold_loss":0},{"cards_removed":["Pommel Strike"],"damage_healed":0,"gold_gain":0,"player_choice":"Removed Attack","damage_taken":0,"max_hp_gain":0,"max_hp_loss":0,"event_name":"Falling","floor":36,"gold_loss":0},{"damage_healed":0,"gold_gain":0,"player_choice":"Memory 1","damage_taken":0,"max_hp_gain":0,"max_hp_loss":0,"event_name":"SensoryStone","floor":39,"gold_loss":0},{"damage_healed":0,"gold_gain":0,"cards_transformed":["Strike_R"],"player_choice":"Transformed","damage_taken":0,"max_hp_gain":0,"max_hp_loss":0,"event_name":"Transmorgrifier","floor":47,"gold_loss":0,"cards_obtained":["Shrug It Off"]}],"is_beta":false,"boss_relics":[{"not_picked":["Snecko Eye","Pandora\u0027s Box"],"picked":"Calling Bell"},{"not_picked":["Runic Dome","Fusion Hammer"],"picked":"Sozu"}],"items_purged_floors":[5,19,28,38],"is_endless":false,"potions_floor_spawned":[1,11,18,21,27,35,48],"ascension_level":12}}