{"host":"dv29tre2e7vje47n","time":1611405971,"event":{"mods":["AchievementEnabler","BaseMod","Colored Map","Colored Powertips","DeckTracker","Displayed Cursed Tome","Downfall","Friendly Minions","Googly Eyes","Highlight Path","Key Reminder","Minty Spire (QoL Compilation)","Quick Restart","Random Character Button","Rare Cards Sparkle","Relic Sorter","Relic Stats","Spire Birthday Party","StSLib","SuperFastMode","Unceasing Turn Reminder"],"gold_per_floor":[99,99,99,99,99,133,212,227,252,252,285,13,13,30,48,48,48,48],"floor_reached":16,"language":"ENG","playtime":720,"items_purged":[],"score":122,"play_id":"d2c456ca-0830-48f2-992e-9e947dc7f8a3","local_time":"20210123134611","is_ascension_mode":true,"campfire_choices":[{"data":"sneckomod:TailWhip","floor":1.0,"key":"SMITH"}],"circlet_count":0,"master_deck":["sneckomod:Strike+1","sneckomod:Strike+1","sneckomod:Defend","sneckomod:Defend","sneckomod:Defend","sneckomod:TailWhip+1","sneckomod:SnekBite","sneckomod:Unknown","sneckomod:Unknown","sneckomod:SnakeSap","sneckomod:UnknownExhaust","sneckomod:UnknownDraw","sneckomod:UnknownX","sneckomod:UnknownUncommonAttack","sneckomod:IronFang","sneckomod:ImprovisedGuard","sneckomod:PureSnecko","sneckomod:Transmogrify","sneckomod:WideSting"],"relics":["sneckomod:SneckoSoul","downfall:HeartsMalice","Potion Belt","Whetstone","downfall:BrokenWingStatue","Ornamental Fan","Orichalcum"],"acts_visited":["Exordium"],"potions_floor_usage":[],"damage_taken":[{"damage":0.0,"enemies":"Small Slimes","floor":2.0,"turns":1.0},{"damage":0.0,"enemies":"Cultist","floor":3.0,"turns":1.0},{"damage":0.0,"enemies":"2 Louse","floor":5.0,"turns":1.0},{"damage":10.0,"enemies":"Gremlin Nob","floor":6.0,"turns":3.0},{"damage":7.0,"enemies":"Exordium Thugs","floor":8.0,"turns":3.0},{"damage":14.0,"enemies":"3 Sentries","floor":9.0,"turns":6.0},{"damage":24.0,"enemies":"Lagavulin","floor":11.0,"turns":5.0},{"damage":0.0,"enemies":"downfall:FleeingMerchant","floor":12.0,"turns":4.0},{"damage":0.0,"enemies":"3 Louse","floor":14.0,"turns":4.0},{"damage":6.0,"enemies":"Large Slime","floor":15.0,"turns":6.0},{"damage":73,"enemies":"IC_STATUS_ARCHETYPE","floor":16,"turns":13}],"seed_played":"1635781659278441092","potions_obtained":[{"floor":4.0,"key":"SteroidPotion"},{"floor":4.0,"key":"ColorlessPotion"},{"floor":4.0,"key":"Fruit Juice"},{"floor":6.0,"key":"Strength Potion"},{"floor":8.0,"key":"Swift Potion"},{"floor":11.0,"key":"LiquidBronze"}],"is_trial":false,"path_per_floor":["R","M","M","?","M","E","T","M","E","?","E","$","?","M","M","B"],"character_chosen":"THE_SNECKO","items_purchased":["Ornamental Fan"],"campfire_rested":0,"item_purchase_floors":[12],"current_hp_per_floor":[90,90,90,95,95,85,85,78,64,64,52,52,52,52,58,0,0,0],"gold":48,"neow_bonus":"THREE_ENEMY_KILL","is_daily":false,"chose_seed":false,"campfire_upgraded":1,"win_rate":0.0,"timestamp":1611405971,"path_taken":["R","M","M","?","M","E","T","?","E","?","E","$","?","?","M","BOSS"],"items_purchased_type":["Relic"],"build_version":"2020-12-22","purchased_purges":0,"victory":false,"max_hp_per_floor":[90,90,90,95,95,95,95,95,95,95,95,95,95,95,95,95,95,95],"relic_stats":{"counters":[11,44],"Ornamental Fan":[24],"Whetstone":["sneckomod:Strike","sneckomod:Strike"],"Orichalcum":[36],"obtain_stats":[{"Potion Belt":6,"downfall:BrokenWingStatue":10,"Ornamental Fan":12,"downfall:HeartsMalice":0,"Whetstone":9,"Orichalcum":11,"sneckomod:SneckoSoul":0,"Meat on the Bone":7},{"Potion Belt":4,"downfall:BrokenWingStatue":6,"Ornamental Fan":8,"downfall:HeartsMalice":0,"Whetstone":6,"Orichalcum":7,"sneckomod:SneckoSoul":0,"Meat on the Bone":4},{"Potion Belt":3,"downfall:BrokenWingStatue":12,"Ornamental Fan":21,"downfall:HeartsMalice":0,"Whetstone":12,"Orichalcum":17,"sneckomod:SneckoSoul":0,"Meat on the Bone":3}]},"card_choices":[{"not_picked":["sneckomod:IronFang","sneckomod:MasterEye"],"picked":"sneckomod:SnakeSap","floor":2.0},{"not_picked":["sneckomod:QuickMove","sneckomod:DiceBoulder"],"picked":"sneckomod:UnknownExhaust","floor":3.0},{"not_picked":["sneckomod:UnknownExhaust","sneckomod:DefensiveFlair"],"picked":"sneckomod:UnknownDraw","floor":5.0},{"not_picked":["sneckomod:PureSnecko","sneckomod:UnknownExhaust"],"picked":"sneckomod:UnknownX","floor":6.0},{"not_picked":["sneckomod:SoulCleanse","sneckomod:RainOfDice"],"picked":"sneckomod:UnknownUncommonAttack","floor":8.0},{"not_picked":["sneckomod:SoulDraw","sneckomod:Memorize"],"picked":"sneckomod:IronFang","floor":9.0},{"not_picked":["sneckomod:UnknownWeak","sneckomod:SoulRoll"],"picked":"sneckomod:ImprovisedGuard","floor":11.0},{"not_picked":["sneckomod:SoulRoll","sneckomod:DiceBoulder"],"picked":"sneckomod:PureSnecko","floor":12.0},{"not_picked":["sneckomod:IronFang","sneckomod:DiceBlock"],"picked":"sneckomod:Transmogrify","floor":14.0},{"not_picked":["sneckomod:SoulCleanse","sneckomod:UnknownDraw"],"picked":"sneckomod:WideSting","floor":15}],"player_experience":119932,"relics_obtained":[{"floor":6.0,"key":"Potion Belt"},{"floor":7.0,"key":"Meat on the Bone"},{"floor":9.0,"key":"Whetstone"},{"floor":11.0,"key":"Orichalcum"},{"floor":15,"key":"Orichalcum"}],"event_choices":[{"damage_healed":0.0,"max_hp_gain":0.0,"max_hp_loss":0.0,"gold_gain":0.0,"event_name":"Lab","player_choice":"Got Potions","floor":4.0,"gold_loss":0.0,"damage_taken":0.0}],"is_beta":false,"boss_relics":[],"items_purged_floors":[],"is_endless":false,"potions_floor_spawned":[6,8,11],"killed_by":"IC_STATUS_ARCHETYPE","ascension_level":1}}