{"host":"bq4pt811tk9yrmjl","time":1611410021,"event":{"mods":["AchievementEnabler","BaseMod","Colored Map","Colored Powertips","Defuse TimeMaze Blight","Hermit","Minty Spire (QoL Compilation)","StSLib","SuperFastMode"],"gold_per_floor":[119,119,294,309,309,341,341,367,367,367,385,405,431,447,447,549,549,569,569,582,6,22,22,50,50,50,68,83,83,83,96,96,198,198,217,217,217,217,237,237,268,268,291,311,5,5,5,5,5,5,5,5,5,5,5],"floor_reached":54,"language":"ENG","playtime":1394,"items_purged":[],"score":764,"play_id":"4a2abafc-466e-4c04-a4c1-6e0b1018acb6","local_time":"20210123115341","is_ascension_mode":true,"campfire_choices":[{"floor":10.0,"key":"REST"},{"data":"hermit:Maintenance","floor":15.0,"key":"SMITH"},{"data":"Apotheosis","floor":23.0,"key":"SMITH"},{"floor":25.0,"key":"REST"},{"floor":30.0,"key":"REST"},{"floor":32.0,"key":"RECALL"},{"floor":40.0,"key":"REST"},{"data":"hermit:FlashPowder","floor":42.0,"key":"SMITH"},{"data":"hermit:HighNoon","floor":46.0,"key":"SMITH"},{"data":"hermit:Covet","floor":49.0,"key":"SMITH"},{"data":"hermit:Defend_Hermit","floor":52.0,"key":"SMITH"}],"circlet_count":0,"master_deck":["hermit:Strike_Hermit","hermit:Strike_Hermit","hermit:Strike_Hermit+1","hermit:Strike_Hermit","hermit:Defend_Hermit+1","hermit:Defend_Hermit","hermit:Defend_Hermit","hermit:Defend_Hermit","hermit:Snapshot+1","hermit:Covet+1","hermit:Maintenance+1","hermit:HighNoon+1","Apotheosis+1","hermit:FlashPowder+1","CurseOfTheBell","hermit:BodyArmor+1","Madness+1","Madness+1","hermit:HeroicBravado+1","hermit:FullyLoaded+1"],"relics":["hermit:Momento","NeowsBlessing","Meat on the Bone","Vajra","Pantograph","CaptainsWheel","hermit:BartenderGlass","HornCleat","Oddly Smooth Stone","hermit:Horseshoe","Calling Bell","Ancient Tea Set","Toxic Egg 2","Bird Faced Urn","MealTicket","Orichalcum","hermit:RyeStalk","Lee\u0027s Waffle"],"acts_visited":["Exordium","TheCity","TheBeyond","TheEnding"],"potions_floor_usage":[],"damage_taken":[{"damage":0.0,"enemies":"Cultist","floor":1.0,"turns":1.0},{"damage":0.0,"enemies":"2 Louse","floor":4.0,"turns":1.0},{"damage":0.0,"enemies":"3 Sentries","floor":6.0,"turns":1.0},{"damage":36.0,"enemies":"Lagavulin","floor":8.0,"turns":4.0},{"damage":3.0,"enemies":"Small Slimes","floor":11.0,"turns":2.0},{"damage":2.0,"enemies":"3 Louse","floor":12.0,"turns":3.0},{"damage":28.0,"enemies":"Gremlin Nob","floor":13.0,"turns":4.0},{"damage":4.0,"enemies":"Blue Slaver","floor":14.0,"turns":4.0},{"damage":48.0,"enemies":"Hexaghost","floor":16.0,"turns":10.0},{"damage":5.0,"enemies":"Shell Parasite","floor":18.0,"turns":6.0},{"damage":11.0,"enemies":"Chosen","floor":20.0,"turns":5.0},{"damage":1.0,"enemies":"Centurion and Healer","floor":22.0,"turns":8.0},{"damage":54.0,"enemies":"Book of Stabbing","floor":24.0,"turns":7.0},{"damage":0.0,"enemies":"Snecko","floor":27.0,"turns":4.0},{"damage":0.0,"enemies":"3 Cultists","floor":28.0,"turns":5.0},{"damage":1.0,"enemies":"Centurion and Healer","floor":31.0,"turns":7.0},{"damage":66.0,"enemies":"Automaton","floor":33.0,"turns":15.0},{"damage":7.0,"enemies":"3 Darklings","floor":35.0,"turns":7.0},{"damage":1.0,"enemies":"Orb Walker","floor":39.0,"turns":6.0},{"damage":0.0,"enemies":"Nemesis","floor":41.0,"turns":9.0},{"damage":3.0,"enemies":"4 Shapes","floor":44.0,"turns":6.0},{"damage":59.0,"enemies":"Time Eater","floor":50.0,"turns":21.0},{"damage":59,"enemies":"Shield and Spear","floor":54,"turns":7}],"seed_played":"-1009876055003983730","potions_obtained":[{"floor":8.0,"key":"GamblersBrew"},{"floor":13.0,"key":"Swift Potion"},{"floor":14.0,"key":"FearPotion"},{"floor":16.0,"key":"ColorlessPotion"},{"floor":24.0,"key":"FearPotion"},{"floor":33.0,"key":"hermit:BlackBile"},{"floor":41.0,"key":"FairyPotion"}],"is_trial":false,"path_per_floor":["M","$","?","M","?","E","?","E","T","R","M","M","E","M","R","B",null,"M","?","M","$","M","R","E","R","T","M","M","?","R","M","R","B",null,"M","?","?","?","M","R","E","R","T","M","$","R","$","$","R","B",null,"R","$","E"],"character_chosen":"HERMIT","items_purchased":["Apotheosis","HornCleat","Oddly Smooth Stone","hermit:RyeStalk","Lee\u0027s Waffle"],"campfire_rested":4,"item_purchase_floors":[21,21,21,45,45],"current_hp_per_floor":[75,75,75,75,60,60,60,36,36,58,55,53,37,45,45,34,75,70,70,59,59,58,58,16,38,38,38,52,52,74,73,73,21,75,70,70,61,61,62,75,75,75,75,72,82,82,82,82,82,37,82,82,82,25,25],"gold":5,"neow_bonus":"THREE_ENEMY_KILL","is_daily":false,"chose_seed":false,"campfire_upgraded":6,"win_rate":0.0,"timestamp":1611410021,"path_taken":["M","?","?","M","?","E","?","E","T","R","?","?","E","M","R","BOSS","M","?","M","$","M","R","E","R","T","?","M","?","R","M","R","BOSS","M","?","?","?","M","R","E","R","T","M","$","R","?","$","R","BOSS","R","$","E"],"items_purchased_type":["Card","Relic","Relic","Relic","Relic"],"build_version":"2020-12-22","purchased_purges":0,"victory":false,"max_hp_per_floor":[75,75,75,75,75,75,75,75,75,75,75,75,75,75,75,75,75,75,75,75,75,75,75,75,75,75,75,75,75,75,75,75,75,75,75,75,75,75,75,75,75,75,75,75,82,82,82,82,82,82,82,82,82,82,82],"card_choices":[{"not_picked":["hermit:Desperado","hermit:Roulette"],"picked":"hermit:Headshot","floor":1.0},{"not_picked":["hermit:DeadMansHand","hermit:Cheat","hermit:LuckOfTheDraw"],"picked":"SKIP","floor":4.0},{"not_picked":["hermit:DeadMansHand","hermit:ItchyTrigger","hermit:LoneWolf"],"picked":"SKIP","floor":6.0},{"not_picked":["hermit:LuckOfTheDraw","hermit:TrackingShot","hermit:Virtue"],"picked":"SKIP","floor":8.0},{"not_picked":["hermit:FlashPowder","hermit:Brawl"],"picked":"hermit:Maintenance","floor":11.0},{"not_picked":["hermit:FinalCanter","hermit:Horror","hermit:Desperado"],"picked":"SKIP","floor":12.0},{"not_picked":["hermit:TrackingShot","hermit:Combo","hermit:Grudge"],"picked":"SKIP","floor":13.0},{"not_picked":["hermit:SprayPray","hermit:ItchyTrigger","hermit:WideOpen"],"picked":"SKIP","floor":14.0},{"not_picked":["hermit:DeadOrAlive","hermit:RoundhouseKick"],"picked":"hermit:HighNoon","floor":16.0},{"not_picked":["hermit:WideOpen+1","hermit:Quickdraw","hermit:Coalescence"],"picked":"SKIP","floor":18.0},{"not_picked":["hermit:ShadowCloak","hermit:Enervate+1","hermit:Dive"],"picked":"SKIP","floor":20.0},{"not_picked":["hermit:HighCaliber+1","hermit:GhostlyPresence","hermit:Snipe+1"],"picked":"SKIP","floor":22.0},{"not_picked":["hermit:Dive","hermit:BodyArmor"],"picked":"hermit:FlashPowder","floor":24.0},{"not_picked":["hermit:HighNoon","hermit:HoleUp+1","hermit:HighCaliber"],"picked":"SKIP","floor":27.0},{"not_picked":["hermit:Headshot","hermit:TrackingShot","hermit:BodyArmor"],"picked":"SKIP","floor":28.0},{"not_picked":["hermit:Reprieve","hermit:LuckOfTheDraw","hermit:EyeOfTheStorm"],"picked":"SKIP","floor":31.0},{"not_picked":["hermit:Quickdraw","hermit:Coalescence+1"],"picked":"hermit:BodyArmor+1","floor":35.0},{"not_picked":["hermit:Manifest+1","hermit:Midnight+1","hermit:LowProfile+1"],"picked":"SKIP","floor":39.0},{"not_picked":["hermit:Spite+1","hermit:TakeAim"],"picked":"hermit:HeroicBravado+1","floor":41.0},{"not_picked":["hermit:Virtue+1","hermit:Feint+1"],"picked":"hermit:FullyLoaded+1","floor":44.0}],"player_experience":219944,"relics_obtained":[{"floor":6.0,"key":"Meat on the Bone"},{"floor":8.0,"key":"Vajra"},{"floor":9.0,"key":"Pantograph"},{"floor":13.0,"key":"CaptainsWheel"},{"floor":24.0,"key":"hermit:Horseshoe"},{"floor":34.0,"key":"Ancient Tea Set"},{"floor":34.0,"key":"Toxic Egg 2"},{"floor":34.0,"key":"Bird Faced Urn"},{"floor":41.0,"key":"MealTicket"},{"floor":43.0,"key":"Orichalcum"}],"event_choices":[{"damage_healed":0.0,"max_hp_gain":0.0,"max_hp_loss":0.0,"gold_gain":175.0,"event_name":"Liars Game","player_choice":"AGREE","floor":3.0,"gold_loss":0.0,"damage_taken":0.0,"cards_obtained":["Doubt"]},{"damage_healed":0.0,"max_hp_gain":0.0,"max_hp_loss":0.0,"gold_gain":0.0,"event_name":"Shining Light","player_choice":"Entered Light","floor":5.0,"gold_loss":0.0,"damage_taken":15.0,"cards_upgraded":["hermit:Strike_Hermit","hermit:Headshot"]},{"damage_healed":0.0,"max_hp_gain":0.0,"max_hp_loss":0.0,"gold_gain":0.0,"event_name":"Living Wall","player_choice":"Grow","floor":7.0,"gold_loss":0.0,"damage_taken":0.0,"cards_upgraded":["hermit:Snapshot"]},{"cards_removed":["Doubt"],"damage_healed":0.0,"max_hp_gain":0.0,"max_hp_loss":0.0,"gold_gain":0.0,"event_name":"Fountain of Cleansing","player_choice":"Removed Curses","floor":19.0,"gold_loss":0.0,"damage_taken":0.0},{"damage_healed":0.0,"max_hp_gain":0.0,"max_hp_loss":0.0,"gold_gain":0.0,"event_name":"Transmorgrifier","player_choice":"Ignored","floor":29.0,"gold_loss":0.0,"damage_taken":0.0},{"cards_removed":["hermit:Headshot"],"damage_healed":0.0,"max_hp_gain":0.0,"max_hp_loss":0.0,"gold_gain":0.0,"event_name":"Falling","player_choice":"Removed Attack","floor":36.0,"gold_loss":0.0,"damage_taken":0.0},{"damage_healed":0.0,"max_hp_gain":0.0,"max_hp_loss":0.0,"gold_gain":0.0,"event_name":"Winding Halls","player_choice":"Embrace Madness","floor":37.0,"gold_loss":0.0,"damage_taken":9.0,"cards_obtained":["Madness","Madness"]},{"damage_healed":0.0,"max_hp_gain":0.0,"max_hp_loss":0.0,"gold_gain":0.0,"event_name":"Mysterious Sphere","player_choice":"Ignored","floor":38.0,"gold_loss":0.0,"damage_taken":0.0}],"is_beta":false,"boss_relics":[{"not_picked":["hermit:DentedPlate","Philosopher\u0027s Stone"],"picked":"hermit:BartenderGlass"},{"not_picked":["SlaversCollar","Sozu"],"picked":"Calling Bell"}],"items_purged_floors":[],"is_endless":false,"potions_floor_spawned":[8,13,14,16,24,27,33,41],"killed_by":"Shield and Spear","ascension_level":1}}