{"host":"52y3gsbc2ynoze7d","time":1611395985,"event":{"mods":["BaseMod","Colored Powertips","Googly Eyes","Minty Spire (QoL Compilation)","Replay The Spire","StSLib"],"gold_per_floor":[119,94,94,109,119,153,153,153,153,185,195,195,229,244,244,344,344,356,356,356,356,466,501,501,517,544,558,658,658,678,697,697,800,800,810,453,463,463,482,510,510,535,583,631,631,19,19,19,19,19],"floor_reached":51,"language":"ENG","playtime":3082,"items_purged":[],"score":1048,"play_id":"b0cfccfc-120e-41c0-8aa2-35eccf944c00","local_time":"20210123015945","is_ascension_mode":true,"campfire_choices":[{"floor":8,"key":"REST"},{"floor":12,"key":"REST"},{"floor":15,"key":"REST"},{"floor":24,"key":"DIG"},{"floor":29,"key":"DIG"},{"floor":32,"key":"DIG"},{"floor":41,"key":"DIG"},{"floor":49,"key":"DIG"}],"circlet_count":0,"master_deck":["Defend_R","Defend_R","Defend_R+1","Defend_R+1","Bash","Shrug It Off","Second Wind","Power Through","Thunderclap","Battle Trance","Thunderclap","Pummel+1","Inflame","Feed+1","Run Through+1","Bite+1","Bite+1","Bite+1","Bite+1","Bite+1","Flame Barrier+1","Cleave+1","Demon Form","ReplayTheSpireMod:Stacked","ReplayTheSpireMod:Stacked+1","Clothesline+1","ReplayTheSpireMod:Corrosion Curse+1","Pot Of Greed","Pot Of Greed","Pot Of Greed","Hemogenesis+1","ReplayTheSpireMod:Limb From Limb+1","Shrug It Off","Pot Of Greed","Regret","Trip"],"relics":["Burning Blood","Quantum Egg","The Courier","Molten Egg 2","Replay:Baseball","Sozu","Shovel","Question Card","Happy Flower","Replay:Towering Pillar of Hats","Shuriken","Nunchaku","Grinning Jar","Mark of Pain","Lantern","Ancient Tea Set","HandDrill","ReplayTheSpireMod:TigerMarble","Bag of Preparation","Iron Hammer","Simple Rune","Bird Faced Urn","Ice Cream","Lee\u0027s Waffle","ReplayTheSpireMod:Ring of Collecting","Ring of Misfortune","BranchBurnRelic","Unceasing Top"],"acts_visited":["Exordium","TheCity","TheBeyond"],"potions_floor_usage":[16],"damage_taken":[{"damage":1.0,"enemies":"Cultist","floor":1.0,"turns":3.0},{"damage":2.0,"enemies":"2 Louse","floor":4.0,"turns":4.0},{"damage":8,"enemies":"Jaw Worm","floor":5,"turns":6},{"damage":60,"enemies":"Replay:BlueRogue","floor":6,"turns":11},{"damage":29,"enemies":"Gremlin Nob","floor":10,"turns":6},{"damage":3,"enemies":"Blue Slaver","floor":11,"turns":4},{"damage":29,"enemies":"Replay:BlueRogue","floor":13,"turns":10},{"damage":7,"enemies":"Looter","floor":14,"turns":5},{"damage":35,"enemies":"Fading Forest","floor":16,"turns":11},{"damage":14,"enemies":"2 Thieves","floor":18,"turns":4},{"damage":45,"enemies":"Gremlin Leader","floor":23,"turns":7},{"damage":4,"enemies":"Chosen","floor":25,"turns":4},{"damage":24,"enemies":"Snake Plant","floor":27,"turns":4},{"damage":10,"enemies":"Colosseum Slavers","floor":28,"turns":5},{"damage":11,"enemies":"Colosseum Nobs","floor":28,"turns":5},{"damage":10,"enemies":"Shelled Parasite and Fungi","floor":30,"turns":5},{"damage":15,"enemies":"3 Cultists","floor":31,"turns":4},{"damage":60,"enemies":"Collector","floor":33,"turns":9},{"damage":3,"enemies":"Orb Walker","floor":35,"turns":3},{"damage":17,"enemies":"3 Darklings","floor":37,"turns":4},{"damage":10,"enemies":"Transient","floor":39,"turns":5},{"damage":11,"enemies":"Giant Head","floor":40,"turns":6},{"damage":6,"enemies":"R_Hoarder","floor":42,"turns":4},{"damage":4,"enemies":"2 Orb Walkers","floor":44,"turns":4},{"damage":48,"enemies":"Awakened One","floor":50,"turns":12}],"seed_played":"-1740812156007377126","potions_obtained":[{"floor":1.0,"key":"Elixir"},{"floor":6,"key":"Regen Potion"},{"floor":10,"key":"BloodPotion"},{"floor":13,"key":"ColorlessPotion"}],"is_trial":false,"path_per_floor":["M","?","?","M","M","E","?","R","T","E","M","R","E","M","R","B",null,"M","?","$","?","?","E","R","M","T","M","?","R","M","M","R","B",null,"M","$","M","?","M","E","R","E","T","?","?","$","?","?","R","B",null],"character_chosen":"IRONCLAD","items_purchased":["Lantern","Ancient Tea Set","HandDrill","Dead Branch","Ice Cream","Lee\u0027s Waffle"],"campfire_rested":3,"item_purchase_floors":[36,36,36,46,46,46],"current_hp_per_floor":[88,88,88,88,86,32,32,58,58,35,38,64,41,40,66,37,88,84,84,84,64,64,47,47,55,55,47,79,79,84,78,78,48,84,84,84,84,84,84,82,82,84,84,88,88,95,95,95,95,68],"gold":19,"neow_bonus":"TEN_PERCENT_HP_BONUS","is_daily":false,"chose_seed":false,"campfire_upgraded":0,"win_rate":0.0,"timestamp":1611395985,"path_taken":["M","?","?","?","M","E","?","R","T","E","M","R","E","M","R","BOSS","M","?","$","?","?","E","R","?","T","?","?","R","M","M","R","BOSS","M","$","M","?","?","E","R","E","T","?","?","$","?","?","R","BOSS"],"items_purchased_type":["Relic","Relic","Relic","Relic","Relic","Relic"],"build_version":"2020-12-22","purchased_purges":0,"victory":true,"max_hp_per_floor":[88,88,88,88,88,88,88,88,88,88,88,88,88,88,88,88,88,92,92,92,64,64,68,68,68,68,72,80,80,84,84,84,84,84,84,84,84,84,84,84,84,84,84,88,88,95,95,95,95,95],"card_choices":[{"not_picked":["Reckless Charge","ReplayTheSpireMod:Strike From Hell"],"picked":"Shrug It Off","floor":1.0},{"not_picked":["Flex","Intimidate"],"picked":"Power Through","floor":4.0},{"not_picked":["Clash","Perfected Strike"],"picked":"Thunderclap","floor":5},{"not_picked":["Power Through","Shrug It Off"],"picked":"Battle Trance","floor":6},{"not_picked":["Rupture","Dual Wield"],"picked":"Pummel+1","floor":10},{"not_picked":["Heavy Blade+1","Juggernaut","Armaments"],"picked":"SKIP","floor":11},{"not_picked":["Flex","Armaments","Perfected Strike+1"],"picked":"SKIP","floor":13},{"not_picked":["Cleave+1","Thunderclap+1"],"picked":"Inflame","floor":14},{"not_picked":["Brutality","Hemogenesis+1"],"picked":"Feed+1","floor":16},{"not_picked":["Dark Embrace","Anger+1"],"picked":"Run Through+1","floor":18},{"not_picked":["Headbutt+1","Warcry+1"],"picked":"Flame Barrier+1","floor":22},{"not_picked":["Pummel+1","Disarm+1"],"picked":"Cleave+1","floor":22},{"not_picked":["Juggernaut","Sword Boomerang+1"],"picked":"Demon Form","floor":23},{"not_picked":["Warcry","Defy Death","Flame Barrier+1"],"picked":"ReplayTheSpireMod:Stacked","floor":25},{"not_picked":["True Grit+1","Anger+1","Thunderclap+1"],"picked":"ReplayTheSpireMod:Stacked+1","floor":27},{"not_picked":["Twin Strike+1","True Grit+1","Cleave+1"],"picked":"Clothesline+1","floor":30},{"not_picked":["Wild Strike+1","Blood for Blood+1","Cleave+1"],"picked":"ReplayTheSpireMod:Corrosion Curse+1","floor":31},{"not_picked":["Demonic Infusion","Eclipse","Brutality"],"picked":"Hemogenesis+1","floor":33},{"not_picked":["Bloodletting+1","Clash+1","Flame Barrier"],"picked":"ReplayTheSpireMod:Limb From Limb+1","floor":35},{"not_picked":["Flex+1","Pummel+1","Life Link+1"],"picked":"Shrug It Off","floor":37},{"not_picked":["Inflame+1","Clash+1","ReplayTheSpireMod:Stacked","Sentinel"],"picked":"SKIP","floor":39},{"not_picked":["Dark Embrace","Cleave+1","Iron Wave+1","Blood for Blood+1"],"picked":"SKIP","floor":40},{"not_picked":["Iron Wave+1","Combust+1","Defy Death","Brutality"],"picked":"SKIP","floor":42},{"not_picked":["Dramatic Entrance+1","ReplayTheSpireMod:Private Reserves","Mayhem"],"picked":"Trip","floor":48}],"player_experience":206478,"relics_obtained":[{"floor":6,"key":"Quantum Egg"},{"floor":9,"key":"The Courier"},{"floor":10,"key":"Molten Egg 2"},{"floor":13,"key":"Replay:Baseball"},{"floor":23,"key":"Shovel"},{"floor":24,"key":"Question Card"},{"floor":26,"key":"Happy Flower"},{"floor":28,"key":"Replay:Towering Pillar of Hats"},{"floor":28,"key":"Shuriken"},{"floor":29,"key":"Nunchaku"},{"floor":32,"key":"Grinning Jar"},{"floor":40,"key":"ReplayTheSpireMod:TigerMarble"},{"floor":41,"key":"Bag of Preparation"},{"floor":42,"key":"Iron Hammer"},{"floor":43,"key":"Simple Rune"},{"floor":44,"key":"Bird Faced Urn"},{"floor":47,"key":"ReplayTheSpireMod:Ring of Collecting"},{"floor":47,"key":"Ring of Misfortune"},{"floor":49,"key":"Unceasing Top"}],"event_choices":[{"damage_healed":0.0,"max_hp_gain":0.0,"max_hp_loss":0.0,"gold_gain":0.0,"event_name":"World of Goop","player_choice":"Left Gold","floor":2.0,"gold_loss":25.0,"damage_taken":0.0},{"damage_healed":0.0,"max_hp_gain":0.0,"max_hp_loss":0.0,"gold_gain":0.0,"cards_transformed":["Strike_R"],"event_name":"Transmorgrifier","player_choice":"Transformed","floor":3.0,"gold_loss":0.0,"damage_taken":0.0,"cards_obtained":["Second Wind"]},{"damage_healed":0,"gold_gain":0,"cards_transformed":["Strike_R"],"player_choice":"Change","damage_taken":0,"max_hp_gain":0,"max_hp_loss":0,"event_name":"Living Wall","floor":7,"gold_loss":0,"cards_obtained":["Thunderclap"]},{"damage_healed":0,"gold_gain":0,"player_choice":"Ignored","damage_taken":0,"max_hp_gain":0,"max_hp_loss":0,"event_name":"Ghosts","floor":19,"gold_loss":0},{"damage_healed":0,"gold_gain":0,"player_choice":"Became a vampire","damage_taken":0,"max_hp_gain":0,"max_hp_loss":28,"event_name":"Vampires","floor":21,"gold_loss":0,"cards_obtained":["Bite","Bite","Bite","Bite","Bite"]},{"damage_healed":0,"gold_gain":0,"player_choice":"Fight","damage_taken":0,"max_hp_gain":0,"max_hp_loss":0,"event_name":"Colosseum","floor":28,"gold_loss":0},{"damage_healed":0,"gold_gain":0,"player_choice":"Fought Nobs","damage_taken":0,"max_hp_gain":0,"max_hp_loss":0,"event_name":"Colosseum","floor":28,"gold_loss":0},{"damage_healed":0,"gold_gain":0,"player_choice":"Copied","damage_taken":0,"max_hp_gain":0,"max_hp_loss":0,"event_name":"Duplicator","floor":38,"gold_loss":0,"cards_obtained":["Pot Of Greed"]},{"damage_healed":0,"gold_gain":0,"player_choice":"Fight","damage_taken":0,"max_hp_gain":0,"max_hp_loss":0,"event_name":"Mysterious Sphere","floor":44,"gold_loss":0},{"damage_healed":0,"gold_gain":0,"player_choice":"Ignored","damage_taken":0,"max_hp_gain":0,"max_hp_loss":0,"event_name":"Tomb of Lord Red Mask","floor":45,"gold_loss":0},{"damage_healed":0,"gold_gain":0,"player_choice":"Memory 1","damage_taken":0,"max_hp_gain":0,"max_hp_loss":0,"event_name":"SensoryStone","floor":48,"gold_loss":0}],"is_beta":false,"boss_relics":[{"not_picked":["Replay:Wanted Poster","ChewingGum"],"picked":"Sozu"},{"not_picked":["Electric Blood","Busted Crown"],"picked":"Mark of Pain"}],"items_purged_floors":[],"is_endless":false,"potions_floor_spawned":[1,6,10,11,13,18,25,30,31,35,42,44],"ascension_level":3}}