{"host":"phniwng9zo19jwdb","time":1611411392,"event":{"mods":["AchievementEnabler","BaseMod","Colored Powertips","Dark Map","Faster Ascension Climbing","GifTheSpireLib","Minty Spire (QoL Compilation)","Permanent Neow","Rare Cards Sparkle","StSLib"],"gold_per_floor":[114,39,53,65,12,39,39,39,39,39,54,54,84,84,84,155,155,168,168,3,22,22,22,22],"floor_reached":23,"language":"ENG","playtime":1023,"items_purged":[],"score":494,"play_id":"62b9ddbc-8522-4bac-ab43-05cf80dd27e2","local_time":"20210123151632","is_ascension_mode":true,"campfire_choices":[{"data":"Bouncing Flask","floor":7.0,"key":"SMITH"},{"data":"Die Die Die","floor":10.0,"key":"SMITH"},{"data":"Neutralize","floor":12.0,"key":"SMITH"},{"floor":15.0,"key":"REST"}],"circlet_count":0,"master_deck":["AscendersBane","Defend_G+1","Defend_G","Defend_G","Defend_G+1","Defend_G","Survivor","Neutralize+1","Die Die Die+1","Bouncing Flask+1","Flying Knee","Cloak And Dagger","Endless Agony","Poisoned Stab","Footwork","Malaise","PiercingWail","Bite","Bite","Bite","Bite","Bite","Shame"],"relics":["Ring of the Serpent","Pear","FossilizedHelix","Sundial","Strange Spoon","CaptainsWheel"],"acts_visited":["Exordium","TheCity"],"potions_floor_usage":[],"damage_taken":[{"damage":2.0,"enemies":"2 Louse","floor":1.0,"turns":3.0},{"damage":0.0,"enemies":"Small Slimes","floor":3.0,"turns":4.0},{"damage":4.0,"enemies":"Jaw Worm","floor":4.0,"turns":3.0},{"damage":19.0,"enemies":"3 Sentries","floor":6.0,"turns":12.0},{"damage":0.0,"enemies":"Exordium Wildlife","floor":11.0,"turns":2.0},{"damage":7.0,"enemies":"Lagavulin","floor":13.0,"turns":5.0},{"damage":0.0,"enemies":"The Guardian","floor":16.0,"turns":10.0},{"damage":6.0,"enemies":"3 Byrds","floor":18.0,"turns":9.0},{"damage":16,"enemies":"Shell Parasite","floor":21,"turns":8},{"damage":38,"enemies":"Book of Stabbing","floor":23,"turns":8}],"seed_played":"8440438710613781456","potions_obtained":[{"floor":1.0,"key":"SkillPotion"},{"floor":11.0,"key":"GamblersBrew"},{"floor":13.0,"key":"BlessingOfTheForge"},{"floor":16.0,"key":"SteroidPotion"}],"is_trial":false,"path_per_floor":["M","?","M","M","$","E","R","?","T","R","M","R","E","?","R","B",null,"M","?","$","M","?","E"],"character_chosen":"THE_SILENT","items_purchased":["Cloak And Dagger","Strange Spoon"],"campfire_rested":1,"item_purchase_floors":[5,20],"current_hp_per_floor":[57,57,57,53,53,44,44,44,44,44,44,44,37,14,36,36,66,60,53,53,53,53,17,17],"gold":22,"neow_bonus":"ONE_RANDOM_RARE_CARD","is_daily":false,"chose_seed":false,"campfire_upgraded":3,"win_rate":0.0,"timestamp":1611411392,"path_taken":["M","?","M","M","$","E","R","?","T","R","M","R","E","?","R","BOSS","M","?","$","M","?","E"],"items_purchased_type":["Card","Relic"],"build_version":"2020-12-22","purchased_purges":0,"victory":false,"max_hp_per_floor":[66,66,66,66,66,76,76,76,76,76,76,76,76,76,76,76,76,76,53,53,53,53,53,53],"card_choices":[{"not_picked":["Expertise","Prepared"],"picked":"Bouncing Flask","floor":1.0},{"not_picked":["Sucker Punch","Outmaneuver","Dodge and Roll"],"picked":"SKIP","floor":3.0},{"not_picked":["Quick Slash","Prepared"],"picked":"Flying Knee","floor":4.0},{"not_picked":["Terror","Grand Finale"],"picked":"Endless Agony","floor":6.0},{"not_picked":["Concentrate","Dagger Throw"],"picked":"Poisoned Stab","floor":11.0},{"not_picked":["Sucker Punch","Flechettes"],"picked":"Footwork","floor":13.0},{"not_picked":["Storm of Steel","Glass Knife"],"picked":"Malaise","floor":16.0},{"not_picked":["Outmaneuver","Acrobatics"],"picked":"PiercingWail","floor":18.0},{"not_picked":["Outmaneuver","Choke","Skewer"],"picked":"SKIP","floor":21}],"player_experience":59684,"relics_obtained":[{"floor":6.0,"key":"Pear"},{"floor":9.0,"key":"FossilizedHelix"},{"floor":13.0,"key":"Sundial"}],"event_choices":[{"cards_removed":["Strike_G"],"damage_healed":0.0,"max_hp_gain":0.0,"max_hp_loss":0.0,"gold_gain":0.0,"event_name":"The Cleric","player_choice":"Card Removal","floor":2.0,"gold_loss":75.0,"damage_taken":0.0},{"cards_removed":["Strike_G"],"damage_healed":0.0,"max_hp_gain":0.0,"max_hp_loss":0.0,"gold_gain":0.0,"event_name":"Living Wall","player_choice":"Forget","floor":8.0,"gold_loss":0.0,"damage_taken":0.0},{"damage_healed":0.0,"max_hp_gain":0.0,"max_hp_loss":0.0,"gold_gain":0.0,"event_name":"Shining Light","player_choice":"Entered Light","floor":14.0,"gold_loss":0.0,"damage_taken":23.0,"cards_upgraded":["Defend_G","Defend_G"]},{"damage_healed":0,"gold_gain":0,"player_choice":"Became a vampire","damage_taken":0,"max_hp_gain":0,"max_hp_loss":23,"event_name":"Vampires","floor":19,"gold_loss":0,"cards_obtained":["Bite","Bite","Bite","Bite","Bite"]},{"damage_healed":0,"gold_gain":0,"player_choice":"Stole Relic","damage_taken":0,"relics_obtained":["CaptainsWheel"],"max_hp_gain":0,"max_hp_loss":0,"event_name":"Addict","floor":22,"gold_loss":0,"cards_obtained":["Shame"]}],"is_beta":false,"boss_relics":[{"not_picked":["Ectoplasm","Empty Cage"],"picked":"Ring of the Serpent"}],"items_purged_floors":[],"is_endless":false,"potions_floor_spawned":[1,11,13,16],"killed_by":"Book of Stabbing","ascension_level":18}}