{"host":"bfjg2gtnqo0q4f32","time":1611382526,"event":{"mods":["BaseMod","BetterRewards","DeckTracker","Dio Mod","Hero for Fun","Jorbs\u0027s Wanderer Trilogy","Mad Scientist","Minty Spire (QoL Compilation)","READ ME - Guardian Mod","Shop Mod","StSLib","The Bladedancer","The Construct","The Cursed","The Disciple","The Forsaken","The Necromancer","The Saiyan","The Servant 0.9.4","The Wild Card","TheHero","thorton"],"gold_per_floor":[119,119,119,132,158,183,196,216,216,216,549,595,613,639,639,737,737,747,365,365,166,166,166,166,178,178,198,224,224,224,252,252,355,355,365,365,376,431,431,431,431,431],"floor_reached":41,"language":"ENG","playtime":2753,"items_purged":["Regret","dioMod:Strike"],"score":470,"play_id":"8ff8dd12-4d74-4539-89c4-e33f496076fe","local_time":"20210123011526","is_ascension_mode":false,"campfire_choices":[{"floor":15,"key":"REST"},{"data":"dioMod:GoodbyeJojo","floor":23,"key":"SMITH"},{"data":"1","floor":30,"key":"LIFT"},{"floor":32,"key":"REST"},{"data":"dioMod:MudaMudaMuda","floor":40,"key":"SMITH"}],"circlet_count":0,"master_deck":["dioMod:Strike","Bite","dioMod:Defend+1","dioMod:Defend","dioMod:Defend","dioMod:Defend","dioMod:DoubleTime+1","dioMod:LaserVision","dioMod:MudaMudaMuda+1","dioMod:SecretPlan","dioMod:Hiss","dioMod:GoodbyeJojo+1","dioMod:FlyAway","dioMod:Pluck","dioMod:RoadRoller","dioMod:SevenPageMuda","dioMod:GoldVial","dioMod:DarkRebirth","dioMod:HeavyLifting+1","dioMod:PhantomBlood+1","theForsaken:PlagueCurse","dioMod:Minions+1","Pain"],"relics":["dioMod:VampireBlood","Bag of Preparation","War Paint","TungstenRod","Calipers","Old Coin","Ancient Tea Set","Mummified Hand","thethorton:BottledFunds","Pen Nib","Strange Spoon","Frozen Egg 2","Girya","Orichalcum","construct:WeddingRing","theForsaken:PlagueMask","Torii","WarpedTongs"],"acts_visited":["Exordium","TheCity","TheBeyond"],"potions_floor_usage":[13,13,14,16,27,33,38,41],"damage_taken":[{"damage":0,"enemies":"Small Slimes","floor":1,"turns":3},{"damage":5,"enemies":"Jaw Worm","floor":4,"turns":4},{"damage":24,"enemies":"3 Sentries","floor":6,"turns":8},{"damage":0,"enemies":"2 Louse","floor":7,"turns":3},{"damage":15,"enemies":"Large Slime","floor":8,"turns":14},{"damage":47,"enemies":"Lagavulin","floor":11,"turns":7},{"damage":13,"enemies":"Exordium Thugs","floor":13,"turns":2},{"damage":20,"enemies":"3 Sentries","floor":14,"turns":4},{"damage":78,"enemies":"Slime Boss","floor":16,"turns":15},{"damage":5,"enemies":"Chosen","floor":18,"turns":5},{"damage":25,"enemies":"3 Byrds","floor":25,"turns":9},{"damage":53,"enemies":"Shelled Parasite and Fungi","floor":27,"turns":9},{"damage":99,"enemies":"Gremlin Leader","floor":28,"turns":9},{"damage":43,"enemies":"Book of Stabbing","floor":31,"turns":5},{"damage":24,"enemies":"Champ","floor":33,"turns":11},{"damage":13,"enemies":"3 Darklings","floor":35,"turns":4},{"damage":36,"enemies":"3 Shapes","floor":37,"turns":3},{"damage":23,"enemies":"2 Orb Walkers","floor":38,"turns":3},{"damage":83,"enemies":"Reptomancer","floor":41,"turns":2}],"seed_played":"3700978052555590985","potions_obtained":[{"floor":1,"key":"FairyPotion"},{"floor":4,"key":"AttackPotion"},{"floor":11,"key":"DistilledChaos"},{"floor":13,"key":"AttackPotion"},{"floor":14,"key":"DuplicationPotion"},{"floor":25,"key":"Energy Potion"},{"floor":31,"key":"Block Potion"},{"floor":33,"key":"DistilledChaos"},{"floor":35,"key":"SkillPotion"}],"is_trial":false,"path_per_floor":["M","?","?","M","T","E","M","M","T","?","E","T","M","E","R","B",null,"M","$","?","$","?","R","$","M","T","M","E","?","R","E","R","B",null,"M","?","M","?","?","R","E"],"character_chosen":"THE_DEFAULT","items_purchased":["Pen Nib","Strange Spoon","FairyPotion"],"campfire_rested":2,"item_purchase_floors":[19,19,21],"current_hp_per_floor":[82,82,82,82,82,69,77,80,80,80,42,42,35,26,50,19,82,80,80,80,80,80,80,80,82,82,78,39,39,39,17,41,57,82,82,82,52,40,40,40,0,0],"gold":431,"neow_bonus":"TEN_PERCENT_HP_BONUS","is_daily":false,"chose_seed":false,"campfire_upgraded":2,"win_rate":0.0,"timestamp":1611382526,"path_taken":["M","?","?","M","?","E","M","M","T","?","E","?","M","E","R","BOSS","M","$","?","$","?","R","?","?","T","M","E","?","R","E","R","BOSS","M","?","M","?","?","R","E"],"items_purchased_type":["Relic","Relic","Potion"],"build_version":"2020-12-22","purchased_purges":2,"victory":false,"max_hp_per_floor":[82,82,82,82,82,82,82,82,82,82,82,82,82,82,82,82,82,82,82,82,82,82,82,82,82,82,82,82,82,82,82,82,82,82,82,82,82,82,82,82,82,82],"card_choices":[{"not_picked":["dioMod:Donut","dioMod:SadisticLaugh"],"picked":"dioMod:DoubleTime","floor":1},{"not_picked":["dioMod:Hiss","dioMod:BloodShield"],"picked":"dioMod:LaserVision","floor":4},{"not_picked":["dioMod:BloodTransfusion","dioMod:DarkRebirth"],"picked":"dioMod:MudaMudaMuda","floor":6},{"not_picked":["dioMod:DaggerSpree","dioMod:BloodShield"],"picked":"dioMod:SecretPlan","floor":7},{"not_picked":["dioMod:Diversion","dioMod:BlendIn"],"picked":"dioMod:Hiss","floor":8},{"not_picked":["dioMod:Regeneration","dioMod:MudaMudaMuda"],"picked":"dioMod:GoodbyeJojo","floor":11},{"not_picked":["dioMod:DoubleTime","dioMod:ComboFever"],"picked":"dioMod:FlyAway","floor":13},{"not_picked":["dioMod:BloodSuck","dioMod:DominatingPresence"],"picked":"dioMod:Pluck","floor":14},{"not_picked":["dioMod:Refresh","dioMod:GoldVial"],"picked":"dioMod:RoadRoller","floor":16},{"not_picked":["dioMod:VengefulMuda","dioMod:Hiss","dioMod:ComposedMuda+1"],"picked":"SKIP","floor":18},{"not_picked":["dioMod:MudaMudaMuda","dioMod:Muda","dioMod:FlyAway"],"picked":"SKIP","floor":25},{"not_picked":["dioMod:Muda","dioMod:BlendIn+1","dioMod:HeavyLifting"],"picked":"SKIP","floor":27},{"not_picked":["dioMod:LaserVision+1","dioMod:SecretPlan","dioMod:FlyAway+1"],"picked":"SKIP","floor":28},{"not_picked":["dioMod:Hiss","dioMod:DaggerToss"],"picked":"dioMod:HeavyLifting+1","floor":31},{"not_picked":["dioMod:Regeneration+1","dioMod:GoldVial"],"picked":"dioMod:PhantomBlood+1","floor":33},{"not_picked":["dioMod:ComposedMuda+1","dioMod:SlashThroughTime+1","dioMod:VengefulMuda+1"],"picked":"SKIP","floor":35},{"not_picked":["dioMod:WRYYY","dioMod:CutDeep+1"],"picked":"dioMod:Minions+1","floor":37}],"player_experience":79853,"relics_obtained":[{"floor":5,"key":"Bag of Preparation"},{"floor":6,"key":"War Paint"},{"floor":9,"key":"TungstenRod"},{"floor":11,"key":"Old Coin"},{"floor":12,"key":"Ancient Tea Set"},{"floor":14,"key":"Mummified Hand"},{"floor":26,"key":"Frozen Egg 2"},{"floor":28,"key":"Girya"},{"floor":31,"key":"Orichalcum"},{"floor":38,"key":"Torii"}],"event_choices":[{"damage_healed":0,"gold_gain":0,"player_choice":"Ignored","damage_taken":0,"max_hp_gain":0,"max_hp_loss":0,"event_name":"Liars Game","floor":2,"gold_loss":0},{"damage_healed":0,"gold_gain":0,"player_choice":"Leave","damage_taken":0,"max_hp_gain":0,"max_hp_loss":0,"event_name":"The Cleric","floor":3,"gold_loss":0},{"damage_healed":0,"gold_gain":0,"player_choice":"Box","damage_taken":0,"relics_obtained":["Calipers"],"max_hp_gain":0,"max_hp_loss":0,"event_name":"Big Fish","floor":10,"gold_loss":0,"cards_obtained":["Regret"]},{"damage_healed":0,"gold_gain":0,"cards_transformed":["dioMod:Strike","dioMod:Strike"],"player_choice":"Became Test Subject","damage_taken":0,"max_hp_gain":0,"max_hp_loss":0,"event_name":"Drug Dealer","floor":20,"gold_loss":0,"cards_obtained":["dioMod:SevenPageMuda","dioMod:GoldVial"]},{"damage_healed":0,"gold_gain":0,"player_choice":"Read","damage_taken":0,"max_hp_gain":0,"max_hp_loss":0,"event_name":"The Library","floor":22,"gold_loss":0,"cards_obtained":["dioMod:DarkRebirth"]},{"damage_healed":0,"gold_gain":0,"player_choice":"Ignored","damage_taken":0,"max_hp_gain":0,"max_hp_loss":0,"event_name":"Cursed Tome","floor":29,"gold_loss":0},{"damage_healed":0,"gold_gain":0,"player_choice":"Obtain Plague Curse","damage_taken":0,"max_hp_gain":0,"max_hp_loss":0,"event_name":"Plague Doctor","floor":36,"gold_loss":0,"cards_obtained":["theForsaken:PlagueCurse"]},{"damage_healed":0,"gold_gain":0,"player_choice":"Fight","damage_taken":0,"max_hp_gain":0,"max_hp_loss":0,"event_name":"Mysterious Sphere","floor":38,"gold_loss":0},{"damage_healed":0,"gold_gain":0,"player_choice":"Rummage","damage_taken":0,"relics_obtained":["WarpedTongs"],"max_hp_gain":0,"max_hp_loss":0,"event_name":"Accursed Blacksmith","floor":39,"gold_loss":0,"cards_obtained":["Pain"]}],"is_beta":false,"boss_relics":[{"not_picked":["Busted Crown","Coffee Dripper"],"picked":"thethorton:BottledFunds"},{"not_picked":["thethorton:CrushedCigarette","Snecko Eye"],"picked":"construct:WeddingRing"}],"items_purged_floors":[19,21],"is_endless":false,"potions_floor_spawned":[1,4,11,13,14,25,31,33,35],"killed_by":"Reptomancer","ascension_level":0}}