{"host":"ymn6un3ro3vi042j","time":1611391994,"event":{"mods":["AchievementEnabler","Act Like it!","Aspiration","BaseMod","Bestiary","Better Match","Better Note","Better Skull","Better Third Choice","BetterRewards","Block Reminder","Colored Map","Colored Powertips","Conspire","Curses Come First","Dark Map","DeckTracker","Downfall","Energized Spire","Friendly Minions","GifTheSpireLib","Googly Eyes","Highlight Path","Mimic Mod","Minty Spire (QoL Compilation)","Poor People Problems","Quick Restart","Rare Cards Sparkle","Relic Stats","Spicy Shops","StSLib","SuperFastMode","Synergy Search","The IronCluck","Wandering Minibosses","everything is the same but u backflip on backflip","slay the spire mod where everything is the same but ironclad has a cowboy hat"],"gold_per_floor":[115,115,132,143,143,143,158,62,88,88,88,101,119,2,2,98,98,111,111,111,111,125,125,135,335,358,385,385,385,385,385,385],"floor_reached":31,"language":"ENG","playtime":1165,"items_purged":[],"score":245,"play_id":"189cf649-b13f-47da-b8e5-bc858dbf1df3","local_time":"20210123005314","is_ascension_mode":false,"campfire_choices":[{"floor":6,"key":"REST"},{"data":"Vault","floor":10,"key":"SMITH"},{"floor":15,"key":"REST"},{"floor":23,"key":"REST"}],"circlet_count":0,"master_deck":["Strike_G","Strike_G","Defend_G","Defend_G","Defend_G","Defend_G","Defend_G","Survivor","Neutralize","Flying Knee","Backstab","conspire:PoisonWeapons","Vault+1","Catalyst","Backstab","Noxious Fumes","Impatience","Acrobatics","Deflect","Outmaneuver","Deadly Poison","Venomology","WindmillStrike","Backstab","Blur","Finisher","Slimebound:CheckThePlaybook","downfall:Icky"],"relics":["Ring of the Snake","Anchor","Tiny Chest","ClockworkSouvenir","aspiration:WatcherSkillbook","StoneCalendar","Potion Belt","Centennial Puzzle"],"acts_visited":["Exordium","TheCity"],"potions_floor_usage":[16,16,22,24,28,28,30],"damage_taken":[{"damage":4,"enemies":"conspire:RoseBush","floor":1,"turns":3},{"damage":0,"enemies":"Cultist","floor":3,"turns":3},{"damage":0,"enemies":"Small Slimes","floor":4,"turns":3},{"damage":0,"enemies":"2 Fungi Beasts","floor":7,"turns":3},{"damage":6,"enemies":"Exordium Thugs","floor":12,"turns":5},{"damage":17,"enemies":"Large Slime","floor":13,"turns":7},{"damage":22,"enemies":"Hexaghost","floor":16,"turns":10},{"damage":4,"enemies":"Chosen","floor":18,"turns":6},{"damage":36,"enemies":"conspire:FuzzyDice","floor":22,"turns":7},{"damage":17,"enemies":"Snecko","floor":24,"turns":7},{"damage":21,"enemies":"Book of Stabbing","floor":28,"turns":6},{"damage":0,"enemies":"conspire:HollyBat","floor":30,"turns":3},{"damage":7,"enemies":"Snake Plant","floor":31,"turns":2}],"seed_played":"-3153028806856256974","potions_obtained":[{"floor":1,"key":"Weak Potion"},{"floor":3,"key":"Weak Potion"},{"floor":16,"key":"SmokeBomb"}],"is_trial":false,"path_per_floor":["M","?","M","M","?","R","M","$","T","R","?","M","M","$","R","B",null,"M","?","T","?","M","R","M","?","T","T","E","?","M","M"],"character_chosen":"THE_SILENT","items_purchased":["Impatience","Deadly Poison","ClockworkSouvenir"],"campfire_rested":3,"item_purchase_floors":[8,14,14],"current_hp_per_floor":[59,36,36,36,36,54,54,54,54,54,54,48,31,31,49,27,63,59,59,59,62,26,44,27,27,27,27,6,6,6,0,0],"gold":385,"neow_bonus":"TRANSFORM_TWO_CARDS","is_daily":false,"chose_seed":false,"campfire_upgraded":1,"win_rate":0.0,"timestamp":1611391994,"path_taken":["M","?","M","M","?","R","?","$","T","R","?","?","M","$","R","BOSS","M","?","?","?","M","R","?","?","T","?","E","?","M","M"],"items_purchased_type":["Card","Card","Relic"],"build_version":"2020-12-22","purchased_purges":0,"victory":false,"max_hp_per_floor":[63,63,63,63,63,63,63,63,63,63,63,63,63,63,63,63,63,63,63,63,63,63,63,63,63,63,63,63,63,63,63,63],"relic_stats":{"Centennial Puzzle":[6],"counters":[13,65],"Tiny Chest":2,"StoneCalendar":[51],"obtain_stats":[{"Potion Belt":26,"Anchor":2,"Centennial Puzzle":27,"aspiration:WatcherSkillbook":17,"Tiny Chest":9,"StoneCalendar":20,"Ring of the Snake":0,"ClockworkSouvenir":14},{"Potion Belt":10,"Anchor":1,"Centennial Puzzle":10,"aspiration:WatcherSkillbook":7,"Tiny Chest":4,"StoneCalendar":8,"Ring of the Snake":0,"ClockworkSouvenir":6},{"Potion Belt":54,"Anchor":3,"Centennial Puzzle":54,"aspiration:WatcherSkillbook":34,"Tiny Chest":12,"StoneCalendar":40,"Ring of the Snake":0,"ClockworkSouvenir":24}],"Ring of the Snake":[26]},"card_choices":[{"not_picked":["Deflect","Tactician"],"picked":"conspire:PoisonWeapons","floor":1},{"not_picked":["Dodge and Roll","Dagger Spray"],"picked":"Catalyst","floor":3},{"not_picked":["Slice","Dagger Spray"],"picked":"Backstab","floor":4},{"not_picked":["Prepared","Outmaneuver"],"picked":"Noxious Fumes","floor":7},{"not_picked":["Grand Finale","Sucker Punch"],"picked":"Deflect","floor":12},{"not_picked":["Prepared","Crippling Poison"],"picked":"Outmaneuver","floor":13},{"not_picked":["Corpse Explosion","Malaise"],"picked":"Venomology","floor":16},{"not_picked":["Predator","Leg Sweep","BowlingBash+1"],"picked":"WindmillStrike","floor":18},{"not_picked":["Slice","EmptyFist","PathToVictory+1"],"picked":"Blur","floor":22},{"not_picked":["Pray","Accuracy","Blade Dance"],"picked":"Finisher","floor":24}],"player_experience":50201,"relics_obtained":[{"floor":9,"key":"Tiny Chest"},{"floor":20,"key":"StoneCalendar"},{"floor":26,"key":"Potion Belt"},{"floor":27,"key":"Centennial Puzzle"}],"event_choices":[{"damage_healed":0,"gold_gain":0,"player_choice":"Ignored","damage_taken":0,"max_hp_gain":0,"max_hp_loss":0,"event_name":"betterNote:BetterNote","floor":5,"gold_loss":0,"cards_obtained":["Defend_G"]},{"damage_healed":0,"gold_gain":0,"cards_transformed":["Strike_G"],"player_choice":"Transformed","damage_taken":0,"max_hp_gain":0,"max_hp_loss":0,"event_name":"Transmorgrifier","floor":11,"gold_loss":0,"cards_obtained":["Acrobatics"]},{"damage_healed":0,"gold_gain":0,"player_choice":"Read","damage_taken":0,"max_hp_gain":0,"max_hp_loss":0,"event_name":"The Library","floor":19,"gold_loss":0,"cards_obtained":["Backstab"]},{"damage_healed":3,"gold_gain":0,"player_choice":"LEAVE ","damage_taken":0,"relics_obtained":[],"max_hp_gain":0,"max_hp_loss":0,"event_name":"betterSkull:BetterSkull","floor":21,"gold_loss":0,"cards_upgraded":[]},{"damage_healed":0,"gold_gain":250,"player_choice":"Bet on Owner","damage_taken":0,"max_hp_gain":0,"max_hp_loss":0,"event_name":"The Joust","floor":25,"gold_loss":50}],"is_beta":false,"boss_relics":[{"not_picked":["conspire:SeveredTorchhead","Sozu"],"picked":"aspiration:WatcherSkillbook"}],"items_purged_floors":[],"is_endless":false,"potions_floor_spawned":[1,3,16,30],"killed_by":"Snake Plant","ascension_level":0}}