{"host":"df48i9djcn92c5sx","time":1611412754,"event":{"mods":["Act Like it!","Arknights The Spire","BaseMod","Decade(王小明)","Downfall","Gensokyo","Marisa（F雨　魔理沙）","Minty Spire (QoL Compilation)","READ ME - Guardian Mod","READ ME - Snecko Mod","Reimu（博丽灵梦）","Remilia（蕾米莉亚）","Shop Mod","StSLib","The Jungle","The Servant 0.9.4"],"gold_per_floor":[99,129,129,129,139,155,180,180,180,280,67,95,95,125,136,237,237,237,249,249,261,361,61,137,151,176,193,193,221,221,239,256,352,352,352,371,381,381,108,143,194,194,194,194,31,50,70,80,80,80],"floor_reached":49,"language":"ZHS","playtime":2635,"items_purged":["Shame"],"score":562,"play_id":"8cd6e994-653a-40c3-9a26-b93635626305","local_time":"20210123223914","is_ascension_mode":false,"campfire_choices":[{"data":"ats:Armor Crushing Shot","floor":1,"key":"SMITH"},{"data":"ats:Calcification","floor":8,"key":"SMITH"},{"data":"ats:Neurotoxin","floor":13,"key":"SMITH"},{"floor":18,"key":"RECALL"},{"data":"ats:Dogmatic Field","floor":23,"key":"SMITH"},{"data":"ats:Wolf Pack","floor":28,"key":"SMITH"},{"data":"ats:Magnetic Hammer","floor":30,"key":"SMITH"},{"data":"ats:Rat Pack","floor":35,"key":"SMITH"},{"data":"Doubt","floor":42,"key":"PURGE"},{"data":"downfall:Malfunctioning","floor":44,"key":"PURGE"}],"circlet_count":0,"master_deck":["ats:Strike C","ats:Strike G","ats:Strike S","ats:Strike V","ats:Armor Crushing Shot+1","ats:Defend","ats:Defend","ats:Defend","ats:Defend","ats:Emotion Absorption","ats:Calcification+1","ats:Ignite","ats:Shadow Raid","downfall:Aged","ats:Neurotoxin+1","ats:Wolf Pack+1","ats:Revitalization","ats:Consecutive Shot Auto","ats:Apocalypse","ats:Neurotoxin","ats:Dogmatic Field+1","ats:Magnetic Hammer+1","Necronomicurse","ats:Ignite+1","downfall:Icky","ats:Demon Strength+1","ats:Roar Of Ursus","ats:Guardian Obelisk","ats:Poison Spread","ats:Rat Pack+1","ats:Explosion Area Strengthen","expansioncontent:GuardianWhirl","ats:Sunburst+1","ats:Powerful Strike+1","Regret","ats:Overload+1","ats:Rapid Magazine+1"],"relics":["ats:Sanity","Orichalcum","downfall:ExtraCursedKey","Spirit Poop","downfall:GremlinWheel","ats:Originium","Peace Pipe","Pen Nib","Ginger","SlaversCollar","Necronomicon","White Beast Statue","downfall:HeartBlessingGreen","downfall:HeartBlessingRed","downfall:HeartBlessingBlue","Blue Candle","Eternal Feather","CaptainsWheel","sneckomod:SneckoTalon","Frozen Egg 2","Boot","Blood Vial","downfall:TeleportStone","PreservedInsect"],"acts_visited":["Exordium","TheCity","TheBeyond"],"potions_floor_usage":[14,16,16,16,16,22,22,26,26,27,29,32,33,37,40,47,48,49,49],"damage_taken":[{"damage":0,"enemies":"Small Slimes","floor":5,"turns":4},{"damage":0,"enemies":"Cultist","floor":6,"turns":3},{"damage":45,"enemies":"Cultist","floor":10,"turns":6},{"damage":0,"enemies":"downfall:FleeingMerchant","floor":11,"turns":4},{"damage":12,"enemies":"3 Sentries","floor":12,"turns":19},{"damage":18,"enemies":"Gremlin Nob","floor":14,"turns":5},{"damage":0,"enemies":"Jaw Worm","floor":15,"turns":4},{"damage":14,"enemies":"WA_ARCHETYPE_RETAIN","floor":16,"turns":6},{"damage":26,"enemies":"Chosen","floor":19,"turns":6},{"damage":11,"enemies":"Spheric Guardian","floor":21,"turns":6},{"damage":30,"enemies":"downfall:LadyInBlue","floor":22,"turns":9},{"damage":17,"enemies":"3 Cultists","floor":25,"turns":6},{"damage":7,"enemies":"Slavers","floor":26,"turns":5},{"damage":15,"enemies":"Snake Plant","floor":27,"turns":3},{"damage":42,"enemies":"Gremlin Leader","floor":29,"turns":6},{"damage":39,"enemies":"Snecko","floor":31,"turns":7},{"damage":11,"enemies":"Sentry and Sphere","floor":32,"turns":4},{"damage":63,"enemies":"IC_MUSHROOM_ARCHETYPE","floor":33,"turns":8},{"damage":22,"enemies":"3 Shapes","floor":36,"turns":5},{"damage":4,"enemies":"Orb Walker","floor":37,"turns":5},{"damage":4,"enemies":"downfall:FleeingMerchant","floor":39,"turns":5},{"damage":8,"enemies":"Reptomancer","floor":40,"turns":7},{"damage":10,"enemies":"downfall:FleeingMerchant","floor":45,"turns":4},{"damage":40,"enemies":"Maw","floor":46,"turns":9},{"damage":9,"enemies":"4 Shapes","floor":47,"turns":3},{"damage":72,"enemies":"Transient","floor":48,"turns":5},{"damage":174,"enemies":"DF_ARCHETYPE_ORBS","floor":49,"turns":7}],"seed_played":"-7210734708643944742","potions_obtained":[{"floor":6,"key":"ZuzhouPotion:ReiMu"},{"floor":12,"key":"EntropicBrew"},{"floor":14,"key":"Dexterity Potion"},{"floor":16,"key":"Dexterity Potion"},{"floor":21,"key":"BlessingOfTheForge"},{"floor":22,"key":"BlessingOfTheForge"},{"floor":22,"key":"Slimebound:ThreeZeroPotion"},{"floor":26,"key":"CultistPotion"},{"floor":27,"key":"SneckoOil"},{"floor":29,"key":"GamblersBrew"},{"floor":31,"key":"EssenceOfSteel"},{"floor":32,"key":"FairyPotion"},{"floor":33,"key":"Weak Potion"},{"floor":39,"key":"GamblersBrew"},{"floor":40,"key":"Guardian:BlockOnCardUsePotion"},{"floor":45,"key":"BlessingOfTheForge"},{"floor":47,"key":"GrandPatriotsElixir:ReiMu"},{"floor":48,"key":"CultistPotion"}],"is_trial":false,"path_per_floor":["R","?","?","?","M","M","T","R","?","?","$","E","R","E","M","B",null,"R","M","?","M","?","R","T","M","E","M","R","E","R","M","M","B",null,"R","M","M","?","?","E","T","R","?","R","$","M","M","M","B"],"character_chosen":"DOCTOR_CLASS","items_purchased":["ats:Wolf Pack","ats:Revitalization","Frozen Egg 2","PreservedInsect"],"campfire_rested":0,"item_purchase_floors":[11,11,39,45],"current_hp_per_floor":[79,79,79,76,76,76,76,76,76,32,33,72,72,63,76,70,76,76,70,54,75,76,86,86,86,84,86,86,86,86,86,82,86,86,86,64,86,86,86,86,86,86,86,86,81,70,86,20,0,0],"gold":80,"neow_bonus":"TEN_PERCENT_HP_BONUS","is_daily":false,"chose_seed":false,"campfire_upgraded":7,"win_rate":0.0,"timestamp":1611412754,"path_taken":["R","?","?","?","?","M","T","R","?","?","$","E","R","E","M","BOSS","R","M","?","M","?","R","T","M","E","?","R","E","R","M","M","BOSS","R","M","?","?","?","E","T","R","?","R","$","?","?","M","BOSS"],"items_purchased_type":["Card","Card","Relic","Relic"],"build_version":"2020-12-22","purchased_purges":1,"victory":false,"max_hp_per_floor":[79,79,79,76,76,76,76,76,76,76,76,76,76,76,76,76,76,76,76,76,76,76,86,86,86,86,86,86,86,86,86,86,86,86,86,86,86,86,86,86,86,86,86,86,86,86,86,86,86,86],"card_choices":[{"not_picked":["ats:Assault Order","ats:Powerful Strike"],"picked":"ats:Ignite","floor":5},{"not_picked":["ats:Shell Defense","ats:Blood Oath"],"picked":"ats:Shadow Raid","floor":6},{"not_picked":["ats:Flexible Camouflage","ats:Spore Proliferation"],"picked":"ats:Neurotoxin","floor":11},{"not_picked":["ats:Soul Absorption","ats:Hammer On"],"picked":"ats:Consecutive Shot Auto","floor":12},{"not_picked":["ats:Curse Doll","ats:Neurotoxin"],"picked":"ats:Apocalypse","floor":14},{"not_picked":["ats:Cat Scratch","ats:Ignite"],"picked":"ats:Neurotoxin","floor":15},{"not_picked":["ats:Shadow Assault","ats:True Silver Slash"],"picked":"ats:Dogmatic Field","floor":16},{"not_picked":["ats:Revitalization","ats:Ignite+1"],"picked":"ats:Magnetic Hammer","floor":19},{"not_picked":["ats:Revitalization","ats:Red Shift","ats:Apocalypse"],"picked":"SKIP","floor":21},{"not_picked":["ats:Sashimi Platter","ats:Flexible Camouflage"],"picked":"ats:Ignite+1","floor":22},{"not_picked":["ats:Flexible Camouflage","ats:Hook Shot+1","ats:Revitalization"],"picked":"SKIP","floor":25},{"not_picked":["ats:Support Order","ats:Flexible Camouflage"],"picked":"ats:Demon Strength+1","floor":26},{"not_picked":["ats:Rapid Magazine","ats:Leaping Hammer","ats:Serious Mode"],"picked":"SKIP","floor":27},{"not_picked":["ats:Support Order","ats:Cat Scratch"],"picked":"ats:Roar Of Ursus","floor":29},{"not_picked":["ats:Flexible Camouflage","ats:Curse Doll"],"picked":"ats:Guardian Obelisk","floor":31},{"not_picked":["ats:Apocalypse","ats:Thorns"],"picked":"ats:Poison Spread","floor":32},{"not_picked":["ats:Fractured Body","ats:Disruption Kick"],"picked":"ats:Rat Pack","floor":33},{"not_picked":["ats:Soul Absorption","ats:Apocalypse","ats:Leaping Hammer+1"],"picked":"SKIP","floor":36},{"not_picked":["ats:Leaping Hammer","ats:Neurotoxin"],"picked":"ats:Explosion Area Strengthen","floor":37},{"not_picked":["expansioncontent:Chronoboost","expansioncontent:LastStand"],"picked":"expansioncontent:GuardianWhirl","floor":38},{"not_picked":["ats:Powerful Strike+1","ats:Consecutive Shot Auto+1"],"picked":"ats:Sunburst+1","floor":39},{"not_picked":["ats:Roar Of Ursus+1","ats:Apocalypse"],"picked":"ats:Powerful Strike+1","floor":40},{"not_picked":["ats:Cat Scratch+1","ats:Charging Defense+1","ats:Assault Order+1"],"picked":"SKIP","floor":45},{"not_picked":["ats:Shell Defense+1","ats:Support Order+1","ats:Leaping Hammer"],"picked":"SKIP","floor":46},{"not_picked":["ats:Shell Defense","ats:Consecutive Shot Auto+1"],"picked":"ats:Overload+1","floor":47},{"not_picked":["ats:Magnetic Hammer","ats:Sword Rain+1"],"picked":"ats:Rapid Magazine+1","floor":48}],"player_experience":1457504,"relics_obtained":[{"floor":10,"key":"downfall:GremlinWheel"},{"floor":12,"key":"ats:Originium"},{"floor":12,"key":"Peace Pipe"},{"floor":13,"key":"Pen Nib"},{"floor":14,"key":"ats:Originium"},{"floor":14,"key":"Ginger"},{"floor":20,"key":"Necronomicon"},{"floor":22,"key":"White Beast Statue"},{"floor":24,"key":"Blue Candle"},{"floor":26,"key":"ats:Originium"},{"floor":26,"key":"Eternal Feather"},{"floor":29,"key":"ats:Originium"},{"floor":29,"key":"CaptainsWheel"},{"floor":40,"key":"Boot"},{"floor":41,"key":"Blood Vial"}],"event_choices":[{"cards_removed":["Parasite"],"damage_healed":0,"gold_gain":0,"player_choice":"Offered Curse","damage_taken":0,"relics_obtained":["Spirit Poop"],"max_hp_gain":0,"max_hp_loss":0,"event_name":"Bonfire Elementals","floor":4,"gold_loss":0},{"damage_healed":0,"gold_gain":0,"player_choice":"Relic","damage_taken":0,"max_hp_gain":0,"max_hp_loss":0,"event_name":"Wheel of Change","floor":13,"gold_loss":0}],"is_beta":false,"boss_relics":[{"not_picked":["Snecko Eye","Pandora\u0027s Box"],"picked":"SlaversCollar"},{"not_picked":["Philosopher\u0027s Stone","Runic Dome"],"picked":"sneckomod:SneckoTalon"}],"items_purged_floors":[11],"is_endless":false,"potions_floor_spawned":[6,12,14,16,21,22,25,26,27,29,31,32,33,36,37,39,40,45,46,47,48],"killed_by":"DF_ARCHETYPE_ORBS","ascension_level":0}}