{"host":"cfluht5kr2kfk9p9","time":1611417580,"event":{"mods":["ATMod(阿瑾Mod)","Arknights The Spire","BaseMod","Downfall","GungeonMod","Highlight Path","Minty Spire (QoL Compilation)","Quick Restart","Rare Cards Sparkle","Relic Stats","RumiaBox-露米娅的神秘盒子","Spicy Shops","StSLib","TestMod","【功能Mod】混沌之环修复补丁"],"gold_per_floor":[99,119,132,148,165,165,190,205,205,222,238,238,270,370,386,486,486,286,306,322,342,359,359,359,373,386,6,6,281,292,115,131,230,230,230,277,318,119,153,153,153,42,42,42,42,99,254,406,513,566],"floor_reached":51,"language":"ZHS","playtime":3040,"items_purged":["downfall:Malfunctioning"],"score":1215,"play_id":"e1fe5f19-9e5b-45ba-bf7f-95c19e8e3d69","local_time":"20210123235940","is_ascension_mode":false,"campfire_choices":[{"floor":12.0,"key":"RECALL"},{"data":"Battle Trance","floor":18.0,"key":"SMITH"},{"data":"AT_ShrugMaster","floor":23.0,"key":"SMITH"},{"data":"sneckomod:CheapStock","floor":28.0,"key":"SMITH"},{"data":"sneckomod:ImprovisedAttack","floor":35.0,"key":"SMITH"},{"data":"sneckomod:UnendingSupply","floor":40.0,"key":"SMITH"},{"floor":45,"key":"REST"}],"circlet_count":0,"master_deck":["sneckomod:TailWhip","sneckomod:SnekBite+1","sneckomod:Unknown+1","AT_ShrugMaster+1","Guardian:RollAttack","Battle Trance+1","sneckomod:Transmogrify+1","Guardian:MultiBeam","sneckomod:RainOfDice","sneckomod:DiceBlock","sneckomod:UnknownCommonSkill","sneckomod:UnknownClassRED","sneckomod:UnknownRareAttack","sneckomod:SnakeSap+1","sneckomod:UnknownDraw","sneckomod:UnknownExhaust+1","sneckomod:UnknownBlock","sneckomod:SoulDraw","sneckomod:CheapStock+1","Regret","sneckomod:SoulDraw+1","sneckomod:UnknownBlock+1","sneckomod:UnknownRareSkill+1","sneckomod:SoulExchange+1","sneckomod:ImprovisedAttack+1","sneckomod:Unknown1Cost+1","sneckomod:Unknown3Cost+1","sneckomod:GlitteringGambit+1","sneckomod:UnknownStrength+1","sneckomod:UnknownDraw+1","sneckomod:UnknownExhaust+1","sneckomod:UnendingSupply+1","sneckomod:UnknownUncommonSkill+1","sneckomod:UnknownDraw+1","sneckomod:MasterEye","sneckomod:UnknownExhaust+1","testmod-EnhanceArmerment+1","sneckomod:UnknownDraw+1","sneckomod:DiceBoulder+1","sneckomod:UnknownRareAttack","sneckomod:UnknownRareSkill+1","sneckomod:UnknownRarePower","sneckomod:UnknownStrength+1","sneckomod:UnknownRareAttack","sneckomod:UnknownRareSkill+1","sneckomod:UnknownRarePower","sneckomod:QuickMove+1"],"relics":["sneckomod:SneckoSoul","testmod-TestBox","AT_ATBox","downfall:GremlinWheel","hexamod:CandleOfCauterizing","downfall:HeartBlessingGreen","downfall:HeartBlessingRed","PreservedInsect","testmod-Prudence","AT_ForceNature","champ:DeflectingBracers","bronze:DonusWashers","DemoMod:ClearGuonStone","Toxic Egg 2","Pandora\u0027s Box","testmod-Maize","Lee\u0027s Waffle","testmod-CrystalShield","Pen Nib","champ:Barbells","testmod-Justice","AT_ArchangelStaff","testmod-Register","testmod-TurbochargingSystem","AT_MibuBalloonWealth","White Beast Statue","hexamod:BolsterEngine","sneckomod:RareBoosterPack"],"acts_visited":["Exordium","TheCity","TheBeyond"],"potions_floor_usage":[],"damage_taken":[{"damage":2.0,"enemies":"2 Louse","floor":2.0,"turns":3.0},{"damage":6.0,"enemies":"Small Slimes","floor":3.0,"turns":3.0},{"damage":6.0,"enemies":"Cultist","floor":4.0,"turns":3.0},{"damage":21.0,"enemies":"Gremlin Gang","floor":5.0,"turns":3.0},{"damage":7.0,"enemies":"Blue Slaver","floor":8.0,"turns":4.0},{"damage":2.0,"enemies":"2 Fungi Beasts","floor":10.0,"turns":4.0},{"damage":12.0,"enemies":"Gremlin Gang","floor":11.0,"turns":4.0},{"damage":0.0,"enemies":"Lagavulin","floor":13.0,"turns":5.0},{"damage":12.0,"enemies":"Lagavulin","floor":14.0,"turns":4.0},{"damage":0.0,"enemies":"Red Slaver","floor":15.0,"turns":4.0},{"damage":23.0,"enemies":"IC_STATUS_ARCHETYPE","floor":16.0,"turns":9.0},{"damage":0.0,"enemies":"Spheric Guardian","floor":19.0,"turns":2.0},{"damage":8.0,"enemies":"3 Cultists","floor":20.0,"turns":6.0},{"damage":25.0,"enemies":"Snake Plant","floor":21.0,"turns":5.0},{"damage":0.0,"enemies":"Snecko","floor":22.0,"turns":3.0},{"damage":22.0,"enemies":"Shelled Parasite and Fungi","floor":25.0,"turns":7.0},{"damage":24.0,"enemies":"Centurion and Healer","floor":26.0,"turns":10.0},{"damage":0.0,"enemies":"downfall:FleeingMerchant","floor":27.0,"turns":4.0},{"damage":2.0,"enemies":"Snake Plant","floor":30.0,"turns":3.0},{"damage":4.0,"enemies":"downfall:FleeingMerchant","floor":31.0,"turns":4.0},{"damage":0.0,"enemies":"Cultist and Chosen","floor":32.0,"turns":4.0},{"damage":10.0,"enemies":"WA_ARCHETYPE_CALM","floor":33.0,"turns":7.0},{"damage":5.0,"enemies":"3 Darklings","floor":36.0,"turns":5.0},{"damage":7.0,"enemies":"Orb Walker","floor":37.0,"turns":3.0},{"damage":0.0,"enemies":"downfall:FleeingMerchant","floor":38.0,"turns":5.0},{"damage":0.0,"enemies":"Transient","floor":39.0,"turns":5.0},{"damage":12.0,"enemies":"downfall:FleeingMerchant","floor":42.0,"turns":3.0},{"damage":10,"enemies":"Giant Head","floor":46,"turns":4},{"damage":4,"enemies":"downfall:LadyInBlue","floor":47,"turns":7},{"damage":0,"enemies":"Reptomancer","floor":48,"turns":3},{"damage":5,"enemies":"Sphere and 2 Shapes","floor":49,"turns":8},{"damage":0,"enemies":"SI_POISON_ARCHETYPE","floor":50,"turns":7}],"seed_played":"8053239732747836772","potions_obtained":[{"floor":2.0,"key":"Guardian:BlockOnCardUsePotion"},{"floor":3.0,"key":"Explosive Potion"},{"floor":5.0,"key":"Energy Potion"},{"floor":11.0,"key":"Fire Potion"},{"floor":20.0,"key":"DistilledChaos"},{"floor":21.0,"key":"Fire Potion"},{"floor":25.0,"key":"DuplicationPotion"},{"floor":30.0,"key":"Explosive Potion"},{"floor":36.0,"key":"AttackPotion"},{"floor":37.0,"key":"Regen Potion"},{"floor":39.0,"key":"DemoMod:LeadSkinPotion"},{"floor":46,"key":"Strength Potion"},{"floor":47,"key":"Ancient Potion"},{"floor":47,"key":"SneckoOil"},{"floor":47,"key":"SteroidPotion"}],"is_trial":false,"path_per_floor":["R","M","M","M","M","?","T","M","R","M","M","R","E","?","M","B",null,"R","M","M","M","M","R","T","M","M","$","R","?","M","$","M","B",null,"R","M","M","$","M","R","T","$","R","?","R","E","?","E","M","B",null],"character_chosen":"THE_SNECKO","items_purchased":["DemoMod:ClearGuonStone","Membership Card","champ:DeflectingBracers","bronze:DonusWashers","sneckomod:CheapStock","Toxic Egg 2","Strawberry","Lee\u0027s Waffle","sneckomod:UnknownColorless+1","Pen Nib","sneckomod:MasterEye","champ:Barbells","testmod-Justice","AT_ArchangelStaff","testmod-Register","sneckomod:UnknownExhaust+1"],"campfire_rested":1,"item_purchase_floors":[27,27,27,27,27,31,38,38,38,42,42,42,42,42,42,42],"current_hp_per_floor":[99,97,91,85,64,64,64,57,57,55,43,43,43,34,34,36,99,99,99,94,69,69,69,69,47,23,23,23,23,21,17,17,22,102,102,98,91,116,116,116,116,104,104,104,116,106,105,105,100,100],"gold":566,"neow_bonus":"TEN_PERCENT_HP_BONUS","is_daily":false,"chose_seed":false,"campfire_upgraded":5,"win_rate":0.0,"timestamp":1611417580,"path_taken":["R","M","M","M","M","?","T","M","R","M","M","R","E","?","M","BOSS","R","M","M","M","M","R","T","M","M","?","R","?","M","$","M","BOSS","R","M","M","$","?","R","T","$","R","?","R","E","?","E","M","BOSS"],"items_purchased_type":["Relic","Relic","Relic","Relic","Card","Relic","Relic","Relic","Card","Relic","Card","Relic","Relic","Relic","Relic","Card"],"build_version":"2020-12-22","purchased_purges":1,"victory":true,"max_hp_per_floor":[99,99,99,99,99,99,99,99,99,99,99,99,99,99,99,99,99,99,99,102,102,102,102,102,102,102,102,102,102,102,102,102,102,102,102,102,102,116,116,116,116,116,116,116,116,116,116,116,116,116],"relic_stats":{"Lee\u0027s Waffle":18,"counters":[32,151],"Pandora\u0027s Box":["sneckomod:SoulExchange","sneckomod:ImprovisedAttack","sneckomod:Unknown1Cost","sneckomod:Unknown3Cost","sneckomod:GlitteringGambit","sneckomod:UnknownStrength"],"PreservedInsect":398,"Pen Nib":[5],"obtain_stats":[{"AT_ATBox":0,"AT_MibuBalloonWealth":46,"downfall:HeartBlessingGreen":18,"DemoMod:GlassGuonStoneRelic":2,"sneckomod:SneckoSoul":0,"AT_ArchangelStaff":42,"testmod-CrystalShield":42,"testmod-Alchemist":8,"downfall:GremlinWheel":14,"testmod-Prudence":17,"Pantograph":13,"Strawberry":38,"testmod-ObsoleteBoomerang":0,"DemoMod:ClearGuonStone":27,"Toxic Egg 2":31,"sneckomod:RareBoosterPack":48,"AT_ForceNature":24,"testmod-Maize":37,"champ:Barbells":42,"hexamod:CandleOfCauterizing":16,"bronze:DonusWashers":27,"Lee\u0027s Waffle":38,"testmod-TestBox":0,"downfall:HeartBlessingRed":18,"testmod-Register":42,"PreservedInsect":7,"champ:DeflectingBracers":27,"Pen Nib":42,"testmod-TurbochargingSystem":46,"testmod-Justice":42,"White Beast Statue":47,"AT_BellowingDragoncrestRing":44,"Pandora\u0027s Box":34,"Membership Card":27,"DemoMod:ResourcefulSack":28,"hexamod:BolsterEngine":48},{"AT_ATBox":0,"AT_MibuBalloonWealth":28,"downfall:HeartBlessingGreen":11,"DemoMod:GlassGuonStoneRelic":1,"sneckomod:SneckoSoul":0,"AT_ArchangelStaff":27,"testmod-CrystalShield":27,"testmod-Alchemist":5,"downfall:GremlinWheel":9,"testmod-Prudence":11,"Pantograph":8,"Strawberry":25,"testmod-ObsoleteBoomerang":0,"DemoMod:ClearGuonStone":18,"Toxic Egg 2":20,"sneckomod:RareBoosterPack":30,"AT_ForceNature":15,"testmod-Maize":24,"champ:Barbells":27,"hexamod:CandleOfCauterizing":11,"bronze:DonusWashers":18,"Lee\u0027s Waffle":25,"testmod-TestBox":0,"downfall:HeartBlessingRed":11,"testmod-Register":27,"PreservedInsect":4,"champ:DeflectingBracers":18,"Pen Nib":27,"testmod-TurbochargingSystem":28,"testmod-Justice":27,"White Beast Statue":29,"AT_BellowingDragoncrestRing":27,"Pandora\u0027s Box":22,"Membership Card":18,"DemoMod:ResourcefulSack":18,"hexamod:BolsterEngine":30},{"AT_ATBox":0,"AT_MibuBalloonWealth":126,"downfall:HeartBlessingGreen":46,"DemoMod:GlassGuonStoneRelic":3,"sneckomod:SneckoSoul":0,"AT_ArchangelStaff":122,"testmod-CrystalShield":122,"testmod-Alchemist":16,"downfall:GremlinWheel":33,"testmod-Prudence":46,"Pantograph":29,"Strawberry":114,"testmod-ObsoleteBoomerang":0,"DemoMod:ClearGuonStone":83,"Toxic Egg 2":90,"sneckomod:RareBoosterPack":136,"AT_ForceNature":62,"testmod-Maize":109,"champ:Barbells":122,"hexamod:CandleOfCauterizing":46,"bronze:DonusWashers":83,"Lee\u0027s Waffle":114,"testmod-TestBox":0,"downfall:HeartBlessingRed":46,"testmod-Register":122,"PreservedInsect":12,"champ:DeflectingBracers":83,"Pen Nib":122,"testmod-TurbochargingSystem":126,"testmod-Justice":122,"White Beast Statue":133,"AT_BellowingDragoncrestRing":122,"Pandora\u0027s Box":101,"Membership Card":83,"DemoMod:ResourcefulSack":83,"hexamod:BolsterEngine":136}]},"card_choices":[{"not_picked":["sneckomod:UnknownCommonAttack","sneckomod:Unknown1Cost"],"picked":"sneckomod:UnknownDraw","floor":2.0},{"not_picked":["sneckomod:UnknownCommonAttack","sneckomod:SoulRoll"],"picked":"sneckomod:Memorize","floor":3.0},{"not_picked":["sneckomod:DiceCrush","sneckomod:UnknownWeak"],"picked":"sneckomod:Transmogrify","floor":4.0},{"not_picked":["sneckomod:UnknownBlock","sneckomod:Mudshield"],"picked":"sneckomod:UnknownUncommonAttack","floor":5.0},{"not_picked":["sneckomod:Nope","sneckomod:WideSting","sneckomod:DefensiveFlair"],"picked":"SKIP","floor":8.0},{"not_picked":["sneckomod:QuickMove","sneckomod:IronFang"],"picked":"sneckomod:RainOfDice","floor":10.0},{"not_picked":["sneckomod:UnknownClassGUARDIAN","sneckomod:UnknownStrike"],"picked":"sneckomod:DiceBlock","floor":11.0},{"not_picked":["sneckomod:RainOfDice","sneckomod:DefensiveFlair"],"picked":"sneckomod:UnknownCommonSkill","floor":13.0},{"not_picked":["sneckomod:DiceBlock","sneckomod:RainOfDice"],"picked":"sneckomod:UnknownClassRED","floor":15.0},{"not_picked":["sneckomod:SerpentMind","sneckomod:SoulExchange"],"picked":"sneckomod:UnknownRareAttack","floor":16.0},{"not_picked":["sneckomod:Rotation+1","sneckomod:Unknown2Cost"],"picked":"sneckomod:SnakeSap+1","floor":19.0},{"not_picked":["sneckomod:PureSnecko","sneckomod:Nope"],"picked":"sneckomod:UnknownDraw","floor":20.0},{"not_picked":["sneckomod:SnakeSap","sneckomod:UnknownColorless+1"],"picked":"sneckomod:UnknownExhaust","floor":21.0},{"not_picked":["sneckomod:DiceCrush","sneckomod:UnendingSupply"],"picked":"sneckomod:UnknownBlock","floor":22.0},{"not_picked":["sneckomod:ImprovisedGuard","sneckomod:DiceBlock"],"picked":"sneckomod:SoulDraw","floor":25.0},{"not_picked":["sneckomod:DefensiveFlair+1","sneckomod:SoulRoll","sneckomod:DiceBlock"],"picked":"SKIP","floor":26.0},{"not_picked":["sneckomod:UnlimitedRolls","sneckomod:DiceCrush","sneckomod:UnknownCommonAttack"],"picked":"SKIP","floor":27.0},{"not_picked":["sneckomod:Rotation+1","sneckomod:WideSting","sneckomod:SoulDraw"],"picked":"SKIP","floor":30.0},{"not_picked":["sneckomod:DiceCrush","sneckomod:SoulRoll"],"picked":"sneckomod:SoulDraw+1","floor":31.0},{"not_picked":["sneckomod:SnekBeam","sneckomod:ImprovisedGuard+1"],"picked":"sneckomod:UnknownBlock+1","floor":32.0},{"not_picked":["sneckomod:GlitteringGambit+1","sneckomod:Unknown3Cost+1"],"picked":"sneckomod:UnknownRareSkill+1","floor":33.0},{"not_picked":["sneckomod:UnknownStrike+1","sneckomod:RainOfDice+1"],"picked":"sneckomod:UnknownDraw+1","floor":36.0},{"not_picked":["sneckomod:QuickBite+1","sneckomod:MorePower"],"picked":"sneckomod:UnknownExhaust+1","floor":37.0},{"not_picked":["sneckomod:QuickMove+1","sneckomod:DiceCrush+1"],"picked":"sneckomod:UnendingSupply","floor":38.0},{"not_picked":["sneckomod:Nope+1","sneckomod:MixItUp"],"picked":"sneckomod:UnknownUncommonSkill+1","floor":39.0},{"not_picked":["sneckomod:RainOfDice+1","sneckomod:IronFang+1"],"picked":"sneckomod:UnknownDraw+1","floor":42.0},{"not_picked":["sneckomod:UnknownBlock+1","sneckomod:UnknownUncommonSkill+1"],"picked":"sneckomod:UnknownDraw+1","floor":46},{"not_picked":["sneckomod:PureSnecko+1","sneckomod:UnknownCommonSkill+1"],"picked":"sneckomod:DiceBoulder+1","floor":47},{"not_picked":["sneckomod:UnknownWeak+1","sneckomod:DiceCrush+1"],"picked":"sneckomod:UnknownStrength+1","floor":48},{"not_picked":["sneckomod:UnknownCommonSkill+1","sneckomod:UnknownExhaust+1"],"picked":"sneckomod:QuickMove+1","floor":49}],"player_experience":70700,"relics_obtained":[{"floor":5.0,"key":"testmod-ObsoleteBoomerang"},{"floor":7.0,"key":"PreservedInsect"},{"floor":8.0,"key":"testmod-Alchemist"},{"floor":10.0,"key":"PreservedInsect"},{"floor":11.0,"key":"PreservedInsect"},{"floor":13.0,"key":"testmod-Alchemist"},{"floor":13.0,"key":"Pantograph"},{"floor":14.0,"key":"downfall:GremlinWheel"},{"floor":14.0,"key":"testmod-Alchemist"},{"floor":15.0,"key":"Pantograph"},{"floor":16.0,"key":"hexamod:CandleOfCauterizing"},{"floor":20.0,"key":"testmod-Alchemist"},{"floor":21.0,"key":"testmod-Prudence"},{"floor":22.0,"key":"PreservedInsect"},{"floor":24.0,"key":"AT_ForceNature"},{"floor":25.0,"key":"testmod-Prudence"},{"floor":26.0,"key":"testmod-Alchemist"},{"floor":27.0,"key":"AT_ForceNature"},{"floor":28.0,"key":"DemoMod:ResourcefulSack"},{"floor":30.0,"key":"testmod-Alchemist"},{"floor":31.0,"key":"DemoMod:ClearGuonStone"},{"floor":32.0,"key":"Membership Card"},{"floor":33.0,"key":"Membership Card"},{"floor":36.0,"key":"Membership Card"},{"floor":37.0,"key":"testmod-Maize"},{"floor":39.0,"key":"testmod-Alchemist"},{"floor":42.0,"key":"testmod-CrystalShield"},{"floor":46,"key":"testmod-TurbochargingSystem"},{"floor":46,"key":"AT_MibuBalloonWealth"},{"floor":47,"key":"White Beast Statue"},{"floor":48,"key":"sneckomod:RareBoosterPack"},{"floor":48,"key":"hexamod:BolsterEngine"},{"floor":49,"key":"sneckomod:RareBoosterPack"}],"event_choices":[{"damage_healed":0.0,"max_hp_gain":0.0,"max_hp_loss":0.0,"gold_gain":0.0,"event_name":"Wheel of Change","player_choice":"Relic","floor":28.0,"gold_loss":0.0,"damage_taken":0.0},{"damage_healed":0,"gold_gain":0,"player_choice":"Swap Relic","damage_taken":0,"relics_obtained":["AT_BellowingDragoncrestRing"],"max_hp_gain":0,"max_hp_loss":0,"event_name":"给自己的盒子","floor":44,"relics_lost":["AT_BellowingDragoncrestRing"],"gold_loss":0}],"is_beta":false,"boss_relics":[{"not_picked":["Astrolabe","testmod-CardMagician"],"picked":"testmod-Prudence"},{"not_picked":["Black Star","testmod-Recursion"],"picked":"Pandora\u0027s Box"}],"items_purged_floors":[31],"is_endless":false,"potions_floor_spawned":[2,3,5,11,20,21,25,30,36,37,39,46,48,49],"ascension_level":0}}