{"host":"rvofswtrkybk7ok8","time":1611379998,"event":{"mods":["ATMod(°¢èªMod)","BaseMod","Card Filter","Colored Map","Minty Spire (QoL Compilation)","Quick Restart","StSLib"],"gold_per_floor":[111,343,343,343,363,363,393,393,440,460,494,511,511,531,531,608,608,626,626,636,649,662,662,695,695,749,749,199,199,228,245,245,317,317,337,350,364,381,29,55,55,82,82,115,115,460,460,474,474,474,474,474,175,208,208],"floor_reached":56,"language":"ZHS","playtime":2988,"items_purged":["Strike_G","Defend_G","Defend_G","Endless Agony"],"score":2405,"play_id":"4fe068fd-406a-42c0-8980-567a360bb849","local_time":"20210123133318","is_ascension_mode":true,"campfire_choices":[{"data":"AT_KneejerkReflex","floor":6.0,"key":"SMITH"},{"data":"Neutralize","floor":8.0,"key":"SMITH"},{"data":"Defend_G","floor":15.0,"key":"PURGE"},{"data":"Strike_G","floor":23.0,"key":"PURGE"},{"data":"Eviscerate","floor":25.0,"key":"PURGE"},{"data":"Defend_G","floor":27.0,"key":"PURGE"},{"data":"Strike_G","floor":32.0,"key":"PURGE"},{"data":"Reflex","floor":45.0,"key":"PURGE"},{"floor":47.0,"key":"DIG"},{"floor":49.0,"key":"RECALL"},{"floor":52.0,"key":"DIG"}],"circlet_count":0,"master_deck":["AscendersBane","Survivor","Neutralize+1","AT_KneejerkReflex+1","Acrobatics+1","Accuracy+1","Blade Dance+1","Tools of the Trade+1","Tactician+1","AT_TwilightShroud","Deep Breath+1","Blade Dance+1","Backflip+1","AT_WindRun+1","Burst+1","Accuracy+1","Deep Breath+1","Distraction+1","Escape Plan+1"],"relics":["Ring of the Snake","AT_ATBox","AT_Kusabimaru","AT_BladeRuinedKing","Peace Pipe","Chemical X","Boot","AT_ArcaneBoots","AT_SilvercatRing","Fusion Hammer","Red Mask","AT_DeathDance","Medical Kit","CultistMask","AT_SunfireAegis","Empty Cage","HandDrill","Pantograph","Question Card","Bag of Marbles","Oddly Smooth Stone","Paper Crane","Shovel","Old Coin","Akabeko","Bottled Lightning","Ornamental Fan","Nunchaku","DollysMirror","Bag of Preparation"],"acts_visited":["Exordium","TheCity","TheBeyond","TheEnding"],"potions_floor_usage":[55],"damage_taken":[{"damage":1.0,"enemies":"Small Slimes","floor":1.0,"turns":4.0},{"damage":7.0,"enemies":"2 Louse","floor":5.0,"turns":3.0},{"damage":0.0,"enemies":"Gremlin Nob","floor":7.0,"turns":2.0},{"damage":0.0,"enemies":"Cultist","floor":10.0,"turns":3.0},{"damage":7.0,"enemies":"Lagavulin","floor":11.0,"turns":3.0},{"damage":0.0,"enemies":"Blue Slaver","floor":12.0,"turns":2.0},{"damage":12.0,"enemies":"Large Slime","floor":14.0,"turns":3.0},{"damage":14.0,"enemies":"Hexaghost","floor":16.0,"turns":4.0},{"damage":1.0,"enemies":"Spheric Guardian","floor":18.0,"turns":3.0},{"damage":8.0,"enemies":"Chosen","floor":20.0,"turns":2.0},{"damage":0.0,"enemies":"Snecko","floor":21.0,"turns":4.0},{"damage":0.0,"enemies":"Shelled Parasite and Fungi","floor":22.0,"turns":3.0},{"damage":11.0,"enemies":"Masked Bandits","floor":24.0,"turns":3.0},{"damage":0.0,"enemies":"Slavers","floor":30.0,"turns":3.0},{"damage":0.0,"enemies":"Snake Plant","floor":31.0,"turns":1.0},{"damage":0.0,"enemies":"Automaton","floor":33.0,"turns":2.0},{"damage":0.0,"enemies":"3 Shapes","floor":35.0,"turns":2.0},{"damage":0.0,"enemies":"3 Darklings","floor":36.0,"turns":2.0},{"damage":0.0,"enemies":"Transient","floor":37.0,"turns":3.0},{"damage":0.0,"enemies":"4 Shapes","floor":38.0,"turns":1.0},{"damage":0.0,"enemies":"Giant Head","floor":40.0,"turns":1.0},{"damage":0.0,"enemies":"Nemesis","floor":42.0,"turns":1.0},{"damage":0.0,"enemies":"Giant Head","floor":44.0,"turns":2.0},{"damage":0.0,"enemies":"2 Orb Walkers","floor":46.0,"turns":1.0},{"damage":0.0,"enemies":"Writhing Mass","floor":48.0,"turns":1.0},{"damage":0.0,"enemies":"Awakened One","floor":50.0,"turns":3.0},{"damage":0.0,"enemies":"Shield and Spear","floor":54.0,"turns":2.0},{"damage":11,"enemies":"The Heart","floor":55,"turns":4}],"seed_played":"-1986683601162638114","potions_obtained":[{"floor":5.0,"key":"CunningPotion"},{"floor":11.0,"key":"Fire Potion"},{"floor":12.0,"key":"Weak Potion"},{"floor":16.0,"key":"Fire Potion"},{"floor":35.0,"key":"PowerPotion"},{"floor":37.0,"key":"Energy Potion"}],"is_trial":false,"path_per_floor":["M","$","?","?","M","R","E","R","T","M","E","M","?","M","R","B",null,"M","?","M","M","M","R","?","R","T","R","$","?","E","M","R","B",null,"M","M","M","M","$","E","?","E","T","E","R","?","R","M","R","B",null,"R","$","E","B",null],"character_chosen":"THE_SILENT","items_purchased":["AT_BladeRuinedKing","Peace Pipe","Chemical X","Accuracy","Blade Dance","AT_DeathDance","Medical Kit","Backflip","HandDrill","Pantograph","Question Card","Burst","Ornamental Fan","Nunchaku","DollysMirror","Endless Agony","Distraction"],"campfire_rested":0,"item_purchase_floors":[2,2,2,2,2,28,28,28,39,39,39,39,53,53,53,53,53],"current_hp_per_floor":[62,62,67,67,60,60,60,60,60,60,53,53,53,41,41,27,58,57,57,49,49,49,49,38,38,38,38,38,38,38,38,38,38,61,61,61,61,61,61,61,61,61,61,61,61,61,61,61,61,68,68,68,68,68,57],"gold":208,"neow_bonus":"ONE_RARE_RELIC","is_daily":false,"chose_seed":false,"campfire_upgraded":2,"win_rate":0.0,"timestamp":1611379998,"path_taken":["M","$","?","?","M","R","E","R","T","M","E","?","?","M","R","BOSS","M","?","M","?","M","R","?","R","T","R","$","?","E","M","R","BOSS","M","M","?","M","$","E","?","E","T","E","R","?","R","M","R","BOSS","R","$","E","BOSS"],"items_purchased_type":["Relic","Relic","Relic","Card","Card","Relic","Relic","Card","Relic","Relic","Relic","Card","Relic","Relic","Relic","Card","Card"],"build_version":"2020-12-22","purchased_purges":4,"victory":true,"max_hp_per_floor":[63,63,68,68,68,68,68,68,68,68,68,68,68,68,68,68,68,68,68,68,68,68,68,68,68,68,68,68,68,68,68,68,68,68,68,68,68,68,68,68,68,68,68,68,68,68,68,68,68,68,68,68,68,68,68],"card_choices":[{"not_picked":["Dodge and Roll","Escape Plan"],"picked":"Acrobatics","floor":1.0},{"not_picked":["Escape Plan","Infinite Blades","Deadly Poison"],"picked":"SKIP","floor":5.0},{"not_picked":["Caltrops","Slice","Dagger Throw"],"picked":"SKIP","floor":7.0},{"not_picked":["PiercingWail","Deadly Poison","AT_FocusSwordFire"],"picked":"SKIP","floor":10.0},{"not_picked":["AT_TwilightShroud","Bouncing Flask"],"picked":"AT_KingSlayer","floor":11.0},{"not_picked":["Cloak And Dagger","Distraction","AT_WomanClash"],"picked":"SKIP","floor":12.0},{"not_picked":["Reflex","Deflect","Leg Sweep"],"picked":"SKIP","floor":14.0},{"not_picked":["Wraith Form v2","Grand Finale"],"picked":"Tools of the Trade","floor":16.0},{"not_picked":["Dodge and Roll","Slice"],"picked":"Tactician","floor":18.0},{"not_picked":["Terror","Sucker Punch"],"picked":"Blade Dance","floor":20.0},{"not_picked":["Bane","Dagger Spray+1","Leg Sweep"],"picked":"SKIP","floor":21.0},{"not_picked":["AT_WindFlip+1","Deflect+1","All Out Attack"],"picked":"SKIP","floor":22.0},{"not_picked":["Flying Knee","AT_WomanClash+1","Outmaneuver+1"],"picked":"SKIP","floor":30.0},{"not_picked":["Expertise+1","Phantasmal Killer","Bane+1"],"picked":"SKIP","floor":31.0},{"not_picked":["Sucker Punch","AT_WomanClash+1","Crippling Poison"],"picked":"SKIP","floor":35.0},{"not_picked":["Sucker Punch","Masterful Stab","Dagger Spray+1"],"picked":"SKIP","floor":36.0},{"not_picked":["Setup","Riddle With Holes","Blade Dance"],"picked":"SKIP","floor":37.0},{"not_picked":["Prepared","Outmaneuver"],"picked":"AT_WindRun","floor":38.0},{"not_picked":["Quick Slash","Slice","Noxious Fumes"],"picked":"Accuracy","floor":40.0},{"not_picked":["Flechettes","PiercingWail","AT_ThistleTea"],"picked":"Reflex","floor":42.0},{"not_picked":["Backstab","Predator+1","AT_TwilightShroud","Bane"],"picked":"SKIP","floor":44.0},{"not_picked":["Backflip+1","Deflect","Underhanded Strike","Poisoned Stab+1"],"picked":"SKIP","floor":48.0},{"not_picked":["Poisoned Stab","Phantasmal Killer","Corpse Explosion"],"picked":"Escape Plan+1","floor":54.0}],"player_experience":610226,"relics_obtained":[{"floor":7.0,"key":"Boot"},{"floor":9.0,"key":"AT_SpeedBoots"},{"floor":11.0,"key":"AT_SilvercatRing"},{"floor":24.0,"key":"Red Mask"},{"floor":30.0,"key":"AT_SunfireAegis"},{"floor":40.0,"key":"Bag of Marbles"},{"floor":42.0,"key":"Oddly Smooth Stone"},{"floor":43.0,"key":"Paper Crane"},{"floor":44.0,"key":"Shovel"},{"floor":46.0,"key":"Old Coin"},{"floor":47.0,"key":"Akabeko"},{"floor":52.0,"key":"Bottled Lightning"},{"floor":54.0,"key":"Bag of Preparation"}],"event_choices":[{"damage_healed":0.0,"max_hp_gain":5.0,"max_hp_loss":0.0,"gold_gain":0.0,"event_name":"Big Fish","player_choice":"Donut","floor":3.0,"gold_loss":0.0,"damage_taken":0.0},{"damage_healed":0.0,"max_hp_gain":0.0,"max_hp_loss":0.0,"gold_gain":0.0,"cards_transformed":["Strike_G"],"event_name":"Transmorgrifier","player_choice":"Transformed","floor":4.0,"gold_loss":0.0,"damage_taken":0.0,"cards_obtained":["Eviscerate"]},{"damage_healed":0.0,"max_hp_gain":0.0,"max_hp_loss":0.0,"gold_gain":0.0,"event_name":"Liars Game","player_choice":"Ignored","floor":13.0,"gold_loss":0.0,"damage_taken":0.0},{"damage_healed":0.0,"max_hp_gain":0.0,"max_hp_loss":0.0,"gold_gain":0.0,"event_name":"Match and Keep!","player_choice":"2 cards matched","floor":19.0,"gold_loss":0.0,"damage_taken":0.0,"cards_obtained":["AT_TwilightShroud","Deep Breath"]},{"damage_healed":0.0,"max_hp_gain":0.0,"max_hp_loss":0.0,"gold_gain":0.0,"event_name":"Masked Bandits","player_choice":"Fought Bandits","floor":24.0,"gold_loss":0.0,"damage_taken":0.0},{"damage_healed":0.0,"max_hp_gain":0.0,"max_hp_loss":0.0,"gold_gain":0.0,"event_name":"FaceTrader","player_choice":"Trade","floor":29.0,"gold_loss":0.0,"damage_taken":0.0,"relics_obtained":["CultistMask"]},{"cards_removed":["AT_KingSlayer"],"damage_healed":0.0,"max_hp_gain":0.0,"max_hp_loss":0.0,"gold_gain":0.0,"event_name":"Falling","player_choice":"Removed Attack","floor":41.0,"gold_loss":0.0,"damage_taken":0.0},{"damage_healed":0.0,"max_hp_gain":0.0,"max_hp_loss":0.0,"gold_gain":0.0,"event_name":"Mysterious Sphere","player_choice":"Fight","floor":46.0,"gold_loss":0.0,"damage_taken":0.0}],"is_beta":false,"boss_relics":[{"not_picked":["Busted Crown","AT_MortalBlade"],"picked":"Fusion Hammer"},{"not_picked":["SlaversCollar","Black Star"],"picked":"Empty Cage"}],"items_purged_floors":[2,28,39,53],"is_endless":false,"potions_floor_spawned":[5,11,12,16,18,20,35,37,42,44],"ascension_level":13}}