{"host":"5s7sm4h73jkd9266","time":1611343396,"event":{"mods":["AchievementEnabler","Bartender","BaseMod","Better Vampires","BetterRewards","Colored Map","Colored Powertips","Conspire","Downfall","Energized Spire","Hermit","Hubris","Magitek Elite","Minty Spire (QoL Compilation)","Potion Indicator Mod","Rare Cards Sparkle","Shop Mod","StSLib","The Blue Laboratory","The Necromancer","The Witch","Virulent Crown","everything is the same but u backflip on backflip","slay the spire mod where everything is the same but ironclad has a cowboy hat","vexMod"],"gold_per_floor":[110,125,125,125,46,46,57,77,131,143,143,143,153,5,5,105,105,120,134,134,134,154,170,17,17,70,70,89,207,207,227,227,363,363,401,401,20,49,1,1,1,1,1,1,39,55,55,91,91,132,132,132,30,106,106],"floor_reached":54,"language":"ENG","playtime":2446,"items_purged":[],"score":674,"play_id":"ec1d8ef4-db32-47dc-994f-fe7c0093c946","local_time":"20210122142316","is_ascension_mode":false,"campfire_choices":[{"data":"hubris:DuctTapeCard","floor":6.0,"key":"SMITH"},{"floor":11.0,"key":"RECALL"},{"data":"Hologram","floor":15.0,"key":"SMITH"},{"data":"Self Repair","floor":25.0,"key":"SMITH"},{"floor":30.0,"key":"REST"},{"floor":32.0,"key":"REST"},{"floor":40.0,"key":"REST"},{"data":"Madness","floor":44.0,"key":"SMITH"},{"floor":49.0,"key":"REST"},{"data":"Madness","floor":52.0,"key":"SMITH"}],"circlet_count":0,"master_deck":["Strike_B","Strike_B","Strike_B","Strike_B","Defend_B","Defend_B","Defend_B","Defend_B","Dualcast","Lockon","Hologram+1","Self Repair+1","Defragment","Cold Snap","Fusion","Glacier","Seek","Echo Form","Ball Lightning","Tempest+1","Core Surge","Conserve Battery","Ball Lightning+1","Streamline+1","Gash","Electrodynamics","Conserve Battery+1","Static Discharge","Gash","Hello World","Stack+1","Madness+1","Madness+1","Rainbow","Hologram+1","Gash","Reinforced Body","Rebound","hubris:DuctTapeCard"],"relics":["Cracked Core","Mango","DollysMirror","hubris:BallOfYels","hubris:DuctTape","Anchor","Black Star","hubris:EmptyBottle","Omamori","vexMod:ConsolationPrize","Regal Pillow","hubris:GlazedTorus","Nuclear Battery","Vajra","conspire:TreasureMap","Pen Nib","hubris:Towel"],"acts_visited":["Exordium","TheCity","TheBeyond","TheEnding"],"potions_floor_usage":[54,54,54],"damage_taken":[{"damage":3.0,"enemies":"Small Slimes","floor":1.0,"turns":2.0},{"damage":0.0,"enemies":"conspire:RoseBush","floor":2.0,"turns":2.0},{"damage":0.0,"enemies":"Jaw Worm","floor":7.0,"turns":2.0},{"damage":0.0,"enemies":"2 Fungi Beasts","floor":8.0,"turns":2.0},{"damage":0.0,"enemies":"Red Slaver","floor":10.0,"turns":2.0},{"damage":0.0,"enemies":"Lots of Slimes","floor":13.0,"turns":2.0},{"damage":22.0,"enemies":"The Guardian","floor":16.0,"turns":7.0},{"damage":13.0,"enemies":"Chosen","floor":18.0,"turns":5.0},{"damage":39.0,"enemies":"conspire:FuzzyDice","floor":19.0,"turns":5.0},{"damage":22.0,"enemies":"3 Cultists","floor":22.0,"turns":4.0},{"damage":6.0,"enemies":"Snake Plant","floor":23.0,"turns":3.0},{"damage":8.0,"enemies":"conspire:HollyBat","floor":28.0,"turns":7.0},{"damage":84.0,"enemies":"Book of Stabbing","floor":29.0,"turns":6.0},{"damage":5.0,"enemies":"Snecko","floor":31.0,"turns":5.0},{"damage":36.0,"enemies":"conspire:MysteriousRune","floor":33.0,"turns":9.0},{"damage":25.0,"enemies":"3 Darklings","floor":35.0,"turns":4.0},{"damage":19.0,"enemies":"Orb Walker","floor":38.0,"turns":4.0},{"damage":27.0,"enemies":"3 Darklings","floor":45.0,"turns":4.0},{"damage":6.0,"enemies":"4 Shapes","floor":46.0,"turns":3.0},{"damage":20.0,"enemies":"Sphere and 2 Shapes","floor":48.0,"turns":4.0},{"damage":57.0,"enemies":"Time Eater","floor":50.0,"turns":7.0},{"damage":92,"enemies":"Shield and Spear","floor":54,"turns":8}],"seed_played":"-7091759897759569480","potions_obtained":[{"floor":7.0,"key":"blueLaboratory:EmptyBottle"},{"floor":8.0,"key":"Swift Potion"},{"floor":12.0,"key":"blueLaboratory:EnragingPotion"},{"floor":12.0,"key":"LiquidBronze"},{"floor":12.0,"key":"EssenceOfDarkness"},{"floor":13.0,"key":"champ:CounterPotion"},{"floor":19.0,"key":"sneckomod:MuddlingPotion"},{"floor":22.0,"key":"blueLaboratory:HummingbirdPotion"},{"floor":29.0,"key":"Swift Potion"},{"floor":31.0,"key":"blueLaboratory:BubblePotion"},{"floor":45.0,"key":"BlessingOfTheForge"},{"floor":48.0,"key":"CultistPotion"}],"is_trial":false,"path_per_floor":["M","M","?","?","$","R","M","M","T","M","R","?","M","$","R","B",null,"M","M","?","?","M","M","$","R","T","T","M","E","R","M","R","B",null,"M","?","$","M","$","R","?","?","T","R","M","M","?","M","R","B",null,"R","$","E"],"character_chosen":"DEFECT","items_purchased":["DollysMirror","hubris:BallOfYels","hubris:DuctTape","Self Repair","Seek","hubris:EmptyBottle","Vajra","Gash","conspire:TreasureMap","Hello World","BlessingOfTheForge","Reinforced Body","Rebound"],"campfire_rested":4,"item_purchase_floors":[0,0,0,5,14,24,37,37,37,37,39,53,53],"current_hp_per_floor":[51,51,44,73,73,73,80,87,87,89,89,89,89,89,89,74,89,83,58,58,87,79,80,80,80,80,80,89,5,46,61,89,73,89,64,64,64,55,55,89,78,78,78,78,61,65,65,55,89,32,89,89,89,0,0],"gold":106,"neow_bonus":"","is_daily":false,"chose_seed":false,"campfire_upgraded":5,"win_rate":0.0,"timestamp":1611343396,"path_taken":["M","M","?","?","?","R","M","?","T","?","R","?","?","$","R","BOSS","M","M","?","?","M","M","?","R","T","?","M","E","R","M","R","BOSS","M","?","$","M","$","R","?","?","T","R","M","M","?","?","R","BOSS","R","$","E"],"items_purchased_type":["Relic","Relic","Relic","Card","Card","Relic","Relic","Card","Relic","Card","Potion","Card","Card"],"build_version":"2020-12-22","purchased_purges":0,"victory":false,"max_hp_per_floor":[89,89,89,89,89,89,89,89,89,89,89,89,89,89,89,89,89,89,89,89,89,89,89,89,89,89,89,89,89,89,89,89,89,89,89,89,89,89,89,89,89,89,89,89,89,89,89,89,89,89,89,89,89,89,89],"card_choices":[{"not_picked":["Rebound","Barrage"],"picked":"Lockon","floor":1.0},{"not_picked":["Ball Lightning","Beam Cell"],"picked":"Hologram","floor":2.0},{"not_picked":["Steam Power","Coolheaded"],"picked":"Defragment","floor":7.0},{"not_picked":["Leap","Barrage"],"picked":"Cold Snap","floor":8.0},{"not_picked":["Turbo","hubris:Prefetch"],"picked":"Fusion","floor":10.0},{"not_picked":["Redo","Streamline"],"picked":"Glacier","floor":13.0},{"not_picked":["Seek","Thunder Strike"],"picked":"Echo Form","floor":16.0},{"not_picked":["Steam","Compile Driver"],"picked":"Ball Lightning","floor":18.0},{"not_picked":["Go for the Eyes","White Noise+1"],"picked":"Tempest+1","floor":19.0},{"not_picked":["Sweeping Beam+1","Rebound"],"picked":"Core Surge","floor":22.0},{"not_picked":["Rip and Tear","Chaos+1"],"picked":"Conserve Battery","floor":23.0},{"not_picked":["Go for the Eyes+1","Sweeping Beam"],"picked":"Ball Lightning+1","floor":28.0},{"not_picked":["Hologram","Redo+1"],"picked":"Streamline+1","floor":29.0},{"not_picked":["Streamline","Compile Driver"],"picked":"Gash","floor":31.0},{"not_picked":["Reboot","Multi-Cast"],"picked":"Electrodynamics","floor":33.0},{"not_picked":["Beam Cell+1","Cold Snap"],"picked":"Conserve Battery+1","floor":35.0},{"not_picked":["Cold Snap","Conserve Battery"],"picked":"Stack+1","floor":38.0},{"not_picked":["Coolheaded+1","Steam"],"picked":"Rainbow","floor":45.0},{"not_picked":["Turbo","Skim+1"],"picked":"Hologram+1","floor":46.0},{"not_picked":["Leap","conspire:SharedLibrary+1"],"picked":"Gash","floor":48.0}],"player_experience":5477680,"relics_obtained":[{"floor":26.0,"key":"Omamori"},{"floor":27.0,"key":"vexMod:ConsolationPrize"},{"floor":29.0,"key":"Regal Pillow"},{"floor":29.0,"key":"hubris:GlazedTorus"},{"floor":43.0,"key":"Pen Nib"}],"event_choices":[{"damage_healed":0.0,"max_hp_gain":0.0,"max_hp_loss":0.0,"gold_gain":0.0,"event_name":"Scrap Ooze","player_choice":"Success","floor":3.0,"gold_loss":0.0,"damage_taken":7.0,"relics_obtained":["Anchor"]},{"damage_healed":29.0,"max_hp_gain":0.0,"max_hp_loss":0.0,"gold_gain":0.0,"event_name":"Big Fish","player_choice":"Banana","floor":4.0,"gold_loss":0.0,"damage_taken":0.0},{"damage_healed":0.0,"max_hp_gain":0.0,"max_hp_loss":0.0,"gold_gain":0.0,"event_name":"Lab","player_choice":"Got Potions","floor":12.0,"gold_loss":0.0,"damage_taken":0.0},{"damage_healed":29.0,"max_hp_gain":0.0,"max_hp_loss":0.0,"gold_gain":0.0,"event_name":"The Library","player_choice":"Heal","floor":21.0,"gold_loss":0.0,"damage_taken":0.0},{"damage_healed":0.0,"max_hp_gain":0.0,"max_hp_loss":0.0,"gold_gain":0.0,"event_name":"Winding Halls","player_choice":"Embrace Madness","floor":41.0,"gold_loss":0.0,"damage_taken":11.0,"cards_obtained":["Madness","Madness"]},{"damage_healed":0.0,"max_hp_gain":0.0,"max_hp_loss":0.0,"gold_gain":0.0,"event_name":"conspire:Investor","player_choice":"Leave","floor":42.0,"gold_loss":0.0,"damage_taken":0.0}],"is_beta":false,"boss_relics":[{"not_picked":["energizedSpire:UnstableMolecules","Fusion Hammer"],"picked":"Black Star"},{"not_picked":["conspire:RoyalGoblet","energizedSpire:DeadBattery"],"picked":"Nuclear Battery"}],"items_purged_floors":[],"is_endless":false,"potions_floor_spawned":[7,8,13,19,22,29,31,45,48],"killed_by":"Shield and Spear","ascension_level":0}}