{"host":"Jade","time":1611409510,"event":{"mods":["2.2 Compatiblity","A Penny For Your Troubles","Aspiration","BaseMod","Better Altar","Better Match","Better Note","Better Skull","Better Third Choice","Better Vampires","BetterRewards","Colored Powertips","Conspire","Curses Come First","DeckTracker","GifTheSpireLib","Hero for Fun","Hubris","Infinite Spire","Minty Spire (QoL Compilation)","Quick Restart","Rare Cards Sparkle","Relic Stats","Replay The Spire","RumiaBox-????????","StSLib","Stuff the Spire","Waifu the Spire","Wandering Minibosses"],"gold_per_floor":[116,81,81,95,115,140,151,161,237,237,26,26,39,58,58,161,161,174,99,99,24,34,34,64,64,64,77,104,114,64,64,64,165,165,190,221,255,290,319,365,13,13,36,58,58,75,75,75,75,81,81,93,93,93,114,114,114,130,160,183,32,32,42,42,65,65,145,145,165,176,176,200,200,226,242,242,293,293,312,346,221,256,256,347,347,370,391,416,425,455,455,478,478,558,606,657,200,200,211,211,197,197,220,220,247,270,166,166,182,194,194,210,210,210,210,210,210,301,301,338,338,338,368,400,400,443,443,466,171,195,395,427,466,466,452,452],"floor_reached":135,"language":"ENG","playtime":5799,"items_purged":["ReplayTheSpireMod:Muscle Training","Parasite","conspire:GhostlyStrike","conspire:GhostlyStrike"],"score":3383,"play_id":"d176afc7-1ca5-496c-a041-98830f1e3940","local_time":"20210123214510","is_ascension_mode":false,"campfire_choices":[{"data":"Inflame","floor":15,"key":"SMITH"},{"data":"Anger","floor":23,"key":"SMITH"},{"floor":25,"key":"REST"},{"floor":32,"key":"DIG"},{"data":"Demon Form","floor":42,"key":"SMITH"},{"data":"Disarm","floor":47,"key":"SMITH"},{"data":"Anger","floor":49,"key":"SMITH"},{"data":"infinitespire:UltimateForm","floor":57,"key":"SMITH"},{"data":"Anger","floor":62,"key":"SMITH"},{"data":"wanderingMiniBosses:FinaleOfPromise","floor":78,"key":"SMITH"},{"data":"conspire:GhostlyDefend","floor":83,"key":"PURGE"},{"data":"conspire:GhostlyDefend","floor":91,"key":"PURGE"},{"floor":93,"key":"REST"},{"floor":100,"key":"DIG"},{"data":"infinitespire:UltimateForm","floor":113,"key":"SMITH"},{"data":"Feed","floor":117,"key":"SMITH"},{"data":"infinitespire:Fortify","floor":127,"key":"SMITH"},{"data":"Anger","floor":134,"key":"SMITH"}],"circlet_count":0,"master_deck":["conspire:GhostlyStrike","conspire:GhostlyDefend","conspire:GhostlyDefend","Bash","Twin Strike","Carnage","hubris:CleavingFinish","Disarm+1","Inflame+1","Clash","Run Through","Demon Form+1","Anger+1","Anger+1","Replay:Undeath\u0027s Touch+1","Pummel+1","wanderingMiniBosses:FinaleOfPromise+1","Anger+1","Anger+1","Secret Weapon","Ragnarok+1","Replay:Undeath\u0027s Touch","infinitespire:UltimateForm+1","StuffTheSpire:WarGroove+1","infinitespire:Fortify+1","Consecrate+1","Feed+1","Feed","Regret","infinitespire:UltimateForm+1","Regret","infinitespire:Menacing+1"],"relics":["StuffTheSpire:OccultApparatus","NeowsBlessing","infinitespire:Cubic Diamond","StuffTheSpire:Rhapsscallions","GodSword7","hubris:Towel","TheAbacus","aspiration:PoetsPen_weak","Bottled Flame","Bottled Lightning","hubris:ChampionShield","Strawberry","Coffee Dripper","infinitespire:EvilPickle","wanderingMiniBosses:Blackblade","MagicDraw1","hubris:IronBody","StuffTheSpire:GrapeVine","Busted Crown","StuffTheSpire:BottledEssence","hubris:Backtick","Shuriken","Nunchaku","hubris:GlazedTorus","ReplayTheSpireMod:Ring of Collecting","StuffTheSpire:Mouthbags","MealTicket","HandDrill","Snack Pack","SlaversCollar","hubris:MysteriousPyramids","PrismaticShard","Blue Doll","Replay:Multitool","Orichalcum","aspiration:StickyExplosives_weak","Mango","infinitespire:PuzzleCube","CaptainsWheel","TungstenRod","hubris:Stopwatch","Eternal Feather","hubris:PeanutButter","GodSword5","hubris:Metronome","aspiration:BabyByrd","StuffTheSpire:RedRose","Pen Nib","Medical Kit","hubris:BottledHeart","Blood Vial","StuffTheSpire:HeavyRock","Thread and Needle","conspire:DeflatedDodgeball"],"acts_visited":["Exordium","TheCity","TheBeyond","Exordium","TheCity","TheBeyond","Exordium","TheCity"],"potions_floor_usage":[7,8,16,22,29,33,39,40,50,50,50,74,74,74,80,88,105,105,118,124,130,135,135],"damage_taken":[{"damage":0,"enemies":"2 Louse","floor":1,"turns":1},{"damage":0,"enemies":"Jaw Worm","floor":4,"turns":1},{"damage":0,"enemies":"Small Slimes","floor":5,"turns":1},{"damage":12,"enemies":"Gremlin Nob","floor":6,"turns":4},{"damage":2,"enemies":"Gremlin Gang","floor":7,"turns":5},{"damage":0,"enemies":"Looter","floor":8,"turns":3},{"damage":19,"enemies":"3 Louse","floor":13,"turns":7},{"damage":2,"enemies":"2 Fungi Beasts","floor":14,"turns":2},{"damage":36,"enemies":"Hexaghost","floor":16,"turns":10},{"damage":30,"enemies":"3 Byrds","floor":18,"turns":6},{"damage":8,"enemies":"2 Thieves","floor":22,"turns":4},{"damage":34,"enemies":"Nightmare","floor":24,"turns":5},{"damage":52,"enemies":"Centurion and Healer","floor":27,"turns":9},{"damage":38,"enemies":"Gremlin Leader","floor":28,"turns":5},{"damage":0,"enemies":"Chosen and Byrds","floor":29,"turns":3},{"damage":44,"enemies":"Pondfish","floor":33,"turns":7},{"damage":17,"enemies":"Orb Walker","floor":35,"turns":4},{"damage":22,"enemies":"3 Darklings","floor":36,"turns":3},{"damage":9,"enemies":"Transient","floor":37,"turns":5},{"damage":10,"enemies":"Jaw Worm Horde","floor":38,"turns":2},{"damage":16,"enemies":"Writhing Mass","floor":39,"turns":4},{"damage":34,"enemies":"Giant Head","floor":40,"turns":6},{"damage":0,"enemies":"Transient","floor":44,"turns":5},{"damage":0,"enemies":"Maw","floor":46,"turns":4},{"damage":0,"enemies":"Awakened One","floor":50,"turns":6},{"damage":0,"enemies":"Small Slimes","floor":52,"turns":1},{"damage":0,"enemies":"Cultist","floor":55,"turns":1},{"damage":0,"enemies":"Jaw Worm","floor":58,"turns":1},{"damage":0,"enemies":"Lagavulin","floor":59,"turns":2},{"damage":0,"enemies":"Looter","floor":63,"turns":1},{"damage":0,"enemies":"3 Sentries","floor":65,"turns":2},{"damage":0,"enemies":"Slime Boss","floor":67,"turns":3},{"damage":0,"enemies":"Spheric Guardian","floor":69,"turns":1},{"damage":0,"enemies":"3 Byrds","floor":70,"turns":2},{"damage":0,"enemies":"Snake Plant","floor":72,"turns":1},{"damage":0,"enemies":"Gremlin Leader","floor":74,"turns":1},{"damage":5,"enemies":"Cultist and Chosen","floor":75,"turns":3},{"damage":2,"enemies":"3 Cultists","floor":79,"turns":3},{"damage":4,"enemies":"Replay:Snechameleon","floor":80,"turns":3},{"damage":0,"enemies":"Gremlin Leader","floor":82,"turns":2},{"damage":17,"enemies":"conspire:MysteriousRune","floor":84,"turns":4},{"damage":4,"enemies":"Orb Walker","floor":86,"turns":2},{"damage":87,"enemies":"3 Shapes","floor":87,"turns":3},{"damage":0,"enemies":"Spire Growth","floor":88,"turns":4},{"damage":0,"enemies":"Transient","floor":89,"turns":5},{"damage":0,"enemies":"3 Darklings","floor":90,"turns":2},{"damage":12,"enemies":"Writhing Mass","floor":92,"turns":2},{"damage":11,"enemies":"Nightmare","floor":95,"turns":5},{"damage":0,"enemies":"R_Hoarder","floor":96,"turns":2},{"damage":6,"enemies":"Sphere and 2 Shapes","floor":99,"turns":3},{"damage":0,"enemies":"hubris:GrandSnecko","floor":101,"turns":4},{"damage":0,"enemies":"Jaw Worm","floor":103,"turns":1},{"damage":10,"enemies":"2 Louse","floor":105,"turns":2},{"damage":0,"enemies":"Small Slimes","floor":106,"turns":2},{"damage":56,"enemies":"Nightmare","floor":109,"turns":5},{"damage":0,"enemies":"2 Fungi Beasts","floor":110,"turns":2},{"damage":0,"enemies":"Looter","floor":112,"turns":2},{"damage":0,"enemies":"Fading Forest","floor":118,"turns":4},{"damage":0,"enemies":"2 Thieves","floor":120,"turns":1},{"damage":0,"enemies":"Shell Parasite","floor":123,"turns":2},{"damage":15,"enemies":"Snake Plant","floor":124,"turns":2},{"damage":0,"enemies":"Gremlin Leader","floor":126,"turns":3},{"damage":0,"enemies":"Slavers","floor":130,"turns":2},{"damage":0,"enemies":"Centurion and Healer","floor":132,"turns":2},{"damage":0,"enemies":"Shelled Parasite and Fungi","floor":133,"turns":1},{"damage":4,"enemies":"infinitespire:LordOfFortification","floor":135,"turns":2}],"seed_played":"1655492701638399614","potions_obtained":[{"floor":4,"key":"SkillPotion"},{"floor":6,"key":"Flashbang"},{"floor":7,"key":"Dexterity Potion"},{"floor":16,"key":"Block Potion"},{"floor":27,"key":"Dexterity Potion"},{"floor":28,"key":"Elixir"},{"floor":29,"key":"DuplicationPotion"},{"floor":35,"key":"PowerPotion"},{"floor":44,"key":"SteroidPotion"},{"floor":46,"key":"Adrenaline Potion"},{"floor":52,"key":"DistilledChaos"},{"floor":55,"key":"Milkshake"},{"floor":65,"key":"EssenceOfSteel"},{"floor":72,"key":"Fire Potion"},{"floor":79,"key":"Adrenaline Potion"},{"floor":80,"key":"ElixirPotion"},{"floor":84,"key":"Regen Potion"},{"floor":88,"key":"Block Potion"},{"floor":90,"key":"SpeedPotion"},{"floor":92,"key":"Regen Potion"},{"floor":105,"key":"Explosive Potion"},{"floor":109,"key":"SteroidPotion"},{"floor":118,"key":"DuplicationPotion"},{"floor":124,"key":"Adrenaline Potion"},{"floor":130,"key":"DistilledChaos"},{"floor":132,"key":"Doom Potion"}],"is_trial":false,"path_per_floor":["M","?","?","M","M","E","M","M","T","?","$","?","M","M","R","B",null,"M","$","?","?","M","R","NM","R","T","M","E","M","$","?","R","B",null,"M","M","M","M","M","E","$","R","T","M","?","M","R","AVR","R","B",null,"M","?","AVR","M","?","R","M","E","T","$","R","M","$","E","R","B",null,"M","M","?","M","?","E","M","?","T","R","M","E","$","E","R","B",null,"M","M","M","M","M","R","M","R","T","NM","E","$","?","M","R","B",null,"M","AVR","M","M","$","R","NM","M","T","M","R","?","?","?","R","B",null,"M","AVR","?","M","M","R","E","R","T","$","E","?","M","M","R","B"],"character_chosen":"IRONCLAD","items_purchased":["Inflame","TheAbacus","BloodPotion","hubris:IronBody","HandDrill","CaptainsWheel","Feed","Thread and Needle"],"campfire_rested":2,"item_purchase_floors":[11,11,30,41,61,97,107,129],"current_hp_per_floor":[80,80,80,80,80,73,71,71,71,71,71,71,52,50,50,14,85,55,55,55,55,57,57,23,48,48,48,10,10,10,85,92,48,92,75,53,44,34,36,2,2,2,2,2,2,2,2,2,2,2,89,89,75,75,75,75,75,75,75,75,89,89,89,89,89,89,89,89,89,89,69,73,73,79,80,72,72,72,76,76,89,89,89,76,89,85,4,20,30,34,34,30,56,56,63,73,88,88,88,88,100,103,103,103,93,95,103,103,47,55,55,57,79,79,79,74,96,113,113,113,113,113,116,103,1,1,1,1,1,1,1,1,1,1,0,0],"gold":452,"neow_bonus":"THREE_ENEMY_KILL","is_daily":false,"chose_seed":false,"campfire_upgraded":12,"win_rate":0.0,"timestamp":1611409510,"path_taken":["M","?","?","M","?","E","M","M","T","?","?","?","?","M","R","BOSS","M","$","?","?","?","R","NM","R","T","M","E","M","$","?","R","BOSS","M","M","M","M","M","E","$","R","T","M","?","M","R","AVR","R","BOSS","M","?","AVR","M","?","R","M","E","T","$","R","M","?","E","R","BOSS","M","M","?","M","?","E","M","?","T","R","M","E","?","E","R","BOSS","M","M","M","?","M","R","M","R","T","NM","E","$","?","M","R","BOSS","M","AVR","M","M","$","R","NM","M","T","M","R","?","?","?","R","BOSS","M","AVR","?","?","M","R","E","R","T","?","E","?","M","?","R","BOSS"],"items_purchased_type":["Card","Relic","Potion","Relic","Relic","Relic","Card","Relic"],"build_version":"2020-11-17","purchased_purges":4,"victory":false,"max_hp_per_floor":[80,80,80,80,80,85,85,85,85,85,85,85,85,85,85,85,85,85,85,85,85,85,85,85,85,85,85,85,85,85,85,92,92,92,92,92,92,92,92,92,89,89,89,89,89,89,89,89,89,89,89,89,89,89,89,89,89,89,89,89,89,89,89,89,89,89,89,89,89,89,89,89,89,89,89,89,89,89,89,89,89,89,89,89,89,89,89,89,89,89,89,89,89,89,103,103,103,103,103,103,103,103,103,103,103,103,103,103,103,109,109,109,109,109,109,109,109,113,113,113,113,113,116,116,1,1,1,1,1,1,1,1,1,1,1,1],"relic_stats":{"counters":[66,207],"Eternal Feather":57,"Pen Nib":[7],"Orichalcum":[138],"Medical Kit":[0],"Blood Vial":0,"Nunchaku":[38],"TheAbacus":[186],"Busted Crown":392,"Shuriken":[96],"MealTicket":50,"HandDrill":[78],"obtain_stats":[{"StuffTheSpire:Rhapsscallions":6,"infinitespire:Cubic Diamond":3,"aspiration:PoetsPen_weak":17,"StuffTheSpire:BottledEssence":48,"hubris:MysteriousPyramids":74,"MagicDraw1":40,"Blood Vial":126,"aspiration:BabyByrd":114,"Strawberry":32,"MealTicket":60,"HandDrill":61,"Eternal Feather":104,"Pen Nib":116,"infinitespire:EvilPickle":34,"SlaversCollar":68,"Bottled Flame":24,"wanderingMiniBosses:Blackblade":37,"Shuriken":51,"hubris:BottledHeart":125,"ReplayTheSpireMod:Ring of Collecting":56,"hubris:PeanutButter":108,"GodSword7":9,"GodSword5":109,"infinitespire:PuzzleCube":96,"hubris:Metronome":111,"Blue Doll":77,"Mango":95,"StuffTheSpire:GrapeVine":43,"Replay:Multitool":80,"PrismaticShard":76,"Burning Blood":0,"aspiration:StickyExplosives_weak":94,"StuffTheSpire:OccultApparatus":98,"Nunchaku":53,"TheAbacus":11,"hubris:Backtick":51,"hubris:Stopwatch":102,"StuffTheSpire:HeavyRock":128,"hubris:IronBody":41,"hubris:ChampionShield":28,"StuffTheSpire:RedRose":115,"hubris:GlazedTorus":54,"NeowsBlessing":0,"Thread and Needle":129,"hubris:Towel":10,"Orichalcum":82,"Medical Kit":121,"infinitespire:DarkRift":3,"CaptainsWheel":97,"Busted Crown":48,"StuffTheSpire:Mouthbags":59,"Coffee Dripper":34,"Snack Pack":65,"Bottled Lightning":26,"conspire:DeflatedDodgeball":130,"TungstenRod":100},{"StuffTheSpire:Rhapsscallions":4,"infinitespire:Cubic Diamond":1,"aspiration:PoetsPen_weak":9,"StuffTheSpire:BottledEssence":24,"hubris:MysteriousPyramids":36,"MagicDraw1":22,"Blood Vial":62,"aspiration:BabyByrd":57,"Strawberry":15,"MealTicket":29,"HandDrill":29,"Eternal Feather":52,"Pen Nib":57,"infinitespire:EvilPickle":16,"SlaversCollar":32,"Bottled Flame":12,"wanderingMiniBosses:Blackblade":19,"Shuriken":25,"hubris:BottledHeart":61,"ReplayTheSpireMod:Ring of Collecting":27,"hubris:PeanutButter":54,"GodSword7":6,"GodSword5":55,"infinitespire:PuzzleCube":49,"hubris:Metronome":56,"Blue Doll":37,"Mango":48,"StuffTheSpire:GrapeVine":22,"Replay:Multitool":39,"PrismaticShard":37,"Burning Blood":0,"aspiration:StickyExplosives_weak":47,"StuffTheSpire:OccultApparatus":49,"Nunchaku":26,"TheAbacus":6,"hubris:Backtick":25,"hubris:Stopwatch":51,"StuffTheSpire:HeavyRock":62,"hubris:IronBody":22,"hubris:ChampionShield":14,"StuffTheSpire:RedRose":57,"hubris:GlazedTorus":26,"NeowsBlessing":0,"Thread and Needle":62,"hubris:Towel":6,"Orichalcum":40,"Medical Kit":59,"infinitespire:DarkRift":1,"CaptainsWheel":49,"Busted Crown":24,"StuffTheSpire:Mouthbags":29,"Coffee Dripper":16,"Snack Pack":31,"Bottled Lightning":12,"conspire:DeflatedDodgeball":63,"TungstenRod":50},{"StuffTheSpire:Rhapsscallions":7,"infinitespire:Cubic Diamond":1,"aspiration:PoetsPen_weak":34,"StuffTheSpire:BottledEssence":106,"hubris:MysteriousPyramids":128,"MagicDraw1":97,"Blood Vial":200,"aspiration:BabyByrd":188,"Strawberry":66,"MealTicket":117,"HandDrill":117,"Eternal Feather":175,"Pen Nib":188,"infinitespire:EvilPickle":73,"SlaversCollar":123,"Bottled Flame":49,"wanderingMiniBosses:Blackblade":85,"Shuriken":112,"hubris:BottledHeart":197,"ReplayTheSpireMod:Ring of Collecting":114,"hubris:PeanutButter":179,"GodSword7":15,"GodSword5":184,"infinitespire:PuzzleCube":168,"hubris:Metronome":186,"Blue Doll":131,"Mango":166,"StuffTheSpire:GrapeVine":97,"Replay:Multitool":137,"PrismaticShard":131,"Burning Blood":0,"aspiration:StickyExplosives_weak":161,"StuffTheSpire:OccultApparatus":168,"Nunchaku":113,"TheAbacus":15,"hubris:Backtick":112,"hubris:Stopwatch":174,"StuffTheSpire:HeavyRock":200,"hubris:IronBody":97,"hubris:ChampionShield":63,"StuffTheSpire:RedRose":188,"hubris:GlazedTorus":113,"NeowsBlessing":0,"Thread and Needle":200,"hubris:Towel":15,"Orichalcum":139,"Medical Kit":193,"infinitespire:DarkRift":1,"CaptainsWheel":168,"Busted Crown":106,"StuffTheSpire:Mouthbags":117,"Coffee Dripper":73,"Snack Pack":120,"Bottled Lightning":49,"conspire:DeflatedDodgeball":202,"TungstenRod":171}],"TungstenRod":11},"card_choices":[{"not_picked":["ReplayTheSpireMod:Strike From Hell","Shrug It Off"],"picked":"Twin Strike","floor":1},{"not_picked":["Fiend Fire","Cleave"],"picked":"Carnage","floor":4},{"not_picked":["StuffTheSpire:RagingBull","Thunderclap","Dark Embrace"],"picked":"SKIP","floor":5},{"not_picked":["ReplayTheSpireMod:LeadingStrike","Power Through"],"picked":"hubris:CleavingFinish","floor":6},{"not_picked":["Armaments","Hemokinesis"],"picked":"ReplayTheSpireMod:Muscle Training","floor":7},{"not_picked":["Thunderclap","Warcry"],"picked":"Disarm","floor":8},{"not_picked":["Body Slam","Pommel Strike"],"picked":"Clash","floor":13},{"not_picked":["Clothesline","Pommel Strike"],"picked":"Run Through","floor":14},{"not_picked":["Berserk","Eclipse"],"picked":"Demon Form","floor":16},{"not_picked":["True Grit+1","Thunderclap+1"],"picked":"Anger","floor":18},{"not_picked":["hubris:CleavingFinish","Eclipse","Warcry"],"picked":"SKIP","floor":22},{"not_picked":["hubris:CleavingFinish","ReplayTheSpireMod:Strike From Hell"],"picked":"Replay:Undeath\u0027s Touch+1","floor":24},{"not_picked":["ReplayTheSpireMod:Strike From Hell","Infernal Blade","Warcry"],"picked":"SKIP","floor":27},{"not_picked":["Pommel Strike","Shrug It Off","Hemogenesis"],"picked":"SKIP","floor":28},{"not_picked":["Shrug It Off+1","Disarm","Whirlwind"],"picked":"SKIP","floor":29},{"not_picked":["Clothesline","StuffTheSpire:RockThrow+1","Twin Strike"],"picked":"SKIP","floor":35},{"not_picked":["Iron Wave","conspire:ExplosiveBarrier","Power Through+1"],"picked":"SKIP","floor":36},{"not_picked":["Warcry+1","ReplayTheSpireMod:Strike From Hell+1"],"picked":"Pummel+1","floor":37},{"not_picked":[],"picked":"wanderingMiniBosses:FinaleOfPromise","floor":37},{"not_picked":["Rage","Run Through","StuffTheSpire:RagingBull"],"picked":"SKIP","floor":38},{"not_picked":["Twin Strike+1","StuffTheSpire:RockThrow+1"],"picked":"Anger","floor":39},{"not_picked":["Searing Blow+1","Battle Trance+1"],"picked":"Anger","floor":40},{"not_picked":["Clothesline+1","Cleave","Brutality"],"picked":"SKIP","floor":44},{"not_picked":["hubris:Insight","Enlightenment"],"picked":"Secret Weapon","floor":45},{"not_picked":["Power Through","Cleave","hubris:ReadiedAction"],"picked":"SKIP","floor":46},{"not_picked":["Dual Wield"],"picked":"SKIP","floor":52},{"not_picked":["StuffTheSpire:Incineration"],"picked":"SKIP","floor":55},{"not_picked":[],"picked":"Replay:Undeath\u0027s Touch","floor":58},{"not_picked":["Shrug It Off"],"picked":"SKIP","floor":59},{"not_picked":["StuffTheSpire:Slingshot"],"picked":"SKIP","floor":63},{"not_picked":["Hemokinesis"],"picked":"SKIP","floor":65},{"not_picked":["Thunderclap+1"],"picked":"SKIP","floor":69},{"not_picked":["Iron Wave"],"picked":"SKIP","floor":70},{"not_picked":["Battle Trance"],"picked":"SKIP","floor":72},{"not_picked":["Twin Strike+1"],"picked":"SKIP","floor":74},{"not_picked":["Rupture"],"picked":"SKIP","floor":75},{"not_picked":["Swivel"],"picked":"SKIP","floor":79},{"not_picked":["Twin Strike+1"],"picked":"SKIP","floor":80},{"not_picked":["Hidden Blade"],"picked":"SKIP","floor":82},{"not_picked":["infinitespire:NeuralNetwork","ReplayTheSpireMod:Black Plague"],"picked":"infinitespire:Fortify","floor":84},{"not_picked":["Replay:Undeath\u0027s Touch"],"picked":"SKIP","floor":86},{"not_picked":[],"picked":"Consecrate+1","floor":87},{"not_picked":["StuffTheSpire:Coldhearted"],"picked":"SKIP","floor":88},{"not_picked":["Replay:DivineShield+1"],"picked":"SKIP","floor":89},{"not_picked":["Cleave"],"picked":"SKIP","floor":90},{"not_picked":["Rupture"],"picked":"SKIP","floor":92},{"not_picked":["StuffTheSpire:Repulse+1"],"picked":"SKIP","floor":95},{"not_picked":["Replay:BluntJabs+1"],"picked":"SKIP","floor":96},{"not_picked":["Evaluate+1"],"picked":"SKIP","floor":99},{"not_picked":["Flying Knee"],"picked":"SKIP","floor":103},{"not_picked":["StuffTheSpire:Incineration"],"picked":"SKIP","floor":105},{"not_picked":["Thunderclap"],"picked":"SKIP","floor":106},{"not_picked":["ReplayTheSpireMod:Haul","ReplayTheSpireMod:Echoes of Time"],"picked":"infinitespire:UltimateForm","floor":109},{"not_picked":["hubris:CleavingFinish"],"picked":"SKIP","floor":109},{"not_picked":["Vengeance"],"picked":"SKIP","floor":110},{"not_picked":["BowlingBash"],"picked":"SKIP","floor":112},{"not_picked":["Run Through"],"picked":"SKIP","floor":120},{"not_picked":["ReplayTheSpireMod:Tripwire"],"picked":"SKIP","floor":123},{"not_picked":["Sucker Punch"],"picked":"SKIP","floor":124},{"not_picked":["Twin Strike"],"picked":"SKIP","floor":126},{"not_picked":["ReplayTheSpireMod:Stacked"],"picked":"SKIP","floor":130},{"not_picked":["Sever Soul"],"picked":"SKIP","floor":132},{"not_picked":["PathToVictory+1"],"picked":"SKIP","floor":133}],"player_experience":2152,"relics_obtained":[{"floor":6,"key":"StuffTheSpire:Rhapsscallions"},{"floor":9,"key":"GodSword7"},{"floor":24,"key":"Bottled Flame"},{"floor":26,"key":"Bottled Lightning"},{"floor":28,"key":"hubris:ChampionShield"},{"floor":32,"key":"Strawberry"},{"floor":37,"key":"wanderingMiniBosses:Blackblade"},{"floor":40,"key":"MagicDraw1"},{"floor":43,"key":"StuffTheSpire:GrapeVine"},{"floor":56,"key":"ReplayTheSpireMod:Ring of Collecting"},{"floor":59,"key":"StuffTheSpire:Mouthbags"},{"floor":60,"key":"MealTicket"},{"floor":65,"key":"Snack Pack"},{"floor":74,"key":"hubris:MysteriousPyramids"},{"floor":76,"key":"PrismaticShard"},{"floor":77,"key":"Blue Doll"},{"floor":80,"key":"Replay:Multitool"},{"floor":82,"key":"Orichalcum"},{"floor":94,"key":"aspiration:StickyExplosives_weak"},{"floor":95,"key":"Mango"},{"floor":96,"key":"infinitespire:PuzzleCube"},{"floor":100,"key":"TungstenRod"},{"floor":109,"key":"GodSword5"},{"floor":111,"key":"hubris:Metronome"},{"floor":126,"key":"Blood Vial"},{"floor":128,"key":"StuffTheSpire:HeavyRock"},{"floor":130,"key":"conspire:DeflatedDodgeball"}],"event_choices":[{"damage_healed":0,"gold_gain":0,"player_choice":"Left","damage_taken":0,"max_hp_gain":0,"max_hp_loss":0,"event_name":"betterThird:BetterGoop","floor":2,"gold_loss":35},{"cards_removed":["Strike_R"],"damage_healed":0,"gold_gain":0,"player_choice":"Purged","damage_taken":0,"max_hp_gain":0,"max_hp_loss":0,"event_name":"Purifier","floor":12,"gold_loss":0},{"damage_healed":0,"gold_gain":0,"player_choice":"Copied","damage_taken":0,"max_hp_gain":0,"max_hp_loss":0,"event_name":"Duplicator","floor":20,"gold_loss":0,"cards_obtained":["Anger"]},{"damage_healed":0,"gold_gain":0,"player_choice":"2","damage_taken":0,"max_hp_gain":0,"max_hp_loss":0,"event_name":"betterMatch:BetterMatch","floor":21,"gold_loss":0,"cards_obtained":["betterMatch:CommonCard"]},{"cards_removed":["Inflame"],"damage_healed":75,"gold_gain":0,"player_choice":"Offered Uncommon","damage_taken":0,"max_hp_gain":0,"max_hp_loss":0,"event_name":"Bonfire Elementals","floor":31,"gold_loss":0},{"damage_healed":0,"gold_gain":0,"player_choice":"Memory 1","damage_taken":0,"max_hp_gain":0,"max_hp_loss":0,"event_name":"SensoryStone","floor":45,"gold_loss":0},{"damage_healed":0,"gold_gain":0,"player_choice":"Agree","damage_taken":0,"max_hp_gain":0,"max_hp_loss":0,"event_name":"conspire:LoneGhost","floor":66,"gold_loss":0},{"damage_healed":0,"gold_gain":0,"player_choice":"Box","damage_taken":0,"relics_obtained":["hubris:PeanutButter"],"max_hp_gain":0,"max_hp_loss":0,"event_name":"Big Fish","floor":108,"gold_loss":0,"cards_obtained":["Regret"]},{"damage_healed":0,"gold_gain":0,"player_choice":"Relic ","damage_taken":7,"max_hp_gain":0,"max_hp_loss":0,"event_name":"betterThird:BetterScrap","floor":116,"gold_loss":0,"cards_obtained":["StuffTheSpire:Incursion"]},{"damage_healed":0,"gold_gain":0,"player_choice":"Upgraded","damage_taken":0,"max_hp_gain":0,"max_hp_loss":0,"event_name":"Upgrade Shrine","floor":122,"gold_loss":0,"cards_upgraded":["infinitespire:Menacing"]},{"damage_healed":0,"gold_gain":200,"player_choice":"Gold","damage_taken":0,"max_hp_gain":0,"max_hp_loss":0,"event_name":"Wheel of Change","floor":131,"gold_loss":0}],"is_beta":true,"boss_relics":[{"not_picked":["SoulBox","hubris:TerracottaHorce"],"picked":"aspiration:PoetsPen_weak"},{"not_picked":["ReplayTheSpireMod:DimensionalGlitch","hubris:Stopwatch"],"picked":"Coffee Dripper"},{"not_picked":["aspiration:FutureDiary","AddBug"],"picked":"hubris:Backtick"},{"not_picked":["hubris:CrackedHourglass","conspire:SlowCooker"],"picked":"SlaversCollar"},{"not_picked":["hubris:RunicObelisk","StuffTheSpire:Kangaroo","aspiration:SilentSkillbook"]},{"not_picked":["Velvet Choker","Kintsugi"],"picked":"hubris:Stopwatch"},{"not_picked":["AddBug","hubris:TerracottaHorce","Philosopher\u0027s Stone"]}],"items_purged_floors":[19,41,81,97],"is_endless":true,"potions_floor_spawned":[4,6,7,16,27,28,29,35,37,44,46,52,55,65,72,74,79,80,84,88,90,92,95,96,105,109,112,118,124,126,130,132],"killed_by":"infinitespire:LordOfFortification","ascension_level":0}}