{"host":"swphzoo6hmc78epl","time":1611435059,"event":{"mods":["BaseMod","Highlight Path","Minty Spire (QoL Compilation)","Quick Restart"],"gold_per_floor":[109,128,139,156,173,173,193,206,206,206,206,224,224,237,237,237,237],"floor_reached":16,"language":"ENG","playtime":596,"items_purged":[],"score":123,"play_id":"ad7c67e9-3ab5-43cb-9d7e-f76bc3be44b1","local_time":"20210123155059","is_ascension_mode":true,"campfire_choices":[{"data":"Wallop","floor":6,"key":"SMITH"},{"data":"Eruption","floor":10,"key":"SMITH"},{"data":"FollowUp","floor":13,"key":"SMITH"},{"data":"SashWhip","floor":15,"key":"SMITH"}],"circlet_count":0,"master_deck":["Strike_P","Strike_P","Strike_P","Defend_P","Defend_P","Defend_P","Defend_P","Eruption+1","Vigilance","Consecrate","SashWhip+1","EmptyFist","Wallop+1","JustLucky","FollowUp+1","Prostrate","Prostrate"],"relics":["Black Star","Damaru"],"acts_visited":["Exordium"],"potions_floor_usage":[5,8],"damage_taken":[{"damage":6,"enemies":"2 Louse","floor":1,"turns":4},{"damage":5,"enemies":"Cultist","floor":2,"turns":5},{"damage":4,"enemies":"Jaw Worm","floor":3,"turns":3},{"damage":4,"enemies":"Blue Slaver","floor":4,"turns":4},{"damage":14,"enemies":"Exordium Wildlife","floor":5,"turns":5},{"damage":5,"enemies":"Red Slaver","floor":7,"turns":3},{"damage":2,"enemies":"Gremlin Gang","floor":8,"turns":2},{"damage":0,"enemies":"Blue Slaver","floor":12,"turns":2},{"damage":0,"enemies":"2 Fungi Beasts","floor":14,"turns":3},{"damage":35,"enemies":"The Guardian","floor":16,"turns":12}],"seed_played":"8137080950994199430","potions_obtained":[{"floor":3,"key":"BlessingOfTheForge"},{"floor":5,"key":"Energy Potion"},{"floor":8,"key":"BlessingOfTheForge"},{"floor":14,"key":"PowerPotion"}],"is_trial":false,"path_per_floor":["M","M","M","M","M","R","M","M","T","R","?","M","R","M","R","B"],"character_chosen":"WATCHER","items_purchased":[],"campfire_rested":0,"item_purchase_floors":[],"current_hp_per_floor":[66,61,57,53,39,39,34,32,32,32,32,32,32,32,32,0,0],"gold":237,"neow_bonus":"BOSS_RELIC","is_daily":false,"chose_seed":false,"campfire_upgraded":4,"win_rate":0.0,"timestamp":1611435059,"path_taken":["M","M","M","M","M","R","M","M","T","R","?","M","R","M","R","BOSS"],"items_purchased_type":[],"build_version":"2020-12-22","purchased_purges":0,"victory":false,"max_hp_per_floor":[72,72,72,72,72,72,72,72,72,72,72,72,72,72,72,72,72],"card_choices":[{"not_picked":["FlurryOfBlows","Protect"],"picked":"Consecrate","floor":1},{"not_picked":["Prostrate","Adaptation"],"picked":"SashWhip","floor":2},{"not_picked":["ThirdEye","Prostrate"],"picked":"EmptyFist","floor":3},{"not_picked":["Evaluate","ThirdEye"],"picked":"Wallop","floor":4},{"not_picked":["SashWhip","Prostrate","Evaluate"],"picked":"SKIP","floor":5},{"not_picked":["WreathOfFlame","WaveOfTheHand"],"picked":"JustLucky","floor":7},{"not_picked":["Meditate","Establishment"],"picked":"FollowUp","floor":8},{"not_picked":["FlyingSleeves","Fasting2"],"picked":"Prostrate","floor":12},{"not_picked":["Indignation","Protect"],"picked":"Prostrate","floor":14}],"player_experience":815701,"relics_obtained":[{"floor":9,"key":"Damaru"}],"event_choices":[{"cards_removed":["Strike_P"],"damage_healed":0,"gold_gain":0,"player_choice":"Offered Basic","damage_taken":0,"max_hp_gain":0,"max_hp_loss":0,"event_name":"Bonfire Elementals","floor":11,"gold_loss":0}],"is_beta":false,"boss_relics":[],"items_purged_floors":[],"is_endless":false,"potions_floor_spawned":[3,5,8,14],"killed_by":"The Guardian","ascension_level":5}}