{"host":"gbop6m4qugddaz18","time":1611379256,"event":{"mods":["2.2 Compatiblity","BaseMod","Better Third Choice","Block Reminder","Downfall","GifTheSpireLib","Highlight Path","Minty Spire (QoL Compilation)","Replay The Spire","StSLib"],"gold_per_floor":[111,111,131,143,157,157,184,184,266,294,294,320,334,354,354,458,458,458,458],"floor_reached":18,"language":"ENG","playtime":2061,"items_purged":[],"score":191,"play_id":"f4ed92fc-8b9b-4a50-87d4-ab0b14051744","local_time":"20210123002056","is_ascension_mode":true,"campfire_choices":[{"data":"Neutralize","floor":6,"key":"SMITH"},{"floor":8,"key":"REST"},{"data":"Well Laid Plans","floor":11,"key":"SMITH"},{"data":"Catalyst","floor":15,"key":"SMITH"}],"circlet_count":0,"master_deck":["Strike_G","Strike_G","Strike_G","Defend_G","Defend_G","Defend_G","Defend_G","Survivor","Neutralize+1","Sucker Punch+1","Heel Hook+1","Escape Plan","Heel Hook","Deadly Poison","Bouncing Flask","Accuracy","Well Laid Plans+1","Poisoned Stab","Catalyst+1","Poisoned Stab","Burst","Decay","ReplayTheSpireMod:IOU","ReplayTheSpireMod:Faulty Equipment"],"relics":["Astrolabe","Byrd Skull","Meat on the Bone","Blood Vial","Regal Pillow","Replay:Ancient Bell","Nunchaku","Pantograph","Pondfish Scales"],"acts_visited":["Exordium","TheCity"],"potions_floor_usage":[],"damage_taken":[{"damage":0,"enemies":"2 Louse","floor":1,"turns":3},{"damage":0,"enemies":"Cultist","floor":3,"turns":4},{"damage":0,"enemies":"Small Slimes","floor":4,"turns":3},{"damage":13,"enemies":"3 Louse","floor":5,"turns":4},{"damage":31,"enemies":"3 Sentries","floor":7,"turns":10},{"damage":6,"enemies":"Replay:BlueRogue","floor":10,"turns":5},{"damage":23,"enemies":"3 Sentries","floor":12,"turns":7},{"damage":0,"enemies":"Large Slime","floor":13,"turns":5},{"damage":15,"enemies":"Exordium Thugs","floor":14,"turns":4},{"damage":51,"enemies":"Fading Forest","floor":16,"turns":11},{"damage":5,"enemies":"Shell Parasite","floor":18,"turns":2}],"seed_played":"-4689174076647669680","potions_obtained":[{"floor":3,"key":"GhostInAJar"},{"floor":5,"key":"FearPotion"},{"floor":7,"key":"hexamod:SoulburnPotion"},{"floor":10,"key":"ColorlessPotion"},{"floor":14,"key":"Slimebound:ThreeZeroPotion"}],"is_trial":false,"path_per_floor":["M","?","M","M","M","R","E","R","T","E","R","E","M","M","R","B",null,"M"],"character_chosen":"THE_SILENT","items_purchased":[],"campfire_rested":1,"item_purchase_floors":[],"current_hp_per_floor":[70,80,80,80,67,67,36,60,60,54,54,45,47,46,46,19,80,75,75],"gold":458,"neow_bonus":"BOSS_RELIC","is_daily":false,"chose_seed":false,"campfire_upgraded":3,"win_rate":0.0,"timestamp":1611379256,"path_taken":["M","?","M","M","M","R","E","R","T","E","R","E","?","M","R","BOSS","M"],"items_purchased_type":[],"build_version":"2020-12-22","purchased_purges":0,"victory":false,"max_hp_per_floor":[70,80,80,80,80,80,80,80,80,80,80,80,80,80,80,80,80,80,80],"card_choices":[{"not_picked":["Hidden Blade","Dodge and Roll"],"picked":"Escape Plan","floor":1},{"not_picked":["Distraction","Endless Agony"],"picked":"Heel Hook","floor":3},{"not_picked":["Slice","Tactician"],"picked":"Deadly Poison","floor":4},{"not_picked":["ReplayTheSpireMod:The Works","Escape Plan"],"picked":"Bouncing Flask","floor":5},{"not_picked":["Dodge and Roll","Slice"],"picked":"Accuracy","floor":7},{"not_picked":["Deadly Poison","PiercingWail"],"picked":"Well Laid Plans","floor":10},{"not_picked":["Glass Knife","Backflip"],"picked":"Poisoned Stab","floor":12},{"not_picked":["Outmaneuver","All Out Attack"],"picked":"Catalyst","floor":13},{"not_picked":["Bouncing Flask","Setup"],"picked":"Poisoned Stab","floor":14},{"not_picked":["Storm of Steel","Night Terror"],"picked":"Burst","floor":16},{"not_picked":["Voices","Regret"],"picked":"Decay","floor":17},{"not_picked":["Normality","Replay:Hysterical Blindness"],"picked":"ReplayTheSpireMod:IOU","floor":17},{"not_picked":["Hallucinations","ReplayTheSpireMod:Restless Dread"],"picked":"ReplayTheSpireMod:Faulty Equipment","floor":17}],"player_experience":591540,"relics_obtained":[{"floor":7,"key":"Byrd Skull"},{"floor":9,"key":"Meat on the Bone"},{"floor":10,"key":"Blood Vial"},{"floor":12,"key":"Regal Pillow"}],"event_choices":[{"cards_removed":["Die Die Die"],"damage_healed":0,"gold_gain":0,"player_choice":"Offered Rare","damage_taken":0,"max_hp_gain":10,"max_hp_loss":0,"event_name":"Bonfire Elementals","floor":2,"gold_loss":0}],"is_beta":false,"boss_relics":[{"not_picked":["Coffee Dripper","Honey Jar"],"picked":"Replay:Ancient Bell"},{"not_picked":["Grinning Jar","Toy Ornithopter"],"picked":"Nunchaku"},{"not_picked":["hexamod:CandleOfCauterizing","Replay:Bottled Snecko"],"picked":"Pantograph"},{"not_picked":["Counterbalance","Replay:PocketPolymizer"],"picked":"Pondfish Scales"}],"items_purged_floors":[],"is_endless":false,"potions_floor_spawned":[3,5,7,10,12,14],"killed_by":"Shell Parasite","ascension_level":1}}