{"host":"hvseegfg1v8jz7jr","time":1611424255,"event":{"mods":["AchievementEnabler","Ascension Reborn","Aspiration","BaseMod","Clawfect","Colored Map","Colored Powertips","Conspire","Energized Spire","GifTheSpireLib","Googly Eyes","Halation","Highlight Path","Hubris","Minty Spire (QoL Compilation)","Replay The Spire","Shop Mod","Small Relic Pack","Spikes Relics","StSLib","Stuff the Spire","The Alterego","Unceasing Turn Reminder","vexMod"],"gold_per_floor":[114,114,114,114,114,144,144,161,215,241,258,277,277,293,293,389,389,403,416,416,260,260,288,315,315,363,377,377,377,403,434,434,556,556,583,583,583,583,617,661,561,561,561,661,683,683,608,648,648,672],"floor_reached":51,"language":"ENG","playtime":2680,"items_purged":["Doubt"],"score":1176,"play_id":"a369ae2c-2f29-4179-893a-2fe68e7bbb99","local_time":"20210123105055","daily_mods":["Vintage","Allstar","Diverse","Colorless Cards","Heirloom","Time Dilation","Flight"],"is_ascension_mode":true,"campfire_choices":[{"data":"FTL","floor":15,"key":"SMITH"},{"data":"StuffTheSpire:BrainWave","floor":32,"key":"SMITH"},{"floor":49,"key":"REST"}],"circlet_count":0,"master_deck":["Strike_R+1","Strike_R+2","Strike_R+1","Strike_R+1","Defend_R+2","Defend_R+1","Defend_R+1","Bash+1","FTL+1","StuffTheSpire:BrainWave+1","FlyingSleeves+1","Flex","BootSequence","Clash","Terror+1"],"relics":["Burning Blood","replay:Trail_Library","hubris:Zylophone","Mango","hubris:Towel","halation:EternalFortune","SpikesRelics:DaevaFist","Turnip","Blood Vial","Matryoshka","hubris:OldNail","StuffTheSpire:Gunfinga","Replay:Ringing Soul","vexMod:ImprovementManual","Rawhide","aspiration:ChemicalBlood","Simple Rune","StrikeDummy","Replay:Mystery Machine","halation:PinkSoulGem","halation:LettersToHer","ReplayTheSpireMod:Lightbulb","Replay:Bandana","ReplayTheSpireMod:Ninjato","StuffTheSpire:HeavyRock","relicPack:DSword","Oddly Smooth Stone","Toy Ornithopter","LugNut","Charon\u0027s Ashes","Replay:WaspNest","Replay:Accelerometer","Replay:Rubber Ducky","RollingBoulder"],"acts_visited":["Exordium","TheCity","TheBeyond"],"potions_floor_usage":[50,50],"damage_taken":[{"damage":5,"enemies":"2 Louse","floor":1,"turns":2},{"damage":31,"enemies":"Lagavulin","floor":6,"turns":6},{"damage":2,"enemies":"Small Slimes","floor":8,"turns":3},{"damage":4,"enemies":"Replay:BlueRogue","floor":10,"turns":5},{"damage":0,"enemies":"conspire:RoseBush","floor":11,"turns":3},{"damage":10,"enemies":"Looter","floor":12,"turns":2},{"damage":5,"enemies":"3 Louse","floor":14,"turns":2},{"damage":29,"enemies":"The Guardian","floor":16,"turns":15},{"damage":37,"enemies":"conspire:FuzzyDice","floor":18,"turns":6},{"damage":0,"enemies":"3 Byrds","floor":19,"turns":6},{"damage":7,"enemies":"Book of Stabbing","floor":23,"turns":4},{"damage":8,"enemies":"conspire:SneckoGhost","floor":24,"turns":5},{"damage":0,"enemies":"conspire:HollyBat","floor":27,"turns":5},{"damage":0,"enemies":"Shelled Parasite and Fungi","floor":30,"turns":2},{"damage":3,"enemies":"Snake Plant","floor":31,"turns":2},{"damage":15,"enemies":"hubris:MusketHawk","floor":33,"turns":4},{"damage":0,"enemies":"Orb Walker","floor":35,"turns":2},{"damage":12,"enemies":"3 Shapes","floor":39,"turns":2},{"damage":0,"enemies":"Reptomancer","floor":40,"turns":2},{"damage":0,"enemies":"Maw","floor":45,"turns":2},{"damage":0,"enemies":"R_Hoarder","floor":48,"turns":2},{"damage":0,"enemies":"Awakened One","floor":50,"turns":3}],"seed_played":"-4245054591890900727","potions_obtained":[{"floor":1,"key":"GamblersBrew"},{"floor":6,"key":"Venom Potion"},{"floor":12,"key":"BlessingOfTheForge"},{"floor":30,"key":"Explosive Potion"}],"is_trial":true,"path_per_floor":["M","?","?","?","?","E","$","M","T","E","M","M","?","M","R","B",null,"M","M","?","$","?","E","E","?","T","M","T","?","M","M","R","B",null,"M","?","$","?","M","E","NS","?","T","?","M","?","$","E","R_BF","B",null],"character_chosen":"IRONCLAD","items_purchased":["Simple Rune"],"campfire_rested":1,"item_purchase_floors":[21],"current_hp_per_floor":[94,94,94,97,97,72,72,76,76,80,88,86,97,97,97,74,97,66,74,59,59,50,54,54,54,54,62,65,33,41,46,46,39,109,109,109,109,112,106,112,112,112,112,115,115,118,118,121,121,121],"gold":672,"neow_bonus":"","is_daily":false,"chose_seed":false,"campfire_upgraded":2,"win_rate":0.0,"timestamp":1611424255,"path_taken":["M","?","?","?","?","E","?","M","T","E","M","?","?","M","R","BOSS","M","M","?","$","?","E","E","?","T","M","?","?","?","M","R","BOSS","M","?","$","?","?","E","NS","?","T","?","?","?","$","E","R_BF","BOSS"],"items_purchased_type":["Relic"],"build_version":"2020-12-22","purchased_purges":1,"victory":true,"max_hp_per_floor":[94,94,94,97,97,97,97,97,97,97,97,97,97,97,97,97,97,97,97,100,100,100,103,103,103,103,103,106,109,109,109,109,109,109,109,109,109,112,112,112,112,112,112,115,115,118,118,121,121,121],"card_choices":[{"not_picked":["Lockon","hubris:SlightOfHand","Turbo"],"picked":"SKIP","floor":6},{"not_picked":["ReplayTheSpireMod:Private Reserves","Replay:BluntJabs","hubris:ReadiedAction"],"picked":"SKIP","floor":10},{"not_picked":["Hidden Blade","ReplayTheSpireMod:Scrap Shanks"],"picked":"FlyingSleeves+1","floor":23},{"not_picked":["Weave","ReplayTheSpireMod:LeadingStrike+1","Cleave"],"picked":"SKIP","floor":24},{"not_picked":["alterego_mod:1TonWallop+1","Life Link","JustLucky"],"picked":"SKIP","floor":40},{"not_picked":["StuffTheSpire:Python+1","conspire:SharedLibrary+1"],"picked":"Terror+1","floor":48}],"player_experience":154063,"relics_obtained":[{"floor":1,"key":"Mango"},{"floor":6,"key":"SpikesRelics:DaevaFist"},{"floor":8,"key":"Turnip"},{"floor":9,"key":"Blood Vial"},{"floor":10,"key":"Matryoshka"},{"floor":11,"key":"hubris:OldNail"},{"floor":12,"key":"StuffTheSpire:Gunfinga"},{"floor":14,"key":"Replay:Ringing Soul"},{"floor":18,"key":"Rawhide"},{"floor":19,"key":"aspiration:ChemicalBlood"},{"floor":23,"key":"StrikeDummy"},{"floor":24,"key":"Replay:Mystery Machine"},{"floor":26,"key":"halation:LettersToHer"},{"floor":26,"key":"ReplayTheSpireMod:Lightbulb"},{"floor":27,"key":"Replay:Bandana"},{"floor":28,"key":"ReplayTheSpireMod:Ninjato"},{"floor":28,"key":"halation:LettersToHer"},{"floor":28,"key":"StuffTheSpire:HeavyRock"},{"floor":30,"key":"Oddly Smooth Stone"},{"floor":31,"key":"Toy Ornithopter"},{"floor":35,"key":"LugNut"},{"floor":39,"key":"Charon\u0027s Ashes"},{"floor":40,"key":"Replay:WaspNest"},{"floor":43,"key":"halation:LettersToHer"},{"floor":43,"key":"Replay:Accelerometer"},{"floor":45,"key":"Replay:Rubber Ducky"},{"floor":48,"key":"RollingBoulder"}],"event_choices":[{"damage_healed":0,"gold_gain":0,"player_choice":"Disagree","damage_taken":0,"max_hp_gain":0,"max_hp_loss":0,"event_name":"conspire:LoneGhost","floor":2,"gold_loss":0},{"damage_healed":0,"gold_gain":0,"player_choice":"Stopped","damage_taken":9,"max_hp_gain":0,"max_hp_loss":0,"event_name":"Cursed Tome","floor":22,"gold_loss":0},{"damage_healed":0,"gold_gain":0,"player_choice":"Ignored","damage_taken":0,"max_hp_gain":0,"max_hp_loss":0,"event_name":"Tomb of Lord Red Mask","floor":36,"gold_loss":0},{"damage_healed":0,"gold_gain":100,"player_choice":"Pray","damage_taken":0,"max_hp_gain":0,"max_hp_loss":0,"event_name":"Golden Shrine","floor":44,"gold_loss":0},{"cards_removed":["Creative AI"],"damage_healed":0,"gold_gain":0,"player_choice":"Took Card","damage_taken":0,"max_hp_gain":0,"max_hp_loss":0,"event_name":"NoteForYourself","floor":46,"gold_loss":0,"cards_obtained":["Creative AI"]}],"is_beta":false,"boss_relics":[{"not_picked":["conspire:SlowCooker","vexMod:EndlessSickness"],"picked":"vexMod:ImprovementManual"},{"not_picked":["Mark of Pain","Velvet Choker","Replay:Grab Bag"]}],"items_purged_floors":[47],"is_endless":false,"potions_floor_spawned":[1,6,12,16,18,19,40],"ascension_level":0}}