{"host":"b7mawubrjc2hdxhd","time":1611435133,"event":{"mods":["AchievementEnabler","BaseMod","BetterRewards","Ironclad Rager","Minty Spire (QoL Compilation)","Relic Stats","Spicy Shops","Spire Arcade","StSLib"],"gold_per_floor":[114,127,54,54,54,54,85,85,85,85,105,116,135,165,165,260,260,273,283,299,51,221,253,265,277,339,368,380,392,414,437,449,557,569,601,629,641,673,701,741,771,783,795,839,157,177,190,222,222,222,222],"floor_reached":50,"language":"ENG","playtime":2652,"items_purged":[],"score":666,"play_id":"1f18bb7f-28ae-4b21-9610-d70a7af3e3e1","local_time":"20210123205213","is_ascension_mode":false,"campfire_choices":[{"floor":6,"key":"REST"},{"floor":8,"key":"REST"},{"floor":10,"key":"REST"},{"floor":15,"key":"REST"},{"data":"Blade Dance","floor":25,"key":"SMITH"},{"floor":29,"key":"REST"},{"floor":32,"key":"REST"},{"floor":42,"key":"REST"},{"data":"Noxious Fumes","floor":49,"key":"SMITH"}],"circlet_count":0,"master_deck":["Strike_G","Strike_G+1","Strike_G","Strike_G","Defend_G","Defend_G","Defend_G","Defend_G","Defend_G","Survivor","Blade Dance","Accuracy","Heel Hook","Backflip","Noxious Fumes","Bouncing Flask","Bouncing Flask","Caltrops","Leg Sweep","Endless Agony","Glass Knife+1","Distraction+1","Deflect","Deflect","Blade Dance+1","Blade Dance","Bouncing Flask","Masterful Stab","Catalyst","Die Die Die","Underhanded Strike+1","Distraction","Blur","Dodge and Roll+1","Infinite Blades+1","Choke+1","Acrobatics+1","Noxious Fumes+1","Slice+1","Blade Dance","Dagger Throw+1"],"relics":["Ring of the Snake","TwistedFunnel","Meat on the Bone","Blood Vial","Boot","Nunchaku","Torii","Happy Flower","WristBlade","PreservedInsect","Anchor","MawBank","Centennial Puzzle","Busted Crown","Pear","Darkstone Periapt","Bronze Scales","Toy Ornithopter","Whetstone","Sling","Molten Egg 2","Gambling Chip"],"acts_visited":["Exordium","TheCity","TheBeyond"],"potions_floor_usage":[27,33,33,33,38,39,40,40,40,40,40,46,50],"damage_taken":[{"damage":0,"enemies":"Cultist","floor":1,"turns":3},{"damage":0,"enemies":"2 Louse","floor":2,"turns":1},{"damage":28,"enemies":"Gremlin Nob","floor":7,"turns":5},{"damage":0,"enemies":"Small Slimes","floor":11,"turns":2},{"damage":0,"enemies":"Looter","floor":12,"turns":2},{"damage":1,"enemies":"Lots of Slimes","floor":13,"turns":3},{"damage":16,"enemies":"3 Sentries","floor":14,"turns":7},{"damage":32,"enemies":"Hexaghost","floor":16,"turns":7},{"damage":10,"enemies":"3 Byrds","floor":18,"turns":2},{"damage":0,"enemies":"Shell Parasite","floor":19,"turns":4},{"damage":24,"enemies":"Shelled Parasite and Fungi","floor":20,"turns":5},{"damage":0,"enemies":"Gremlin Leader","floor":23,"turns":4},{"damage":6,"enemies":"Cultist and Chosen","floor":27,"turns":4},{"damage":8,"enemies":"Snake Plant","floor":30,"turns":2},{"damage":1,"enemies":"Snecko","floor":31,"turns":3},{"damage":11,"enemies":"Automaton","floor":33,"turns":6},{"damage":0,"enemies":"3 Shapes","floor":35,"turns":3},{"damage":6,"enemies":"Orb Walker","floor":36,"turns":3},{"damage":0,"enemies":"Jaw Worm Horde","floor":38,"turns":2},{"damage":24,"enemies":"Writhing Mass","floor":39,"turns":4},{"damage":1,"enemies":"Reptomancer","floor":40,"turns":3},{"damage":0,"enemies":"Sphere and 2 Shapes","floor":41,"turns":5},{"damage":7,"enemies":"Nemesis","floor":44,"turns":3},{"damage":1,"enemies":"Maw","floor":46,"turns":4},{"damage":1,"enemies":"Spire Growth","floor":47,"turns":2},{"damage":1,"enemies":"Giant Head","floor":48,"turns":4},{"damage":103,"enemies":"Awakened One","floor":50,"turns":7}],"seed_played":"3446785381199352564","potions_obtained":[{"floor":11,"key":"Swift Potion"},{"floor":12,"key":"CunningPotion"},{"floor":14,"key":"SteroidPotion"},{"floor":22,"key":"Poison Potion"},{"floor":27,"key":"Block Potion"},{"floor":35,"key":"EntropicBrew"},{"floor":39,"key":"Ancient Potion"},{"floor":47,"key":"Block Potion"}],"is_trial":false,"path_per_floor":["M","M","$","?","$","R","E","R","T","R","M","M","M","E","R","B",null,"M","M","M","$","?","E","?","R","T","M","?","R","M","M","R","B",null,"M","M","?","M","M","E","M","R","T","E","$","M","M","E","R","B"],"character_chosen":"THE_SILENT","items_purchased":["TwistedFunnel","Meat on the Bone","Blood Vial","Boot","Blade Dance","Accuracy","Noxious Fumes","PreservedInsect","Blade Dance","Toy Ornithopter","Whetstone","Sling","Molten Egg 2","Noxious Fumes"],"campfire_rested":7,"item_purchase_floors":[0,0,0,0,0,0,3,21,21,45,45,45,45,45],"current_hp_per_floor":[40,42,42,42,42,63,37,58,58,70,70,70,69,54,70,38,70,60,62,40,40,40,42,42,42,42,38,38,59,53,54,70,59,70,70,64,64,66,53,64,66,80,80,73,73,79,79,79,79,0,0],"gold":222,"neow_bonus":"","is_daily":false,"chose_seed":false,"campfire_upgraded":2,"win_rate":0.0,"timestamp":1611435133,"path_taken":["M","M","?","?","$","R","E","R","T","R","M","M","?","E","R","BOSS","M","M","M","$","?","E","?","R","T","?","?","R","M","M","R","BOSS","M","M","?","M","M","E","M","R","T","E","$","M","M","E","R","BOSS"],"items_purchased_type":["Relic","Relic","Relic","Relic","Card","Card","Card","Relic","Card","Relic","Relic","Relic","Relic","Card"],"build_version":"2020-12-22","purchased_purges":0,"victory":false,"max_hp_per_floor":[70,70,70,70,70,70,70,70,70,70,70,70,70,70,70,70,70,70,70,70,70,70,70,70,70,70,70,70,70,70,70,70,70,70,70,70,70,70,70,80,80,80,80,80,80,80,80,80,80,80,80],"relic_stats":{"Darkstone Periapt":0,"Torii":36,"Happy Flower":[25],"counters":[122,576],"PreservedInsect":275,"Whetstone":["Glass Knife","Strike_G"],"Boot":[90],"MawBank":264,"Blood Vial":32,"Nunchaku":[31],"Centennial Puzzle":[37],"Busted Crown":20,"Bronze Scales":[48],"Gambling Chip":[0],"obtain_stats":[{"TwistedFunnel":0,"Calipers":0,"CeramicFish":43,"HoveringKite":17,"Ginger":10,"Whetstone":45,"Sling":13,"Boot":0,"Blood Vial":9,"Centennial Puzzle":26,"HornCleat":26,"DollysMirror":13,"Sundial":34,"HandDrill":0,"Toxic Egg 2":39,"Pear":40,"Happy Flower":4,"Astrolabe":17,"Oddly Smooth Stone":10,"Letter Opener":3,"Paper Crane":7,"War Paint":23,"Question Card":9,"Akabeko":41,"WarpedTongs":13,"SlaversCollar":17,"Runic Dome":0,"Shuriken":46,"MutagenicStrength":24,"Bronze Scales":39,"Molten Egg 2":11,"Black Star":34,"StrikeDummy":7,"Unceasing Top":25,"Pocketwatch":0,"Meat on the Bone":26,"Darkstone Periapt":12,"Lantern":21,"Regal Pillow":39,"Torii":0,"Mango":0,"Snake Skull":9,"Juzu Bracelet":8,"PrismaticShard":4,"Smiling Mask":9,"Ancient Tea Set":25,"Tough Bandages":45,"Nunchaku":7,"TheAbacus":21,"Matryoshka":6,"WristBlade":0,"Mummified Hand":41,"Ninja Scroll":43,"Gambling Chip":36,"Tiny Chest":13,"Red Mask":27,"Ring of the Snake":0,"Potion Belt":39,"Lee\u0027s Waffle":19,"NeowsBlessing":0,"Golden Idol":8,"The Courier":23,"PreservedInsect":30,"Frozen Egg 2":9,"Orichalcum":5,"MawBank":23,"White Beast Statue":8,"Mercury Hourglass":23,"Calling Bell":34,"Cauldron":4,"Anchor":22,"Busted Crown":17,"Ornamental Fan":27,"Turnip":26,"Membership Card":0,"Bottled Lightning":29,"Toy Ornithopter":9},{"TwistedFunnel":95,"Calipers":54,"CeramicFish":23,"HoveringKite":36,"Ginger":33,"Whetstone":118,"Sling":86,"Boot":95,"Blood Vial":33,"Centennial Puzzle":107,"HornCleat":90,"DollysMirror":52,"Sundial":70,"HandDrill":27,"Toxic Egg 2":73,"Pear":116,"Happy Flower":57,"Astrolabe":88,"Oddly Smooth Stone":85,"Letter Opener":28,"Paper Crane":45,"War Paint":66,"Question Card":33,"Akabeko":23,"WarpedTongs":34,"SlaversCollar":10,"Runic Dome":54,"Shuriken":25,"MutagenicStrength":66,"Bronze Scales":73,"Molten Egg 2":46,"Black Star":19,"StrikeDummy":5,"Unceasing Top":67,"Pocketwatch":0,"Meat on the Bone":14,"Darkstone Periapt":52,"Lantern":12,"Regal Pillow":22,"Torii":54,"Mango":54,"Snake Skull":60,"Juzu Bracelet":60,"PrismaticShard":3,"Smiling Mask":45,"Ancient Tea Set":90,"Tough Bandages":75,"Nunchaku":98,"TheAbacus":12,"Matryoshka":31,"WristBlade":37,"Mummified Hand":23,"Ninja Scroll":74,"Gambling Chip":72,"Tiny Chest":52,"Red Mask":91,"Ring of the Snake":0,"Potion Belt":73,"Lee\u0027s Waffle":89,"NeowsBlessing":47,"Golden Idol":51,"The Courier":13,"PreservedInsect":69,"Frozen Egg 2":5,"Orichalcum":44,"MawBank":107,"White Beast Statue":33,"Mercury Hourglass":90,"Calling Bell":70,"Cauldron":57,"Anchor":106,"Busted Crown":63,"Ornamental Fan":14,"Turnip":67,"Membership Card":54,"Bottled Lightning":69,"Toy Ornithopter":84},{"TwistedFunnel":476,"Calipers":258,"CeramicFish":98,"HoveringKite":169,"Ginger":153,"Whetstone":559,"Sling":432,"Boot":476,"Blood Vial":153,"Centennial Puzzle":521,"HornCleat":455,"DollysMirror":233,"Sundial":361,"HandDrill":115,"Toxic Egg 2":374,"Pear":551,"Happy Flower":275,"Astrolabe":443,"Oddly Smooth Stone":430,"Letter Opener":120,"Paper Crane":207,"War Paint":334,"Question Card":153,"Akabeko":98,"WarpedTongs":156,"SlaversCollar":38,"Runic Dome":258,"Shuriken":108,"MutagenicStrength":334,"Bronze Scales":374,"Molten Egg 2":209,"Black Star":76,"StrikeDummy":21,"Unceasing Top":341,"Pocketwatch":0,"Meat on the Bone":54,"Darkstone Periapt":233,"Lantern":45,"Regal Pillow":91,"Torii":258,"Mango":258,"Snake Skull":293,"Juzu Bracelet":293,"PrismaticShard":12,"Smiling Mask":207,"Ancient Tea Set":455,"Tough Bandages":386,"Nunchaku":485,"TheAbacus":45,"Matryoshka":137,"WristBlade":174,"Mummified Hand":98,"Ninja Scroll":381,"Gambling Chip":371,"Tiny Chest":233,"Red Mask":458,"Ring of the Snake":0,"Potion Belt":374,"Lee\u0027s Waffle":448,"NeowsBlessing":210,"Golden Idol":224,"The Courier":49,"PreservedInsect":352,"Frozen Egg 2":21,"Orichalcum":203,"MawBank":521,"White Beast Statue":153,"Mercury Hourglass":455,"Calling Bell":361,"Cauldron":275,"Anchor":517,"Busted Crown":315,"Ornamental Fan":54,"Turnip":341,"Membership Card":258,"Bottled Lightning":352,"Toy Ornithopter":426}],"Toy Ornithopter":5,"Ring of the Snake":[55],"Meat on the Bone":0},"card_choices":[{"not_picked":["Flying Knee","Calculated Gamble"],"picked":"Heel Hook","floor":1},{"not_picked":["Prepared","Deadly Poison"],"picked":"Backflip","floor":2},{"not_picked":["Dagger Spray","Quick Slash"],"picked":"Bouncing Flask","floor":7},{"not_picked":["Dagger Throw","Dagger Spray"],"picked":"Bouncing Flask","floor":11},{"not_picked":["Skewer","Grand Finale"],"picked":"Caltrops","floor":12},{"not_picked":["Dagger Throw","Acrobatics"],"picked":"Leg Sweep","floor":13},{"not_picked":["Poisoned Stab","Dagger Spray"],"picked":"Endless Agony","floor":14},{"not_picked":["Malaise","Night Terror"],"picked":"Glass Knife","floor":16},{"not_picked":["Cloak And Dagger","Blur"],"picked":"Distraction+1","floor":18},{"not_picked":["Sucker Punch","PiercingWail"],"picked":"Deflect","floor":19},{"not_picked":["Acrobatics+1","Poisoned Stab+1"],"picked":"Deflect","floor":20},{"not_picked":["Crippling Poison","Night Terror"],"picked":"Blade Dance","floor":23},{"not_picked":["Dagger Spray","Dash"],"picked":"Bouncing Flask","floor":27},{"not_picked":["PiercingWail","Tactician"],"picked":"Masterful Stab","floor":30},{"not_picked":["Skewer","Quick Slash"],"picked":"Catalyst","floor":31},{"not_picked":["Tools of the Trade","Glass Knife"],"picked":"Die Die Die","floor":33},{"not_picked":[],"picked":"Underhanded Strike+1","floor":35},{"not_picked":[],"picked":"Distraction","floor":36},{"not_picked":[],"picked":"Blur","floor":38},{"not_picked":[],"picked":"Dodge and Roll+1","floor":39},{"not_picked":[],"picked":"Infinite Blades+1","floor":40},{"not_picked":[],"picked":"Choke+1","floor":41},{"not_picked":[],"picked":"Acrobatics+1","floor":44},{"not_picked":[],"picked":"Slice+1","floor":46},{"not_picked":[],"picked":"Blade Dance","floor":47},{"not_picked":[],"picked":"Dagger Throw+1","floor":48}],"player_experience":64221,"relics_obtained":[{"floor":7,"key":"Nunchaku"},{"floor":9,"key":"Torii"},{"floor":14,"key":"Happy Flower"},{"floor":22,"key":"Anchor"},{"floor":23,"key":"MawBank"},{"floor":26,"key":"Centennial Puzzle"},{"floor":40,"key":"Pear"},{"floor":43,"key":"Darkstone Periapt"},{"floor":44,"key":"Bronze Scales"},{"floor":48,"key":"Gambling Chip"}],"event_choices":[{"damage_healed":0,"gold_gain":0,"player_choice":"Ignored","damage_taken":0,"max_hp_gain":0,"max_hp_loss":0,"event_name":"NoteForYourself","floor":4,"gold_loss":0},{"damage_healed":0,"gold_gain":0,"player_choice":"Got Potions","damage_taken":0,"max_hp_gain":0,"max_hp_loss":0,"event_name":"Lab","floor":24,"gold_loss":0},{"cards_removed":["Strike_G"],"damage_healed":0,"gold_gain":0,"player_choice":"Elegance","damage_taken":0,"max_hp_gain":0,"max_hp_loss":0,"event_name":"Back to Basics","floor":28,"gold_loss":0},{"cards_removed":["Neutralize"],"damage_healed":0,"gold_gain":0,"player_choice":"Removed Attack","damage_taken":0,"max_hp_gain":0,"max_hp_loss":0,"event_name":"Falling","floor":37,"gold_loss":0}],"is_beta":false,"boss_relics":[{"not_picked":["Astrolabe","Cursed Key"],"picked":"WristBlade"},{"not_picked":["Empty Cage","Philosopher\u0027s Stone"],"picked":"Busted Crown"}],"items_purged_floors":[],"is_endless":false,"potions_floor_spawned":[11,12,14,27,35,39,47],"killed_by":"Awakened One","ascension_level":0}}