{"host":"uy3vg6glkp8m6iit","time":1611408334,"event":{"mods":["AchievementEnabler","BaseMod","Colored Map","DeckTracker","Highlight Path","Keyboard Shortcuts","Minty Spire (QoL Compilation)","Quick Restart","Random Character Button","Rare Cards Sparkle","Relic Stats","StSLib","everything is the same but u backflip on backflip"],"gold_per_floor":[115,65,80,100,100,100,76,76,76,1,21,21,21,56,56,131,131,151,151,162,174,94,94,94,94,120,120,120,148,148,159,159,159,159],"floor_reached":33,"language":"KOR","playtime":901,"items_purged":["Strike_G"],"score":444,"play_id":"e788fa3f-4f38-42e9-b544-5a13ba353d82","local_time":"20210123222534","is_ascension_mode":true,"campfire_choices":[{"data":"Dagger Spray","floor":6.0,"key":"SMITH"},{"data":"Neutralize","floor":8.0,"key":"SMITH"},{"data":"Deadly Poison","floor":12.0,"key":"SMITH"},{"data":"Backflip","floor":15.0,"key":"SMITH"},{"data":"Footwork","floor":23.0,"key":"SMITH"},{"data":"Flechettes","floor":25.0,"key":"SMITH"},{"data":"Leg Sweep","floor":27.0,"key":"SMITH"},{"data":"Survivor","floor":30.0,"key":"SMITH"},{"data":"Defend_G","floor":32.0,"key":"SMITH"}],"circlet_count":0,"master_deck":["AscendersBane","Strike_G","Strike_G","Strike_G","Defend_G","Defend_G","Defend_G","Defend_G+1","Survivor+1","Neutralize+1","Dagger Spray+1","Riddle With Holes","Dagger Throw","Backflip+1","Deadly Poison+1","Adrenaline","Footwork+1","Flechettes+1","Leg Sweep+1"],"relics":["Ring of the Snake","Pantograph","Torii","HoveringKite","Akabeko","Juzu Bracelet","Ginger"],"acts_visited":["Exordium","TheCity"],"potions_floor_usage":[33],"damage_taken":[{"damage":2.0,"enemies":"2 Louse","floor":1.0,"turns":3.0},{"damage":5.0,"enemies":"Small Slimes","floor":3.0,"turns":4.0},{"damage":0.0,"enemies":"Jaw Worm","floor":4.0,"turns":3.0},{"damage":0.0,"enemies":"Looter","floor":11.0,"turns":4.0},{"damage":12.0,"enemies":"3 Sentries","floor":14.0,"turns":6.0},{"damage":3.0,"enemies":"The Guardian","floor":16.0,"turns":11.0},{"damage":7.0,"enemies":"2 Thieves","floor":18.0,"turns":4.0},{"damage":19.0,"enemies":"Spheric Guardian","floor":20.0,"turns":4.0},{"damage":2.0,"enemies":"Shelled Parasite and Fungi","floor":21.0,"turns":8.0},{"damage":11.0,"enemies":"Gremlin Leader","floor":29.0,"turns":6.0},{"damage":0.0,"enemies":"3 Cultists","floor":31.0,"turns":5.0},{"damage":58,"enemies":"Champ","floor":33,"turns":13}],"seed_played":"3823195286200704833","potions_obtained":[{"floor":4.0,"key":"Weak Potion"},{"floor":11.0,"key":"DuplicationPotion"},{"floor":14.0,"key":"Energy Potion"},{"floor":29.0,"key":"GhostInAJar"}],"is_trial":false,"path_per_floor":["M","?","M","M","$","R","$","R","T","$","M","R","?","E","R","B",null,"M","?","M","M","$","R","?","R","T","R","?","E","R","M","R","B"],"character_chosen":"THE_SILENT","items_purchased":["Backflip","Leg Sweep"],"campfire_rested":0,"item_purchase_floors":[7,22],"current_hp_per_floor":[57,57,52,52,52,52,52,52,52,52,52,52,57,45,45,67,70,63,63,44,42,42,42,42,42,42,42,42,31,31,31,31,0,0],"gold":159,"neow_bonus":"TRANSFORM_TWO_CARDS","is_daily":false,"chose_seed":false,"campfire_upgraded":9,"win_rate":0.0,"timestamp":1611408334,"path_taken":["M","?","M","M","$","R","$","R","T","$","M","R","?","E","R","BOSS","M","?","M","M","$","R","?","R","T","R","?","E","R","M","R","BOSS"],"items_purchased_type":["Card","Card"],"build_version":"2020-12-22","purchased_purges":1,"victory":false,"max_hp_per_floor":[66,66,66,66,66,66,66,66,66,66,66,66,71,71,71,71,71,71,71,71,71,71,71,71,71,71,71,71,71,71,71,71,71,71],"relic_stats":{"Torii":19,"counters":[12,71],"Pantograph":50,"HoveringKite":[21],"Juzu Bracelet":0,"Ginger":[4],"obtain_stats":[{"Torii":14,"Pantograph":9,"HoveringKite":17,"Juzu Bracelet":28,"Ginger":29,"Akabeko":26,"Ring of the Snake":0},{"Torii":5,"Pantograph":3,"HoveringKite":6,"Juzu Bracelet":9,"Ginger":10,"Akabeko":9,"Ring of the Snake":0},{"Torii":20,"Pantograph":10,"HoveringKite":31,"Juzu Bracelet":47,"Ginger":53,"Akabeko":47,"Ring of the Snake":0}],"Ring of the Snake":[24]},"card_choices":[{"not_picked":["Blade Dance","Distraction","Bane"],"picked":"SKIP","floor":1.0},{"not_picked":["Noxious Fumes","Backflip"],"picked":"Dagger Throw","floor":3.0},{"not_picked":["Choke","Sucker Punch","Bane"],"picked":"SKIP","floor":4.0},{"not_picked":["Deflect","Dagger Throw"],"picked":"Deadly Poison","floor":11.0},{"not_picked":["Slice","Storm of Steel","Prepared"],"picked":"SKIP","floor":14.0},{"not_picked":["Night Terror","Envenom"],"picked":"Adrenaline","floor":16.0},{"not_picked":["Slice","Deadly Poison","Dodge and Roll"],"picked":"SKIP","floor":18.0},{"not_picked":["Cloak And Dagger","Sucker Punch"],"picked":"Footwork","floor":20.0},{"not_picked":["Infinite Blades","Finisher"],"picked":"Flechettes","floor":21.0},{"not_picked":["Phantasmal Killer","Blade Dance","Slice"],"picked":"SKIP","floor":29.0},{"not_picked":["Dash","Bane+1","Dagger Throw"],"picked":"SKIP","floor":31.0}],"player_experience":1491205,"relics_obtained":[{"floor":9.0,"key":"Pantograph"},{"floor":14.0,"key":"Torii"},{"floor":26.0,"key":"Akabeko"},{"floor":29.0,"key":"Ginger"}],"event_choices":[{"cards_removed":["Pain"],"damage_healed":0.0,"max_hp_gain":0.0,"max_hp_loss":0.0,"gold_gain":0.0,"event_name":"The Cleric","player_choice":"Card Removal","floor":2.0,"gold_loss":50.0,"damage_taken":0.0},{"damage_healed":0.0,"max_hp_gain":5.0,"max_hp_loss":0.0,"gold_gain":0.0,"event_name":"Big Fish","player_choice":"Donut","floor":13.0,"gold_loss":0.0,"damage_taken":0.0},{"damage_healed":0.0,"max_hp_gain":0.0,"max_hp_loss":0.0,"gold_gain":0.0,"event_name":"Ghosts","player_choice":"Ignored","floor":19.0,"gold_loss":0.0,"damage_taken":0.0},{"damage_healed":0.0,"max_hp_gain":0.0,"max_hp_loss":0.0,"gold_gain":0.0,"event_name":"Vampires","player_choice":"Ignored","floor":24.0,"gold_loss":0.0,"damage_taken":0.0},{"damage_healed":0.0,"max_hp_gain":0.0,"max_hp_loss":0.0,"gold_gain":0.0,"event_name":"The Mausoleum","player_choice":"Opened","floor":28.0,"gold_loss":0.0,"damage_taken":0.0,"relics_obtained":["Juzu Bracelet"]}],"is_beta":false,"boss_relics":[{"not_picked":["Velvet Choker","Runic Dome"],"picked":"HoveringKite"}],"items_purged_floors":[10],"is_endless":false,"potions_floor_spawned":[4,11,14,18,20,29,31],"killed_by":"Champ","ascension_level":14}}