{"host":"mo324zvkdr1xwprd","time":1611413642,"event":{"mods":["BaseMod","Better Note","BetterRewards","Hermit","Highlight Path","Hubris","Minty Spire (QoL Compilation)","Quick Restart","Rare Cards Sparkle","Shop Mod","StSLib","The Cursed","The Hierophant"],"gold_per_floor":[109,129,140,160,180,212,212,237,237,237,269,291,291,316,316,454,454,512,672,49,414,414,862,1301,1301,1301,364,901,1474,2068,2754,2754,3911,3911,5193,6653,5159,6813,8646,10516,12389,14409,14409,16456,16356,15194,17270,17270,17270,17270,17270,17270,16969,19211,19211],"floor_reached":56,"language":"ENG","playtime":6200,"items_purged":["Regret"],"score":1877,"play_id":"60df48bf-30f9-455e-bbd6-b4a8fc3c3cf7","local_time":"20210123145402","is_ascension_mode":true,"campfire_choices":[{"floor":7.0,"key":"REST"},{"floor":10.0,"key":"REST"},{"floor":15,"key":"RECALL"},{"data":"TheCursedMod:DarkBarrier","floor":25,"key":"SMITH"},{"data":"TheCursedMod:LuckyCharm","floor":32,"key":"SMITH"},{"data":"TheCursedMod:CollectTribute","floor":49,"key":"SMITH"},{"data":"TheCursedMod:SpitefulPlan","floor":52,"key":"SMITH"}],"circlet_count":0,"master_deck":["TheCursedMod:Strike_TheCursed","TheCursedMod:Strike_TheCursed","TheCursedMod:Strike_TheCursed","TheCursedMod:Strike_TheCursed","TheCursedMod:Defend_TheCursed","TheCursedMod:Defend_TheCursed","TheCursedMod:Defend_TheCursed","TheCursedMod:Defend_TheCursed","TheCursedMod:CursedWand","TheCursedMod:CleanUpWorkshop","TheCursedMod:Dregs","TheCursedMod:LuckyCharm+1","TheCursedMod:CircleOfAmplification","TheCursedMod:CursedBlade","TheCursedMod:CursedSpellbook","TheCursedMod:CursedMace","TheCursedMod:SoulReap","TheCursedMod:DarkBarrier+1","hubris:Greed","TheCursedMod:BlessingInDisguise","hubris:Greed","TheCursedMod:SpitefulStrike","TheCursedMod:CursedBlade","hubris:Greed","hubris:Greed","hubris:Greed","hubris:Greed","hubris:Greed","hubris:Greed","TheCursedMod:OutForBlood","hubris:Greed","hubris:Greed","hubris:Greed","hubris:Greed","hubris:Greed","hubris:Greed","hubris:Greed","TheCursedMod:CursedArmor+1","hubris:Greed","hubris:Greed","hubris:Greed","hubris:Greed","hubris:Greed","hubris:Greed","hubris:Greed","hubris:Greed","hubris:Greed","hubris:Greed","hubris:Greed","hubris:Greed","hubris:Greed","hubris:Greed","hubris:Greed","TheCursedMod:CursedBlade","Mind Blast","TheCursedMod:HellfireBreathing","TheCursedMod:Wield","hubris:Greed","hubris:Greed","hubris:Greed","hubris:Greed","hubris:Greed","hubris:Greed","hubris:Greed","hubris:Greed","hubris:Greed","hubris:Greed","hubris:Greed","hubris:Greed","hubris:Greed","hubris:Greed","hubris:Greed","hubris:Greed","hubris:Greed","hubris:Greed","hubris:Greed","hubris:Greed","hubris:Greed","hubris:Greed","hubris:Greed","hubris:Greed","hubris:Greed","hubris:Greed","hubris:Greed","hubris:Greed","hubris:Greed","hubris:Greed","hubris:Greed","hubris:Greed","hubris:Greed","hubris:Greed","hubris:Greed","hubris:Greed","hubris:Greed","hubris:Greed","hubris:Greed","hubris:Greed","hubris:Greed","TheCursedMod:SurpriseAttack+1","Shame","hubris:Greed","hubris:Greed","hubris:Greed","hubris:Greed","hubris:Greed","hubris:Greed","hubris:Greed","hubris:Greed","hubris:Greed","hubris:Greed","hubris:Greed","hubris:Greed","TheCursedMod:CircleOfWindfury+1","hubris:Greed","TheCursedMod:SurpriseAttack","TheCursedMod:ReleasedKnowledge+1","TheCursedMod:AshesToAshes+1","TheCursedMod:HellsGateOpen","TheCursedMod:TacticalStrike","TheCursedMod:SoulReap","hubris:Greed","hubris:Greed","hubris:Greed","hubris:Greed","hubris:Greed","hubris:Greed","hubris:Greed","hubris:Greed","hubris:Greed","hubris:Greed","hubris:Greed","hubris:Greed","hubris:Greed","hubris:Greed","hubris:Greed","hubris:Greed","hubris:Greed","TheCursedMod:DoubleShield+1","hubris:Greed","hubris:Greed","hubris:Greed","hubris:Greed","hubris:Greed","hubris:Greed","hubris:Greed","hubris:Greed","hubris:Greed","hubris:Greed","TheCursedMod:SpitefulPray+1","hubris:Greed","hubris:Greed","TheCursedMod:SpitefulPlan","hubris:Greed","hubris:Greed","hubris:Greed","hubris:Greed","hubris:Greed","hubris:Greed","hubris:Greed","hubris:Greed","hubris:Greed","hubris:Greed","hubris:Greed","hubris:Greed","hubris:Greed","hubris:Greed","hubris:Greed","hubris:Greed","hubris:Greed","hubris:Greed","hubris:Greed","hubris:Greed","hubris:Greed","TheCursedMod:WearCloak+1","hubris:Greed","hubris:Greed","hubris:Greed","hubris:Greed","hubris:Greed","hubris:Greed","hubris:Greed","hubris:Greed","hubris:Greed","hubris:Greed","hubris:Greed","hubris:Greed","hubris:Greed","hubris:Greed","hubris:Greed","hubris:Greed","hubris:Greed","hubris:Greed","hubris:Greed","hubris:Greed","hubris:Greed","hubris:Greed","hubris:Greed","hubris:Greed","hubris:Greed","hubris:Greed","hubris:Greed","hubris:Greed","hubris:Greed","hubris:Greed","hubris:Greed","hubris:Greed","hubris:Greed","hubris:Greed","hubris:Greed","hubris:Greed","hubris:Greed","hubris:Greed","hubris:Greed","hubris:Greed","hubris:Greed","hubris:Greed","hubris:Greed","hubris:Greed","hubris:Greed","hubris:Greed","hubris:Greed","hubris:Greed","hubris:Greed","hubris:Greed","hubris:Greed","hubris:Greed","hubris:Greed","hubris:Greed","hubris:Greed","hubris:Greed","hubris:Greed","hubris:Greed","hubris:Greed","hubris:Greed","hubris:Greed","hubris:Greed","hubris:Greed","hubris:Greed","hubris:Greed","hubris:Greed","hubris:Greed","hubris:Greed","hubris:Greed","hubris:Greed","hubris:Greed","hubris:Greed","hubris:Greed","hubris:Greed","hubris:Greed","hubris:Greed","hubris:Greed","TheCursedMod:CollectTribute+1","CurseOfTheBell","hubris:Greed","hubris:Greed","hubris:Greed","hubris:Greed","hubris:Greed","hubris:Greed","hubris:Greed","hubris:Greed","hubris:Greed","hubris:Greed","hubris:Greed","hubris:Greed","hubris:Greed","hubris:Greed","hubris:Greed","hubris:Greed","hubris:Greed","hubris:Greed","hubris:Greed","hubris:Greed","hubris:Greed","hubris:Greed","hubris:Greed","hubris:Greed","hubris:Greed","hubris:Greed","hubris:Greed","hubris:Greed","hubris:Greed","hubris:Greed","hubris:Greed","hubris:Greed","hubris:Greed","hubris:Greed","hubris:Greed","hubris:Greed","hubris:Greed","hubris:Greed","hubris:Greed","hubris:Greed","hubris:Greed","hubris:Greed","hubris:Greed","TheCursedMod:TacticalStrike+1","hubris:Greed","hubris:Greed","hubris:Greed","hubris:Greed","hubris:Greed","hubris:Greed","hubris:Greed","hubris:Greed","hubris:Greed","hubris:Greed","hubris:Greed","hubris:Greed","hubris:Greed","hubris:Greed","hubris:Greed","hubris:Greed","hubris:Greed","hubris:Greed","hubris:Greed","hubris:Greed","hubris:Greed","hubris:Greed","hubris:Greed","hubris:Greed","hubris:Greed","hubris:Greed","hubris:Greed","hubris:Greed","hubris:Greed","hubris:Greed","hubris:Greed","hubris:Greed","hubris:Greed","hubris:Greed","hubris:Greed","hubris:Greed","TheCursedMod:DoubleShield+1","Master of Strategy+1","TheCursedMod:ManaCirculation","TheCursedMod:CircleOfFlame+1","TheCursedMod:CursedRelics","TheCursedMod:ParallelWorld+1","TheCursedMod:TacticalStrike","hubris:Greed","hubris:Greed","hubris:Greed","hubris:Greed","hubris:Greed","hubris:Greed","hubris:Greed","hubris:Greed","hubris:Greed","hubris:Greed","hubris:Greed","hubris:Greed","hubris:Greed","hubris:Greed","hubris:Greed","hubris:Greed","hubris:Greed","hubris:Greed","hubris:Greed","hubris:Greed","hubris:Greed","hubris:Greed","hubris:Greed","hubris:Greed","hubris:Greed","hubris:Greed","hubris:Greed","hubris:Greed","hubris:Greed","hubris:Greed","hubris:Greed","hubris:Greed","hubris:Greed","hubris:Greed","hubris:Greed","hubris:Greed","hubris:Greed","TheCursedMod:CursedBlade+1","hubris:Greed","hubris:Greed","hubris:Greed","hubris:Greed","hubris:Greed","hubris:Greed","hubris:Greed","hubris:Greed","hubris:Greed","hubris:Greed","hubris:Greed","hubris:Greed","hubris:Greed","hubris:Greed","hubris:Greed","hubris:Greed","hubris:Greed","hubris:Greed","hubris:Greed","hubris:Greed","hubris:Greed","hubris:Greed","hubris:Greed","hubris:Greed","hubris:Greed","hubris:Greed","hubris:Greed","hubris:Greed","hubris:Greed","hubris:Greed","hubris:Greed","hubris:Greed","hubris:Greed","hubris:Greed","hubris:Greed","hubris:Greed","TheCursedMod:TacticalStrike","hubris:Greed","hubris:Greed","hubris:Greed","hubris:Greed","TheCursedMod:CursedSpellbook+1","hubris:Greed","hubris:Greed","hubris:Greed","hubris:Greed","hubris:Greed","TheCursedMod:ReleasedKnowledge+1","hubris:Greed","hubris:Greed","hubris:Greed","hubris:Greed","hubris:Greed","hubris:Greed","hubris:Greed","hubris:Greed","hubris:Greed","hubris:Greed","hubris:Greed","hubris:Greed","hubris:Greed","hubris:Greed","hubris:Greed","hubris:Greed","hubris:Greed","hubris:Greed","hubris:Greed","hubris:Greed","hubris:Greed","hubris:Greed","hubris:Greed","hubris:Greed","hubris:Greed","hubris:Greed","hubris:Greed","hubris:Greed","hubris:Greed","TheCursedMod:TacticalStrike","hubris:Greed","hubris:Greed","hubris:Greed","hubris:Greed","hubris:Greed","TheCursedMod:SurpriseAttack+1","TheCursedMod:SoulCrush","TheCursedMod:RavingStaff","TheCursedMod:CursedAmulet+1","Panacea+1","Secret Technique+1","TheCursedMod:Grudge+1","TheCursedMod:SpitefulPlan+1","hubris:Greed","hubris:Greed","hubris:Greed","hubris:Greed","TheCursedMod:AbyssShockwave","hubris:Greed","hubris:Greed","hubris:Greed","hubris:Greed","TheCursedMod:CircleOfFlame+1","TheCursedMod:HellsGateOpen+1","TheCursedMod:SurpriseAttack","TheCursedMod:SpitefulPray+1","TheCursedMod:SurpriseAttack","hubris:Greed","hubris:Greed","hubris:Greed","hubris:Greed","hubris:Greed","hubris:Greed","hubris:Greed","hubris:Greed","hubris:Greed","hubris:Greed","hubris:Greed","hubris:Greed","hubris:Greed","hubris:Greed","hubris:Greed","hubris:Greed","hubris:Greed","hubris:Greed","hubris:Greed","hubris:Greed","hubris:Greed","hubris:Greed","hubris:Greed","hubris:Greed","hubris:Greed","hubris:Greed","hubris:Greed","hubris:Greed","TheCursedMod:UltimatePain+1","hubris:Greed","hubris:Greed","hubris:Greed","hubris:Greed","hubris:Greed","hubris:Greed","hubris:Greed","hubris:Greed","hubris:Greed","hubris:Greed","hubris:Greed","hubris:Greed","hubris:Greed","hubris:Greed","hubris:Greed","hubris:Greed","hubris:Greed","hubris:Greed","hubris:Greed","hubris:Greed","hubris:Greed","hubris:Greed","hubris:Greed","hubris:Greed","hubris:Greed","hubris:Greed","hubris:Greed","hubris:Greed","hubris:Greed","hubris:Greed","hubris:Greed","hubris:Greed","hubris:Greed","hubris:Greed","hubris:Greed","hubris:Greed","hubris:Greed","hubris:Greed","hubris:Greed","hubris:Greed","hubris:Greed","hubris:Greed","hubris:Greed","hubris:Greed","hubris:Greed","hubris:Greed","hubris:Greed","hubris:Greed","hubris:Greed","hubris:Greed","hubris:Greed","hubris:Greed","hubris:Greed","hubris:Greed","hubris:Greed","hubris:Greed","hubris:Greed","hubris:Greed","hubris:Greed","hubris:Greed","hubris:Greed","hubris:Greed","hubris:Greed","hubris:Greed","hubris:Greed","hubris:Greed","hubris:Greed","hubris:Greed","hubris:Greed","hubris:Greed","hubris:Greed","hubris:Greed","hubris:Greed","hubris:Greed","hubris:Greed","hubris:Greed"],"relics":["TheCursedMod:BlackMagic101","Darkstone Periapt","Vajra","hubris:OldNail","Tiny Chest","hubris:Backtick","Ice Cream","Happy Flower","HornCleat","hubris:Reverence","Omamori","Toxic Egg 2","TheCursedMod:Tack","hubris:TenFootPole","Medical Kit","Boot","Letter Opener","Calling Bell","Dream Catcher","Mummified Hand","StoneCalendar","hubris:TinFlute","TheAbacus","War Paint","Ornamental Fan","TheCursedMod:BloodyHarpoon","Strange Spoon","Bottled Lightning","Blood Vial","Singing Bowl","Lantern","Orrery","Pen Nib"],"acts_visited":["Exordium","TheCity","TheBeyond","TheEnding"],"potions_floor_usage":[19,21,28,33,55,55,55],"damage_taken":[{"damage":0.0,"enemies":"Cultist","floor":1.0,"turns":3.0},{"damage":0.0,"enemies":"2 Louse","floor":2.0,"turns":2.0},{"damage":4.0,"enemies":"Small Slimes","floor":3.0,"turns":6.0},{"damage":5.0,"enemies":"Red Slaver","floor":4.0,"turns":4.0},{"damage":13.0,"enemies":"Gremlin Gang","floor":5.0,"turns":6.0},{"damage":17.0,"enemies":"Lagavulin","floor":6.0,"turns":7.0},{"damage":20.0,"enemies":"3 Sentries","floor":8.0,"turns":12.0},{"damage":15.0,"enemies":"Lagavulin","floor":11.0,"turns":8.0},{"damage":14,"enemies":"Large Slime","floor":12,"turns":7},{"damage":10,"enemies":"3 Louse","floor":14,"turns":2},{"damage":49,"enemies":"Slime Boss","floor":16,"turns":12},{"damage":23,"enemies":"2 Thieves","floor":18,"turns":4},{"damage":40,"enemies":"Chosen","floor":19,"turns":8},{"damage":46,"enemies":"Sentry and Sphere","floor":21,"turns":14},{"damage":41,"enemies":"Slavers","floor":23,"turns":4},{"damage":0,"enemies":"Snake Plant","floor":24,"turns":1},{"damage":19,"enemies":"Gremlin Leader","floor":28,"turns":1},{"damage":6,"enemies":"Shelled Parasite and Fungi","floor":29,"turns":2},{"damage":0,"enemies":"Book of Stabbing","floor":30,"turns":1},{"damage":0,"enemies":"Centurion and Healer","floor":31,"turns":4},{"damage":151,"enemies":"Champ","floor":33,"turns":16},{"damage":86,"enemies":"3 Darklings","floor":35,"turns":8},{"damage":9,"enemies":"3 Shapes","floor":36,"turns":7},{"damage":77,"enemies":"Jaw Worm Horde","floor":38,"turns":7},{"damage":39,"enemies":"Sphere and 2 Shapes","floor":39,"turns":7},{"damage":0,"enemies":"Nemesis","floor":40,"turns":1},{"damage":0,"enemies":"Spire Growth","floor":41,"turns":1},{"damage":206,"enemies":"Transient","floor":42,"turns":5},{"damage":0,"enemies":"Writhing Mass","floor":44,"turns":1},{"damage":0,"enemies":"Reptomancer","floor":47,"turns":1},{"damage":0,"enemies":"Time Eater","floor":50,"turns":1},{"damage":29,"enemies":"Shield and Spear","floor":54,"turns":6},{"damage":415,"enemies":"The Heart","floor":55,"turns":11}],"seed_played":"6578647696313523591","potions_obtained":[{"floor":1.0,"key":"Dexterity Potion"},{"floor":3.0,"key":"Dexterity Potion"},{"floor":5.0,"key":"Strength Potion"},{"floor":11.0,"key":"TheCursedMod:DregsPotion"},{"floor":12,"key":"Fire Potion"},{"floor":18,"key":"EssenceOfSteel"},{"floor":19,"key":"Swift Potion"},{"floor":24,"key":"DistilledChaos"},{"floor":30,"key":"Swift Potion"},{"floor":39,"key":"SpeedPotion"},{"floor":40,"key":"Strength Potion"},{"floor":41,"key":"SteroidPotion"}],"is_trial":false,"path_per_floor":["M","M","M","M","M","E","R","E","T","R","E","M","?","M","R","B",null,"M","M","$","M","?","E","M","R","T","$","E","M","E","M","R","B",null,"M","M","$","M","M","E","M","M","T","M","NS","$","E","?","R","B",null,"R","$","E","B",null],"character_chosen":"THE_CURSED","items_purchased":["Happy Flower","Mind Blast","HornCleat","TheCursedMod:HellfireBreathing","TheCursedMod:Wield","TheCursedMod:Stretching","TheCursedMod:Tack","hubris:TenFootPole","TheCursedMod:ReleasedKnowledge+1","TheCursedMod:AshesToAshes+1","TheCursedMod:HellsGateOpen","TheCursedMod:TacticalStrike","Medical Kit","TheCursedMod:SoulReap","Sadistic Nature","hubris:TinFlute","TheAbacus","War Paint","Master of Strategy+1","Trip+1","Swift Potion","TheCursedMod:ManaCirculation","TheCursedMod:CircleOfFlame+1","TheCursedMod:CursedRelics","TheCursedMod:ParallelWorld+1","TheCursedMod:TacticalStrike","Strange Spoon","Bottled Lightning","Blood Vial","TheCursedMod:SoulCrush","TheCursedMod:RavingStaff","TheCursedMod:CursedAmulet+1","AttackPotion","Panacea+1","Secret Technique+1","TheCursedMod:Grudge+1","TheCursedMod:SpitefulPlan","Lantern","Orrery"],"campfire_rested":2,"item_purchase_floors":[20,20,20,20,20,20,27,27,27,27,27,27,27,27,27,37,37,37,37,37,37,37,37,37,37,37,46,46,46,46,46,46,46,46,46,46,46,53,53],"current_hp_per_floor":[82,82,78,73,60,43,67,52,52,76,73,71,77,73,73,66,136,155,209,209,409,415,446,452,452,452,452,535,589,607,739,739,1056,1366,1538,1745,1745,1890,2067,2091,2121,2089,2089,2119,2119,2119,2145,2145,2145,2171,2584,2584,2584,2723,2766],"gold":19211,"neow_bonus":"TEN_PERCENT_HP_BONUS","is_daily":false,"chose_seed":false,"campfire_upgraded":4,"win_rate":0.0,"timestamp":1611413642,"path_taken":["M","M","M","M","M","E","R","E","T","R","E","?","?","M","R","BOSS","M","M","$","M","?","E","M","R","T","$","E","M","E","M","R","BOSS","M","M","$","M","M","E","M","M","T","M","NS","$","E","?","R","BOSS","R","$","E","BOSS"],"items_purchased_type":["Relic","Card","Relic","Card","Card","Card","Relic","Relic","Card","Card","Card","Card","Relic","Card","Card","Relic","Relic","Relic","Card","Card","Potion","Card","Card","Card","Card","Card","Relic","Relic","Relic","Card","Card","Card","Potion","Card","Card","Card","Card","Relic","Relic"],"build_version":"2020-12-22","purchased_purges":1,"victory":true,"max_hp_per_floor":[82,82,82,82,82,82,82,82,82,82,88,94,100,100,100,136,136,178,268,268,514,520,592,598,598,598,598,700,760,772,898,898,1360,1366,1624,1840,1840,2062,2278,2302,2332,2506,2506,2536,2536,2536,2560,2560,2560,2584,2584,2584,2584,2752,3208],"card_choices":[{"not_picked":["TheCursedMod:EmpowerCircles","TheCursedMod:SoulCrush"],"picked":"TheCursedMod:LuckyCharm","floor":1.0},{"not_picked":["TheCursedMod:VitalStrike","TheCursedMod:FleshFromBone"],"picked":"TheCursedMod:CircleOfAmplification","floor":2.0},{"not_picked":["TheCursedMod:VitalStrike","TheCursedMod:RapidMovement"],"picked":"TheCursedMod:CursedBlade","floor":3.0},{"not_picked":["TheCursedMod:SoulCrush","TheCursedMod:CursedMace"],"picked":"TheCursedMod:CursedSpellbook","floor":4.0},{"not_picked":["TheCursedMod:WearCloak","TheCursedMod:Mangle"],"picked":"TheCursedMod:CursedMace","floor":5.0},{"not_picked":["TheCursedMod:SaltUponWound","TheCursedMod:Wield"],"picked":"TheCursedMod:SoulReap","floor":6.0},{"not_picked":["TheCursedMod:RavingStaff","TheCursedMod:CursedMace"],"picked":"TheCursedMod:DarkBarrier","floor":8.0},{"not_picked":["TheCursedMod:ReleasedKnowledge","TheCursedMod:VitalStrike"],"picked":"TheCursedMod:BlessingInDisguise","floor":11.0},{"not_picked":["TheCursedMod:SurpriseAttack","TheCursedMod:CursedMace"],"picked":"TheCursedMod:SpitefulStrike","floor":12},{"not_picked":["TheCursedMod:CircleOfCorruption","TheCursedMod:DoubleShield"],"picked":"TheCursedMod:CursedBlade","floor":14},{"not_picked":["TheCursedMod:ParallelWorld","TheCursedMod:StunningStrike"],"picked":"TheCursedMod:OutForBlood","floor":16},{"not_picked":["TheCursedMod:Obscuration","TheCursedMod:DoubleShield+1"],"picked":"TheCursedMod:CursedArmor+1","floor":18},{"not_picked":["TheCursedMod:Wield","TheCursedMod:CircleOfCorruption"],"picked":"TheCursedMod:CursedBlade","floor":19},{"not_picked":["TheCursedMod:SoulReap+1","TheCursedMod:Grudge+1"],"picked":"TheCursedMod:SurpriseAttack+1","floor":21},{"not_picked":["TheCursedMod:RavingStaff","TheCursedMod:VitalStrike"],"picked":"TheCursedMod:CircleOfWindfury","floor":23},{"not_picked":["TheCursedMod:Mangle","TheCursedMod:Stigma"],"picked":"TheCursedMod:SurpriseAttack","floor":24},{"not_picked":["TheCursedMod:RapidMovement+1","TheCursedMod:FleshFromBone+1"],"picked":"TheCursedMod:DoubleShield+1","floor":28},{"not_picked":["TheCursedMod:RavingStaff","TheCursedMod:CursedAmulet+1"],"picked":"TheCursedMod:SpitefulPray+1","floor":29},{"not_picked":["TheCursedMod:Wield","TheCursedMod:RavingStaff+1"],"picked":"TheCursedMod:SpitefulPlan","floor":30},{"not_picked":["TheCursedMod:Mangle","TheCursedMod:TroublousMinions+1"],"picked":"TheCursedMod:WearCloak+1","floor":31},{"not_picked":["TheCursedMod:StunningStrike","TheCursedMod:DemonicPact"],"picked":"TheCursedMod:CollectTribute","floor":33},{"not_picked":["TheCursedMod:Stigma","TheCursedMod:CursedShiv"],"picked":"TheCursedMod:TacticalStrike+1","floor":35},{"not_picked":["TheCursedMod:CircleOfCorruption+1","TheCursedMod:CursedShiv+1"],"picked":"TheCursedMod:DoubleShield+1","floor":36},{"not_picked":["TheCursedMod:VitalStrike+1","TheCursedMod:RavingStaff"],"picked":"TheCursedMod:CursedBlade+1","floor":38},{"not_picked":["TheCursedMod:FleshFromBone+1","TheCursedMod:Obscuration+1"],"picked":"TheCursedMod:TacticalStrike","floor":39},{"not_picked":["TheCursedMod:AshesToAshes+1","TheCursedMod:CursedRelics"],"picked":"TheCursedMod:CursedSpellbook+1","floor":40},{"not_picked":["TheCursedMod:FleshFromBone+1","TheCursedMod:SaltUponWound+1"],"picked":"TheCursedMod:ReleasedKnowledge+1","floor":41},{"not_picked":["TheCursedMod:Stretching+1","TheCursedMod:Evocation+1"],"picked":"TheCursedMod:TacticalStrike","floor":42},{"not_picked":["TheCursedMod:AbyssShockwave","TheCursedMod:TacticalStrike"],"picked":"TheCursedMod:SurpriseAttack+1","floor":44},{"not_picked":["TheCursedMod:PrepareRite+1","TheCursedMod:CircleOfAbyss+1"],"picked":"TheCursedMod:AbyssShockwave","floor":47},{"not_picked":["TheCursedMod:CircleOfWindfury+1","TheCursedMod:BlessingInDisguise+1"],"picked":"TheCursedMod:CircleOfFlame+1","floor":53},{"not_picked":["TheCursedMod:SmokeScreen+1","TheCursedMod:CursedBlade"],"picked":"TheCursedMod:HellsGateOpen+1","floor":53},{"not_picked":["TheCursedMod:Torture+1","TheCursedMod:Wield+1"],"picked":"TheCursedMod:SurpriseAttack","floor":53},{"not_picked":["TheCursedMod:AbyssShockwave","TheCursedMod:DemonicPact"],"picked":"TheCursedMod:SpitefulPray+1","floor":53},{"not_picked":["TheCursedMod:SpitefulPlan","TheCursedMod:TacticalStrike+1"],"picked":"TheCursedMod:SurpriseAttack","floor":53},{"not_picked":["TheCursedMod:Wield+1","TheCursedMod:RavingStaff"],"picked":"TheCursedMod:UltimatePain+1","floor":54}],"player_experience":356066,"relics_obtained":[{"floor":6.0,"key":"Darkstone Periapt"},{"floor":8.0,"key":"Vajra"},{"floor":11.0,"key":"hubris:OldNail"},{"floor":23,"key":"Omamori"},{"floor":26,"key":"Toxic Egg 2"},{"floor":28,"key":"Boot"},{"floor":30,"key":"Letter Opener"},{"floor":34,"key":"Dream Catcher"},{"floor":34,"key":"Mummified Hand"},{"floor":34,"key":"StoneCalendar"},{"floor":40,"key":"Ornamental Fan"},{"floor":43,"key":"TheCursedMod:BloodyHarpoon"},{"floor":47,"key":"Singing Bowl"},{"floor":54,"key":"Pen Nib"}],"event_choices":[{"damage_healed":0,"gold_gain":0,"player_choice":"Box","damage_taken":0,"relics_obtained":["Tiny Chest"],"max_hp_gain":0,"max_hp_loss":0,"event_name":"Big Fish","floor":13,"gold_loss":0,"cards_obtained":["Regret"]},{"damage_healed":0,"gold_gain":0,"player_choice":"Stole Relic","damage_taken":0,"relics_obtained":["hubris:Reverence"],"max_hp_gain":0,"max_hp_loss":0,"event_name":"Addict","floor":22,"gold_loss":0,"cards_obtained":["Shame"]},{"cards_removed":["Sadistic Nature"],"damage_healed":0,"gold_gain":0,"player_choice":"Removed Power","damage_taken":0,"max_hp_gain":0,"max_hp_loss":0,"event_name":"Falling","floor":48,"gold_loss":0}],"is_beta":false,"boss_relics":[{"not_picked":["Snecko Eye","TheCursedMod:FourLeafCloverCharm"],"picked":"hubris:Backtick"},{"not_picked":["hubris:ScarierMask","SacredBark"],"picked":"Calling Bell"}],"items_purged_floors":[37],"is_endless":false,"potions_floor_spawned":[1,3,5,11,12,18,19,24,30,39,40,41,44],"ascension_level":1}}