{"host":"bq4pt811tk9yrmjl","time":1611363267,"event":{"mods":["AchievementEnabler","BaseMod","Colored Map","Colored Powertips","Defuse TimeMaze Blight","Hermit","Minty Spire (QoL Compilation)","StSLib","SuperFastMode"],"gold_per_floor":[119,119,119,294,294,329,329,355,355,365,398,421,421,434,434,434,434],"floor_reached":16,"language":"ENG","playtime":315,"items_purged":[],"score":174,"play_id":"be75d405-91f3-40b1-9a57-0bb33b788c65","local_time":"20210122225427","is_ascension_mode":true,"campfire_choices":[{"data":"Vigilance","floor":7,"key":"SMITH"},{"data":"Prostrate","floor":13,"key":"SMITH"},{"data":"Eruption","floor":15,"key":"SMITH"}],"circlet_count":0,"master_deck":["Strike_P","Strike_P","Strike_P","Strike_P","Defend_P","Defend_P","Defend_P","Defend_P","Eruption+1","Vigilance+1","Doubt","Consecrate","MentalFortress+1","JustLucky","Prostrate+1"],"relics":["PureWater","NeowsBlessing","Frozen Egg 2","Boot","Eternal Feather","Shuriken","Odd Mushroom"],"acts_visited":["Exordium"],"potions_floor_usage":[11,11,11,11,11,11,12],"damage_taken":[{"damage":0,"enemies":"2 Louse","floor":1,"turns":1},{"damage":0,"enemies":"Gremlin Nob","floor":6,"turns":1},{"damage":0,"enemies":"Lagavulin","floor":8,"turns":1},{"damage":4,"enemies":"Cultist","floor":10,"turns":5},{"damage":4,"enemies":"3 Sentries","floor":11,"turns":5},{"damage":8,"enemies":"The Mushroom Lair","floor":12,"turns":4},{"damage":6,"enemies":"Jaw Worm","floor":14,"turns":4},{"damage":64,"enemies":"Hexaghost","floor":16,"turns":14}],"seed_played":"8029497422073876145","potions_obtained":[{"floor":2,"key":"EntropicBrew"},{"floor":2,"key":"StancePotion"},{"floor":2,"key":"CultistPotion"},{"floor":10,"key":"DistilledChaos"},{"floor":11,"key":"GamblersBrew"},{"floor":12,"key":"FairyPotion"}],"is_trial":false,"path_per_floor":["M","?","$","?","?","E","R","E","T","M","E","?","R","M","R","B"],"character_chosen":"WATCHER","items_purchased":[],"campfire_rested":0,"item_purchase_floors":[],"current_hp_per_floor":[72,72,72,72,72,72,72,72,72,68,64,56,65,59,68,4,4],"gold":434,"neow_bonus":"THREE_ENEMY_KILL","is_daily":false,"chose_seed":false,"campfire_upgraded":3,"win_rate":0.0,"timestamp":1611363267,"path_taken":["M","?","?","?","?","E","R","E","T","?","E","?","R","M","R","BOSS"],"items_purchased_type":[],"build_version":"2020-12-22","purchased_purges":0,"victory":false,"max_hp_per_floor":[72,72,72,72,72,72,72,72,72,72,72,72,72,72,72,72,72],"card_choices":[{"not_picked":["FlyingSleeves","ClearTheMind","Crescendo"],"picked":"SKIP","floor":1},{"not_picked":["Halt","FlurryOfBlows"],"picked":"Consecrate","floor":6},{"not_picked":["ClearTheMind","FlurryOfBlows"],"picked":"MentalFortress+1","floor":8},{"not_picked":["Wallop","Evaluate","FlyingSleeves"],"picked":"SKIP","floor":10},{"not_picked":["Swivel","WaveOfTheHand"],"picked":"JustLucky","floor":11},{"not_picked":["FearNoEvil","EmptyFist"],"picked":"Prostrate","floor":12},{"not_picked":["Crescendo","CrushJoints","EmptyMind"],"picked":"SKIP","floor":14}],"player_experience":212872,"relics_obtained":[{"floor":6,"key":"Frozen Egg 2"},{"floor":8,"key":"Boot"},{"floor":9,"key":"Eternal Feather"},{"floor":11,"key":"Shuriken"},{"floor":12,"key":"Odd Mushroom"}],"event_choices":[{"damage_healed":0,"gold_gain":0,"player_choice":"Got Potions","damage_taken":0,"max_hp_gain":0,"max_hp_loss":0,"event_name":"Lab","floor":2,"gold_loss":0},{"damage_healed":0,"gold_gain":175,"player_choice":"AGREE","damage_taken":0,"max_hp_gain":0,"max_hp_loss":0,"event_name":"Liars Game","floor":4,"gold_loss":0,"cards_obtained":["Doubt"]},{"damage_healed":0,"gold_gain":0,"player_choice":"Bought 0 Potions","damage_taken":0,"max_hp_gain":0,"max_hp_loss":0,"event_name":"The Woman in Blue","floor":5,"gold_loss":0},{"damage_healed":0,"gold_gain":0,"player_choice":"Fought Mushrooms","damage_taken":0,"max_hp_gain":0,"max_hp_loss":0,"event_name":"Mushrooms","floor":12,"gold_loss":0}],"is_beta":false,"boss_relics":[],"items_purged_floors":[],"is_endless":false,"potions_floor_spawned":[8,10,11,12],"killed_by":"Hexaghost","ascension_level":1}}