{"host":"vyjryxuuuxkt43k4","time":1611386418,"event":{"mods":["AchievementEnabler","BaseMod","Colored Map","DeckTracker","Keyboard Shortcuts","Minty Spire (QoL Compilation)","Permanent Neow","Quick Restart","StSLib","SuperFastMode","everything is the same but u backflip on backflip"],"gold_per_floor":[209,227,227,13,27,60,60,70,94,94,108,108,123,155,155,155,155],"floor_reached":16,"language":"KOR","playtime":980,"items_purged":[],"score":218,"play_id":"d459744f-e5ca-4c78-9f14-389deb484574","local_time":"20210123162018","is_ascension_mode":true,"campfire_choices":[{"data":"Perfected Strike","floor":7.0,"key":"SMITH"},{"data":"Impervious","floor":12.0,"key":"SMITH"},{"data":"Second Wind","floor":15.0,"key":"SMITH"}],"circlet_count":0,"master_deck":["AscendersBane","Strike_R","Strike_R","Strike_R","Strike_R","Strike_R","Defend_R","Defend_R","Defend_R","Defend_R","Bash","Perfected Strike+1","Flame Barrier+1","Twin Strike","Evolve","Impervious+1","Headbutt","Second Wind+1"],"relics":["Burning Blood","Ancient Tea Set","TheAbacus","Boot","Art of War","Pen Nib"],"acts_visited":["Exordium"],"potions_floor_usage":[16],"damage_taken":[{"damage":5.0,"enemies":"2 Louse","floor":1.0,"turns":3.0},{"damage":14.0,"enemies":"Jaw Worm","floor":2.0,"turns":4.0},{"damage":5.0,"enemies":"Small Slimes","floor":5.0,"turns":4.0},{"damage":26.0,"enemies":"Gremlin Nob","floor":6.0,"turns":4.0},{"damage":0.0,"enemies":"Red Slaver","floor":8.0,"turns":3.0},{"damage":11.0,"enemies":"Blue Slaver","floor":11.0,"turns":3.0},{"damage":10.0,"enemies":"3 Louse","floor":13.0,"turns":4.0},{"damage":20.0,"enemies":"3 Sentries","floor":14.0,"turns":10.0},{"damage":36,"enemies":"Hexaghost","floor":16,"turns":9}],"seed_played":"7706132851665401428","potions_obtained":[{"floor":1.0,"key":"HeartOfIron"},{"floor":11.0,"key":"LiquidMemories"},{"floor":14.0,"key":"HeartOfIron"}],"is_trial":false,"path_per_floor":["M","M","?","$","M","E","R","M","T","?","M","R","M","E","R","B"],"character_chosen":"IRONCLAD","items_purchased":["TheAbacus","BloodPotion"],"campfire_rested":0,"item_purchase_floors":[4,4],"current_hp_per_floor":[69,61,56,56,57,37,37,43,43,43,53,53,49,35,35,0,0],"gold":155,"neow_bonus":"HUNDRED_GOLD","is_daily":false,"chose_seed":false,"campfire_upgraded":3,"win_rate":0.0,"timestamp":1611386418,"path_taken":["M","M","?","$","M","E","R","M","T","?","M","R","M","E","R","BOSS"],"items_purchased_type":["Relic","Potion"],"build_version":"2020-12-22","purchased_purges":0,"victory":false,"max_hp_per_floor":[75,75,75,75,75,75,75,75,75,75,75,75,75,75,75,75,75],"card_choices":[{"not_picked":["Dark Embrace","Burning Pact"],"picked":"Perfected Strike","floor":1.0},{"not_picked":["Anger","Reckless Charge","Bloodletting"],"picked":"SKIP","floor":2.0},{"not_picked":["Anger","Heavy Blade"],"picked":"Flame Barrier","floor":5.0},{"not_picked":["True Grit","Disarm"],"picked":"Twin Strike","floor":6.0},{"not_picked":["Headbutt","Body Slam"],"picked":"Evolve","floor":8.0},{"not_picked":["Disarm","Inflame"],"picked":"Impervious","floor":11.0},{"not_picked":["Hemokinesis","Heavy Blade"],"picked":"Headbutt","floor":13.0},{"not_picked":["Flex","Seeing Red"],"picked":"Second Wind","floor":14.0}],"player_experience":254019,"relics_obtained":[{"floor":6.0,"key":"Boot"},{"floor":9.0,"key":"Art of War"},{"floor":14.0,"key":"Pen Nib"}],"event_choices":[{"damage_healed":0.0,"max_hp_gain":0.0,"max_hp_loss":0.0,"gold_gain":0.0,"event_name":"Scrap Ooze","player_choice":"Success","floor":3.0,"gold_loss":0.0,"damage_taken":5.0,"relics_obtained":["Ancient Tea Set"]},{"damage_healed":0.0,"max_hp_gain":0.0,"max_hp_loss":0.0,"gold_gain":0.0,"event_name":"Living Wall","player_choice":"Grow","floor":10.0,"gold_loss":0.0,"damage_taken":0.0,"cards_upgraded":["Flame Barrier"]}],"is_beta":false,"boss_relics":[],"items_purged_floors":[],"is_endless":false,"potions_floor_spawned":[1,11,14],"killed_by":"Hexaghost","ascension_level":19}}