{"host":"wogey4gsknv4ot2d","time":1611421978,"event":{"mods":["2.2 Compatiblity","AchievementEnabler","Alarm Clock","BaseMod","Bestiary","Better Match","Better Third Choice","Colored Map","Colored Powertips","Googly Eyes","Key Reminder","Minty Spire (QoL Compilation)","Permanent Neow","Rare Cards Sparkle","Relic Stats","StSLib"],"gold_per_floor":[114,114,114,40,60,60,79,108,133,29,29,53,53,67,67,191,191,204,204,204,223,239,239,239,239],"floor_reached":24,"language":"ENG","playtime":595,"items_purged":[],"score":216,"play_id":"03188e65-4077-4cd9-b2f8-34c8f3891544","local_time":"20210123111258","is_ascension_mode":true,"campfire_choices":[{"floor":6,"key":"RECALL"},{"floor":13,"key":"REST"},{"floor":15,"key":"REST"},{"floor":23,"key":"REST"}],"circlet_count":0,"master_deck":["Strike_B","Strike_B","Strike_B","Strike_B","Defend_B","Defend_B","Defend_B","Defend_B","Zap","Dualcast","Defragment+1","Capacitor","Leap","Beam Cell","Injury","Cold Snap","Glacier","Go for the Eyes","Melter","BootSequence+1"],"relics":["Cracked Core","Juzu Bracelet","keyreminder:keyreminder","Boot","Golden Idol","Inserter"],"acts_visited":["Exordium","TheCity"],"potions_floor_usage":[16,24],"damage_taken":[{"damage":0,"enemies":"2 Louse","floor":1,"turns":3},{"damage":7,"enemies":"Jaw Worm","floor":5,"turns":3},{"damage":1,"enemies":"Cultist","floor":7,"turns":3},{"damage":48,"enemies":"Gremlin Nob","floor":8,"turns":6},{"damage":3,"enemies":"Looter","floor":12,"turns":3},{"damage":0,"enemies":"Blue Slaver","floor":14,"turns":3},{"damage":35,"enemies":"The Guardian","floor":16,"turns":15},{"damage":1,"enemies":"Chosen","floor":18,"turns":8},{"damage":3,"enemies":"Spheric Guardian","floor":21,"turns":8},{"damage":49,"enemies":"Snecko","floor":22,"turns":9},{"damage":48,"enemies":"Slavers","floor":24,"turns":5}],"seed_played":"4615598736890301610","potions_obtained":[{"floor":1,"key":"PotionOfCapacity"},{"floor":16,"key":"Explosive Potion"}],"is_trial":false,"path_per_floor":["M","?","?","$","M","R","M","E","T","$","?","M","R","M","R","B",null,"M","?","?","M","M","R","E"],"character_chosen":"DEFECT","items_purchased":["Capacitor","Beam Cell","Fire Potion"],"campfire_rested":3,"item_purchase_floors":[4,10,10],"current_hp_per_floor":[75,75,75,75,68,68,67,19,19,19,19,16,38,38,60,25,75,74,74,74,71,22,44,0,0],"gold":239,"neow_bonus":"RANDOM_COMMON_RELIC","is_daily":false,"chose_seed":false,"campfire_upgraded":0,"win_rate":0.0,"timestamp":1611421978,"path_taken":["M","?","?","?","M","R","M","E","T","$","?","M","R","M","R","BOSS","M","?","?","M","M","R","E"],"items_purchased_type":["Card","Card","Potion"],"build_version":"2020-12-22","purchased_purges":0,"victory":false,"max_hp_per_floor":[75,75,75,75,75,75,75,75,75,75,75,75,75,75,75,75,75,75,75,75,75,75,75,75,75],"relic_stats":{"Inserter":[15],"counters":[11,66],"Golden Idol":43,"Juzu Bracelet":1,"Boot":[34],"obtain_stats":[{"keyreminder:keyreminder":6,"Inserter":17,"Golden Idol":11,"Juzu Bracelet":0,"Cracked Core":0,"Boot":8},{"keyreminder:keyreminder":2,"Inserter":7,"Golden Idol":4,"Juzu Bracelet":0,"Cracked Core":0,"Boot":4},{"keyreminder:keyreminder":6,"Inserter":36,"Golden Idol":15,"Juzu Bracelet":0,"Cracked Core":0,"Boot":15}]},"card_choices":[{"not_picked":["Loop","Streamline"],"picked":"Defragment","floor":1},{"not_picked":["Tempest","Hologram"],"picked":"Leap","floor":5},{"not_picked":["Leap","Turbo","Hologram"],"picked":"SKIP","floor":7},{"not_picked":["Turbo","Aggregate","Rebound"],"picked":"SKIP","floor":8},{"not_picked":["Coolheaded","Sweeping Beam"],"picked":"Cold Snap","floor":12},{"not_picked":["Amplify","Conserve Battery"],"picked":"Glacier","floor":14},{"not_picked":["Barrage","Skim+1"],"picked":"Go for the Eyes","floor":18},{"not_picked":["Compile Driver","Rebound"],"picked":"Melter","floor":21},{"not_picked":["Streamline","Steam"],"picked":"BootSequence+1","floor":22}],"player_experience":75646,"relics_obtained":[{"floor":8,"key":"Boot"}],"event_choices":[{"damage_healed":0,"gold_gain":0,"player_choice":"Ignored","damage_taken":0,"max_hp_gain":0,"max_hp_loss":0,"event_name":"Golden Wing","floor":2,"gold_loss":0},{"damage_healed":0,"gold_gain":0,"player_choice":"Grow","damage_taken":0,"max_hp_gain":0,"max_hp_loss":0,"event_name":"Living Wall","floor":3,"gold_loss":0,"cards_upgraded":["Defragment"]},{"damage_healed":0,"gold_gain":0,"player_choice":"Take Wound","damage_taken":0,"relics_obtained":["Golden Idol"],"max_hp_gain":0,"max_hp_loss":0,"event_name":"Golden Idol","floor":11,"gold_loss":0,"cards_obtained":["Injury"]},{"damage_healed":0,"gold_gain":0,"player_choice":"Bought 0 Potions","damage_taken":0,"max_hp_gain":0,"max_hp_loss":0,"event_name":"The Woman in Blue","floor":19,"gold_loss":0},{"damage_healed":0,"gold_gain":0,"player_choice":"Ignored","damage_taken":0,"max_hp_gain":0,"max_hp_loss":0,"event_name":"The Mausoleum","floor":20,"gold_loss":0}],"is_beta":false,"boss_relics":[{"not_picked":["Sozu","Coffee Dripper"],"picked":"Inserter"}],"items_purged_floors":[],"is_endless":false,"potions_floor_spawned":[1,16],"killed_by":"Slavers","ascension_level":2}}