{"host":"Rich","time":1611370435,"event":{"mods":["AchievementEnabler","BaseMod","Highlight Path","Minty Spire (QoL Compilation)","Relic Stats"],"gold_per_floor":[113,113,132,132,20,20,36,62,88,88,88],"floor_reached":10,"language":"ENG","playtime":292,"items_purged":["Strike_G"],"score":132,"play_id":"81411177-630b-46b5-9185-f9274218eb27","local_time":"20210122215355","is_ascension_mode":true,"campfire_choices":[{"data":"Noxious Fumes","floor":6.0,"key":"SMITH"}],"circlet_count":0,"master_deck":["AscendersBane","Strike_G","Strike_G","Strike_G","Strike_G","Defend_G","Defend_G","Defend_G","Defend_G","Defend_G","Survivor","Neutralize","Tools of the Trade","Caltrops","Flying Knee","Noxious Fumes+1","Noxious Fumes"],"relics":["Ring of the Snake","Nunchaku","Centennial Puzzle"],"acts_visited":["Exordium"],"potions_floor_usage":[10],"damage_taken":[{"damage":1.0,"enemies":"2 Louse","floor":1.0,"turns":3.0},{"damage":9.0,"enemies":"Small Slimes","floor":3.0,"turns":5.0},{"damage":3.0,"enemies":"Cultist","floor":7.0,"turns":4.0},{"damage":20.0,"enemies":"3 Sentries","floor":8.0,"turns":7.0},{"damage":63,"enemies":"Gremlin Nob","floor":10,"turns":4}],"seed_played":"6877486287143285142","potions_obtained":[{"floor":3.0,"key":"EssenceOfSteel"},{"floor":7.0,"key":"DuplicationPotion"}],"is_trial":false,"path_per_floor":["M","?","M","?","$","R","M","E","T","E"],"character_chosen":"THE_SILENT","items_purchased":["Noxious Fumes"],"campfire_rested":0,"item_purchase_floors":[5],"current_hp_per_floor":[58,51,42,64,64,64,61,41,41,0,0],"gold":88,"neow_bonus":"THREE_RARE_CARDS","is_daily":false,"chose_seed":false,"campfire_upgraded":1,"win_rate":0.0,"timestamp":1611370435,"path_taken":["M","?","M","?","$","R","M","E","T","E"],"items_purchased_type":["Card"],"build_version":"2020-12-18","purchased_purges":1,"victory":false,"max_hp_per_floor":[66,66,66,66,66,66,66,66,66,66,66],"relic_stats":{"Nunchaku":[0],"Centennial Puzzle":[3],"counters":[5,23],"obtain_stats":[{"Nunchaku":8,"Centennial Puzzle":9,"Ring of the Snake":0},{"Nunchaku":4,"Centennial Puzzle":4,"Ring of the Snake":0},{"Nunchaku":19,"Centennial Puzzle":19,"Ring of the Snake":0}],"Ring of the Snake":[10]},"card_choices":[{"not_picked":["Burst","Doppelganger"],"picked":"Tools of the Trade","floor":0.0},{"not_picked":["Quick Slash","Skewer"],"picked":"Caltrops","floor":1.0},{"not_picked":["Well Laid Plans","Outmaneuver"],"picked":"Flying Knee","floor":3.0},{"not_picked":["Reflex","Quick Slash"],"picked":"Noxious Fumes","floor":7.0},{"not_picked":["Blade Dance","Sucker Punch","Cloak And Dagger"],"picked":"SKIP","floor":8.0}],"player_experience":2008564,"relics_obtained":[{"floor":8.0,"key":"Nunchaku"},{"floor":9.0,"key":"Centennial Puzzle"}],"event_choices":[{"cards_removed":["Pain"],"damage_healed":0.0,"max_hp_gain":0.0,"max_hp_loss":0.0,"gold_gain":0.0,"event_name":"Golden Wing","player_choice":"Card Removal","floor":2.0,"gold_loss":0.0,"damage_taken":7.0},{"damage_healed":22.0,"max_hp_gain":0.0,"max_hp_loss":0.0,"gold_gain":0.0,"event_name":"Big Fish","player_choice":"Banana","floor":4.0,"gold_loss":0.0,"damage_taken":0.0}],"is_beta":true,"boss_relics":[],"items_purged_floors":[5],"is_endless":false,"potions_floor_spawned":[3,7],"killed_by":"Gremlin Nob","ascension_level":20}}