{"host":"7l3oksimcdddoiz3","time":1611380653,"event":{"mods":["100% Spire Juice","BaseMod","Gremlin Mod","Hermit","Lobotomy","Minty Spire (QoL Compilation)","StSLib","The Cursed","The Servant 0.9.4"],"gold_per_floor":[114,114,114,129,144,144,174,76,76,1,31,31,46,61,61,161,161,176,191,206,226,62,62,62,92,392,392,407,437,437,452,452,552,552,567,35,50,22,37,67,67,82,82,82,97,127,142,172,172,172],"floor_reached":51,"language":"ENG","playtime":5329,"items_purged":["Pain"],"score":1012,"play_id":"217e5e76-d416-4672-bed9-4c1adb35fc37","local_time":"20210122214413","daily_mods":["Cursed Run","Purple Cards","DeadlyEvents"],"is_ascension_mode":false,"campfire_choices":[{"data":"Wireheading","floor":6.0,"key":"SMITH"},{"floor":12.0,"key":"REST"},{"floor":15.0,"key":"REST"},{"floor":24.0,"key":"REST"},{"floor":27.0,"key":"REST"},{"data":"Normality","floor":32.0,"key":"PURGE"},{"floor":41,"key":"REST"},{"data":"BattleHymn","floor":44,"key":"SMITH"},{"floor":49,"key":"REST"}],"circlet_count":0,"master_deck":["Strike_G","Strike_G","Strike_G","Strike_G","Strike_G","Defend_G","Defend_G","Defend_G","Defend_G+1","Defend_G","Survivor","Neutralize+1","Deadly Poison","Wireheading+1","FlyingSleeves","Setup","Noxious Fumes","FollowUp","PiercingWail","Protect+1","TalkToTheHand","Injury","DeusExMachina","CurseOfTheBell","Evaluate+1","Evaluate","WaveOfTheHand","Caltrops","TalkToTheHand","Flash of Steel","Parasite","Protect","Prepared+1","Sanctity","Injury","Phantasmal Killer","Cloak And Dagger+1","BattleHymn","Mayhem","Dramatic Entrance","Bandage Up","ReachHeaven","Parasite","Caltrops","BattleHymn+1","Doubt","Bane","Venomology","Writhe"],"relics":["Cursed Key","Darkstone Periapt","Du-Vu Doll","Turnip","InkBottle","Bag of Preparation","Calling Bell","Oddly Smooth Stone","Paper Crane","Pocketwatch","Red Mask","The Courier","Kunai","Old Coin","Peace Pipe","Busted Crown","Gremlin Horn","Toy Ornithopter","Ornamental Fan","War Paint","Potion Belt"],"acts_visited":["Exordium","TheCity","TheBeyond"],"potions_floor_usage":[48,50,50,50],"damage_taken":[{"damage":0.0,"enemies":"Jaw Worm","floor":1.0,"turns":5.0},{"damage":0.0,"enemies":"2 Louse","floor":4.0,"turns":2.0},{"damage":0.0,"enemies":"Cultist","floor":5.0,"turns":4.0},{"damage":14.0,"enemies":"Lagavulin","floor":7.0,"turns":8.0},{"damage":25.0,"enemies":"3 Sentries","floor":11.0,"turns":8.0},{"damage":26.0,"enemies":"Exordium Thugs","floor":13.0,"turns":5.0},{"damage":4.0,"enemies":"Exordium Wildlife","floor":14.0,"turns":4.0},{"damage":0.0,"enemies":"Hexaghost","floor":16.0,"turns":9.0},{"damage":4.0,"enemies":"3 Byrds","floor":18.0,"turns":6.0},{"damage":0.0,"enemies":"Spheric Guardian","floor":19.0,"turns":4.0},{"damage":0.0,"enemies":"Snake Plant","floor":20.0,"turns":5.0},{"damage":14.0,"enemies":"Masked Bandits","floor":21.0,"turns":6.0},{"damage":20.0,"enemies":"Book of Stabbing","floor":25.0,"turns":7.0},{"damage":13.0,"enemies":"Sentry and Sphere","floor":28.0,"turns":5.0},{"damage":21.0,"enemies":"Gremlin Leader","floor":29.0,"turns":7.0},{"damage":12.0,"enemies":"Cultist and Chosen","floor":31.0,"turns":7.0},{"damage":19.0,"enemies":"Automaton","floor":33.0,"turns":13.0},{"damage":5.0,"enemies":"3 Darklings","floor":35.0,"turns":7.0},{"damage":7.0,"enemies":"Orb Walker","floor":37.0,"turns":3.0},{"damage":0,"enemies":"Writhing Mass","floor":39,"turns":7},{"damage":21,"enemies":"Nemesis","floor":40,"turns":7},{"damage":4,"enemies":"Transient","floor":42,"turns":5},{"damage":16,"enemies":"4 Shapes","floor":45,"turns":3},{"damage":0,"enemies":"Giant Head","floor":46,"turns":8},{"damage":0,"enemies":"Jaw Worm Horde","floor":47,"turns":2},{"damage":33,"enemies":"Nemesis","floor":48,"turns":7},{"damage":99,"enemies":"Time Eater","floor":50,"turns":10}],"seed_played":"-4692305807027556167","potions_obtained":[{"floor":5.0,"key":"CunningPotion"},{"floor":7.0,"key":"LiquidBronze"},{"floor":11.0,"key":"Weak Potion"},{"floor":21.0,"key":"Poison Potion"},{"floor":25.0,"key":"Regen Potion"},{"floor":29.0,"key":"BlessingOfTheForge"},{"floor":37,"key":"GhostInAJar"},{"floor":39,"key":"LiquidBronze"},{"floor":48,"key":"Explosive Potion"}],"is_trial":false,"path_per_floor":["M","?","?","M","M","R","E","$","T","$","E","R","M","M","R","B",null,"M","M","M","?","$","T","R","E","T","R","M","E","?","M","R","B",null,"M","$","M","$","M","E","R","M","T","R","M","E","M","E","R","B",null],"character_chosen":"THE_SILENT","items_purchased":["Noxious Fumes","FollowUp","TalkToTheHand","Flash of Steel","BattleHymn","Mayhem","Dramatic Entrance","Gremlin Horn","Bandage Up","ReachHeaven"],"campfire_rested":6,"item_purchase_floors":[8,8,22,22,36,36,36,36,36,38],"current_hp_per_floor":[70,70,70,70,70,70,56,56,62,62,37,59,33,29,51,57,88,84,84,84,70,70,76,94,74,80,100,87,66,99,87,87,89,106,101,101,94,94,104,87,112,112,118,118,102,106,106,82,117,43],"gold":172,"neow_bonus":"","is_daily":true,"chose_seed":false,"campfire_upgraded":2,"win_rate":0.0,"timestamp":1611380653,"path_taken":["M","?","?","M","M","R","E","$","T","$","E","R","?","M","R","BOSS","M","M","M","?","$","?","R","E","T","R","?","?","?","?","R","BOSS","M","$","M","?","M","E","R","M","T","R","M","E","?","E","R","BOSS"],"items_purchased_type":["Card","Card","Card","Card","Card","Card","Card","Relic","Card","Card"],"build_version":"2020-12-22","purchased_purges":1,"victory":true,"max_hp_per_floor":[70,70,70,70,70,70,70,70,76,76,76,76,76,76,76,82,88,88,88,88,88,88,94,94,94,100,100,100,100,100,100,100,106,106,106,106,106,106,112,112,112,112,118,118,118,118,118,118,118,124],"card_choices":[{"not_picked":["Halt","Underhanded Strike"],"picked":"Deadly Poison","floor":1.0},{"not_picked":["Underhanded Strike","All Out Attack"],"picked":"Wireheading","floor":4.0},{"not_picked":["Wireheading","EmptyBody"],"picked":"FlyingSleeves","floor":5.0},{"not_picked":["MentalFortress","Doppelganger"],"picked":"Setup","floor":7.0},{"not_picked":["CrushJoints","Protect"],"picked":"PiercingWail","floor":11.0},{"not_picked":["Adaptation","All Out Attack"],"picked":"Protect","floor":13.0},{"not_picked":["Slice","PathToVictory"],"picked":"TalkToTheHand","floor":14.0},{"not_picked":["Bullet Time","Venomology"],"picked":"DeusExMachina","floor":16.0},{"not_picked":["Slice","WheelKick+1"],"picked":"Evaluate+1","floor":18.0},{"not_picked":["ConjureBlade","Perseverance"],"picked":"Evaluate","floor":19.0},{"not_picked":["WreathOfFlame","ThirdEye"],"picked":"WaveOfTheHand","floor":20.0},{"not_picked":["Bane+1","FlyingSleeves"],"picked":"Caltrops","floor":21.0},{"not_picked":["Conclude","Vengeance","Pray"],"picked":"SKIP","floor":25.0},{"not_picked":["PiercingWail","EmptyBody"],"picked":"Protect","floor":28.0},{"not_picked":["Evaluate","Wallop"],"picked":"Prepared+1","floor":29.0},{"not_picked":["Flechettes","Acrobatics"],"picked":"Sanctity","floor":31.0},{"not_picked":["Night Terror","Die Die Die"],"picked":"Phantasmal Killer","floor":33.0},{"not_picked":[],"picked":"Cloak And Dagger+1","floor":35.0},{"not_picked":["Predator"],"picked":"SKIP","floor":37},{"not_picked":[],"picked":"Caltrops","floor":39},{"not_picked":[],"picked":"BattleHymn","floor":40},{"not_picked":["Calculated Gamble+1"],"picked":"SKIP","floor":42},{"not_picked":["Prepared+1"],"picked":"SKIP","floor":45},{"not_picked":["Underhanded Strike+1"],"picked":"SKIP","floor":46},{"not_picked":[],"picked":"Bane","floor":47},{"not_picked":[],"picked":"Venomology","floor":48}],"player_experience":93792,"relics_obtained":[{"floor":7.0,"key":"Turnip"},{"floor":9.0,"key":"InkBottle"},{"floor":11.0,"key":"Bag of Preparation"},{"floor":17.0,"key":"Oddly Smooth Stone"},{"floor":17.0,"key":"Paper Crane"},{"floor":17.0,"key":"Pocketwatch"},{"floor":21.0,"key":"Red Mask"},{"floor":23.0,"key":"The Courier"},{"floor":25.0,"key":"Kunai"},{"floor":26.0,"key":"Old Coin"},{"floor":29.0,"key":"Peace Pipe"},{"floor":40,"key":"Toy Ornithopter"},{"floor":43,"key":"Ornamental Fan"},{"floor":46,"key":"War Paint"},{"floor":48,"key":"Potion Belt"}],"event_choices":[{"damage_healed":0.0,"max_hp_gain":0.0,"max_hp_loss":0.0,"gold_gain":0.0,"event_name":"Living Wall","player_choice":"Grow","floor":2.0,"gold_loss":0.0,"damage_taken":0.0,"cards_upgraded":["Neutralize"]},{"damage_healed":0.0,"max_hp_gain":0.0,"max_hp_loss":0.0,"gold_gain":0.0,"event_name":"The Cleric","player_choice":"Leave","floor":3.0,"gold_loss":0.0,"damage_taken":0.0},{"damage_healed":0.0,"max_hp_gain":0.0,"max_hp_loss":0.0,"gold_gain":0.0,"event_name":"Masked Bandits","player_choice":"Fought Bandits","floor":21.0,"gold_loss":0.0,"damage_taken":0.0},{"damage_healed":33.0,"max_hp_gain":0.0,"max_hp_loss":0.0,"gold_gain":0.0,"event_name":"The Library","player_choice":"Heal","floor":30.0,"gold_loss":0.0,"damage_taken":0.0}],"is_beta":false,"boss_relics":[{"not_picked":["SacredBark","SlaversCollar"],"picked":"Calling Bell"},{"not_picked":["Runic Dome","Velvet Choker"],"picked":"Busted Crown"}],"items_purged_floors":[10],"is_endless":false,"potions_floor_spawned":[5,7,11,16,21,25,29,37,39,40,45,48],"ascension_level":0}}