{"host":"TheShotgunBoss","time":1611442318,"event":{"mods":["AchievementEnabler","Always Whale","Aspiration","BaseMod","Beaked The Cultist","Colored Map","Colored Powertips","Colorless Booster Pack","Conspire","Downfall","Energized Spire","FetchMod","GifTheSpireLib","Halation","Hubris","Infinite Spire","Jedi Mod","Minty Spire (QoL Compilation)","Poor People Problems","Quick Restart","RNG!","Relic Sorter","SacredBarkPlus","Shop Mod","Spikes Relics","StSLib","Stuff the Spire","The Blue Laboratory","The Construct","Uncapped","Unceasing Turn Reminder","everything is the same but u backflip on backflip","vexMod","??????REMEMod"],"gold_per_floor":[99,99,99,99,199,199,199,211,241,112,12,0,19,54,72,72,72,72],"floor_reached":16,"language":"ENG","playtime":685,"items_purged":["hexamod:Strike"],"score":111,"play_id":"ada78bc3-84ba-44c8-9de5-5858f4eb21ae","local_time":"20210123175158","is_ascension_mode":true,"campfire_choices":[{"data":"hexamod:Float","floor":1,"key":"SMITH"},{"floor":6,"key":"RECALL"},{"data":"hexamod:NightmareStrike","floor":11,"key":"SMITH"}],"circlet_count":0,"master_deck":["hexamod:Strike","hexamod:Strike","hexamod:Strike","hexamod:Defend","hexamod:Defend","hexamod:Defend","hexamod:Defend","hexamod:Sear","hexamod:Float+1","hexamod:GhostShield","hexamod:NightmareStrike+1","hexamod:GiftsFromTheDead+1","hexamod:Hexaguard","hexamod:RecurringNightmare","hexamod:SixthSeal","hexamod:GhostShield"],"relics":["hexamod:SpiritBrand","REME_ComplimentaryCards","downfall:HeartsMalice","Meat on the Bone","vexMod:ScavengeHelm","downfall:HeartBlessingRed","StuffTheSpire:DarkSteelAnvil"],"acts_visited":["Exordium"],"potions_floor_usage":[9,16,16],"damage_taken":[{"damage":0,"enemies":"Cultist","floor":2,"turns":1},{"damage":0,"enemies":"Small Slimes","floor":3,"turns":1},{"damage":0,"enemies":"Jaw Worm","floor":4,"turns":1},{"damage":0,"enemies":"Large Slime","floor":8,"turns":6},{"damage":23,"enemies":"Gremlin Nob","floor":9,"turns":4},{"damage":0,"enemies":"downfall:FleeingMerchant","floor":10,"turns":4},{"damage":0,"enemies":"downfall:FleeingMerchant","floor":12,"turns":4},{"damage":0,"enemies":"2 Fungi Beasts","floor":13,"turns":4},{"damage":18,"enemies":"Lagavulin","floor":14,"turns":7},{"damage":2,"enemies":"Large Slime","floor":15,"turns":6},{"damage":46,"enemies":"SI_SHIV_ARCHETYPE","floor":16,"turns":13}],"seed_played":"-3090258143090493609","potions_obtained":[{"floor":8,"key":"blueLaboratory:FruitPunch"},{"floor":13,"key":"Block Potion"},{"floor":14,"key":"blueLaboratory:BottleOfRum"},{"floor":15,"key":"blueLaboratory:BubblePotion"}],"is_trial":false,"path_per_floor":["R","M","M","M","?","R","T","M","E","$","R","$","M","E","M","B"],"character_chosen":"THE_SPIRIT","items_purchased":["hexamod:RecurringNightmare"],"campfire_rested":0,"item_purchase_floors":[10],"current_hp_per_floor":[70,70,70,70,70,70,70,70,49,49,49,49,49,43,41,0,0,0],"gold":72,"neow_bonus":"THREE_ENEMY_KILL","is_daily":false,"chose_seed":false,"campfire_upgraded":2,"win_rate":0.0,"timestamp":1611442318,"path_taken":["R","M","?","M","?","R","T","M","E","?","R","$","M","E","M","BOSS"],"items_purchased_type":["Card"],"build_version":"2020-12-18","purchased_purges":1,"victory":false,"max_hp_per_floor":[70,70,70,70,70,70,70,70,72,72,72,72,72,72,72,72,72,72],"card_choices":[{"not_picked":["hexamod:SpectersWail","hexamod:InspiringFlames","hexamod:Hexaguard"],"picked":"SKIP","floor":2},{"not_picked":["hexamod:SwordOfDarkness","hexamod:FastForward"],"picked":"hexamod:GhostShield","floor":3},{"not_picked":["hexamod:ThirdSeal","hexamod:RainOfEmbers","hexamod:PhantomCloak"],"picked":"SKIP","floor":4},{"not_picked":["hexamod:HauntingEcho","hexamod:FastForward"],"picked":"hexamod:NightmareStrike","floor":8},{"not_picked":["hexamod:SkipABeat","hexamod:HauntingEcho"],"picked":"hexamod:GiftsFromTheDead","floor":9},{"not_picked":["hexamod:SpectralAdrenaline","hexamod:GhostOfSpireFuture"],"picked":"hexamod:Hexaguard","floor":10},{"not_picked":["hexamod:ThermalTransfer","hexamod:NightmareGuise","hexamod:ChargedBarrage"],"picked":"SKIP","floor":12},{"not_picked":["hexamod:AdvancingGuard","hexamod:ShieldOfDarkness","hexamod:TimeWarp"],"picked":"SKIP","floor":13},{"not_picked":["hexamod:SwordOfDarkness","hexamod:HeatMetal"],"picked":"hexamod:SixthSeal","floor":14},{"not_picked":["hexamod:ThermalTransfer","hexamod:HeatMetal"],"picked":"hexamod:GhostShield","floor":15}],"player_experience":313968,"relics_obtained":[{"floor":7,"key":"Meat on the Bone"},{"floor":9,"key":"vexMod:ScavengeHelm"},{"floor":14,"key":"StuffTheSpire:DarkSteelAnvil"}],"event_choices":[],"is_beta":true,"boss_relics":[],"items_purged_floors":[10],"is_endless":false,"potions_floor_spawned":[8,13,14,15],"killed_by":"SI_SHIV_ARCHETYPE","ascension_level":1}}