{"host":"p5axfb00mxhraew6","time":1611400718,"event":{"mods":["Abigail Mod","Act Like it!","BaseMod","CapriCore","Friendly Minions","GifTheSpireLib","Jedi Mod","KomeijiMod","Lobotomy","MarisaÅiñ∂âJÅ@ñÇóùçπÅj","Minty Spire (QoL Compilation)","Prisma Mod","ReimuÅiîé??öÎÅj","RemiliaÅiÂQïƒ‰ª?Åj","SOSÅiézîb?îVéqÅj","StSLib","Td1madao Mod","The Alterego","The Immortal","The Problem Sleuth","Yakumo Yukari mod"],"gold_per_floor":[113,113,125,139,159,159,174,200,248,323,323,323,336,364,364,438,438,457,474,474,474,33,64,64,82,82,82,27,62,80,108,108,179,179,196,196,206,219,676,676,700,726,726,753,258,269,269,299,299,299,299,299,299,32,61,61],"floor_reached":57,"language":"ENG","playtime":2770,"items_purged":[],"score":2394,"play_id":"4f9ac439-374b-4a25-90ab-61fce2290d47","local_time":"20210123201838","is_ascension_mode":true,"campfire_choices":[{"floor":40,"key":"RECALL"}],"circlet_count":0,"master_deck":["SpecialBullet","SpecialBullet","SpecialBullet","SpecialBullet","SpecialBullet","SpecialBullet","SpecialBullet","SpecialBullet","SecurityCode","ExtractionCode","Lantern","WristCuter","Spore","TodaysExpression","Regret_ego","Hypocrisy","Ecstasy","OldLady","Lantern","ScreamingWedge","WristCuter","UniverseFragment","Lamp+5","InTheNameOfLoveAndHate+1","VoidDream","CENSORED_ego+1","Regret_ego","TodaysExpression+1","MHz","SoundOfStar+1","Noise+1","Penitence+1","RapturousDream+1","ScreamingWedge+1","Twilight","CentralCode","BearPaw+1","Diffraction+1","Adoration+1","Noise+1","RapturousDream+1","CENSORED_ego+1","Twilight","Finesse+1","RapturousDream+1","TrainingCode","Mimicry","Lantern+1","Logging+1","Apotheosis+1","Twilight","Ecstasy","Lantern","Gaze+1","Gaze+1","SpecialBullet","SpecialBullet","SpecialBullet"],"relics":["CogitoBucket","The Courier","Tiny Chest","Anchor","Toxic Egg 2","SlaversCollar","HornCleat","Omamori","Singing Bowl","Oddly Smooth Stone","Pocketwatch","ScarletDevilRocket","Pen Nib","Velvet Choker","Blue Candle","jedi:bottledfury","Blood Vial","ClockworkSouvenir","Orichalcum","Kunai","CrazyTorch:ReiMu"],"acts_visited":["Exordium","TheCity","TheBeyond","TheEnding"],"potions_floor_usage":[8,8,56],"damage_taken":[{"damage":24,"enemies":"2 Louse","floor":1,"turns":3},{"damage":6,"enemies":"Cultist","floor":3,"turns":3},{"damage":12,"enemies":"Jaw Worm","floor":4,"turns":3},{"damage":21,"enemies":"Blue Slaver","floor":5,"turns":3},{"damage":15,"enemies":"2 Fungi Beasts","floor":7,"turns":4},{"damage":20,"enemies":"Lagavulin","floor":8,"turns":6},{"damage":10,"enemies":"Exordium Thugs","floor":13,"turns":4},{"damage":12,"enemies":"3 Sentries","floor":14,"turns":5},{"damage":9,"enemies":"Hexaghost","floor":16,"turns":8},{"damage":13,"enemies":"Chosen","floor":18,"turns":5},{"damage":35,"enemies":"Spheric Guardian","floor":19,"turns":3},{"damage":4,"enemies":"Book of Stabbing","floor":23,"turns":4},{"damage":0,"enemies":"Snake Plant","floor":25,"turns":2},{"damage":3,"enemies":"Slavers","floor":29,"turns":8},{"damage":16,"enemies":"Shelled Parasite and Fungi","floor":30,"turns":3},{"damage":0,"enemies":"Book of Stabbing","floor":31,"turns":2},{"damage":3,"enemies":"Champ","floor":33,"turns":15},{"damage":1,"enemies":"Orb Walker","floor":35,"turns":2},{"damage":0,"enemies":"3 Darklings","floor":37,"turns":5},{"damage":3,"enemies":"Jaw Worm Horde","floor":38,"turns":3},{"damage":3,"enemies":"Giant Head","floor":42,"turns":10},{"damage":0,"enemies":"Nemesis","floor":44,"turns":11},{"damage":0,"enemies":"Spire Growth","floor":46,"turns":5},{"damage":0,"enemies":"Giant Head","floor":48,"turns":7},{"damage":28,"enemies":"Time Eater","floor":50,"turns":8},{"damage":3,"enemies":"Shield and Spear","floor":55,"turns":5},{"damage":3,"enemies":"The Heart","floor":56,"turns":6}],"seed_played":"-2127280606379457799","potions_obtained":[{"floor":3,"key":"RedTea"},{"floor":4,"key":"EssenceOfSteel"},{"floor":5,"key":"PowerPotion"},{"floor":16,"key":"SpeedPotion"},{"floor":18,"key":"RedTea"},{"floor":30,"key":"Fire Potion"},{"floor":31,"key":"Weak Potion"}],"is_trial":false,"path_per_floor":["M","?","M","M","M","R","M","E","T","?","T","R","M","E","R","B",null,"M","M","?","T","$","E","R","M","T","R","$","E","M","E","R","B",null,"M","?","M","M","?","R","T","E","T","E","$","M","R","E","R","B",null,null,"R","$","E","B",null],"character_chosen":"Angela","items_purchased":["Noise+1","Penitence+1","Omamori","RapturousDream+1","Singing Bowl","Diffraction+1","Apotheosis+1","ClockworkSouvenir","Twilight","Ecstasy","Lantern","Kunai","Gaze+1"],"campfire_rested":0,"item_purchase_floors":[22,22,22,22,22,28,45,45,45,45,45,54,54],"current_hp_per_floor":[54,54,56,52,39,39,36,29,29,18,18,18,20,16,16,23,73,72,62,62,62,62,82,82,93,93,93,93,95,93,95,95,95,95,97,97,97,97,97,97,97,99,99,103,103,105,105,105,105,105,105,105,105,105,107,107],"gold":61,"neow_bonus":"TEN_PERCENT_HP_BONUS","is_daily":false,"chose_seed":false,"campfire_upgraded":0,"win_rate":0.0,"timestamp":1611400718,"path_taken":["M","?","M","?","M","R","M","E","T","?","?","R","M","E","R","BOSS","M","M","?","?","$","E","R","?","T","R","$","E","M","E","R","BOSS","M","?","M","M","?","R","?","E","T","E","$","M","R","E","R","BOSS","R","$","E","BOSS"],"items_purchased_type":["Card","Card","Relic","Card","Relic","Card","Card","Relic","Card","Card","Card","Relic","Card"],"build_version":"2020-12-22","purchased_purges":0,"victory":true,"max_hp_per_floor":[77,77,77,77,77,77,81,81,81,81,81,81,85,85,85,89,89,89,93,93,93,93,93,93,93,93,93,93,95,95,95,95,95,95,97,97,97,97,97,97,97,99,99,103,103,105,105,105,105,105,105,105,105,105,107,107],"card_choices":[{"not_picked":["Tough"],"picked":"Lantern","floor":1},{"not_picked":["Tough","Loneliness"],"picked":"SKIP","floor":1},{"not_picked":["TodaysExpression"],"picked":"WristCuter","floor":3},{"not_picked":["SomewhereSpear","CUTE"],"picked":"SKIP","floor":3},{"not_picked":["SwordSharpenedByTears"],"picked":"Spore","floor":4},{"not_picked":["Pleasure"],"picked":"TodaysExpression","floor":4},{"not_picked":["LifeForTheDareDevil"],"picked":"Regret_ego","floor":5},{"not_picked":["Amita"],"picked":"Hypocrisy","floor":5},{"not_picked":["FrostShard"],"picked":"Ecstasy","floor":7},{"not_picked":["UniverseFragment","CherryBlossoms"],"picked":"OldLady","floor":7},{"not_picked":["GrinderMk4"],"picked":"Lantern","floor":7},{"not_picked":["Soda"],"picked":"ScreamingWedge","floor":8},{"not_picked":["Beak","SolemnVow"],"picked":"SKIP","floor":8},{"not_picked":["TodaysExpression"],"picked":"WristCuter","floor":13},{"not_picked":["CherryBlossoms","Alriune"],"picked":"UniverseFragment","floor":13},{"not_picked":["CherryBlossom"],"picked":"Lamp","floor":13},{"not_picked":["ParadiseLost"],"picked":"InTheNameOfLoveAndHate+1","floor":14},{"not_picked":["LittlePrince","LongBird"],"picked":"VoidDream","floor":16},{"not_picked":["SoundOfStar+1"],"picked":"CENSORED_ego+1","floor":16},{"not_picked":["Loneliness+1"],"picked":"Horn","floor":18},{"not_picked":["Beak"],"picked":"Regret_ego","floor":18},{"not_picked":["CherryBlossom"],"picked":"TodaysExpression+1","floor":19},{"not_picked":["CherryBlossoms","Bloodbath"],"picked":"MHz","floor":19},{"not_picked":["Beak"],"picked":"SoundOfStar+1","floor":19},{"not_picked":["Mimicry"],"picked":"ScreamingWedge+1","floor":23},{"not_picked":["RedEyes+1"],"picked":"Twilight","floor":23},{"not_picked":["Wingbeat+1"],"picked":"BearPaw+1","floor":25},{"not_picked":["CUTE+1","Christmas"],"picked":"Singing Bowl","floor":29},{"not_picked":["SwordSharpenedByTears"],"picked":"Adoration+1","floor":29},{"not_picked":["Amita+1"],"picked":"Noise+1","floor":30},{"not_picked":["Loneliness+1"],"picked":"RapturousDream+1","floor":31},{"not_picked":["SoundOfStar+1"],"picked":"CENSORED_ego+1","floor":33},{"not_picked":["Adoration+1"],"picked":"Twilight","floor":33},{"not_picked":["Galaxy+1","Wingbeat+1"],"picked":"Singing Bowl","floor":35},{"not_picked":["Enlightenment+1"],"picked":"Finesse+1","floor":36},{"not_picked":["SolemnVow"],"picked":"RapturousDream+1","floor":37},{"not_picked":["Beak+1"],"picked":"Mimicry","floor":38},{"not_picked":["Penitence+1"],"picked":"Lantern+1","floor":39},{"not_picked":["Pinks+1","CUTE+1"],"picked":"Singing Bowl","floor":42},{"not_picked":["Lamp"],"picked":"Logging+1","floor":42},{"not_picked":["Lantern","FourthMatchFlame+1"],"picked":"Singing Bowl","floor":44},{"not_picked":["Soda","Tough"],"picked":"Singing Bowl","floor":44},{"not_picked":["LifeForTheDareDevil+1","Horn"],"picked":"Singing Bowl","floor":46},{"not_picked":["Lamp"],"picked":"Gaze+1","floor":48},{"not_picked":["ShedSkin+1","Amita+1"],"picked":"Singing Bowl","floor":55}],"player_experience":1266463,"relics_obtained":[{"floor":8,"key":"The Courier"},{"floor":9,"key":"Tiny Chest"},{"floor":11,"key":"Anchor"},{"floor":14,"key":"Toxic Egg 2"},{"floor":21,"key":"HornCleat"},{"floor":23,"key":"Oddly Smooth Stone"},{"floor":26,"key":"Pocketwatch"},{"floor":29,"key":"ScarletDevilRocket"},{"floor":31,"key":"Pen Nib"},{"floor":42,"key":"Blue Candle"},{"floor":43,"key":"jedi:bottledfury"},{"floor":44,"key":"Blood Vial"},{"floor":48,"key":"Orichalcum"},{"floor":55,"key":"CrazyTorch:ReiMu"}],"event_choices":[{"cards_removed":["InformationCode"],"damage_healed":0,"gold_gain":0,"player_choice":"Card Removal","damage_taken":0,"max_hp_gain":0,"max_hp_loss":0,"event_name":"Wheel of Change","floor":2,"gold_loss":0},{"damage_healed":0,"gold_gain":75,"player_choice":"Gather Gold","damage_taken":11,"max_hp_gain":0,"max_hp_loss":0,"event_name":"World of Goop","floor":10,"gold_loss":0},{"cards_removed":["Horn"],"damage_healed":0,"gold_gain":0,"player_choice":"Purged","damage_taken":0,"max_hp_gain":0,"max_hp_loss":0,"event_name":"Purifier","floor":20,"gold_loss":0},{"damage_healed":0,"gold_gain":0,"player_choice":"Memory 1","damage_taken":0,"max_hp_gain":0,"max_hp_loss":0,"event_name":"SensoryStone","floor":36,"gold_loss":0}],"is_beta":false,"boss_relics":[{"not_picked":["Runic Pyramid","Cursed Key"],"picked":"SlaversCollar"},{"not_picked":["Tiny House","Snecko Eye"],"picked":"Velvet Choker"}],"items_purged_floors":[],"is_endless":false,"potions_floor_spawned":[3,4,5,16,18,30,31,33,35,38,46],"ascension_level":14}}