{"host":"aqym1xxr3lb31d9m","time":1611361679,"event":{"mods":["BaseMod","Block Reminder","Colored Map","Colored Powertips","DeckTracker","Highlight Path","Minty Spire (QoL Compilation)","Quick Restart","Random Character Button","StSLib","SuperFastMode","UnlockEverythingMod"],"gold_per_floor":[210,285,285,296,12,12,47,47,47,47,47],"floor_reached":10,"language":"JPN","playtime":221,"items_purged":[],"score":128,"play_id":"61cac1ff-2859-4b77-8012-38ba0c019a43","local_time":"20210123092759","is_ascension_mode":true,"campfire_choices":[{"data":"Uppercut","floor":6,"key":"SMITH"}],"circlet_count":0,"master_deck":["AscendersBane","Strike_R","Strike_R","Strike_R","Strike_R","Strike_R","Defend_R","Defend_R","Defend_R","Defend_R","Bash","Spot Weakness","Uppercut+1","Fire Breathing"],"relics":["Burning Blood","Gremlin Horn","Mummified Hand","Pen Nib"],"acts_visited":["Exordium"],"potions_floor_usage":[7,10],"damage_taken":[{"damage":10,"enemies":"Small Slimes","floor":1,"turns":3},{"damage":3,"enemies":"2 Louse","floor":4,"turns":4},{"damage":20,"enemies":"Lagavulin","floor":7,"turns":6},{"damage":27,"enemies":"Gremlin Nob","floor":10,"turns":3}],"seed_played":"-6552927651027478584","potions_obtained":[{"floor":1,"key":"Weak Potion"},{"floor":4,"key":"LiquidMemories"}],"is_trial":false,"path_per_floor":["M","?","?","M","$","R","E","?","T","E"],"character_chosen":"IRONCLAD","items_purchased":["Gremlin Horn"],"campfire_rested":0,"item_purchase_floors":[5],"current_hp_per_floor":[64,53,53,56,56,56,42,24,24,0,0],"gold":47,"neow_bonus":"HUNDRED_GOLD","is_daily":false,"chose_seed":false,"campfire_upgraded":1,"win_rate":0.0,"timestamp":1611361679,"path_taken":["M","?","?","M","$","R","E","?","T","E"],"items_purchased_type":["Relic"],"build_version":"2020-12-22","purchased_purges":0,"victory":false,"max_hp_per_floor":[75,75,75,75,75,75,75,75,75,75,75],"card_choices":[{"not_picked":["Entrench","Thunderclap"],"picked":"Spot Weakness","floor":1},{"not_picked":["Evolve","Rampage"],"picked":"Uppercut","floor":4},{"not_picked":["Dropkick","Twin Strike"],"picked":"Fire Breathing","floor":7}],"player_experience":3970816,"relics_obtained":[{"floor":7,"key":"Mummified Hand"}],"event_choices":[{"damage_healed":0,"gold_gain":75,"player_choice":"Gather Gold","damage_taken":11,"max_hp_gain":0,"max_hp_loss":0,"event_name":"World of Goop","floor":2,"gold_loss":0},{"damage_healed":0,"gold_gain":0,"player_choice":"Ignored","damage_taken":0,"max_hp_gain":0,"max_hp_loss":0,"event_name":"Shining Light","floor":3,"gold_loss":0},{"damage_healed":0,"gold_gain":0,"player_choice":"Success","damage_taken":18,"relics_obtained":["Pen Nib"],"max_hp_gain":0,"max_hp_loss":0,"event_name":"Scrap Ooze","floor":8,"gold_loss":0}],"is_beta":false,"boss_relics":[],"items_purged_floors":[],"is_endless":false,"potions_floor_spawned":[1,4],"killed_by":"Gremlin Nob","ascension_level":20}}