{"host":"oigynbtg272c19pw","time":1611437162,"event":{"mods":["BaseMod","Colored Map","Minty Spire (QoL Compilation)","Relic Stats","Slay the Relics Exporter","StSLib"],"gold_per_floor":[109,109,23,35,55,55,85,105,105,139,139,151,180,246,246,246,246],"floor_reached":16,"playtime":853,"items_purged":[],"score":244,"play_id":"70434c63-b0e9-406c-a260-fe3dcea8d38e","local_time":"20210123222602","is_ascension_mode":true,"campfire_choices":[{"data":"Crippling Poison","floor":6.0,"key":"SMITH"},{"data":"Leg Sweep","floor":11.0,"key":"SMITH"},{"data":"Sadistic Nature","floor":15.0,"key":"SMITH"}],"circlet_count":0,"master_deck":["AscendersBane","Strike_G","Strike_G","Strike_G","Strike_G","Strike_G","Defend_G","Defend_G","Defend_G","Defend_G","Defend_G","Survivor","Neutralize","Sadistic Nature+1","Riddle With Holes","Terror","PiercingWail","Crippling Poison+1","Leg Sweep+1","Heel Hook","Leg Sweep","A Thousand Cuts","Leg Sweep"],"relics":["Ring of the Snake","SsserpentHead","Sundial","Meat on the Bone","The Courier","WingedGreaves"],"acts_visited":["Exordium"],"potions_floor_usage":[16],"damage_taken":[{"damage":0.0,"enemies":"Small Slimes","floor":1.0,"turns":4.0},{"damage":3.0,"enemies":"Cultist","floor":4.0,"turns":4.0},{"damage":2.0,"enemies":"2 Louse","floor":5.0,"turns":4.0},{"damage":8.0,"enemies":"Lagavulin","floor":7.0,"turns":7.0},{"damage":0.0,"enemies":"2 Fungi Beasts","floor":8.0,"turns":2.0},{"damage":17.0,"enemies":"3 Sentries","floor":10.0,"turns":10.0},{"damage":11.0,"enemies":"Exordium Thugs","floor":12.0,"turns":4.0},{"damage":21.0,"enemies":"Lagavulin","floor":13.0,"turns":9.0},{"damage":6.0,"enemies":"Large Slime","floor":14.0,"turns":5.0},{"damage":41,"enemies":"Hexaghost","floor":16,"turns":14}],"seed_played":"-3369243275979641144","potions_obtained":[{"floor":1.0,"key":"Weak Potion"},{"floor":4.0,"key":"ColorlessPotion"},{"floor":10.0,"key":"SteroidPotion"}],"is_trial":false,"path_per_floor":["M","?","$","M","M","R","E","M","T","E","R","M","E","M","R","B"],"character_chosen":"THE_SILENT","items_purchased":["Terror"],"campfire_rested":0,"item_purchase_floors":[3],"current_hp_per_floor":[59,59,59,56,54,54,46,46,46,41,41,42,33,39,39,0,0],"gold":246,"neow_bonus":"RANDOM_COLORLESS_2","is_daily":false,"chose_seed":false,"campfire_upgraded":3,"win_rate":0.0,"timestamp":1611437162,"path_taken":["M","?","$","M","M","R","E","M","T","E","R","M","E","?","R","BOSS"],"items_purchased_type":["Card"],"build_version":"2020-12-13","purchased_purges":0,"victory":false,"max_hp_per_floor":[60,60,60,60,60,60,60,60,60,60,60,60,60,60,60,60,60],"relic_stats":{"SsserpentHead":50,"counters":[10,63],"Sundial":[6],"obtain_stats":[{"SsserpentHead":2,"Sundial":7,"The Courier":10,"WingedGreaves":13,"Ring of the Snake":0,"Meat on the Bone":9},{"SsserpentHead":1,"Sundial":4,"The Courier":6,"WingedGreaves":8,"Ring of the Snake":0,"Meat on the Bone":5},{"SsserpentHead":4,"Sundial":19,"The Courier":31,"WingedGreaves":44,"Ring of the Snake":0,"Meat on the Bone":21}],"Ring of the Snake":[20],"Meat on the Bone":48},"card_choices":[{"not_picked":["Transmutation","Mayhem"],"picked":"Sadistic Nature","floor":0.0},{"not_picked":["Bane","Cloak And Dagger"],"picked":"Riddle With Holes","floor":1.0},{"not_picked":["Predator","Dagger Throw"],"picked":"PiercingWail","floor":4.0},{"not_picked":["Heel Hook","Caltrops"],"picked":"Crippling Poison","floor":5.0},{"not_picked":["PiercingWail","Backstab"],"picked":"Leg Sweep","floor":7.0},{"not_picked":["Outmaneuver","Infinite Blades"],"picked":"Heel Hook","floor":8.0},{"not_picked":["Skewer","Dagger Spray","Flying Knee"],"picked":"SKIP","floor":10.0},{"not_picked":["Escape Plan","Blade Dance"],"picked":"Leg Sweep","floor":12.0},{"not_picked":["Cloak And Dagger","Quick Slash"],"picked":"A Thousand Cuts","floor":13.0},{"not_picked":["All Out Attack","Cloak And Dagger"],"picked":"Leg Sweep","floor":14.0}],"player_experience":1477683,"relics_obtained":[{"floor":7.0,"key":"Sundial"},{"floor":9.0,"key":"Meat on the Bone"},{"floor":10.0,"key":"The Courier"},{"floor":13.0,"key":"WingedGreaves"}],"event_choices":[{"damage_healed":0.0,"max_hp_gain":0.0,"max_hp_loss":0.0,"gold_gain":0.0,"event_name":"FaceTrader","player_choice":"Trade","floor":2.0,"gold_loss":0.0,"damage_taken":0.0,"relics_obtained":["SsserpentHead"]}],"is_beta":false,"boss_relics":[],"items_purged_floors":[],"is_endless":false,"potions_floor_spawned":[1,4,10],"killed_by":"Hexaghost","ascension_level":20}}