{"host":"9gwavclf33b2mpxe","time":1611403607,"event":{"mods":["BaseMod","Bestiary","Block Reminder","Colored Map","Colored Powertips","Downfall","Highlight Path","Minty Spire (QoL Compilation)","Permanent Neow","Quick Restart","Relic Stats","StSLib","SuperFastMode"],"gold_per_floor":[99,99,109,109,109,136,136],"floor_reached":10,"language":"ENG","playtime":123,"items_purged":[],"score":802,"play_id":"762b011e-6168-48b4-ab89-a9c5f26f60b5","local_time":"20210123200647","is_ascension_mode":false,"campfire_choices":[{"floor":6,"key":"REST"}],"circlet_count":0,"master_deck":["Slimebound:Strike_Slimebound","Slimebound:Strike_Slimebound","Slimebound:Strike_Slimebound","Slimebound:Tackle","Slimebound:Defend_Slimebound","Slimebound:Defend_Slimebound+1","Slimebound:Defend_Slimebound","Slimebound:Defend_Slimebound+1","Slimebound:Split","Slimebound:CorrosiveSpit+1","Slimebound:FlameTackle"],"relics":["Slimebound:AbsorbEndCombat","War Paint"],"acts_visited":["Exordium","TheEnding","TheEnding"],"potions_floor_usage":[],"damage_taken":[{"damage":38,"enemies":"The Heart","floor":5,"turns":3},{"damage":0,"enemies":"Shield and Spear","floor":8,"turns":1},{"damage":0,"enemies":"The Heart","floor":9,"turns":2}],"seed_played":"-8402730679984027963","potions_obtained":[],"is_trial":false,"path_per_floor":["M","M","R","$","E","B",null],"character_chosen":"SLIMEBOUND","items_purchased":[],"campfire_rested":1,"item_purchase_floors":[],"current_hp_per_floor":[65,65,65,65,65,65,10065],"gold":136,"neow_bonus":"UPGRADE_CARD","is_daily":false,"chose_seed":false,"campfire_upgraded":0,"win_rate":0.0,"timestamp":1611403607,"path_taken":["R","$","E","BOSS"],"items_purchased_type":[],"build_version":"2020-12-22","purchased_purges":0,"victory":true,"max_hp_per_floor":[65,65,65,65,65,65,10065],"relic_stats":{"counters":[4,7],"War Paint":["Slimebound:Defend_Slimebound","Slimebound:Defend_Slimebound"],"obtain_stats":[{"Slimebound:AbsorbEndCombat":0,"War Paint":8},{"Slimebound:AbsorbEndCombat":0,"War Paint":3},{"Slimebound:AbsorbEndCombat":0,"War Paint":5}]},"card_choices":[{"not_picked":["Slimebound:LeechEnergy+1","Slimebound:ItLooksTasty","Slimebound:LevelUp"],"picked":"SKIP","floor":5},{"not_picked":["Slimebound:SplitBruiser","Slimebound:RainOfGoop"],"picked":"Slimebound:FlameTackle","floor":8}],"player_experience":122999,"relics_obtained":[{"floor":8,"key":"War Paint"}],"event_choices":[],"is_beta":false,"boss_relics":[],"items_purged_floors":[],"is_endless":false,"potions_floor_spawned":[],"ascension_level":0}}