{"host":"efyizcsfl4z2taeg","time":1611423526,"event":{"mods":["BaseMod","Colored Map","Downfall","Hermit","Highlight Path","Infinite Spire","Marisa????????","Minty Spire (QoL Compilation)","Replay The Spire","StSLib","The Animator","The Cursed","The Disciple","The Jungle","The Servant 0.9.4"],"gold_per_floor":[99,115,115,25,25,25,25,43,43,54,54,39,39,24,40,135,135,135,135,153,166,181,208,208,221,232,132,132,17,17,29,44,144,144,144,156,156,156,168,268,344,344,344,344],"floor_reached":42,"language":"ENG","playtime":2534,"items_purged":["Guardian:Strike_Guardian","Guardian:Defend_Guardian","Guardian:Strike_Guardian"],"score":431,"play_id":"b849a62f-f3fe-4c80-b82e-b9dfbe439053","local_time":"20210123183846","is_ascension_mode":false,"campfire_choices":[{"data":"Guardian:FierceBash","floor":1.0,"key":"SMITH"},{"data":"Guardian:ConstructionForm","floor":11.0,"key":"SMITH"},{"floor":18.0,"key":"RECALL"},{"floor":27.0,"key":"REST"},{"data":"Guardian:Clone","floor":30.0,"key":"SMITH"},{"floor":35.0,"key":"DIG"}],"circlet_count":0,"master_deck":["Guardian:Strike_Guardian","Guardian:Defend_Guardian+1","Guardian:Defend_Guardian","Guardian:Defend_Guardian","Guardian:CurlUp+1","Guardian:TwinSlam","Guardian:FierceBash+1","Guardian:CrystalBeam+1","Guardian:PiercingHide","Guardian:ConstructionForm+1","Guardian:ChargeCore","Guardian:ShieldCharger","Guardian:TemporalStrike","Guardian:Clone+1","Guardian:Incinerate+1","Guardian:FloatingOrbs+1","Guardian:Incinerate+1","Guardian:Gem_Orange","Guardian:ChargeCore+1","infinitespire:UltimateForm","Guardian:Emergency+1","Guardian:Harden","infinitespire:FutureSight","Parasite"],"relics":["Guardian:ModeShifter","White Beast Statue","Velvet Choker","Turnip","InkBottle","downfall:HeartBlessingRed","downfall:RedIOU","SacredBark","Replay:Bottled Eggs","Guide Book","Replay:Kaleidoscope","Matryoshka"],"acts_visited":["Exordium","TheCity","TheBeyond"],"potions_floor_usage":[42],"damage_taken":[{"damage":0.0,"enemies":"Cultist","floor":2.0,"turns":3.0},{"damage":10.0,"enemies":"downfall:FleeingMerchant","floor":4.0,"turns":4.0},{"damage":2.0,"enemies":"Jaw Worm","floor":8.0,"turns":4.0},{"damage":8.0,"enemies":"Small Slimes","floor":10.0,"turns":3.0},{"damage":0.0,"enemies":"downfall:FleeingMerchant","floor":12.0,"turns":4.0},{"damage":12.0,"enemies":"downfall:FleeingMerchant","floor":14.0,"turns":4.0},{"damage":0.0,"enemies":"Blue Slaver","floor":15.0,"turns":4.0},{"damage":28.0,"enemies":"WA_ARCHETYPE_RETAIN","floor":16.0,"turns":10.0},{"damage":2.0,"enemies":"Spheric Guardian","floor":20.0,"turns":4.0},{"damage":8.0,"enemies":"3 Byrds","floor":21.0,"turns":5.0},{"damage":18.0,"enemies":"Snake Plant","floor":22.0,"turns":5.0},{"damage":10.0,"enemies":"Nightmare","floor":23.0,"turns":7.0},{"damage":4.0,"enemies":"3 Cultists","floor":25.0,"turns":5.0},{"damage":5.0,"enemies":"Cultist and Chosen","floor":26.0,"turns":6.0},{"damage":0.0,"enemies":"downfall:FleeingMerchant","floor":29.0,"turns":4.0},{"damage":0.0,"enemies":"Snecko","floor":31.0,"turns":3.0},{"damage":9.0,"enemies":"Shelled Parasite and Fungi","floor":32.0,"turns":4.0},{"damage":4.0,"enemies":"SI_MIRROR_ARCHETYPE","floor":33.0,"turns":8.0},{"damage":14.0,"enemies":"Orb Walker","floor":36.0,"turns":5.0},{"damage":16.0,"enemies":"3 Darklings","floor":39.0,"turns":4.0},{"damage":21.0,"enemies":"infinitespire:Three Voidlings","floor":40.0,"turns":4.0},{"damage":33.0,"enemies":"Nightmare_Alpha","floor":40.0,"turns":12.0},{"damage":13,"enemies":"Writhing Mass","floor":42,"turns":4}],"seed_played":"8147866147959808681","potions_obtained":[{"floor":8.0,"key":"Doom Potion"},{"floor":10.0,"key":"SkillPotion"},{"floor":12.0,"key":"champ:CounterPotion"},{"floor":16.0,"key":"CultistPotion"},{"floor":23.0,"key":"SteroidPotion"},{"floor":25.0,"key":"EssenceOfSteel"},{"floor":32.0,"key":"hexamod:SoulburnPotion"},{"floor":33.0,"key":"Fruit Juice"},{"floor":36.0,"key":"Weak Potion"},{"floor":39.0,"key":"Dexterity Potion"},{"floor":40,"key":"PowerPotion"}],"is_trial":false,"path_per_floor":["R","M","?","$","?","?","T","M","?","M","R","$","?","$","M","B",null,"R_BF","?","M","M","M","NM","T","M","M","R","?","$","R","M","M","B",null,"R_BF","M","?","AVR","M","?","T","M"],"character_chosen":"GUARDIAN","items_purchased":[],"campfire_rested":1,"item_purchase_floors":[],"current_hp_per_floor":[80,80,80,70,70,70,70,68,68,60,60,60,60,48,48,20,80,80,80,78,70,52,42,42,38,33,57,57,57,57,57,48,44,80,80,76,76,76,60,6,6,0,0,0],"gold":344,"neow_bonus":"ONE_RANDOM_RARE_CARD","is_daily":false,"chose_seed":false,"campfire_upgraded":3,"win_rate":0.0,"timestamp":1611423526,"path_taken":["R","M","?","$","?","?","T","M","?","?","R","?","?","?","M","BOSS","R_BF","?","M","M","M","NM","T","M","M","R","?","?","R","M","M","BOSS","R_BF","M","?","AVR","M","?","T","M"],"items_purchased_type":[],"build_version":"2020-12-22","purchased_purges":3,"victory":false,"max_hp_per_floor":[80,80,80,80,80,80,80,80,80,80,80,80,80,80,80,80,80,80,80,80,80,80,80,80,80,80,80,80,80,80,80,80,80,80,80,90,90,90,90,90,90,90,90,90],"card_choices":[{"not_picked":["Guardian:Gem_Red","Guardian:PiercingHide"],"picked":"Guardian:Gem_Purple","floor":2.0},{"not_picked":["Guardian:Gem_Lightblue","Guardian:Gem_Crimson"],"picked":"Guardian:CrystalBeam","floor":4.0},{"not_picked":["Guardian:SpikerProtocol","Guardian:Gem_Green"],"picked":"Guardian:PiercingHide","floor":8.0},{"not_picked":["Guardian:TimeCapacitor","Guardian:ShieldCharger"],"picked":"Guardian:ConstructionForm","floor":10.0},{"not_picked":["Guardian:Suspension","Guardian:FloatingOrbs"],"picked":"Guardian:ChargeCore","floor":12.0},{"not_picked":["Guardian:CrystalBeam","Guardian:TemporalStrike"],"picked":"Guardian:Gem_Green","floor":14.0},{"not_picked":["Guardian:TimeCapacitor","Guardian:SpikerProtocol"],"picked":"Guardian:ShieldCharger","floor":15.0},{"not_picked":["Guardian:StasisStrike","Guardian:FierceBash"],"picked":"Guardian:Gem_Orange","floor":16.0},{"not_picked":["Guardian:Gem_White","Guardian:Orbwalk"],"picked":"Guardian:TemporalStrike","floor":20.0},{"not_picked":["Guardian:ShieldCharger","Guardian:Reroute"],"picked":"Guardian:Clone","floor":21.0},{"not_picked":["Guardian:Gem_Cyan","Guardian:Suspension+1"],"picked":"Guardian:Incinerate+1","floor":22.0},{"not_picked":["Guardian:BronzeArmor","Guardian:ShieldSpikes"],"picked":"Guardian:Gem_Green","floor":23.0},{"not_picked":["Guardian:Gem_Red","Guardian:Suspension"],"picked":"Guardian:FloatingOrbs","floor":25.0},{"not_picked":["Guardian:Gem_Fragmented","Guardian:BronzeOrb"],"picked":"Guardian:Incinerate","floor":26.0},{"not_picked":["Guardian:TimeCapacitor","Guardian:RefractedBeam"],"picked":"Guardian:Gem_Red","floor":29.0},{"not_picked":["Guardian:PrimingBeam","Guardian:ChargeCore"],"picked":"Guardian:Gem_Fragmented","floor":31.0},{"not_picked":["Guardian:DonusPower","Guardian:RollAttack+1","Guardian:ChargeCore"],"picked":"SKIP","floor":32.0},{"not_picked":["Guardian:FierceBash","Guardian:HyperBeam_Guardian"],"picked":"Guardian:Gem_Orange","floor":33.0},{"not_picked":["Guardian:BodySlam+1","Guardian:Reroute"],"picked":"Guardian:ChargeCore+1","floor":36.0},{"not_picked":["Guardian:RollAttack","Guardian:ChargeCore+1"],"picked":"Guardian:Emergency+1","floor":39.0},{"not_picked":["Guardian:Gem_Purple","Guardian:WalkerClaw"],"picked":"Guardian:Harden","floor":40},{"not_picked":["infinitespire:TheBestDefense","ReplayTheSpireMod:Black Plague"],"picked":"infinitespire:FutureSight","floor":40}],"player_experience":603201,"relics_obtained":[{"floor":5.0,"key":"War Paint"},{"floor":7.0,"key":"White Beast Statue"},{"floor":23.0,"key":"Turnip"},{"floor":24.0,"key":"InkBottle"},{"floor":35.0,"key":"Replay:Bottled Eggs"},{"floor":40,"key":"Replay:Kaleidoscope"},{"floor":41,"key":"Matryoshka"}],"event_choices":[{"damage_healed":0.0,"max_hp_gain":0.0,"max_hp_loss":0.0,"gold_gain":0.0,"event_name":"Ghosts","player_choice":"Ignored","floor":19.0,"gold_loss":0.0,"damage_taken":0.0},{"damage_healed":0.0,"max_hp_gain":0.0,"max_hp_loss":0.0,"gold_gain":0.0,"event_name":"Mysterious Sphere","player_choice":"Ignored","floor":37.0,"gold_loss":0.0,"damage_taken":0.0}],"is_beta":false,"boss_relics":[{"not_picked":["Honey Jar","Replay:Bronze Core"],"picked":"Velvet Choker"},{"not_picked":["Ring of Chaos","ReplayTheSpireMod:DimensionalGlitch"],"picked":"SacredBark"}],"items_purged_floors":[4,29,38],"is_endless":true,"potions_floor_spawned":[8,10,12,14,15,16,20,21,22,23,25,26,29,31,32,33,36,39,40,40],"killed_by":"Writhing Mass","ascension_level":0}}