{"host":"ebj6lkgm8suah319","time":1611372908,"event":{"mods":["2.2 Compatiblity","AchievementEnabler","BaseMod","Block Reminder","Colored Map","Colored Powertips","Minty Spire (QoL Compilation)","Quick Restart","Rare Cards Sparkle","Relic Stats","SuperFastMode"],"gold_per_floor":[112,129,149,159,4,4,65,91,114,114,128,159,175,187,187,187,187],"floor_reached":16,"language":"ENG","playtime":473,"items_purged":["Strike_R"],"score":194,"play_id":"c060fdc4-4ee9-42cb-8c71-679d85dc7bbb","local_time":"20210122223508","is_ascension_mode":true,"campfire_choices":[{"data":"True Grit","floor":6.0,"key":"SMITH"},{"data":"Bash","floor":15.0,"key":"SMITH"}],"circlet_count":0,"master_deck":["AscendersBane","Strike_R","Strike_R+1","Strike_R","Defend_R","Defend_R","Defend_R+1","Defend_R+1","Bash+1","Immolate+1","True Grit+1","Dual Wield","Clothesline","Feel No Pain","Fiend Fire","Inflame","Evolve"],"relics":["Burning Blood","War Paint","Whetstone","Strawberry","PreservedInsect"],"acts_visited":["Exordium"],"potions_floor_usage":[16,16],"damage_taken":[{"damage":3.0,"enemies":"Cultist","floor":1.0,"turns":4.0},{"damage":2.0,"enemies":"Jaw Worm","floor":2.0,"turns":3.0},{"damage":0.0,"enemies":"2 Louse","floor":3.0,"turns":1.0},{"damage":0.0,"enemies":"2 Fungi Beasts","floor":4.0,"turns":2.0},{"damage":20.0,"enemies":"3 Sentries","floor":7.0,"turns":7.0},{"damage":10.0,"enemies":"3 Sentries","floor":8.0,"turns":7.0},{"damage":0.0,"enemies":"Exordium Wildlife","floor":11.0,"turns":1.0},{"damage":7.0,"enemies":"Lagavulin","floor":12.0,"turns":6.0},{"damage":4.0,"enemies":"Exordium Thugs","floor":13.0,"turns":4.0},{"damage":0.0,"enemies":"Blue Slaver","floor":14.0,"turns":3.0},{"damage":78,"enemies":"The Guardian","floor":16,"turns":12}],"seed_played":"4414607794946084897","potions_obtained":[{"floor":2.0,"key":"BloodPotion"},{"floor":4.0,"key":"Energy Potion"},{"floor":8.0,"key":"PowerPotion"},{"floor":12.0,"key":"SneckoOil"}],"is_trial":false,"path_per_floor":["M","M","M","M","$","R","?","E","T","?","M","E","M","M","R","B"],"character_chosen":"IRONCLAD","items_purchased":["Feel No Pain"],"campfire_rested":0,"item_purchase_floors":[5],"current_hp_per_floor":[68,68,68,68,68,68,54,50,57,50,56,55,57,63,63,0,0],"gold":187,"neow_bonus":"THREE_RARE_CARDS","is_daily":false,"chose_seed":false,"campfire_upgraded":2,"win_rate":0.0,"timestamp":1611372908,"path_taken":["M","?","M","M","$","R","?","E","T","?","M","E","M","M","R","BOSS"],"items_purchased_type":["Card"],"build_version":"2020-12-22","purchased_purges":1,"victory":false,"max_hp_per_floor":[68,68,68,68,68,68,68,68,75,75,75,75,75,75,75,75,75],"relic_stats":{"counters":[11,50],"PreservedInsect":0,"Whetstone":["Strike_R","Immolate"],"War Paint":["Defend_R","Defend_R"],"obtain_stats":[{"Strawberry":9,"PreservedInsect":12,"Whetstone":8,"War Paint":7,"Burning Blood":0},{"Strawberry":6,"PreservedInsect":8,"Whetstone":6,"War Paint":5,"Burning Blood":0},{"Strawberry":24,"PreservedInsect":31,"Whetstone":24,"War Paint":17,"Burning Blood":0}],"Burning Blood":41},"card_choices":[{"not_picked":["Exhume","Brutality"],"picked":"Immolate","floor":0.0},{"not_picked":["Warcry","Second Wind"],"picked":"True Grit","floor":1.0},{"not_picked":["Clash","Rupture"],"picked":"Dual Wield","floor":2.0},{"not_picked":["Dropkick","Searing Blow"],"picked":"Clothesline","floor":3.0},{"not_picked":["Armaments","Body Slam","Clash"],"picked":"SKIP","floor":4.0},{"not_picked":["Rage","Cleave"],"picked":"Fiend Fire","floor":8.0},{"not_picked":["Headbutt","Clothesline","Wild Strike"],"picked":"SKIP","floor":11.0},{"not_picked":["Anger","Searing Blow"],"picked":"Inflame","floor":12.0},{"not_picked":["Body Slam","Heavy Blade","Thunderclap"],"picked":"SKIP","floor":13.0},{"not_picked":["Clash","Anger"],"picked":"Evolve","floor":14.0}],"player_experience":42537,"relics_obtained":[{"floor":7.0,"key":"War Paint"},{"floor":8.0,"key":"Whetstone"},{"floor":9.0,"key":"Strawberry"},{"floor":12.0,"key":"PreservedInsect"}],"event_choices":[{"damage_healed":0.0,"max_hp_gain":0.0,"max_hp_loss":0.0,"gold_gain":0.0,"event_name":"Dead Adventurer","player_choice":"Searched \u00271\u0027 times","floor":7.0,"gold_loss":0.0,"damage_taken":0.0},{"cards_removed":["Strike_R"],"damage_healed":0.0,"max_hp_gain":0.0,"max_hp_loss":0.0,"gold_gain":0.0,"event_name":"Golden Wing","player_choice":"Card Removal","floor":10.0,"gold_loss":0.0,"damage_taken":7.0}],"is_beta":false,"boss_relics":[],"items_purged_floors":[5],"is_endless":false,"potions_floor_spawned":[2,4,8,12],"killed_by":"The Guardian","ascension_level":14}}