{"host":"4lxzgdqpvzyot39g","time":1611437909,"event":{"mods":["100% Spire Juice","Abigail Mod","Act Like it!","Aspiration","BaseMod","Beaked The Cultist","Better Altar","Better Match","Better Note","Better Sensory Stone","Better Skull","Better Third Choice","CCEM","Colored Map","Colored Powertips","Conspire","Dark Map","Displayed Cursed Tome","Dota2Spire","Energized Spire","Fox Events","Friendly Minions","Gensokyo","GifTheSpireLib","Halation","Hallownest","Hermit","Highlight Path","HololiveMod","Hubris","Infinite Spire","Jedi Mod","JesterMod","Mari Mod (Legacy)","Mari\u0027s V1 Patch","MarisaÅiñ∂âJÅ@ñÇóùçπÅj","Minty Spire (QoL Compilation)","Prisma Mod","Quarter Circle Forward PUNCH!","ReimuÅiîé??öÎÅj","Relic Filter","Replay The Spire","Robot Space Explorer","SCP261 Mod","Small Relic Pack","Spicy Shops","Spikes Relics","Spire Arcade","StS++","StSLib","Stuff the Spire","The Alterego","The Blue Laboratory","The Bug Knight","The Cursed","The Fake Hero","The Marked","The Servant 0.9.4","The Wild Card","Trackpad","Waifu the Spire","WarShipGirlsR/??è≠èóR mod","Wide Potions","vexMod","Åy?ï®?îvÅzREMEMod"],"gold_per_floor":[77,14,14,30,45,80,90,127,199,199,240,240,273,330,330,409,409,439,409,409,409,52,77,77,131,155,214,214,225,250,250,250,337,337,356,422,422,49,49,49,87,87,87,106,124,124,124,124,124,140],"floor_reached":51,"language":"ENG","playtime":3632,"items_purged":["Writhe","Hololive_CallMurasakiShion","Hololive_FlyingPonyTail+1","PrismaMod:IllyaInstallRuler"],"score":1195,"play_id":"1e307055-3f66-4cfc-8daa-537ed12945c7","local_time":"20210123163829","is_ascension_mode":true,"campfire_choices":[{"data":"Hololive_CallUsadaPekora","floor":10.0,"key":"SMITH"},{"data":"Hololive_Spy","floor":12.0,"key":"SMITH"},{"data":"Hololive_CallSpadeEcho","floor":24.0,"key":"SMITH"},{"data":"infinitespire:Collect","floor":32.0,"key":"SMITH"},{"data":"Gensokyo:GapWoman","floor":40,"key":"SMITH"},{"data":"Hololive_CallAiraniIofifteen","floor":42,"key":"SMITH"},{"floor":49,"key":"RECALL"}],"circlet_count":0,"master_deck":["AscendersBane","Hololive_Breathe","Hololive_CallArtia","Hololive_CallUsadaPekora+1","Hololive_CallAyundaRisu","Hololive_CallAkiRosenthal","Hololive_CallMoonaHoshinova","Hololive_CallAmaneKanata","conspire:PoisonWeapons","Hololive_CallRosalyn","Hololive_CallInugamiKorone","Hololive_CallAiraniIofifteen+1","Hololive_CallSakuraMiko","Hololive_Spy+1","Hololive_CallShiranuiFlare","Hololive_CallMurasakiShion","Gensokyo:GapWoman+1","Hololive_CallNekomataOkayu","Hololive_CallSpadeEcho+1","Hololive_CallAZKi","infinitespire:Collect+1","Hololive_CallOkamiMio+1","Hololive_CallOmaruPolka","Hololive_CallHoshimachiSuisei+1","Hololive_CallUsadaPekora+1","Hololive_CallYozoraMel","Hololive_CallKiryuuCoco+1","Hololive_CallOzoraSubaru"],"relics":["Hololive_TheStar","REME_ComplimentaryCards","NeowsBlessing","conspire:TreasureMap","ReplayFunnel","Dota2Spire:BladeMail","Juzu Bracelet","Dota2Spire:Bloodstone","Dota2Spire:AghanimScepter","TungstenRod","hubris:Metronome","halation:LettersToHer","qcfpunch:Red_Headband","Philosopher\u0027s Stone","Lizard Tail","SCP261:SadistsTumblerRelic","trackpad:CultistFigurine","qcfpunch:Broken_Tusk","halation:PapillonHeart","relicPack:DSword"],"acts_visited":["Hallownest:Greenpath","Gensokyo:Gensokyoer","TheBeyond"],"potions_floor_usage":[35,36,50],"damage_taken":[{"damage":0.0,"enemies":"Hallownest:monsterHuskGuard","floor":1.0,"turns":1.0},{"damage":0.0,"enemies":"Hallownest:2_Tiktiks_and_1_Crawlid","floor":4.0,"turns":1.0},{"damage":0.0,"enemies":"Hallownest:monsterHuskWarrior","floor":5.0,"turns":1.0},{"damage":10.0,"enemies":"Hallownest:eliteVengeflyKing","floor":6.0,"turns":8.0},{"damage":0.0,"enemies":"Hallownest:Guard_and_Warrior","floor":7.0,"turns":4.0},{"damage":1.0,"enemies":"conspire:MimicChest","floor":8.0,"turns":6.0},{"damage":7.0,"enemies":"Hallownest:1_Baldur_1_Crawlid_1_Warrior","floor":11.0,"turns":6.0},{"damage":1.0,"enemies":"Hallownest:MossCreep_and_Mosskin","floor":13.0,"turns":6.0},{"damage":1.0,"enemies":"Hallownest:eliteMossKnight","floor":14.0,"turns":7.0},{"damage":17.0,"enemies":"Hallownest:BossHornet","floor":16.0,"turns":8.0},{"damage":3.0,"enemies":"Gensokyo:Chomper","floor":18.0,"turns":5.0},{"damage":0.0,"enemies":"Gensokyo:Tenshi","floor":23.0,"turns":5.0},{"damage":0.0,"enemies":"Gensokyo:Koishi","floor":25.0,"turns":6.0},{"damage":0.0,"enemies":"Gensokyo:Reisen","floor":27.0,"turns":8.0},{"damage":0.0,"enemies":"Gensokyo:2_Gloops","floor":29.0,"turns":4.0},{"damage":0.0,"enemies":"Gensokyo:Wraith","floor":30.0,"turns":5.0},{"damage":19.0,"enemies":"Gensokyo:Eternal_Rivals","floor":33.0,"turns":10.0},{"damage":0,"enemies":"3 Darklings","floor":35,"turns":4},{"damage":0,"enemies":"2 Orb Walkers","floor":36,"turns":4},{"damage":1,"enemies":"Nemesis","floor":41,"turns":7},{"damage":0,"enemies":"3 Shapes","floor":44,"turns":4},{"damage":0,"enemies":"3 Darklings","floor":45,"turns":3},{"damage":0,"enemies":"Replay:Hell Engine","floor":50,"turns":7}],"seed_played":"3986062821570087220","potions_obtained":[{"floor":1.0,"key":"Fire Potion"},{"floor":7.0,"key":"SneckoOil"},{"floor":8.0,"key":"Explosive Potion"},{"floor":30.0,"key":"AttackPotion"},{"floor":33.0,"key":"blueLaboratory:BubblePotion"},{"floor":36,"key":"SteroidPotion"},{"floor":45,"key":"Toxic Potion"}],"is_trial":false,"path_per_floor":["M","$","?","M","M","E","M","?","T","R","M","R","M","E","R_BF","B",null,"M","?","?","?","$","E","R","E","T","E","AVR","M","M","?","R","B",null,"M","?","?","$","?","R","E","R","T","M","M","?","?","?","R","B",null],"character_chosen":"Hololive_HololiveCharacter","items_purchased":["conspire:TreasureMap","Dota2Spire:AghanimScepter","Hololive_CallUsadaPekora+1","SCP261:SadistsTumblerRelic"],"campfire_rested":0,"item_purchase_floors":[2,22,38,38],"current_hp_per_floor":[27,27,27,27,27,17,17,19,19,19,15,15,17,19,19,5,35,35,35,35,35,35,44,44,47,47,50,50,53,56,56,56,40,56,59,62,62,62,62,62,64,64,64,67,67,67,33,33,33,33],"gold":140,"neow_bonus":"THREE_ENEMY_KILL","is_daily":false,"chose_seed":false,"campfire_upgraded":6,"win_rate":0.0,"timestamp":1611437909,"path_taken":["M","?","?","?","M","E","M","?","T","R","M","R","M","E","R_BF","BOSS","M","?","?","?","$","E","R","E","T","E","AVR","M","M","?","R","BOSS","M","?","?","$","?","R","E","R","T","M","M","?","?","?","R","BOSS"],"items_purchased_type":["Relic","Relic","Card","Relic"],"build_version":"2020-12-22","purchased_purges":4,"victory":true,"max_hp_per_floor":[30,30,30,30,30,30,30,33,33,33,36,36,39,42,42,45,45,48,48,43,43,43,46,46,49,49,52,52,55,58,58,58,61,61,64,67,67,67,67,67,70,70,70,73,73,69,69,69,69,69],"card_choices":[{"not_picked":["Hololive_LuckPotion","Hololive_FlyingPonyTail","Hololive_OvertimeWork"],"picked":"Hololive_CallAmaneKanata","floor":1.0},{"not_picked":["Hololive_StrengthChampion","Hololive_Psychosis","Hololive_RevenueBasedLive"],"picked":"Hololive_CallRosalyn","floor":4.0},{"not_picked":["Hololive_Psychosis","Hololive_CallHoushouMarine","Hololive_LuckPotion"],"picked":"Hololive_CallInugamiKorone","floor":5.0},{"not_picked":["Hololive_CallYozoraMel","Hololive_Breathe","Hololive_Rebound"],"picked":"Hololive_CallMurasakiShion","floor":6.0},{"not_picked":["Hololive_CallUruhaRushia","Hololive_CallTokinoSora","Hololive_Psychosis"],"picked":"Hololive_CallAiraniIofifteen","floor":7.0},{"not_picked":["Hololive_StrengthChampion","Hololive_CocoNews","Hololive_CallHoushouMarine"],"picked":"Hololive_CallSakuraMiko","floor":8.0},{"not_picked":["Hololive_HuntDinosaur","Hololive_Watashimo","Hololive_LuckPotion"],"picked":"Hololive_Spy","floor":11.0},{"not_picked":["Hololive_CallAiraniIofifteen","Hololive_MaximGun","Hololive_StrengthChampion"],"picked":"Hololive_CallShiranuiFlare","floor":13.0},{"not_picked":["Hololive_Sequa","Hololive_RevenueBasedLive","Hololive_CallArtia","Hololive_Breathe"],"picked":"SKIP","floor":14.0},{"not_picked":["Hololive_Rebound","Hololive_StrengthChampion","Hololive_BringToTrial"],"picked":"Hololive_FlyingPonyTail+1","floor":18.0},{"not_picked":["Gensokyo:SpontaneousHumanCombustion","Gensokyo:ManorOfTheDishes","Gensokyo:HAARP"],"picked":"Gensokyo:GapWoman","floor":20.0},{"not_picked":["Hololive_CallNekomataOkayu","Hololive_FlyingPonyTail","Hololive_OpenUp"],"picked":"Hololive_CallSpadeEcho","floor":23.0},{"not_picked":["Hololive_CocoNews","Hololive_CallShishiroBotan+1","Hololive_LuckPotion"],"picked":"Hololive_CallAZKi","floor":25.0},{"not_picked":["Hololive_RevenueBasedLive+1","Hololive_LuckPotion+1","Hololive_Rebound","Hololive_SummonFox"],"picked":"SKIP","floor":27.0},{"not_picked":["Hololive_CallArtia","Hololive_IdolExercise","Hololive_Yoholoon"],"picked":"Hololive_CallOkamiMio","floor":29.0},{"not_picked":["Hololive_CallShiranuiFlare","Hololive_CallMurasakiShion","Hololive_Rebound"],"picked":"Hololive_CallOmaruPolka","floor":30.0},{"not_picked":["Hololive_CallMurasakiShion","Hololive_CocoNews+1","Hololive_HuntDinosaur+1","Hololive_StrengthChampion"],"picked":"SKIP","floor":35},{"not_picked":["Hololive_CocoNews","Hololive_CallNekomataOkayu","Hololive_RevenueBasedLive"],"picked":"Hololive_CallHoshimachiSuisei+1","floor":36},{"not_picked":["Hololive_HighAtkLowDef","Hololive_DurableLive","Hololive_CallAkaiHaato"],"picked":"Hololive_CallYozoraMel","floor":41},{"not_picked":["Hololive_OvertimeWork","Hololive_Trident","Hololive_HuntDinosaur+1"],"picked":"Hololive_CallKiryuuCoco+1","floor":44},{"not_picked":["Hololive_CallMurasakiShion+1","Hololive_CallArtia","Hololive_Breathe"],"picked":"Hololive_CallOzoraSubaru","floor":45}],"player_experience":1144366,"relics_obtained":[{"floor":6.0,"key":"ReplayFunnel"},{"floor":8.0,"key":"Dota2Spire:BladeMail"},{"floor":14.0,"key":"Juzu Bracelet"},{"floor":23.0,"key":"TungstenRod"},{"floor":25.0,"key":"hubris:Metronome"},{"floor":26.0,"key":"halation:LettersToHer"},{"floor":27.0,"key":"qcfpunch:Red_Headband"},{"floor":36,"key":"Lizard Tail"},{"floor":41,"key":"trackpad:CultistFigurine"},{"floor":43,"key":"halation:LettersToHer"},{"floor":43,"key":"qcfpunch:Broken_Tusk"}],"event_choices":[{"damage_healed":0,"gold_gain":0,"player_choice":"Fight","damage_taken":0,"max_hp_gain":0,"max_hp_loss":0,"event_name":"Mysterious Sphere","floor":36,"gold_loss":0},{"damage_healed":0,"gold_gain":0,"player_choice":"Upgraded","damage_taken":0,"max_hp_gain":0,"max_hp_loss":0,"event_name":"Upgrade Shrine","floor":39,"gold_loss":0,"cards_upgraded":["Hololive_CallOkamiMio"]},{"cards_removed":["Flying Knee"],"damage_healed":0,"gold_gain":0,"player_choice":"Removed Attack","damage_taken":0,"max_hp_gain":0,"max_hp_loss":0,"event_name":"Falling","floor":48,"gold_loss":0}],"is_beta":false,"boss_relics":[{"not_picked":["vexMod:RockOfEvil","REME_DuelDisc"],"picked":"Dota2Spire:Bloodstone"},{"not_picked":["infinitespire:Cupcake","Pandora\u0027s Box"],"picked":"Philosopher\u0027s Stone"}],"items_purged_floors":[22,28,38,38],"is_endless":false,"potions_floor_spawned":[1,4,7,8,30,33,36,45],"ascension_level":18}}