{"host":"shb6fs4xkmgx64v4","time":1611433097,"event":{"mods":["AchievementEnabler","BaseMod","Colored Map","Downfall","Minty Spire (QoL Compilation)","StSLib"],"gold_per_floor":[0,10,10,10,10,43,43,59,59,59,44,58,58,68,87,87,87,87],"floor_reached":16,"language":"ENG","playtime":894,"items_purged":[],"score":99,"play_id":"7f7dda90-896e-4ff2-ba01-18a2c8d8bb9d","local_time":"20210123151817","is_ascension_mode":false,"campfire_choices":[{"floor":1.0,"key":"RECALL"}],"circlet_count":0,"master_deck":["Slimebound:Strike_Slimebound+1","Slimebound:Tackle+1","Slimebound:Defend_Slimebound","Slimebound:Defend_Slimebound","Slimebound:Defend_Slimebound","Slimebound:Split","Slimebound:CorrosiveSpit","Slimebound:SlimeSpikes","Slimebound:Teamwork","Slimebound:RollThrough","Decay","Pain","Slimebound:LivingWall","Slimebound:Repurpose","Slimebound:LeechingTouch","Slimebound:SplitAcid","Slimebound:DouseInSlime"],"relics":["Slimebound:AbsorbEndCombat","downfall:ExtraCursedKey","Question Card","Whetstone","Spirit Poop"],"acts_visited":["Exordium"],"potions_floor_usage":[],"damage_taken":[{"damage":0.0,"enemies":"Small Slimes","floor":2.0,"turns":3.0},{"damage":18.0,"enemies":"3 Sentries","floor":6.0,"turns":13.0},{"damage":7.0,"enemies":"2 Louse","floor":8.0,"turns":3.0},{"damage":1.0,"enemies":"downfall:FleeingMerchant","floor":11.0,"turns":4.0},{"damage":3,"enemies":"Jaw Worm","floor":12,"turns":4},{"damage":9,"enemies":"Large Slime","floor":14,"turns":6},{"damage":3,"enemies":"Gremlin Gang","floor":15,"turns":2},{"damage":49,"enemies":"IC_STATUS_ARCHETYPE","floor":16,"turns":8}],"seed_played":"5326862119007201341","potions_obtained":[{"floor":6.0,"key":"PowerPotion"},{"floor":8.0,"key":"LiquidBronze"},{"floor":12,"key":"Guardian:BlockOnCardUsePotion"},{"floor":13,"key":"LiquidMemories"},{"floor":13,"key":"champ:CounterPotion"}],"is_trial":false,"path_per_floor":["R","M","?","?","?","E","T","M","?","?","$","M","?","M","M","B"],"character_chosen":"SLIMEBOUND","items_purchased":[],"campfire_rested":0,"item_purchase_floors":[],"current_hp_per_floor":[65,65,65,65,65,47,47,40,40,40,45,44,44,39,36,0,0,0],"gold":87,"neow_bonus":"REMOVE_TWO","is_daily":false,"chose_seed":false,"campfire_upgraded":0,"win_rate":0.0,"timestamp":1611433097,"path_taken":["R","M","?","?","?","E","T","?","?","?","$","?","?","M","M","BOSS"],"items_purchased_type":[],"build_version":"2020-12-22","purchased_purges":0,"victory":false,"max_hp_per_floor":[65,65,65,65,65,65,65,65,65,65,65,65,65,65,65,65,65,65],"card_choices":[{"not_picked":["Slimebound:SplitMire","Slimebound:LeechingTouch"],"picked":"Slimebound:SlimeSpikes","floor":2.0},{"not_picked":["Slimebound:FinishingTackle","Slimebound:SplitLeeching"],"picked":"Slimebound:RollThrough","floor":6.0},{"not_picked":["Slimebound:SplitAcid","Slimebound:Dissolve","Slimebound:RollThrough"],"picked":"Slimebound:LivingWall","floor":8.0},{"not_picked":["Slimebound:Gluttony","Slimebound:RollThrough","Slimebound:SplitAcid"],"picked":"Slimebound:Repurpose","floor":11.0},{"not_picked":["Slimebound:ItLooksTasty","Slimebound:LivingWall","Slimebound:ProtectTheBoss"],"picked":"Slimebound:LeechingTouch","floor":12},{"not_picked":["Slimebound:ItLooksTasty","Slimebound:MegaLick","Slimebound:RollThrough"],"picked":"Slimebound:SplitAcid","floor":14},{"not_picked":["Slimebound:ItLooksTasty","Slimebound:FlameTackle","Slimebound:SlimeSpikes"],"picked":"Slimebound:DouseInSlime","floor":15}],"player_experience":249303,"relics_obtained":[{"floor":6.0,"key":"Question Card"},{"floor":7.0,"key":"Whetstone"}],"event_choices":[{"cards_removed":["Normality"],"damage_healed":0.0,"max_hp_gain":0.0,"max_hp_loss":0.0,"gold_gain":0.0,"event_name":"Bonfire Elementals","player_choice":"Offered Curse","floor":10.0,"gold_loss":0.0,"damage_taken":0.0,"relics_obtained":["Spirit Poop"]},{"damage_healed":0,"gold_gain":0,"player_choice":"Got Potions","damage_taken":0,"max_hp_gain":0,"max_hp_loss":0,"event_name":"Lab","floor":13,"gold_loss":0}],"is_beta":false,"boss_relics":[],"items_purged_floors":[],"is_endless":false,"potions_floor_spawned":[6,8,12],"killed_by":"IC_STATUS_ARCHETYPE","ascension_level":0}}