{"host":"mydft8i2zzydgggw","time":1611440661,"event":{"mods":["AchievementEnabler","BaseMod","BetterRewards","Colored Map","Colored Powertips","DeckTracker","Keyboard Shortcuts","Minty Spire (QoL Compilation)","Rare Cards Sparkle","StSLib","SuperFastMode","everything is the same but u backflip on backflip"],"gold_per_floor":[15,35,49,49,60,88,106,116,140,140,156,156,156,175,175,272,272,291,291,391,404,404,404,418,432,432,432,432],"floor_reached":27,"language":"KOR","playtime":643,"items_purged":[],"score":343,"play_id":"9c90218a-f0bc-49f4-86db-47571be859c5","local_time":"20210124072421","is_ascension_mode":true,"campfire_choices":[{"data":"Electrodynamics","floor":10.0,"key":"SMITH"},{"floor":13.0,"key":"REST"},{"data":"Capacitor","floor":15.0,"key":"SMITH"},{"floor":23.0,"key":"REST"}],"circlet_count":0,"master_deck":["AscendersBane","Strike_B","Strike_B+1","Strike_B","Defend_B","Defend_B","Defend_B","Zap","Dualcast","Undo","Go for the Eyes","Skim+1","Electrodynamics+1","Capacitor+1","FTL","Storm","Buffer","Conserve Battery","Turbo+1","Leap+1"],"relics":["Cracked Core","Pear","Potion Belt","Inserter","Bottled Lightning"],"acts_visited":["Exordium","TheCity"],"potions_floor_usage":[],"damage_taken":[{"damage":0.0,"enemies":"Small Slimes","floor":1.0,"turns":3.0},{"damage":0.0,"enemies":"2 Louse","floor":2.0,"turns":2.0},{"damage":0.0,"enemies":"Cultist","floor":3.0,"turns":4.0},{"damage":1.0,"enemies":"Blue Slaver","floor":5.0,"turns":4.0},{"damage":33.0,"enemies":"3 Sentries","floor":6.0,"turns":11.0},{"damage":0.0,"enemies":"Looter","floor":7.0,"turns":4.0},{"damage":0.0,"enemies":"3 Louse","floor":8.0,"turns":1.0},{"damage":0.0,"enemies":"Exordium Thugs","floor":11.0,"turns":3.0},{"damage":18.0,"enemies":"Exordium Wildlife","floor":14.0,"turns":4.0},{"damage":13.0,"enemies":"Slime Boss","floor":16.0,"turns":8.0},{"damage":22.0,"enemies":"Shell Parasite","floor":18.0,"turns":8.0},{"damage":22.0,"enemies":"2 Thieves","floor":21.0,"turns":3.0},{"damage":0.0,"enemies":"Centurion and Healer","floor":22.0,"turns":2.0},{"damage":31.0,"enemies":"Snecko","floor":24.0,"turns":7.0},{"damage":17.0,"enemies":"Shelled Parasite and Fungi","floor":25.0,"turns":6.0},{"damage":7,"enemies":"3 Cultists","floor":27,"turns":3}],"seed_played":"-523989593670371379","potions_obtained":[{"floor":2.0,"key":"Block Potion"},{"floor":6.0,"key":"Strength Potion"},{"floor":7.0,"key":"SmokeBomb"},{"floor":14.0,"key":"Block Potion"},{"floor":24.0,"key":"Strength Potion"},{"floor":25.0,"key":"Explosive Potion"}],"is_trial":false,"path_per_floor":["M","M","M","?","M","E","M","M","T","R","M","?","R","M","R","B",null,"M","?","?","M","M","R","M","M","T","M"],"character_chosen":"DEFECT","items_purchased":[],"campfire_rested":2,"item_purchase_floors":[],"current_hp_per_floor":[68,68,68,68,67,44,44,44,44,44,44,27,52,34,34,21,69,47,47,47,25,25,50,19,2,2,0,0],"gold":432,"neow_bonus":"REMOVE_TWO","is_daily":false,"chose_seed":false,"campfire_upgraded":2,"win_rate":0.0,"timestamp":1611440661,"path_taken":["M","M","M","?","M","E","M","M","T","R","M","?","R","M","R","BOSS","M","?","?","M","M","R","M","M","T","M"],"items_purchased_type":[],"build_version":"2020-12-22","purchased_purges":0,"victory":false,"max_hp_per_floor":[75,75,75,75,75,85,85,85,85,85,85,85,85,85,85,85,85,85,85,85,85,85,85,85,85,85,85,85],"card_choices":[{"not_picked":["Hologram","Compile Driver"],"picked":"Undo","floor":1.0},{"not_picked":["Streamline","Rebound"],"picked":"Go for the Eyes","floor":2.0},{"not_picked":["Rebound","Turbo","Stack"],"picked":"SKIP","floor":3.0},{"not_picked":["Storm","Blizzard"],"picked":"Skim","floor":5.0},{"not_picked":["Redo","Coolheaded"],"picked":"Electrodynamics","floor":6.0},{"not_picked":["Tempest","White Noise"],"picked":"Capacitor","floor":7.0},{"not_picked":["Stack","Tempest","Rebound"],"picked":"SKIP","floor":8.0},{"not_picked":["Fusion","Cold Snap"],"picked":"FTL","floor":11.0},{"not_picked":["Sweeping Beam","Leap"],"picked":"Storm","floor":14.0},{"not_picked":["Hyperbeam","All For One"],"picked":"Buffer","floor":16.0},{"not_picked":["Stack","Beam Cell"],"picked":"Conserve Battery","floor":18.0},{"not_picked":["Rebound+1","Sweeping Beam"],"picked":"Turbo+1","floor":21.0},{"not_picked":["Conserve Battery","Reprogram+1"],"picked":"Leap+1","floor":24.0},{"not_picked":["Double Energy","Turbo","Hello World"],"picked":"SKIP","floor":25.0}],"player_experience":195651,"relics_obtained":[{"floor":6.0,"key":"Pear"},{"floor":9.0,"key":"Potion Belt"},{"floor":26.0,"key":"Bottled Lightning"}],"event_choices":[{"damage_healed":0.0,"max_hp_gain":0.0,"max_hp_loss":0.0,"gold_gain":0.0,"event_name":"The Cleric","player_choice":"Leave","floor":4.0,"gold_loss":0.0,"damage_taken":0.0},{"damage_healed":0.0,"max_hp_gain":0.0,"max_hp_loss":0.0,"gold_gain":0.0,"event_name":"Shining Light","player_choice":"Entered Light","floor":12.0,"gold_loss":0.0,"damage_taken":17.0,"cards_upgraded":["Skim","Strike_B"]},{"damage_healed":0.0,"max_hp_gain":0.0,"max_hp_loss":0.0,"gold_gain":0.0,"event_name":"Ghosts","player_choice":"Ignored","floor":19.0,"gold_loss":0.0,"damage_taken":0.0},{"damage_healed":0.0,"max_hp_gain":0.0,"max_hp_loss":0.0,"gold_gain":100.0,"event_name":"Golden Shrine","player_choice":"Pray","floor":20.0,"gold_loss":0.0,"damage_taken":0.0}],"is_beta":false,"boss_relics":[{"not_picked":["Philosopher\u0027s Stone","SlaversCollar"],"picked":"Inserter"}],"items_purged_floors":[],"is_endless":false,"potions_floor_spawned":[2,6,7,14,22,24,25],"killed_by":"3 Cultists","ascension_level":11}}