{"host":"fmb9x04chdot191d","time":1611382159,"event":{"mods":["2.2 Compatiblity","AchievementEnabler","BaseMod","BetterRewards","Colored Map","Downfall","Hermit","Highlight Path","Marisa（霧雨　魔理沙）","Minty Spire (QoL Compilation)","Permanent Neow","Quick Restart","Rare Cards Sparkle","StSLib","The Servant 0.9.4","[IsaacMod]以撒尖塔"],"gold_per_floor":[110,60,108,120,136,163,163,190,190,222,140,153,165,192,192,296,296,296],"floor_reached":17,"language":"ENG","playtime":697,"items_purged":[],"score":210,"play_id":"9640c15a-1031-49a6-9e04-0b54f18ecd91","local_time":"20210123190919","is_ascension_mode":true,"campfire_choices":[{"floor":7,"key":"REST"},{"floor":15,"key":"REST"}],"circlet_count":0,"master_deck":["Strike_R+1","Strike_R+1","Strike_R","Defend_R","Defend_R","Defend_R","Bash","Limit Break","Twin Strike","Perfected Strike","Immolate","Flex","Bloodletting","Heavy Blade","Pommel Strike","Fiend Fire"],"relics":["Burning Blood","HushsDoor","BFFS","BelialBook","Bottled Lightning","Dream Catcher","Lizard Tail","Oddly Smooth Stone","Whetstone","Empty Cage"],"acts_visited":["Exordium","TheCity"],"potions_floor_usage":[6],"damage_taken":[{"damage":1.0,"enemies":"Cultist","floor":1.0,"turns":4.0},{"damage":3,"enemies":"Jaw Worm","floor":4,"turns":3},{"damage":5,"enemies":"2 Louse","floor":5,"turns":3},{"damage":30,"enemies":"3 Sentries","floor":6,"turns":10},{"damage":0,"enemies":"Gremlin Nob","floor":8,"turns":2},{"damage":17,"enemies":"3 Sentries","floor":10,"turns":5},{"damage":4,"enemies":"Blue Slaver","floor":12,"turns":3},{"damage":16,"enemies":"Gremlin Gang","floor":13,"turns":3},{"damage":39,"enemies":"Slime Boss","floor":16,"turns":9}],"seed_played":"5641291614629804680","potions_obtained":[{"floor":4,"key":"Fire Potion"},{"floor":10,"key":"Fire Potion"},{"floor":13,"key":"Dexterity Potion"},{"floor":16,"key":"hexamod:SoulburnPotion"}],"is_trial":false,"path_per_floor":["M","?","?","M","M","E","R","E","T","E","$","M","M","T","R","B",null],"character_chosen":"IRONCLAD","items_purchased":["Bloodletting","Heavy Blade"],"campfire_rested":2,"item_purchase_floors":[11,11],"current_hp_per_floor":[80,80,65,68,69,45,69,75,75,64,64,66,56,56,80,47,80,80],"gold":296,"neow_bonus":"RANDOM_COMMON_RELIC","is_daily":false,"chose_seed":false,"campfire_upgraded":0,"win_rate":0.0,"timestamp":1611382159,"path_taken":["M","?","?","M","M","E","R","E","T","E","$","M","?","?","R","BOSS"],"items_purchased_type":["Card","Card"],"build_version":"2020-12-22","purchased_purges":0,"victory":false,"max_hp_per_floor":[80,80,80,80,80,80,80,80,80,80,80,80,80,80,80,80,80,80],"card_choices":[{"not_picked":["Anger","Infernal Blade"],"picked":"Limit Break","floor":1.0},{"not_picked":["Wild Strike","Clothesline"],"picked":"Twin Strike","floor":4},{"not_picked":["Shockwave","Iron Wave","Armaments"],"picked":"SKIP","floor":5},{"not_picked":["Dropkick","Offering"],"picked":"Perfected Strike","floor":6},{"not_picked":["Searing Blow","Body Slam"],"picked":"Immolate","floor":8},{"not_picked":["Fire Breathing","Dual Wield"],"picked":"Flex","floor":10},{"not_picked":["Searing Blow","Headbutt"],"picked":"Pommel Strike","floor":12},{"not_picked":["Iron Wave","Anger","Shockwave"],"picked":"SKIP","floor":13},{"not_picked":["Corruption","Juggernaut"],"picked":"Fiend Fire","floor":16}],"player_experience":44033,"relics_obtained":[{"floor":6,"key":"Bottled Lightning"},{"floor":8,"key":"Dream Catcher"},{"floor":9,"key":"Lizard Tail"},{"floor":10,"key":"Oddly Smooth Stone"},{"floor":14,"key":"Whetstone"}],"event_choices":[{"cards_removed":["Strike_R"],"damage_healed":0.0,"max_hp_gain":0.0,"max_hp_loss":0.0,"gold_gain":0.0,"event_name":"The Cleric","player_choice":"Card Removal","floor":2.0,"gold_loss":50.0,"damage_taken":0.0}],"is_beta":false,"boss_relics":[{"not_picked":["Fusion Hammer","Sozu"],"picked":"Empty Cage"},{"not_picked":[]}],"items_purged_floors":[],"is_endless":false,"potions_floor_spawned":[4,10,13,16],"ascension_level":1}}