{"host":"h1qktzcccqnez8tx","time":1611445327,"event":{"mods":["BaseMod","Block Reminder","Colored Map","Colored Powertips","Curses Come First","Highlight Path","Infinite Spire","Minty Spire (QoL Compilation)","Permanent Neow","Quick Restart","Replay The Spire","StSLib","The Jungle"],"gold_per_floor":[15,33,33,43,58,90,90,122,122,136,136,15,25,41,41,139,139,154,167,179,179,179,179,189,204,204,217,245,245,260,210,210,312,312,325,325,325,325,325,356,366,366,366,379,53,53,72,98,98,98,98,98,16,47,47,47],"floor_reached":55,"language":"ENG","playtime":2664,"items_purged":["Strike_B","Cold Snap"],"score":921,"play_id":"e9e68781-ffdb-4923-aac3-7ae166fa077b","local_time":"20210124004207","is_ascension_mode":true,"campfire_choices":[{"data":"Static Discharge","floor":7,"key":"SMITH"},{"floor":15,"key":"REST"},{"data":"White Noise","floor":23,"key":"SMITH"},{"floor":29,"key":"REST"},{"data":"Defragment","floor":32,"key":"SMITH"},{"data":"Buffer","floor":42,"key":"SMITH"},{"floor":46,"key":"RECALL"},{"floor":49,"key":"REST"},{"data":"infinitespire:Fortify","floor":52,"key":"SMITH"}],"circlet_count":0,"master_deck":["Defend_B","Zap","Dualcast","Electrodynamics","Genetic Algorithm","Static Discharge+1","Ball Lightning","BootSequence","Ball Lightning","Rebound","Reinforced Body","Steam","Steam","Buffer+1","Skim","White Noise+1","Leap+1","infinitespire:Fortify+1","Steam","Ball Lightning","Hallucinations","Turbo+1","Skim+1","Defragment+1","ReplayRNGCard","Gash+1","Defragment+1","Lockon+1","Steam+1","Hallucinations","Gash+1","Core Surge","Looming Evil","Go for the Eyes+1","ReplayTheSpireMod:Splinters","Pot Of Greed","Pot Of Greed","Pot Of Greed","Auto Shields+1","Pot Of Greed"],"relics":["Cracked Core","ReplayTheSpireMod:Lightbulb","Ginger","Shovel","Cursed Key","theJungle:SpiritDisease","Medical Kit","Inserter","Spirit Poop","Ice Cream","Astrolabe","Chemical X","The Courier","Toy Ornithopter","infinitespire:Broken Mirror","Art of War","Grinning Jar","Iron Hammer"],"acts_visited":["Exordium","theJungle:Jungle","TheBeyond","TheEnding"],"potions_floor_usage":[8,20,24,33,33,50,55,55,55],"damage_taken":[{"damage":1,"enemies":"Cultist","floor":1,"turns":3},{"damage":0,"enemies":"Jaw Worm","floor":2,"turns":3},{"damage":6,"enemies":"Small Slimes","floor":4,"turns":3},{"damage":7,"enemies":"3 Louse","floor":5,"turns":3},{"damage":26,"enemies":"Lagavulin","floor":6,"turns":5},{"damage":22,"enemies":"Gremlin Nob","floor":8,"turns":4},{"damage":0,"enemies":"Exordium Thugs","floor":10,"turns":4},{"damage":0,"enemies":"2 Fungi Beasts","floor":13,"turns":2},{"damage":0,"enemies":"Blue Slaver","floor":14,"turns":3},{"damage":16,"enemies":"The Guardian","floor":16,"turns":11},{"damage":6,"enemies":"theJungle:Flameango_and_Byrd","floor":18,"turns":5},{"damage":1,"enemies":"theJungle:GiantWrat","floor":19,"turns":5},{"damage":9,"enemies":"theJungle:Snecko_Cultist_And_Trap","floor":20,"turns":6},{"damage":1,"enemies":"theJungle:2_Flameangoes","floor":24,"turns":6},{"damage":6,"enemies":"theJungle:SlimyTreeVines","floor":25,"turns":5},{"damage":12,"enemies":"theJungle:2_Snecko_Cultists","floor":27,"turns":5},{"damage":20,"enemies":"theJungle:Cassacara","floor":28,"turns":6},{"damage":0,"enemies":"theJungle:Lyon","floor":30,"turns":4},{"damage":9,"enemies":"theJungle:TotemBoss","floor":33,"turns":7},{"damage":0,"enemies":"3 Shapes","floor":35,"turns":5},{"damage":0,"enemies":"Giant Head","floor":40,"turns":7},{"damage":0,"enemies":"Orb Walker","floor":41,"turns":3},{"damage":9,"enemies":"4 Shapes","floor":44,"turns":5},{"damage":12,"enemies":"Writhing Mass","floor":47,"turns":3},{"damage":35,"enemies":"infinitespire:MassOfShapes","floor":50,"turns":7},{"damage":63,"enemies":"Shield and Spear","floor":54,"turns":6},{"damage":93,"enemies":"The Heart","floor":55,"turns":3}],"seed_played":"-7858271994829888743","potions_obtained":[{"floor":1,"key":"LiquidMemories"},{"floor":6,"key":"Regen Potion"},{"floor":13,"key":"BlessingOfTheForge"},{"floor":20,"key":"BlessingOfTheForge"},{"floor":27,"key":"ColorlessPotion"},{"floor":35,"key":"Milkshake"},{"floor":41,"key":"Doom Potion"},{"floor":54,"key":"Block Potion"}],"is_trial":false,"path_per_floor":["M","M","$","M","M","E","R","E","T","M","?","$","M","M","R","B",null,"M","M","M","?","AVR","R","M","M","T","M","E","R","M","?","R","B",null,"M","AVR","?","T","?","E","M","R","T","M","$","R","M","T","R","B",null,"R","$","E","B"],"character_chosen":"DEFECT","items_purchased":["Reinforced Body","Block Potion","infinitespire:Broken Mirror","Art of War","FocusPotion","FocusPotion"],"campfire_rested":3,"item_purchase_floors":[12,12,45,45,53,53],"current_hp_per_floor":[74,74,74,68,61,35,35,22,22,22,22,22,22,22,44,28,75,69,68,59,59,59,59,58,58,58,46,26,48,48,48,48,39,75,75,75,75,75,75,75,75,75,75,66,66,66,54,54,75,43,75,75,75,12,0,0],"gold":47,"neow_bonus":"THREE_RARE_CARDS","is_daily":false,"chose_seed":false,"campfire_upgraded":5,"win_rate":0.0,"timestamp":1611445327,"path_taken":["M","M","?","M","M","E","R","E","T","M","?","$","M","M","R","BOSS","M","M","M","?","AVR","R","M","M","T","M","E","R","M","?","R","BOSS","M","AVR","?","?","?","E","M","R","T","M","?","R","M","?","R","BOSS","R","$","E","BOSS"],"items_purchased_type":["Card","Potion","Relic","Relic","Potion","Potion"],"build_version":"2020-12-22","purchased_purges":2,"victory":false,"max_hp_per_floor":[75,75,75,75,75,75,75,75,75,75,75,75,75,75,75,75,75,75,75,75,75,75,75,75,75,75,75,75,75,75,75,75,75,75,75,75,75,75,75,75,75,75,75,75,75,75,75,75,75,75,75,75,75,75,75,75],"card_choices":[{"not_picked":["Fission","Multi-Cast"],"picked":"Electrodynamics","floor":0},{"not_picked":["Beam Cell","Barrage"],"picked":"Cold Snap","floor":1},{"not_picked":["Steam","Compile Driver"],"picked":"Genetic Algorithm","floor":2},{"not_picked":["Panic Button","Go for the Eyes"],"picked":"Static Discharge","floor":4},{"not_picked":["Coolheaded","Reprogram"],"picked":"Ball Lightning","floor":5},{"not_picked":["ReplayRNGCard","Sweeping Beam"],"picked":"BootSequence","floor":6},{"not_picked":["Sweeping Beam","Time Bomb"],"picked":"Ball Lightning","floor":8},{"not_picked":["Coolheaded","Cold Snap"],"picked":"Rebound","floor":10},{"not_picked":["Coolheaded","Redo"],"picked":"Steam","floor":13},{"not_picked":["Go for the Eyes","Barrage"],"picked":"Steam","floor":14},{"not_picked":["Electrodynamics","Hyperbeam"],"picked":"Buffer","floor":16},{"not_picked":["Force Field+1","Consume+1"],"picked":"Skim","floor":18},{"not_picked":["BootSequence","Streamline"],"picked":"White Noise","floor":19},{"not_picked":["Coolheaded","Hologram"],"picked":"Leap+1","floor":20},{"not_picked":["Buffer","Stack+1"],"picked":"Steam","floor":24},{"not_picked":["Gash","ReplayTheSpireMod:Repulse"],"picked":"Ball Lightning","floor":25},{"not_picked":["Storm","Coolheaded"],"picked":"Turbo+1","floor":27},{"not_picked":["Gash","All For One"],"picked":"Skim+1","floor":28},{"not_picked":["Panic Button","Rebound"],"picked":"Defragment","floor":30},{"not_picked":["Core Surge","Reboot"],"picked":"ReplayRNGCard","floor":33},{"not_picked":["Panic Button+1","Cold Snap"],"picked":"Steam+1","floor":35},{"not_picked":["Streamline","Chill+1"],"picked":"Gash+1","floor":40},{"not_picked":["Barrage","Rebound+1"],"picked":"Core Surge","floor":41},{"not_picked":["Loop","Ball Lightning+1"],"picked":"Go for the Eyes+1","floor":44},{"not_picked":["Genetic Algorithm+1","Storm","Rebound+1"],"picked":"SKIP","floor":47},{"not_picked":["Redo","Cold Snap"],"picked":"Auto Shields+1","floor":54}],"player_experience":105813,"relics_obtained":[{"floor":6,"key":"ReplayTheSpireMod:Lightbulb"},{"floor":8,"key":"Ginger"},{"floor":9,"key":"Shovel"},{"floor":26,"key":"Spirit Poop"},{"floor":28,"key":"Ice Cream"},{"floor":38,"key":"The Courier"},{"floor":40,"key":"Toy Ornithopter"},{"floor":48,"key":"Grinning Jar"},{"floor":54,"key":"Iron Hammer"}],"event_choices":[{"damage_healed":0,"gold_gain":0,"player_choice":"Memory 1","damage_taken":0,"max_hp_gain":0,"max_hp_loss":0,"event_name":"SensoryStone","floor":39,"gold_loss":0}],"is_beta":false,"boss_relics":[{"not_picked":["SlaversCollar","Replay:Grab Bag"],"picked":"Cursed Key"},{"not_picked":["FrozenCore","Busted Crown"],"picked":"Astrolabe"}],"items_purged_floors":[22,36],"is_endless":false,"potions_floor_spawned":[1,6,13,14,20,27,30,35,41,54],"killed_by":"The Heart","ascension_level":4}}