{"host":"bf9sa99gaumonoeu","time":1611428778,"event":{"mods":["AchievementEnabler","Act Like it!","Aspiration","BaseMod","Bestiary","Block Reminder","Colored Map","Colored Powertips","Friendly Minions","Gensokyo","GifTheSpireLib","Googly Eyes","Hallownest","Hermit","Highlight Path","Jorbs\u0027s Wanderer Trilogy","KinomotoSakuraMod(????)","Koishi","Marisa????????","Minty Spire (QoL Compilation)","Rare Cards Sparkle","Relic Stats","Spire Arcade","StSLib","The Administrix","The Animator","The Bug Knight","The Construct","The Cursed","The Hierophant","The Mystic","The Necromancer","The Poker Player","The Runesmith","The Senshi","The Servant 0.9.4","ojb\u0027s Info Mod"],"gold_per_floor":[219,28,46,56,72,106,128,172,208,60,84,131,3,26,38,124,136,161,190,202,229,121,133,145,145],"floor_reached":24,"language":"ENG","playtime":1736,"items_purged":[],"score":460,"play_id":"000f8bbb-bf53-46c7-a7b7-b4754e1fce13","local_time":"20210123170618","is_ascension_mode":true,"campfire_choices":[{"floor":15,"key":"REST"},{"floor":23,"key":"REST"}],"circlet_count":0,"master_deck":["AscendersBane","Strike_G","Strike_G","Strike_G","Strike_G","Strike_G","Defend_G","Defend_G","Defend_G","Defend_G","Defend_G+1","Survivor","Neutralize","Skewer","Apotheosis+1","Footwork","Terror","Deflect","Catalyst","After Image","Finisher","Necronomicurse","Deadly Poison","Bullet Time","Endless Agony","Venomology","Corpse Explosion","Deflect"],"relics":["Ring of the Serpent","MawBank","War Paint","Juzu Bracelet","Necronomicon","StrikeDummy","Lizard Tail","Gensokyo:DemonMask"],"acts_visited":["Gensokyo:Gensokyo","Gensokyo:Gensokyoer"],"potions_floor_usage":[8,16,19,21,21,21,24,24],"damage_taken":[{"damage":0,"enemies":"Gensokyo:Python","floor":1,"turns":4},{"damage":0,"enemies":"Gensokyo:Gryphon","floor":3,"turns":4},{"damage":7,"enemies":"Gensokyo:2_Kodama","floor":4,"turns":4},{"damage":1,"enemies":"Gensokyo:VengefulSpirit","floor":5,"turns":5},{"damage":0,"enemies":"Gensokyo:Aya","floor":6,"turns":7},{"damage":3,"enemies":"Gensokyo:Kitsune","floor":7,"turns":4},{"damage":15,"enemies":"Gensokyo:Mamizou","floor":8,"turns":7},{"damage":3,"enemies":"Gensokyo:Python_and_Kodama","floor":11,"turns":5},{"damage":6,"enemies":"Gensokyo:Aya","floor":12,"turns":3},{"damage":0,"enemies":"Gensokyo:VengefulSpirit","floor":14,"turns":3},{"damage":14,"enemies":"Gensokyo:Reimu","floor":16,"turns":7},{"damage":1,"enemies":"Gensokyo:Chomper","floor":18,"turns":4},{"damage":0,"enemies":"Gensokyo:CosmicMonolith","floor":19,"turns":3},{"damage":40,"enemies":"Gensokyo:Wraith","floor":21,"turns":5},{"damage":69,"enemies":"Gensokyo:Tenshi","floor":24,"turns":4}],"seed_played":"-6489866917483003876","potions_obtained":[{"floor":3,"key":"SkillPotion"},{"floor":4,"key":"PowerPotion"},{"floor":7,"key":"Poison Potion"},{"floor":8,"key":"Fire Potion"}],"is_trial":false,"path_per_floor":["M","$","M","M","M","E","M","E","T","?","M","E","?","M","R","B",null,"M","M","?","M","?","R","E"],"character_chosen":"THE_SILENT","items_purchased":["Apotheosis"],"campfire_rested":2,"item_purchase_floors":[2],"current_hp_per_floor":[59,59,59,52,51,51,48,33,33,33,30,24,24,24,43,29,57,56,56,56,16,16,35,0,0],"gold":145,"neow_bonus":"HUNDRED_GOLD","is_daily":false,"chose_seed":false,"campfire_upgraded":0,"win_rate":0.0,"timestamp":1611428778,"path_taken":["M","$","M","M","M","E","M","E","T","?","M","E","?","M","R","BOSS","M","M","?","M","?","R","E"],"items_purchased_type":["Card"],"build_version":"2020-12-22","purchased_purges":0,"victory":false,"max_hp_per_floor":[66,66,66,66,66,66,66,66,66,66,66,66,66,66,66,66,66,66,66,66,66,66,66,66,66],"relic_stats":{"Lizard Tail":33,"counters":[15,69],"Juzu Bracelet":1,"Necronomicon":[8],"War Paint":["Defend_G","Apotheosis"],"MawBank":216,"obtain_stats":[{"Gensokyo:DemonMask":22,"Lizard Tail":13,"Juzu Bracelet":9,"Necronomicon":10,"War Paint":8,"MawBank":6,"StrikeDummy":12,"Ring of the Serpent":17,"Ring of the Snake":0},{"Gensokyo:DemonMask":14,"Lizard Tail":9,"Juzu Bracelet":7,"Necronomicon":7,"War Paint":7,"MawBank":5,"StrikeDummy":9,"Ring of the Serpent":11,"Ring of the Snake":0},{"Gensokyo:DemonMask":65,"Lizard Tail":43,"Juzu Bracelet":35,"Necronomicon":35,"War Paint":35,"MawBank":24,"StrikeDummy":43,"Ring of the Serpent":53,"Ring of the Snake":0}]},"card_choices":[{"not_picked":["Flying Knee","Cloak And Dagger"],"picked":"Skewer","floor":1},{"not_picked":["Dodge and Roll","Slice"],"picked":"Footwork","floor":3},{"not_picked":["Sucker Punch","Flying Knee"],"picked":"Terror","floor":4},{"not_picked":["Dodge and Roll","Skewer"],"picked":"Deflect","floor":5},{"not_picked":["Backflip","Dodge and Roll"],"picked":"Catalyst","floor":6},{"not_picked":["Dagger Spray","Quick Slash"],"picked":"After Image","floor":7},{"not_picked":["Slice","Backstab"],"picked":"Finisher","floor":8},{"not_picked":["Prepared","Quick Slash"],"picked":"Deadly Poison","floor":11},{"not_picked":["Blur","Escape Plan"],"picked":"Bullet Time","floor":12},{"not_picked":["Acrobatics","Underhanded Strike"],"picked":"Endless Agony","floor":14},{"not_picked":["Malaise","Burst"],"picked":"Venomology","floor":16},{"not_picked":["Distraction","Dagger Throw+1","Underhanded Strike"],"picked":"SKIP","floor":18},{"not_picked":["Sucker Punch","Terror+1"],"picked":"Prepared","floor":19},{"not_picked":["Quick Slash","Terror"],"picked":"Deflect","floor":21}],"player_experience":1142561,"relics_obtained":[{"floor":6,"key":"MawBank"},{"floor":8,"key":"War Paint"},{"floor":9,"key":"Juzu Bracelet"},{"floor":12,"key":"StrikeDummy"}],"event_choices":[],"is_beta":false,"boss_relics":[{"not_picked":["Sozu","Busted Crown"],"picked":"Ring of the Serpent"}],"items_purged_floors":[],"is_endless":false,"potions_floor_spawned":[3,4,7,8,12,14,19],"killed_by":"Gensokyo:Tenshi","ascension_level":20}}