{"host":"y76clbnovzmw9ubx","time":1611368508,"event":{"mods":["AchievementEnabler","BaseMod","Minty Spire (QoL Compilation)","Permanent Neow","Relic Stats"],"gold_per_floor":[109,121,135,149,167,493,493,493,493],"floor_reached":8,"language":"ENG","playtime":1126,"items_purged":[],"score":170,"play_id":"d943daf3-1bef-4b1c-bbf1-96b739820d64","local_time":"20210122212148","is_ascension_mode":true,"campfire_choices":[{"floor":7,"key":"REST"}],"circlet_count":0,"master_deck":["AscendersBane","Strike_G","Strike_G","Strike_G","Strike_G","Strike_G","Defend_G","Defend_G","Defend_G","Defend_G","Defend_G","Survivor","Neutralize","Impatience","Poisoned Stab","All Out Attack","Dagger Throw","Blade Dance","Finisher"],"relics":["Ring of the Snake","Old Coin"],"acts_visited":["Exordium"],"potions_floor_usage":[4,6,8],"damage_taken":[{"damage":2,"enemies":"2 Louse","floor":1,"turns":3},{"damage":0,"enemies":"Cultist","floor":2,"turns":4},{"damage":5,"enemies":"Small Slimes","floor":3,"turns":3},{"damage":13,"enemies":"3 Louse","floor":4,"turns":4},{"damage":10,"enemies":"Red Slaver","floor":5,"turns":4},{"damage":0,"enemies":"Gremlin Nob","floor":6,"turns":2},{"damage":48,"enemies":"Lagavulin","floor":8,"turns":8}],"seed_played":"-323267176385083712","potions_obtained":[{"floor":1,"key":"SteroidPotion"},{"floor":3,"key":"ColorlessPotion"},{"floor":4,"key":"SpeedPotion"}],"is_trial":false,"path_per_floor":["M","M","M","M","M","E","R","E"],"character_chosen":"THE_SILENT","items_purchased":[],"campfire_rested":1,"item_purchase_floors":[],"current_hp_per_floor":[57,57,52,39,29,29,48,0,0],"gold":493,"neow_bonus":"RANDOM_COLORLESS","is_daily":false,"chose_seed":false,"campfire_upgraded":0,"win_rate":0.0,"timestamp":1611368508,"path_taken":["M","M","M","M","M","E","R","E"],"items_purchased_type":[],"build_version":"2020-12-22","purchased_purges":0,"victory":false,"max_hp_per_floor":[66,66,66,66,66,66,66,66,66],"relic_stats":{"counters":[7,28],"obtain_stats":[{"Ring of the Snake":0,"Old Coin":6},{"Ring of the Snake":0,"Old Coin":6},{"Ring of the Snake":0,"Old Coin":20}],"Ring of the Snake":[14]},"card_choices":[{"not_picked":["Panacea","Dark Shackles"],"picked":"Impatience","floor":0},{"not_picked":["Deflect","PiercingWail"],"picked":"Poisoned Stab","floor":1},{"not_picked":["Bouncing Flask","Acrobatics"],"picked":"All Out Attack","floor":2},{"not_picked":["A Thousand Cuts","Bane"],"picked":"Dagger Throw","floor":3},{"not_picked":["Bane","Expertise"],"picked":"Blade Dance","floor":4},{"not_picked":["Dodge and Roll","Leg Sweep"],"picked":"Finisher","floor":5},{"not_picked":["Dagger Spray","PiercingWail","Riddle With Holes"],"picked":"SKIP","floor":6}],"player_experience":3107978,"relics_obtained":[{"floor":6,"key":"Old Coin"}],"event_choices":[],"is_beta":false,"boss_relics":[],"items_purged_floors":[],"is_endless":false,"potions_floor_spawned":[1,3,4],"killed_by":"Lagavulin","ascension_level":20}}