{"host":"h3bgw7p7cb1roykn","time":1611442328,"event":{"mods":["AchievementEnabler","BaseMod","Colored Map","Minty Spire (QoL Compilation)","StSLib"],"gold_per_floor":[117,133,152,162,87,87,35,65,65,92,92,39,39,52,52,152,152,162,172,172,185,199,530,543,571,597,613,375,400,414,441,441,441,441],"floor_reached":33,"language":"ENG","playtime":1550,"items_purged":["Defend_B"],"score":381,"play_id":"34c9e982-cbba-4c9c-9745-c0a3436f6cbc","local_time":"20210123235208","is_ascension_mode":true,"campfire_choices":[{"floor":6,"key":"RECALL"},{"data":"Genetic Algorithm","floor":11,"key":"SMITH"},{"floor":13,"key":"REST"},{"data":"Cold Snap","floor":15,"key":"SMITH"},{"floor":32,"key":"REST"}],"circlet_count":0,"master_deck":["Defend_B","Defend_B","Defend_B","Zap","Dualcast","Melter","Genetic Algorithm+1","Coolheaded","Conserve Battery","Machine Learning","Sweeping Beam","Cold Snap+1","Echo Form","Glacier","Bite","Bite","Bite","Bite","Bite","Streamline+1","Go for the Eyes+1","Reprogram+1"],"relics":["Cracked Core","Happy Flower","Shuriken","Black Star","Strawberry","Old Coin","Nunchaku","PreservedInsect","Tiny Chest","Ornamental Fan","Eternal Feather","Cables","InkBottle","Blood Vial"],"acts_visited":["Exordium","TheCity"],"potions_floor_usage":[8,10,10,14,21,22,23,29,31,33],"damage_taken":[{"damage":0,"enemies":"Cultist","floor":1,"turns":4},{"damage":6,"enemies":"Jaw Worm","floor":2,"turns":3},{"damage":0,"enemies":"2 Louse","floor":3,"turns":2},{"damage":14,"enemies":"Exordium Wildlife","floor":4,"turns":6},{"damage":21,"enemies":"3 Sentries","floor":8,"turns":11},{"damage":11,"enemies":"Lagavulin","floor":10,"turns":5},{"damage":0,"enemies":"2 Fungi Beasts","floor":14,"turns":2},{"damage":30,"enemies":"Slime Boss","floor":16,"turns":9},{"damage":25,"enemies":"2 Thieves","floor":18,"turns":5},{"damage":0,"enemies":"Spheric Guardian","floor":19,"turns":1},{"damage":7,"enemies":"Centurion and Healer","floor":21,"turns":8},{"damage":17,"enemies":"3 Cultists","floor":22,"turns":6},{"damage":32,"enemies":"Slavers","floor":23,"turns":7},{"damage":15,"enemies":"Snecko","floor":24,"turns":6},{"damage":49,"enemies":"Gremlin Leader","floor":25,"turns":9},{"damage":5,"enemies":"Shelled Parasite and Fungi","floor":27,"turns":6},{"damage":15,"enemies":"Book of Stabbing","floor":29,"turns":5},{"damage":6,"enemies":"3 Cultists","floor":30,"turns":5},{"damage":18,"enemies":"Slavers","floor":31,"turns":5},{"damage":84,"enemies":"Automaton","floor":33,"turns":8}],"seed_played":"-6344406288621094911","potions_obtained":[{"floor":2,"key":"FearPotion"},{"floor":4,"key":"DuplicationPotion"},{"floor":8,"key":"FearPotion"},{"floor":10,"key":"Explosive Potion"},{"floor":16,"key":"PowerPotion"},{"floor":18,"key":"Block Potion"},{"floor":21,"key":"BlessingOfTheForge"},{"floor":27,"key":"EssenceOfDarkness"},{"floor":30,"key":"ColorlessPotion"},{"floor":31,"key":"AttackPotion"}],"is_trial":false,"path_per_floor":["M","M","M","M","$","R","$","E","T","E","R","$","R","M","R","B",null,"M","M","?","M","M","E","M","E","T","M","$","E","M","E","R","B"],"character_chosen":"DEFECT","items_purchased":["Coolheaded","Sweeping Beam","Ornamental Fan"],"campfire_rested":2,"item_purchase_floors":[7,12,28],"current_hp_per_floor":[82,76,76,62,62,62,62,41,41,30,30,30,54,54,54,24,82,57,57,57,57,52,45,48,23,23,32,32,27,37,31,62,0,0],"gold":441,"neow_bonus":"TEN_PERCENT_HP_BONUS","is_daily":false,"chose_seed":false,"campfire_upgraded":2,"win_rate":0.0,"timestamp":1611442328,"path_taken":["M","M","M","M","?","R","$","E","T","E","R","$","R","M","R","BOSS","M","M","?","M","M","E","M","E","T","M","$","E","M","E","R","BOSS"],"items_purchased_type":["Card","Card","Relic"],"build_version":"2020-12-22","purchased_purges":1,"victory":false,"max_hp_per_floor":[82,82,82,82,82,82,82,82,82,82,82,82,82,82,82,82,82,82,82,57,57,57,64,64,64,64,64,64,64,64,64,64,64,64],"card_choices":[{"not_picked":["Beam Cell","Barrage"],"picked":"Melter","floor":1},{"not_picked":["Hello World","Redo","Stack"],"picked":"SKIP","floor":2},{"not_picked":["Barrage","Capacitor","Recycle"],"picked":"SKIP","floor":3},{"not_picked":["Beam Cell","Scrape"],"picked":"Genetic Algorithm","floor":4},{"not_picked":["Scrape","Chill"],"picked":"Conserve Battery","floor":8},{"not_picked":["Skim","Ball Lightning"],"picked":"Machine Learning","floor":10},{"not_picked":["Capacitor","Conserve Battery"],"picked":"Cold Snap","floor":14},{"not_picked":["Rainbow","Hyperbeam"],"picked":"Echo Form","floor":16},{"not_picked":["Cold Snap","Go for the Eyes+1"],"picked":"Glacier","floor":18},{"not_picked":["Darkness","Blizzard+1","Cold Snap"],"picked":"SKIP","floor":19},{"not_picked":["Fusion+1","Aggregate","Coolheaded"],"picked":"SKIP","floor":21},{"not_picked":["Cold Snap","Lockon+1","Gash"],"picked":"SKIP","floor":22},{"not_picked":["Stack","Multi-Cast","Static Discharge"],"picked":"SKIP","floor":23},{"not_picked":["Redo+1","Coolheaded","Reinforced Body"],"picked":"SKIP","floor":24},{"not_picked":["Coolheaded","Beam Cell"],"picked":"Streamline+1","floor":25},{"not_picked":["Biased Cognition","Barrage+1"],"picked":"Go for the Eyes+1","floor":27},{"not_picked":["Redo+1","Conserve Battery+1","Recycle"],"picked":"SKIP","floor":29},{"not_picked":["Glacier","Streamline+1","Blizzard"],"picked":"SKIP","floor":30},{"not_picked":["Steam+1","Rebound+1"],"picked":"Reprogram+1","floor":31}],"player_experience":223323,"relics_obtained":[{"floor":8,"key":"Happy Flower"},{"floor":10,"key":"Shuriken"},{"floor":23,"key":"Strawberry"},{"floor":23,"key":"Old Coin"},{"floor":25,"key":"Nunchaku"},{"floor":25,"key":"PreservedInsect"},{"floor":26,"key":"Tiny Chest"},{"floor":29,"key":"Eternal Feather"},{"floor":29,"key":"Cables"},{"floor":31,"key":"InkBottle"},{"floor":31,"key":"Blood Vial"}],"event_choices":[{"damage_healed":0,"gold_gain":0,"player_choice":"Became a vampire","damage_taken":0,"max_hp_gain":0,"max_hp_loss":25,"event_name":"Vampires","floor":20,"gold_loss":0,"cards_obtained":["Bite","Bite","Bite","Bite","Bite"]}],"is_beta":false,"boss_relics":[{"not_picked":["Fusion Hammer","Runic Dome"],"picked":"Black Star"}],"items_purged_floors":[5],"is_endless":false,"potions_floor_spawned":[2,4,8,10,16,18,21,27,30,31],"killed_by":"Automaton","ascension_level":1}}