{"host":"ypphcgdomtfqpc2w","time":1611383223,"event":{"mods":["BaseMod","Minty Spire (QoL Compilation)","StSLib"],"gold_per_floor":[110,122,137,153,153,153,181,200,224,224,224],"floor_reached":10,"language":"ENG","playtime":558,"items_purged":[],"score":140,"play_id":"4800c8be-a577-458b-a101-a420fec917d3","local_time":"20210123152703","is_ascension_mode":true,"campfire_choices":[{"floor":6,"key":"REST"}],"circlet_count":0,"master_deck":["AscendersBane","Strike_R","Strike_R","Strike_R","Strike_R","Strike_R","Defend_R","Defend_R","Defend_R","Defend_R","Bash","Shrug It Off","Brutality","Headbutt","Thunderclap","Immolate","True Grit"],"relics":["Burning Blood","Strawberry","Omamori","Bronze Scales"],"acts_visited":["Exordium"],"potions_floor_usage":[7,7,10],"damage_taken":[{"damage":9,"enemies":"Jaw Worm","floor":1,"turns":6},{"damage":12,"enemies":"Small Slimes","floor":2,"turns":4},{"damage":6,"enemies":"Cultist","floor":3,"turns":3},{"damage":39,"enemies":"Large Slime","floor":4,"turns":11},{"damage":34,"enemies":"Gremlin Nob","floor":7,"turns":4},{"damage":6,"enemies":"Looter","floor":8,"turns":3},{"damage":24,"enemies":"Lagavulin","floor":10,"turns":4}],"seed_played":"-7364392006102538842","potions_obtained":[{"floor":2,"key":"PowerPotion"},{"floor":3,"key":"ColorlessPotion"},{"floor":8,"key":"Explosive Potion"}],"is_trial":false,"path_per_floor":["M","M","M","M","?","R","E","M","T","E"],"character_chosen":"IRONCLAD","items_purchased":[],"campfire_rested":1,"item_purchase_floors":[],"current_hp_per_floor":[65,59,59,26,28,52,24,24,24,0,0],"gold":224,"neow_bonus":"THREE_CARDS","is_daily":false,"chose_seed":false,"campfire_upgraded":0,"win_rate":0.0,"timestamp":1611383223,"path_taken":["M","M","M","M","?","R","E","M","T","E"],"items_purchased_type":[],"build_version":"2020-12-22","purchased_purges":0,"victory":false,"max_hp_per_floor":[75,75,75,75,82,82,82,82,82,82,82],"card_choices":[{"not_picked":["Cleave","Iron Wave"],"picked":"Thunderclap","floor":0.0},{"not_picked":["Thunderclap","Heavy Blade"],"picked":"Shrug It Off","floor":1},{"not_picked":["Iron Wave","Cleave"],"picked":"Brutality","floor":2},{"not_picked":["Clothesline","Heavy Blade"],"picked":"Headbutt","floor":3},{"not_picked":["Dual Wield","Disarm"],"picked":"Thunderclap","floor":4},{"not_picked":["Power Through","Shrug It Off"],"picked":"Immolate","floor":7},{"not_picked":["Flex","Entrench"],"picked":"True Grit","floor":8}],"player_experience":2093526,"relics_obtained":[{"floor":7,"key":"Omamori"},{"floor":9,"key":"Bronze Scales"}],"event_choices":[{"damage_healed":0,"gold_gain":0,"player_choice":"Success","damage_taken":5,"relics_obtained":["Strawberry"],"max_hp_gain":0,"max_hp_loss":0,"event_name":"Scrap Ooze","floor":5,"gold_loss":0}],"is_beta":false,"boss_relics":[],"items_purged_floors":[],"is_endless":false,"potions_floor_spawned":[2,3,8],"killed_by":"Lagavulin","ascension_level":20}}