{"host":"s125e4bodcwm0i3t","time":1611377594,"event":{"mods":["BaseMod","Hermit","Infinite Spire","Minty Spire (QoL Compilation)","Quick Restart","Replay The Spire","StSLib","The Cursed"],"gold_per_floor":[109,123,123,138,157,157,105,117,117,21,21,21,50,69,69,166,166,186,186],"floor_reached":18,"language":"ENG","playtime":1282,"items_purged":[],"score":164,"play_id":"a487af40-1672-47e0-8247-a9473ccc4c41","local_time":"20210122235314","is_ascension_mode":false,"campfire_choices":[{"data":"hermit:Cheat","floor":6,"key":"SMITH"},{"data":"hermit:Misfire","floor":12,"key":"SMITH"},{"floor":15,"key":"REST"}],"circlet_count":0,"master_deck":["hermit:Strike_Hermit","hermit:Strike_Hermit","hermit:Strike_Hermit","hermit:Strike_Hermit","hermit:Defend_Hermit","hermit:Defend_Hermit","hermit:Defend_Hermit","hermit:Defend_Hermit","hermit:Snapshot","hermit:Covet+1","hermit:Misfire","hermit:Cheat+1","hermit:Misfire+1","hermit:Feint","hermit:BigShot","hermit:BigShot","hermit:Snipe","hermit:Grudge+1","hermit:Feint","Languid","ReplayTheSpireMod:Doomed","hermit:FlashPowder","hermit:Coalescence","hermit:RoundhouseKick","hermit:SprayPray+1"],"relics":["hermit:Momento","NeowsBlessing","Orichalcum","Pet Ghost","Philosopher\u0027s Stone"],"acts_visited":["TheCity"],"potions_floor_usage":[8,8,13,16,16],"damage_taken":[{"damage":0,"enemies":"Cultist","floor":1,"turns":1},{"damage":0,"enemies":"Small Slimes","floor":2,"turns":1},{"damage":0,"enemies":"2 Louse","floor":4,"turns":1},{"damage":4,"enemies":"Blue Slaver","floor":5,"turns":4},{"damage":18,"enemies":"Gremlin Gang","floor":8,"turns":4},{"damage":27,"enemies":"3 Sentries","floor":13,"turns":7},{"damage":0,"enemies":"3 Louse","floor":14,"turns":1},{"damage":54,"enemies":"Hexaghost","floor":16,"turns":15},{"damage":32,"enemies":"Spheric Guardian","floor":18,"turns":6}],"seed_played":"-6820021146626973654","potions_obtained":[{"floor":2,"key":"Regen Potion"},{"floor":4,"key":"Elixir"},{"floor":5,"key":"AttackPotion"},{"floor":8,"key":"Strength Potion"},{"floor":13,"key":"Weak Potion"}],"is_trial":false,"path_per_floor":["M","M","?","M","M","R","$","M","T","$","?","R","E","M","R","B",null,"M"],"character_chosen":"HERMIT","items_purchased":["hermit:BigShot","hermit:Grudge+1","hermit:Feint"],"campfire_rested":1,"item_purchase_floors":[7,10,10],"current_hp_per_floor":[75,75,75,75,71,71,71,64,64,64,64,64,37,37,59,5,75,43,43],"gold":186,"neow_bonus":"THREE_ENEMY_KILL","is_daily":false,"chose_seed":false,"campfire_upgraded":2,"win_rate":0.0,"timestamp":1611377594,"path_taken":["M","?","?","M","M","R","$","?","T","$","?","R","E","M","R","BOSS","M"],"items_purchased_type":["Card","Card","Card"],"build_version":"2020-12-22","purchased_purges":0,"victory":false,"max_hp_per_floor":[75,75,75,75,75,75,75,75,75,75,75,75,75,75,75,75,75,75,75],"card_choices":[{"not_picked":["hermit:TakeCover","hermit:GoldenBullet"],"picked":"hermit:Misfire","floor":1},{"not_picked":["hermit:SprayPray","hermit:Glare"],"picked":"hermit:Cheat","floor":2},{"not_picked":["hermit:Dive","hermit:Combo"],"picked":"hermit:Misfire","floor":4},{"not_picked":["hermit:ItchyTrigger","hermit:FlashPowder"],"picked":"hermit:Feint","floor":5},{"not_picked":["hermit:Desperado","hermit:FullyLoaded"],"picked":"hermit:Snipe","floor":8},{"not_picked":["hermit:Maintenance","hermit:Cheat"],"picked":"hermit:FlashPowder","floor":13},{"not_picked":["hermit:FinalCanter","hermit:Vantage"],"picked":"hermit:Coalescence","floor":14},{"not_picked":["hermit:OverwhelmingPower","hermit:Gambit"],"picked":"hermit:RoundhouseKick","floor":16},{"not_picked":["hermit:Cheat","hermit:Snipe"],"picked":"hermit:SprayPray+1","floor":18}],"player_experience":272682,"relics_obtained":[{"floor":9,"key":"Orichalcum"},{"floor":13,"key":"Pet Ghost"}],"event_choices":[{"damage_healed":0,"gold_gain":0,"player_choice":"Upgraded","damage_taken":0,"max_hp_gain":0,"max_hp_loss":0,"event_name":"Upgrade Shrine","floor":3,"gold_loss":0,"cards_upgraded":["hermit:Covet"]}],"is_beta":false,"boss_relics":[{"not_picked":["Astrolabe","Fusion Hammer"],"picked":"Philosopher\u0027s Stone"}],"items_purged_floors":[],"is_endless":false,"potions_floor_spawned":[2,4,5,8,13],"killed_by":"Spheric Guardian","ascension_level":0}}