{"host":"0h93apt32h0syxi3","time":1611368561,"event":{"mods":["Act Like it!","BaseMod","Downfall","Gensokyo","Minty Spire (QoL Compilation)","Pale of the Ancients","StSLib","Td1madao Mod","The Administrix","The Gatherer","The Hierophant"],"gold_per_floor":[99,110,121,113,135,170,193,219,240,240,240,240],"floor_reached":10,"language":"ZHS","playtime":931,"items_purged":[],"score":78,"play_id":"bfa12996-c6fe-47d1-9bd8-c944f405b787","local_time":"20210123102241","is_ascension_mode":false,"campfire_choices":[{"data":"hexamod:Sear","floor":1,"key":"SMITH"}],"circlet_count":0,"master_deck":["hexamod:Strike","hexamod:Strike","hexamod:Strike","hexamod:Strike","hexamod:Defend","hexamod:Defend","hexamod:Defend","hexamod:Defend","hexamod:Sear+1","hexamod:Float","hexamod:SecondSeal","hexamod:SkipABeat","hexamod:Hexaguard","hexamod:RadiantFlame"],"relics":["hexamod:SpiritBrand","Blood Vial","Anchor"],"acts_visited":["Exordium"],"potions_floor_usage":[6,8],"damage_taken":[{"damage":0,"enemies":"2 Louse","floor":2,"turns":3},{"damage":6,"enemies":"Jaw Worm","floor":3,"turns":4},{"damage":1,"enemies":"Cultist","floor":5,"turns":4},{"damage":25,"enemies":"Gremlin Nob","floor":6,"turns":5},{"damage":32,"enemies":"3 Sentries","floor":8,"turns":13},{"damage":1,"enemies":"3 Louse","floor":9,"turns":4},{"damage":28,"enemies":"Gremlin Nob","floor":10,"turns":3}],"seed_played":"-6132630868142718876","potions_obtained":[{"floor":3,"key":"PowerPotion"},{"floor":5,"key":"Fire Potion"},{"floor":9,"key":"Fire Potion"}],"is_trial":false,"path_per_floor":["R","M","M","?","M","E","T","E","M","E"],"character_chosen":"THE_SPIRIT","items_purchased":[],"campfire_rested":0,"item_purchase_floors":[],"current_hp_per_floor":[77,77,71,71,70,45,45,15,16,0,0,0],"gold":240,"neow_bonus":"TEN_PERCENT_HP_BONUS","is_daily":false,"chose_seed":false,"campfire_upgraded":1,"win_rate":0.0,"timestamp":1611368561,"path_taken":["R","M","M","?","M","E","T","E","M","E"],"items_purchased_type":[],"build_version":"2020-12-22","purchased_purges":0,"victory":false,"max_hp_per_floor":[77,77,77,77,77,77,77,77,77,77,77,77],"card_choices":[{"not_picked":["hexamod:BacktrackSmack","hexamod:ExtraCrispy","hexamod:StepThrough"],"picked":"SKIP","floor":2},{"not_picked":["hexamod:SwordOfDarkness","hexamod:ShieldOfDarkness","hexamod:GhostShield"],"picked":"SKIP","floor":3},{"not_picked":["hexamod:GhostLash","hexamod:AdvancingGuard","hexamod:FastForward"],"picked":"SKIP","floor":5},{"not_picked":["hexamod:InspiringFlames","hexamod:ShieldOfDarkness"],"picked":"hexamod:SkipABeat","floor":6},{"not_picked":["hexamod:Firestarter","hexamod:ShieldOfDarkness"],"picked":"hexamod:Hexaguard","floor":8},{"not_picked":["hexamod:FastForward","hexamod:Firestarter"],"picked":"hexamod:RadiantFlame","floor":9}],"player_experience":18156,"relics_obtained":[{"floor":6,"key":"Blood Vial"},{"floor":8,"key":"Anchor"}],"event_choices":[],"is_beta":false,"boss_relics":[],"items_purged_floors":[],"is_endless":false,"potions_floor_spawned":[3,5,9],"killed_by":"Gremlin Nob","ascension_level":0}}