{"host":"sian7qp8a9pc9xwd","time":1611419344,"event":{"mods":["BaseMod","Minty Spire (QoL Compilation)","StSLib","SuperFastMode"],"gold_per_floor":[116,131,206,219,57,57,70,70,70,70,70],"floor_reached":10,"language":"ENG","playtime":463,"items_purged":["Defend_G"],"score":96,"play_id":"0d855531-26e5-4b16-97ad-80b92629aefd","local_time":"20210123112904","is_ascension_mode":true,"campfire_choices":[{"data":"Footwork","floor":6,"key":"SMITH"},{"data":"Neutralize","floor":8,"key":"SMITH"}],"circlet_count":0,"master_deck":["AscendersBane","Strike_G","Strike_G","Strike_G","Strike_G","Strike_G","Defend_G","Defend_G","Defend_G","Defend_G","Survivor","Neutralize+1","Backflip","Footwork+1","Blur","Backflip","PiercingWail"],"relics":["Ring of the Snake","NeowsBlessing","Tiny Chest"],"acts_visited":["Exordium"],"potions_floor_usage":[],"damage_taken":[{"damage":0,"enemies":"Cultist","floor":1,"turns":1},{"damage":0,"enemies":"Small Slimes","floor":2,"turns":1},{"damage":0,"enemies":"2 Louse","floor":4,"turns":1},{"damage":1,"enemies":"Exordium Wildlife","floor":7,"turns":4},{"damage":29,"enemies":"Lagavulin","floor":10,"turns":16}],"seed_played":"6351086472768654113","potions_obtained":[{"floor":2,"key":"Block Potion"}],"is_trial":false,"path_per_floor":["M","M","?","M","$","R","M","R","T","E"],"character_chosen":"THE_SILENT","items_purchased":["Blur","Backflip"],"campfire_rested":0,"item_purchase_floors":[5,5],"current_hp_per_floor":[63,63,52,52,52,52,51,51,51,22,22],"gold":70,"neow_bonus":"THREE_ENEMY_KILL","is_daily":false,"chose_seed":false,"campfire_upgraded":2,"win_rate":0.0,"timestamp":1611419344,"path_taken":["M","?","?","M","$","R","M","R","T","E"],"items_purchased_type":["Card","Card"],"build_version":"2020-12-22","purchased_purges":1,"victory":false,"max_hp_per_floor":[70,70,70,70,70,70,70,70,70,70,70],"card_choices":[{"not_picked":["Prepared","Outmaneuver","Eviscerate"],"picked":"SKIP","floor":1},{"not_picked":["PiercingWail","Bouncing Flask"],"picked":"Backflip","floor":2},{"not_picked":["Deflect","Sucker Punch"],"picked":"Footwork","floor":4},{"not_picked":["Deflect","Poisoned Stab"],"picked":"PiercingWail","floor":7}],"player_experience":769965,"relics_obtained":[{"floor":9,"key":"Tiny Chest"}],"event_choices":[{"damage_healed":0,"gold_gain":75,"player_choice":"Gather Gold","damage_taken":11,"max_hp_gain":0,"max_hp_loss":0,"event_name":"World of Goop","floor":3,"gold_loss":0}],"is_beta":false,"boss_relics":[],"items_purged_floors":[5],"is_endless":false,"potions_floor_spawned":[2],"killed_by":"Lagavulin","ascension_level":13}}