{"host":"jd8ca16pxkooz5tw","time":1611397328,"event":{"mods":["AchievementEnabler","BaseMod","Colored Map","Defuse TimeMaze Blight","Downfall","GifTheSpireLib","Highlight Path","Minty Spire (QoL Compilation)","StSLib"],"gold_per_floor":[99,115,128,138,156,56,79,179,212,212,227,242,47,47,64,161,161,161,174,193,293,84,84,111,151,151,151],"floor_reached":25,"language":"ENG","playtime":1687,"items_purged":["bronze:Strike","bronze:Strike"],"score":203,"play_id":"494f9830-7327-4fc1-8867-fa21d75d667b","local_time":"20210123112208","is_ascension_mode":false,"campfire_choices":[{"floor":1,"key":"RECALL"},{"data":"bronze:Goto","floor":6,"key":"SMITH"},{"data":"bronze:Verify","floor":18,"key":"SMITH"}],"circlet_count":0,"master_deck":["bronze:Strike","bronze:Strike","bronze:Defend","bronze:Defend","bronze:Defend","bronze:Defend","bronze:Replicate","bronze:Goto+1","bronze:CutThrough","bronze:CloningBeam","bronze:Repair","bronze:DelayedGuard","bronze:Flail","bronze:DigitalCarnage","bronze:Optimize","bronze:ThunderWave","bronze:ChosenStrike","bronze:Verify+1","bronze:Backtrace+1","bronze:Invalidate","bronze:MaxOutput","bronze:Break"],"relics":["bronze:BronzeCore","downfall:HeartBlessingRed","Anchor","Smiling Mask","Philosopher\u0027s Stone","WingedGreaves","Mummified Hand","Lantern","downfall:KnowingSkull"],"acts_visited":["Exordium","TheCity"],"potions_floor_usage":[13,16,16],"damage_taken":[{"damage":5,"enemies":"Jaw Worm","floor":2,"turns":4},{"damage":0,"enemies":"Small Slimes","floor":3,"turns":2},{"damage":6,"enemies":"Cultist","floor":4,"turns":3},{"damage":11,"enemies":"Exordium Wildlife","floor":5,"turns":4},{"damage":18,"enemies":"Lagavulin","floor":9,"turns":6},{"damage":8,"enemies":"Blue Slaver","floor":11,"turns":4},{"damage":0,"enemies":"Gremlin Gang","floor":12,"turns":2},{"damage":5,"enemies":"downfall:FleeingMerchant","floor":13,"turns":4},{"damage":6,"enemies":"Exordium Thugs","floor":15,"turns":2},{"damage":38,"enemies":"DF_ARCHETYPE_STREAMLINE","floor":16,"turns":12},{"damage":3,"enemies":"Spheric Guardian","floor":19,"turns":3},{"damage":2,"enemies":"Chosen","floor":20,"turns":2},{"damage":32,"enemies":"IC_STATUS_ARCHETYPE","floor":21,"turns":5},{"damage":20,"enemies":"downfall:FleeingMerchant","floor":22,"turns":4},{"damage":46,"enemies":"Gremlin Leader","floor":25,"turns":4}],"seed_played":"8901320533467076361","potions_obtained":[{"floor":4,"key":"BlessingOfTheForge"},{"floor":11,"key":"FearPotion"},{"floor":12,"key":"BlessingOfTheForge"},{"floor":20,"key":"bronze:FreeFunctionsPotion"}],"is_trial":false,"path_per_floor":["R","M","M","M","M","R","T","?","E","?","M","M","$","?","M","B",null,"R","M","M","?","$","?","T","E"],"character_chosen":"THE_AUTOMATON","items_purchased":["bronze:ChosenStrike","Fruit Juice","Lantern"],"campfire_rested":0,"item_purchase_floors":[13,13,22],"current_hp_per_floor":[77,72,72,66,62,62,62,62,51,51,50,57,77,77,81,44,82,82,79,82,50,44,37,37,0,0,0],"gold":151,"neow_bonus":"TEN_PERCENT_HP_BONUS","is_daily":false,"chose_seed":false,"campfire_upgraded":2,"win_rate":0.0,"timestamp":1611397328,"path_taken":["R","M","M","M","M","R","T","?","E","?","?","M","$","?","M","BOSS","R","M","M","?","$","?","T","E"],"items_purchased_type":["Card","Potion","Relic"],"build_version":"2020-12-22","purchased_purges":2,"victory":false,"max_hp_per_floor":[77,77,77,77,77,77,77,77,77,77,77,77,82,82,82,82,82,82,82,82,82,82,82,82,82,82,82],"card_choices":[{"not_picked":["bronze:FollowUp","bronze:Backtrace"],"picked":"bronze:CutThrough","floor":2},{"not_picked":["bronze:FineTuning","bronze:Philosophize"],"picked":"bronze:CloningBeam","floor":3},{"not_picked":["bronze:WildBeam","bronze:CutThrough"],"picked":"bronze:Repair","floor":4},{"not_picked":["bronze:FineTuning","bronze:DelayedSlice"],"picked":"bronze:DelayedGuard","floor":5},{"not_picked":["bronze:WildBeam","bronze:Overload"],"picked":"bronze:Flail","floor":9},{"not_picked":["bronze:DelayedGuard","bronze:Shield"],"picked":"bronze:DigitalCarnage","floor":11},{"not_picked":["bronze:Deprecate","bronze:DarkDash"],"picked":"bronze:Optimize","floor":12},{"not_picked":["bronze:DelayedSlice","bronze:Deprecate"],"picked":"bronze:ThunderWave","floor":13},{"not_picked":["bronze:DelayedGuard","bronze:BitShift","bronze:Repulsor"],"picked":"SKIP","floor":15},{"not_picked":["bronze:Format","bronze:CleanCode"],"picked":"bronze:Verify","floor":16},{"not_picked":["bronze:Deprecate+1","bronze:WhirlingStrike"],"picked":"bronze:Backtrace+1","floor":19},{"not_picked":["bronze:ItsAFeature","bronze:WhirlingStrike+1"],"picked":"bronze:Invalidate","floor":20},{"not_picked":["bronze:Overheat+1","bronze:Deprecate"],"picked":"bronze:MaxOutput","floor":21},{"not_picked":["bronze:DelayedGuard","bronze:BronzeArmor+1"],"picked":"bronze:Break","floor":22}],"player_experience":312708,"relics_obtained":[{"floor":7,"key":"Anchor"},{"floor":9,"key":"Smiling Mask"},{"floor":21,"key":"WingedGreaves"},{"floor":21,"key":"Mummified Hand"}],"event_choices":[],"is_beta":false,"boss_relics":[{"not_picked":["Busted Crown","Empty Cage"],"picked":"Philosopher\u0027s Stone"}],"items_purged_floors":[13,22],"is_endless":false,"potions_floor_spawned":[4,11,12,20],"killed_by":"Gremlin Leader","ascension_level":0}}