{"host":"kwv3wnqdhb5t0yxl","time":1611408828,"event":{"mods":["BaseMod","Minty Spire (QoL Compilation)","Quick Restart"],"gold_per_floor":[110,110,130,130,140,165,182,216,263,290,316,333,333,131,131,235,235,246,261,276,276,276,308,308,343,343,343,356,387,387,399,399,399,399],"floor_reached":33,"language":"ENG","playtime":1506,"items_purged":[],"score":461,"play_id":"44323757-0fac-4c19-b374-9793028620d1","local_time":"20210123143348","is_ascension_mode":true,"campfire_choices":[{"floor":15,"key":"REST"},{"data":"Juggernaut","floor":24,"key":"SMITH"},{"data":"Feed","floor":27,"key":"SMITH"},{"floor":30,"key":"RECALL"},{"data":"Limit Break","floor":32,"key":"SMITH"}],"circlet_count":0,"master_deck":["Strike_R","Strike_R","Strike_R","Strike_R","Defend_R","Defend_R","Defend_R","Defend_R","Bash","Anger","Clash","Cleave","Iron Wave","Body Slam","Feed+1","Armaments+1","Juggernaut+1","Inflame+1","Uppercut","Battle Trance","Thunderclap","Disarm","Metallicize+1","Limit Break+1","Shrug It Off+1"],"relics":["Burning Blood","NeowsBlessing","WingedGreaves","Paper Frog","Pen Nib","Tiny Chest","Art of War","Gremlin Horn","ClockworkSouvenir","Coffee Dripper","Boot","Frozen Egg 2","Letter Opener","Strawberry","Regal Pillow"],"acts_visited":["Exordium","TheCity"],"potions_floor_usage":[6,8,10,11,16,23,29,31,33],"damage_taken":[{"damage":0,"enemies":"Cultist","floor":1,"turns":1},{"damage":0,"enemies":"Jaw Worm","floor":3,"turns":1},{"damage":0,"enemies":"Small Slimes","floor":5,"turns":1},{"damage":35,"enemies":"3 Sentries","floor":6,"turns":11},{"damage":1,"enemies":"Gremlin Gang","floor":7,"turns":3},{"damage":13,"enemies":"Gremlin Nob","floor":8,"turns":3},{"damage":15,"enemies":"Lagavulin","floor":10,"turns":5},{"damage":18,"enemies":"Gremlin Nob","floor":11,"turns":4},{"damage":9,"enemies":"Red Slaver","floor":12,"turns":2},{"damage":38,"enemies":"The Guardian","floor":16,"turns":10},{"damage":7,"enemies":"Chosen","floor":18,"turns":4},{"damage":23,"enemies":"Shell Parasite","floor":19,"turns":4},{"damage":8,"enemies":"Chosen and Byrds","floor":20,"turns":4},{"damage":30,"enemies":"Book of Stabbing","floor":23,"turns":4},{"damage":14,"enemies":"Gremlin Leader","floor":25,"turns":5},{"damage":5,"enemies":"Snake Plant","floor":28,"turns":4},{"damage":27,"enemies":"Book of Stabbing","floor":29,"turns":4},{"damage":0,"enemies":"Cultist and Chosen","floor":31,"turns":4},{"damage":9,"enemies":"Automaton","floor":33,"turns":4}],"seed_played":"40973849139515964","potions_obtained":[{"floor":3,"key":"Fire Potion"},{"floor":7,"key":"AttackPotion"},{"floor":8,"key":"AttackPotion"},{"floor":10,"key":"BlessingOfTheForge"},{"floor":12,"key":"Block Potion"},{"floor":19,"key":"Energy Potion"},{"floor":25,"key":"Swift Potion"},{"floor":29,"key":"SneckoOil"},{"floor":31,"key":"PowerPotion"}],"is_trial":false,"path_per_floor":["M","?","M","?","M","E","M","E","T","E","E","M","T","$","R","B",null,"M","M","M","?","T","E","R","E","T","R","M","E","R","M","R","B"],"character_chosen":"IRONCLAD","items_purchased":["Armaments","ClockworkSouvenir"],"campfire_rested":1,"item_purchase_floors":[14,14],"current_hp_per_floor":[78,78,80,80,80,51,56,49,49,40,28,28,28,28,52,20,67,66,49,50,50,50,26,26,18,25,25,30,9,9,19,19,10,10],"gold":399,"neow_bonus":"THREE_ENEMY_KILL","is_daily":false,"chose_seed":false,"campfire_upgraded":3,"win_rate":0.0,"timestamp":1611408828,"path_taken":["M","?","M","?","M","E","?","E","T","E","E","?","?","$","R","BOSS","M","M","M","?","?","E","R","E","T","R","M","E","R","?","R","BOSS"],"items_purchased_type":["Card","Relic"],"build_version":"2020-12-22","purchased_purges":0,"victory":false,"max_hp_per_floor":[80,80,80,80,80,80,80,80,80,80,80,83,83,83,83,83,83,83,83,86,86,86,86,86,86,93,93,97,97,97,101,101,101,101],"card_choices":[{"not_picked":["Headbutt","Spot Weakness"],"picked":"Anger","floor":1},{"not_picked":["Sword Boomerang","Dropkick"],"picked":"Clash","floor":3},{"not_picked":["Perfected Strike","True Grit","Wild Strike"],"picked":"SKIP","floor":5},{"not_picked":["Wild Strike","Brutality"],"picked":"Cleave","floor":6},{"not_picked":["True Grit","Havoc","Wild Strike"],"picked":"SKIP","floor":7},{"not_picked":["Spot Weakness","Sword Boomerang"],"picked":"Iron Wave","floor":8},{"not_picked":["Disarm","Searing Blow"],"picked":"Body Slam","floor":10},{"not_picked":["Headbutt","Evolve"],"picked":"Feed","floor":11},{"not_picked":["Warcry","Iron Wave","Heavy Blade"],"picked":"SKIP","floor":12},{"not_picked":["Feed","Berserk"],"picked":"Juggernaut","floor":16},{"not_picked":["Seeing Red","Battle Trance"],"picked":"Inflame+1","floor":18},{"not_picked":["Headbutt","Sentinel"],"picked":"Uppercut","floor":19},{"not_picked":["Burning Pact","Perfected Strike+1"],"picked":"Battle Trance","floor":20},{"not_picked":["Body Slam","Dual Wield+1"],"picked":"Thunderclap","floor":23},{"not_picked":["Sever Soul","Second Wind"],"picked":"Disarm","floor":25},{"not_picked":["Heavy Blade","Sentinel"],"picked":"Metallicize+1","floor":28},{"not_picked":["Seeing Red+1","Evolve+1"],"picked":"Limit Break","floor":29},{"not_picked":["Havoc","Heavy Blade"],"picked":"Shrug It Off+1","floor":31}],"player_experience":274578,"relics_obtained":[{"floor":6,"key":"WingedGreaves"},{"floor":8,"key":"Paper Frog"},{"floor":9,"key":"Pen Nib"},{"floor":10,"key":"Tiny Chest"},{"floor":11,"key":"Art of War"},{"floor":13,"key":"Gremlin Horn"},{"floor":22,"key":"Boot"},{"floor":23,"key":"Frozen Egg 2"},{"floor":25,"key":"Letter Opener"},{"floor":26,"key":"Strawberry"},{"floor":29,"key":"Regal Pillow"}],"event_choices":[{"damage_healed":0,"gold_gain":0,"player_choice":"Ignored","damage_taken":0,"max_hp_gain":0,"max_hp_loss":0,"event_name":"Golden Wing","floor":2,"gold_loss":0},{"cards_removed":["Strike_R"],"damage_healed":0,"gold_gain":0,"player_choice":"Offered Basic","damage_taken":0,"max_hp_gain":0,"max_hp_loss":0,"event_name":"Bonfire Elementals","floor":4,"gold_loss":0},{"damage_healed":0,"gold_gain":0,"player_choice":"Forge","damage_taken":0,"max_hp_gain":0,"max_hp_loss":0,"event_name":"Accursed Blacksmith","floor":21,"gold_loss":0,"cards_upgraded":["Armaments"]}],"is_beta":false,"boss_relics":[{"not_picked":["Fusion Hammer","Philosopher\u0027s Stone"],"picked":"Coffee Dripper"}],"items_purged_floors":[],"is_endless":false,"potions_floor_spawned":[3,7,8,10,12,19,25,29,31],"killed_by":"Automaton","ascension_level":6}}