{"host":"q0ahhcf6jhp3yzzb","time":1611436368,"event":{"mods":["BaseMod","Downfall","Minty Spire (QoL Compilation)","Relic Stats","StSLib"],"gold_per_floor":[99,99,99,99,9,9,9,25,57,76,103,118,118,132,148,251,251,251,265,278,289,289,316,316,336,355,136,136,156,156,189,204,307,307,207,225,225,110,122,122,122,122,137,137,137,165,68,79,92,92,92,92],"floor_reached":50,"language":"ENG","playtime":4796,"items_purged":["Guardian:Strike_Guardian","Guardian:Strike_Guardian"],"score":599,"play_id":"f3361351-be92-4480-a786-88822480c660","local_time":"20210123141248","is_ascension_mode":false,"campfire_choices":[{"data":"Guardian:TwinSlam","floor":1,"key":"SMITH"},{"data":"Guardian:CurlUp","floor":6,"key":"SMITH"},{"data":"Guardian:BodySlam","floor":13,"key":"SMITH"},{"data":"Guardian:StasisStrike","floor":18,"key":"SMITH"},{"data":"Guardian:Emergency","floor":28,"key":"SMITH"},{"data":"Guardian:TimeSifter","floor":35,"key":"SMITH"},{"data":"Guardian:FastForward","floor":40,"key":"SMITH"},{"data":"Guardian:BronzeArmor","floor":44,"key":"SMITH"},{"data":"Guardian:ShieldCharger","floor":45,"key":"SMITH"}],"circlet_count":0,"master_deck":["Guardian:Strike_Guardian","Guardian:Defend_Guardian","Guardian:Defend_Guardian","Guardian:Defend_Guardian","Guardian:Defend_Guardian","Guardian:CurlUp+1","Guardian:TwinSlam+1","Guardian:RollAttack","Guardian:PrimingBeam","Guardian:ShieldCharger+1","Guardian:BronzeArmor+1","Guardian:SentryBeam","Guardian:PiercingHide","Guardian:GuardianWhirl","Guardian:Incinerate","Guardian:BodySlam+1","Guardian:TimeBomb","Guardian:PiercingHide","Guardian:AncientConstruct","Guardian:StasisStrike+1","Guardian:Incinerate+1","Guardian:Emergency+1","Guardian:VentSteam","Guardian:TimeSifter+1","Guardian:Suspension+1","Guardian:FastForward+1","Guardian:BronzeArmor+1","Guardian:SphericShield","Guardian:DecasProtection+1","Guardian:ExploitGems","expansioncontent:InvincibleStrength+1"],"relics":["Guardian:ModeShifter","downfall:HeartsMalice","Thread and Needle","Prayer Wheel","Philosopher\u0027s Stone","WingedGreaves","Frozen Egg 2","Guardian:BottledStasis","downfall:RedIOU","Blue Candle","Velvet Choker","downfall:HeartBlessingGreen","Guardian:PickAxe","Lantern"],"acts_visited":["Exordium","TheCity","TheBeyond"],"potions_floor_usage":[14,23,25,26,46,50,50],"damage_taken":[{"damage":0,"enemies":"Cultist","floor":2,"turns":1},{"damage":0,"enemies":"Jaw Worm","floor":3,"turns":1},{"damage":0,"enemies":"2 Louse","floor":4,"turns":1},{"damage":0,"enemies":"downfall:FleeingMerchant","floor":5,"turns":4},{"damage":0,"enemies":"Large Slime","floor":8,"turns":4},{"damage":9,"enemies":"3 Sentries","floor":9,"turns":5},{"damage":0,"enemies":"3 Louse","floor":10,"turns":3},{"damage":0,"enemies":"Lagavulin","floor":11,"turns":7},{"damage":1,"enemies":"2 Fungi Beasts","floor":12,"turns":2},{"damage":1,"enemies":"Lots of Slimes","floor":14,"turns":2},{"damage":0,"enemies":"Blue Slaver","floor":15,"turns":3},{"damage":17,"enemies":"SI_SHIV_ARCHETYPE","floor":16,"turns":10},{"damage":18,"enemies":"Spheric Guardian","floor":19,"turns":4},{"damage":2,"enemies":"Centurion and Healer","floor":20,"turns":5},{"damage":12,"enemies":"Snecko","floor":21,"turns":4},{"damage":13,"enemies":"Book of Stabbing","floor":23,"turns":5},{"damage":2,"enemies":"Sentry and Sphere","floor":25,"turns":5},{"damage":3,"enemies":"Snake Plant","floor":26,"turns":5},{"damage":0,"enemies":"downfall:FleeingMerchant","floor":27,"turns":4},{"damage":13,"enemies":"Centurion and Healer","floor":29,"turns":5},{"damage":2,"enemies":"Slavers","floor":31,"turns":5},{"damage":18,"enemies":"Chosen and Byrds","floor":32,"turns":6},{"damage":0,"enemies":"WA_ARCHETYPE_CALM","floor":33,"turns":8},{"damage":0,"enemies":"Orb Walker","floor":36,"turns":2},{"damage":0,"enemies":"downfall:FleeingMerchant","floor":38,"turns":4},{"damage":0,"enemies":"3 Shapes","floor":39,"turns":3},{"damage":1,"enemies":"Maw","floor":43,"turns":9},{"damage":19,"enemies":"Reptomancer","floor":46,"turns":8},{"damage":0,"enemies":"downfall:FleeingMerchant","floor":47,"turns":4},{"damage":19,"enemies":"4 Shapes","floor":48,"turns":8},{"damage":23,"enemies":"Spire Growth","floor":49,"turns":8},{"damage":51,"enemies":"DF_ARCHETYPE_ORBS","floor":50,"turns":14}],"seed_played":"-4839146898496456629","potions_obtained":[{"floor":8,"key":"PowerPotion"},{"floor":9,"key":"Regen Potion"},{"floor":11,"key":"bronze:BurnAndBuffPotion"},{"floor":15,"key":"Explosive Potion"},{"floor":20,"key":"FairyPotion"},{"floor":23,"key":"Weak Potion"},{"floor":33,"key":"Explosive Potion"},{"floor":48,"key":"Weak Potion"}],"is_trial":false,"path_per_floor":["R","M","M","M","$","R","T","M","E","M","E","M","R","M","M","B",null,"R","M","M","M","?","E","T","M","M","$","R","M","?","E","M","B",null,"R","M","?","$","M","R","T","R","M","R","R","E","$","M","M","B"],"character_chosen":"GUARDIAN","items_purchased":["SteroidPotion","Guardian:BottledStasis","expansioncontent:InvincibleStrength"],"campfire_rested":0,"item_purchase_floors":[27,27,47],"current_hp_per_floor":[80,80,80,80,80,80,80,80,71,71,71,70,70,69,69,52,80,80,62,60,48,48,49,49,47,44,44,44,31,31,29,11,11,80,80,80,80,80,80,80,80,80,79,79,79,60,60,41,18,0,0,0],"gold":92,"neow_bonus":"THREE_ENEMY_KILL","is_daily":false,"chose_seed":false,"campfire_upgraded":9,"win_rate":0.0,"timestamp":1611436368,"path_taken":["R","M","M","M","$","R","T","M","E","?","E","M","R","?","M","BOSS","R","M","M","M","?","E","T","M","?","$","R","M","?","E","M","BOSS","R","M","?","$","M","R","T","R","M","R","R","E","$","M","M","BOSS"],"items_purchased_type":["Potion","Relic","Card"],"build_version":"2020-12-22","purchased_purges":2,"victory":false,"max_hp_per_floor":[80,80,80,80,80,80,80,80,80,80,80,80,80,80,80,80,80,80,80,80,80,80,80,80,80,80,80,80,80,80,80,80,80,80,80,80,80,80,80,80,80,80,80,80,80,80,80,80,80,80,80,80],"relic_stats":{"counters":[32,155],"Blue Candle":[0],"Prayer Wheel":15,"obtain_stats":[{"Guardian:BottledStasis":27,"Lantern":46,"Blue Candle":31,"Guardian:ModeShifter":0,"Velvet Choker":34,"downfall:HeartsMalice":0,"Thread and Needle":9,"downfall:HeartBlessingGreen":35,"Frozen Egg 2":24,"Mercury Hourglass":7,"Guardian:PickAxe":41,"Prayer Wheel":11,"Philosopher\u0027s Stone":17,"WingedGreaves":23,"downfall:RedIOU":30},{"Guardian:BottledStasis":19,"Lantern":28,"Blue Candle":21,"Guardian:ModeShifter":0,"Velvet Choker":23,"downfall:HeartsMalice":0,"Thread and Needle":6,"downfall:HeartBlessingGreen":23,"Frozen Egg 2":16,"Mercury Hourglass":4,"Guardian:PickAxe":26,"Prayer Wheel":8,"Philosopher\u0027s Stone":12,"WingedGreaves":16,"downfall:RedIOU":20},{"Guardian:BottledStasis":71,"Lantern":121,"Blue Candle":81,"Guardian:ModeShifter":0,"Velvet Choker":95,"downfall:HeartsMalice":0,"Thread and Needle":13,"downfall:HeartBlessingGreen":95,"Frozen Egg 2":58,"Mercury Hourglass":4,"Guardian:PickAxe":104,"Prayer Wheel":23,"Philosopher\u0027s Stone":40,"WingedGreaves":58,"downfall:RedIOU":76}]},"card_choices":[{"not_picked":["Guardian:Reroute","Guardian:Clone"],"picked":"Guardian:RollAttack","floor":2},{"not_picked":["Guardian:DecasProtection","Guardian:RefractedBeam"],"picked":"Guardian:PrimingBeam","floor":3},{"not_picked":["Guardian:Harden","Guardian:TemporalStrike"],"picked":"Guardian:ShieldCharger","floor":4},{"not_picked":["Guardian:WalkerClaw","Guardian:Incinerate"],"picked":"Guardian:Gem_Blue","floor":5},{"not_picked":["Guardian:Suspension","Guardian:TemporalStrike"],"picked":"Guardian:BronzeArmor","floor":8},{"not_picked":["Guardian:FloatingOrbs","Guardian:Gem_Synthetic"],"picked":"Guardian:SentryBeam","floor":9},{"not_picked":["Guardian:Recover","Guardian:Suspension"],"picked":"Guardian:PiercingHide","floor":10},{"not_picked":["Guardian:Gem_Cyan","Guardian:ShieldSpikes"],"picked":"Guardian:GuardianWhirl","floor":11},{"not_picked":["Guardian:TemporalShield","Guardian:TemporalStrike"],"picked":"Guardian:Incinerate","floor":12},{"not_picked":["Guardian:Harden","Guardian:PrimingBeam"],"picked":"Guardian:BodySlam","floor":12},{"not_picked":["Guardian:Gem_Red","Guardian:TemporalShield"],"picked":"Guardian:TimeBomb","floor":14},{"not_picked":["Guardian:WalkerClaw","Guardian:Planning"],"picked":"Guardian:PiercingHide","floor":14},{"not_picked":["Guardian:Gem_Lightblue","Guardian:MultiBeam"],"picked":"Guardian:AncientConstruct","floor":15},{"not_picked":["Guardian:RollAttack","Guardian:WalkerClaw","Guardian:Harden"],"picked":"SKIP","floor":15},{"not_picked":["Guardian:RevengeProtocol","Guardian:AncientConstruct"],"picked":"Guardian:StasisStrike","floor":16},{"not_picked":["Guardian:PrismaticBarrier","Guardian:Gem_Red"],"picked":"Guardian:Incinerate+1","floor":19},{"not_picked":["Guardian:PrimingBeam","Guardian:TimeBomb","Guardian:Suspension"],"picked":"SKIP","floor":19},{"not_picked":["Guardian:Preprogram","Guardian:ChargeCore"],"picked":"Guardian:Gem_Green","floor":20},{"not_picked":["Guardian:Planning","Guardian:Suspension","Guardian:Reroute+1"],"picked":"SKIP","floor":20},{"not_picked":["Guardian:TemporalShield+1","Guardian:ShieldCharger"],"picked":"Guardian:Emergency","floor":21},{"not_picked":["Guardian:Recover+1","Guardian:Reroute+1"],"picked":"Guardian:VentSteam","floor":21},{"not_picked":["Guardian:PrismaticBeam","Guardian:Gem_Red"],"picked":"Guardian:TimeSifter","floor":23},{"not_picked":["Guardian:FloatingOrbs+1","Guardian:Incinerate+1"],"picked":"Guardian:Suspension+1","floor":25},{"not_picked":["Guardian:GuardianWhirl","Guardian:Recover","Guardian:WalkerClaw"],"picked":"SKIP","floor":25},{"not_picked":["Guardian:SentryBeam+1","Guardian:Gem_Cyan","Guardian:ChargeCore"],"picked":"SKIP","floor":26},{"not_picked":["Guardian:WalkerClaw","Guardian:Harden","Guardian:SentryBeam+1"],"picked":"SKIP","floor":26},{"not_picked":["Guardian:TemporalShield+1","Guardian:VentSteam+1"],"picked":"Guardian:Gem_Yellow","floor":27},{"not_picked":["Guardian:Preprogram+1","Guardian:Gem_Yellow"],"picked":"Guardian:FastForward","floor":29},{"not_picked":["Guardian:PolyBeam+1","Guardian:Gem_Green","Guardian:PrismaticBarrier"],"picked":"SKIP","floor":29},{"not_picked":["Guardian:Recover","Guardian:WalkerClaw+1"],"picked":"Guardian:Gem_Red","floor":31},{"not_picked":["Guardian:Planning+1","Guardian:PrimingBeam"],"picked":"Guardian:BronzeArmor+1","floor":32},{"not_picked":["Guardian:Gem_Cyan","Guardian:Suspension","Guardian:WalkerClaw"],"picked":"SKIP","floor":32},{"not_picked":["Guardian:AncientConstruct+1","Guardian:BaubleBeam"],"picked":"Guardian:SphericShield","floor":33},{"not_picked":["Guardian:ChargeCore","Guardian:Clone"],"picked":"Guardian:Gem_Cyan","floor":36},{"not_picked":["Guardian:PrimingBeam+1","Guardian:VentSteam","Guardian:TemporalStrike+1"],"picked":"SKIP","floor":36},{"not_picked":["Guardian:PolyBeam+1","Guardian:Repulse+1"],"picked":"Guardian:DecasProtection+1","floor":38},{"not_picked":["Guardian:Reroute","Guardian:Planning+1"],"picked":"Guardian:ExploitGems","floor":39},{"not_picked":["Guardian:TemporalShield","Guardian:Planning+1"],"picked":"Guardian:Gem_Red","floor":39},{"not_picked":["Guardian:Gem_Fragmented","Guardian:SentryBeam","Guardian:Emergency+1"],"picked":"SKIP","floor":43},{"not_picked":["Guardian:Emergency","Guardian:Gem_Cyan","Guardian:Planning+1"],"picked":"SKIP","floor":43},{"not_picked":["Guardian:Gem_Green","Guardian:StasisStrike","Guardian:FloatingOrbs+1"],"picked":"SKIP","floor":46},{"not_picked":["Guardian:ChargeCore+1","Guardian:PrismaticBeam+1","Guardian:PiercingHide+1"],"picked":"SKIP","floor":47},{"not_picked":["Guardian:Gem_Blue","Guardian:Incinerate","Guardian:ShieldCharger+1"],"picked":"SKIP","floor":48},{"not_picked":["Guardian:CrystalBeam+1","Guardian:PrismaticBarrier+1","Guardian:PiercingHide+1"],"picked":"SKIP","floor":48},{"not_picked":["Guardian:Reroute","Guardian:ShieldCharger","Guardian:Clone+1"],"picked":"SKIP","floor":49},{"not_picked":["Guardian:PolyBeam","Guardian:Gem_Purple","Guardian:ChargeCore+1"],"picked":"SKIP","floor":49}],"player_experience":827145,"relics_obtained":[{"floor":7,"key":"Mercury Hourglass"},{"floor":9,"key":"Thread and Needle"},{"floor":11,"key":"Prayer Wheel"},{"floor":23,"key":"WingedGreaves"},{"floor":24,"key":"Frozen Egg 2"},{"floor":31,"key":"Blue Candle"},{"floor":41,"key":"Guardian:PickAxe"},{"floor":46,"key":"Lantern"}],"event_choices":[],"is_beta":false,"boss_relics":[{"not_picked":["Busted Crown","bronze:MakeshiftBattery"],"picked":"Philosopher\u0027s Stone"},{"not_picked":["Runic Dome","Guardian:StasisSlotReductionRelic"],"picked":"Velvet Choker"}],"items_purged_floors":[5,38],"is_endless":false,"potions_floor_spawned":[8,9,11,15,20,21,23,33,39,48],"killed_by":"DF_ARCHETYPE_ORBS","ascension_level":0}}