{"host":"vqs1j3qalc1cciyt","time":1611376140,"event":{"mods":["2.2 Compatiblity","AchievementEnabler","Aspiration","Bard","BaseMod","Beaked The Cultist","Better Altar","Better Match","Better Note","Better Sensory Stone","Better Skull","Better Third Choice","Clockwork Mod","Colored Map","Conspire","Downfall","Friendly Minions","GifTheSpireLib","Glutton Mod","Halation","Highlight Path","Hubris","Infinite Spire","Minty Spire (QoL Compilation)","READ ME - Snecko Mod","RRrroohrrRGHHhhh!!","Replay The Spire","Spicy Shops","StSLib","Stuff the Spire","The Bladedancer","The Construct","The Cursed","The Disciple","The Hierophant","The Jungle","vexMod"],"gold_per_floor":[119,119,119,119,119,132,132,161,161,198,198,198,208,63,179,197,197,292,292,310,325,325,325,225,357,372,372,372,372,497,94,94,107,107,209,209,228,1,15,15,67,67,207,51,51,152,152,166,166,166,183,183,183,183,183,183,36,170,170],"floor_reached":60,"language":"ENG","playtime":5218,"items_purged":["Strike_R","Strike_R","Defend_R"],"score":1370,"play_id":"d9ca2f53-a6ea-4ec5-9262-b09ae194ac6e","local_time":"20210122202900","is_ascension_mode":true,"campfire_choices":[{"data":"infinitespire:OneForAll","floor":12,"key":"SMITH"},{"floor":17,"key":"REST"},{"data":"ReplayTheSpireMod:Muscle Training","floor":27,"key":"SMITH"},{"data":"Limit Break","floor":32,"key":"SMITH"},{"data":"Anger","floor":34,"key":"SMITH"},{"floor":42,"key":"RECALL"},{"floor":47,"key":"REST"},{"data":"Limit Break","floor":56,"key":"SMITH"}],"circlet_count":0,"master_deck":["Strike_R","Strike_R","Defend_R","Defend_R","Defend_R","Bash","Headbutt","Limit Break+1","Shrug It Off","infinitespire:OneForAll+1","Whirlwind","ReplayTheSpireMod:Muscle Training+1","Twin Strike","Shame","Survivor","Trip","infinitespire:Gouge","Bloodletting","Impervious","Anger+1","Offering","Replay:Many Hands","Flex","Anger","Limit Break+1","Inflame","Demon Form+1","Body Slam+1","Whirlwind","conspire:Charge"],"relics":["Burning Blood","m_MercuryCore","vexMod:HeadHunter","halation:Sosunser","Mirror","rorgmod:Ceramic Fish","Ginger","infinitespire:BottledMercury","ReplayTheSpireMod:SealedPack","Onion Ring","halation:EternalFortune","Blue Doll","hubris:SphereOfDissonance","halation:LettersToHer","Unceasing Top","Philosopher\u0027s Stone","halation:Thesaurus","HandDrill","conspire:GlowingRock","infinitespire:Satchel","StuffTheSpire:Mouthbags","StuffTheSpire:OldFever","Vajra","conspire:InfiniteJournal"],"acts_visited":["Exordium","TheCity","TheBeyond","TheEnding"],"potions_floor_usage":[15,18,18,25,25,26,41,46,46,59,59,59],"damage_taken":[{"damage":12,"enemies":"Small Slimes","floor":1,"turns":3},{"damage":1,"enemies":"Cultist","floor":6,"turns":3},{"damage":5,"enemies":"Replay:BlueRogue","floor":8,"turns":10},{"damage":17,"enemies":"conspire:MimicChest","floor":10,"turns":6},{"damage":0,"enemies":"2 Louse","floor":13,"turns":4},{"damage":28,"enemies":"Gremlin Nob","floor":15,"turns":5},{"damage":7,"enemies":"Looter","floor":16,"turns":3},{"damage":63,"enemies":"Hexaghost","floor":18,"turns":12},{"damage":8,"enemies":"3 Byrds","floor":20,"turns":5},{"damage":30,"enemies":"Shell Parasite","floor":21,"turns":4},{"damage":19,"enemies":"Book of Stabbing","floor":25,"turns":5},{"damage":25,"enemies":"conspire:HollyBat","floor":26,"turns":8},{"damage":0,"enemies":"Gremlin Leader","floor":30,"turns":5},{"damage":5,"enemies":"Chosen and Byrds","floor":33,"turns":4},{"damage":34,"enemies":"hubris:MusketHawk","floor":35,"turns":4},{"damage":3,"enemies":"Orb Walker","floor":37,"turns":1},{"damage":35,"enemies":"3 Darklings","floor":39,"turns":3},{"damage":7,"enemies":"2 Orb Walkers","floor":41,"turns":3},{"damage":31,"enemies":"R_Hoarder","floor":43,"turns":5},{"damage":15,"enemies":"Giant Head","floor":46,"turns":5},{"damage":13,"enemies":"4 Shapes","floor":48,"turns":1},{"damage":9,"enemies":"Sphere and 2 Shapes","floor":51,"turns":1},{"damage":50,"enemies":"hubris:GrandSnecko","floor":54,"turns":5},{"damage":6,"enemies":"Shield and Spear","floor":58,"turns":2},{"damage":64,"enemies":"The Heart","floor":59,"turns":6}],"seed_played":"4305884903275430708","potions_obtained":[{"floor":1,"key":"ColorlessPotion"},{"floor":6,"key":"FairyPotion"},{"floor":8,"key":"EntropicBrew"},{"floor":15,"key":"SkillPotion"},{"floor":26,"key":"Block Potion"},{"floor":30,"key":"Adrenaline Potion"},{"floor":41,"key":"Explosive Potion"},{"floor":43,"key":"Weak Potion"},{"floor":46,"key":"Dexterity Potion"},{"floor":51,"key":"Strength Potion"},{"floor":52,"key":"CultistPotion"},{"floor":52,"key":"Guardian:BlockOnCardUsePotion"},{"floor":52,"key":"SteroidPotion"}],"is_trial":false,"path_per_floor":["M","?","$","PTL","PTL","M","?","E","?","?","T","R","M","$","E","M","R","B",null,"M","M","T","?","$","E","M","R","T","?","E","$","R","M","R","B",null,"M","$","M","?","?","R","E","$","T","E","R","M","PTL","PTL","M","?","R_BF","B",null,"R","$","E","B",null],"character_chosen":"IRONCLAD","items_purchased":["vexMod:HeadHunter","halation:Sosunser","ReplayTheSpireMod:Muscle Training","Unceasing Top","Flex","Anger","halation:Thesaurus","Inflame","StuffTheSpire:Mouthbags","Vajra"],"campfire_rested":2,"item_purchase_floors":[3,3,14,31,31,31,38,38,44,57],"current_hp_per_floor":[74,74,38,38,38,43,48,49,49,38,38,38,44,44,22,21,46,16,85,83,59,59,62,62,54,44,44,44,98,98,98,98,98,98,70,98,98,98,69,50,49,49,24,24,24,15,44,37,37,37,34,34,63,19,98,98,98,98,40],"gold":170,"neow_bonus":"NOSTALGIA","is_daily":false,"chose_seed":false,"campfire_upgraded":5,"win_rate":0.0,"timestamp":1611376140,"path_taken":["M","?","?","PTL","PTL","M","?","E","?","?","T","R","M","$","E","M","R","BOSS","M","M","?","?","$","E","M","R","T","?","E","$","R","?","R","BOSS","M","$","M","?","?","R","E","?","T","E","R","?","PTL","PTL","M","?","R_BF","BOSS","R","$","E","BOSS"],"items_purchased_type":["Relic","Relic","Card","Relic","Card","Card","Relic","Card","Relic","Relic"],"build_version":"2020-12-22","purchased_purges":3,"victory":true,"max_hp_per_floor":[80,80,80,80,80,80,85,85,85,85,85,85,85,85,85,85,85,85,85,85,85,85,88,88,88,88,88,88,98,98,98,98,98,98,98,98,98,98,98,98,98,98,98,98,98,98,98,98,98,98,98,98,98,98,98,98,98,98,98],"card_choices":[{"not_picked":["Abandon","Anger"],"picked":"Headbutt","floor":1},{"not_picked":["Headbutt","Evolve"],"picked":"Shrug It Off","floor":6},{"not_picked":["Burning Pact","rorgmod:Searing Blow"],"picked":"infinitespire:OneForAll","floor":8},{"not_picked":["Fiend Fire","Bludgeon","Hemogenesis"],"picked":"SKIP","floor":8},{"not_picked":["Pommel Strike","True Grit"],"picked":"Whirlwind","floor":10},{"not_picked":["Wild Strike","Power Through","True Grit"],"picked":"SKIP","floor":13},{"not_picked":["Demonic Infusion","hubris:StunningStrike","Double Tap"],"picked":"SKIP","floor":15},{"not_picked":["True Grit","Iron Wave","StuffTheSpire:Incineration"],"picked":"SKIP","floor":15},{"not_picked":["LockedScales","Perfected Strike"],"picked":"Twin Strike","floor":16},{"not_picked":["LockedFlame","Barricade"],"picked":"Hemogenesis","floor":18},{"not_picked":["Replay:GuardianBash","bronze:Replicate"],"picked":"Survivor","floor":19},{"not_picked":["ReplayTheSpireMod:Uncanny Aura","Dark Shackles"],"picked":"Trip","floor":19},{"not_picked":["infinitespire:SealOfDarkness+","hubris:Rewind"],"picked":"infinitespire:Gouge","floor":19},{"not_picked":["Headbutt","Anger"],"picked":"Bloodletting","floor":20},{"not_picked":["ReplayTheSpireMod:Strike From Hell+1","Entrench"],"picked":"Whirlwind","floor":21},{"not_picked":["Demonic Infusion","Barricade"],"picked":"Impervious","floor":25},{"not_picked":["Wild Strike","StuffTheSpire:Slingshot","ReplayTheSpireMod:Strike From Hell+1"],"picked":"SKIP","floor":25},{"not_picked":["Defy Death+1","Twin Strike"],"picked":"Anger","floor":26},{"not_picked":["Hemogenesis","Immolate"],"picked":"Offering","floor":30},{"not_picked":["Replay:Undeath\u0027s Touch","Second Wind"],"picked":"Replay:Many Hands","floor":30},{"not_picked":["Pommel Strike","Dual Wield","Wild Strike"],"picked":"SKIP","floor":33},{"not_picked":["Reaper","Feed"],"picked":"Limit Break","floor":35},{"not_picked":["Cleave","Run Through+1","Clothesline+1"],"picked":"SKIP","floor":37},{"not_picked":["StuffTheSpire:RockThrow+1","Evolve+1","Run Through"],"picked":"SKIP","floor":39},{"not_picked":["Bloodletting","Shrug It Off"],"picked":"Body Slam+1","floor":43},{"not_picked":["rorgmod:Immolate","Limit Break","Replay:Many Hands"],"picked":"SKIP","floor":43},{"not_picked":["Barricade","Immolate","Corruption"],"picked":"SKIP","floor":46},{"not_picked":["True Grit","Clothesline","StuffTheSpire:Resist"],"picked":"SKIP","floor":46},{"not_picked":["Power Through","Rampage+1","Replay:Undeath\u0027s Touch+1"],"picked":"SKIP","floor":48},{"not_picked":["Perfected Strike","Abandon","Infernal Blade"],"picked":"SKIP","floor":51},{"not_picked":["Havoc+1","Bloodletting"],"picked":"conspire:Charge","floor":58},{"not_picked":["Impervious","Offering","Barricade"],"picked":"SKIP","floor":58}],"player_experience":900562,"relics_obtained":[{"floor":8,"key":"Mirror"},{"floor":10,"key":"rorgmod:Ceramic Fish"},{"floor":11,"key":"Ginger"},{"floor":15,"key":"infinitespire:BottledMercury"},{"floor":22,"key":"Onion Ring"},{"floor":25,"key":"Blue Doll"},{"floor":28,"key":"hubris:SphereOfDissonance"},{"floor":30,"key":"halation:LettersToHer"},{"floor":41,"key":"conspire:GlowingRock"},{"floor":43,"key":"infinitespire:Satchel"},{"floor":45,"key":"halation:LettersToHer"},{"floor":46,"key":"StuffTheSpire:OldFever"},{"floor":58,"key":"conspire:InfiniteJournal"}],"event_choices":[{"cards_removed":["Headbutt"],"damage_healed":0,"gold_gain":0,"player_choice":"Take \u0026 Give","damage_taken":0,"max_hp_gain":0,"max_hp_loss":0,"event_name":"betterNote:BetterNote","floor":2,"gold_loss":0,"cards_obtained":["Limit Break"]},{"damage_healed":0,"gold_gain":0,"player_choice":"Donut","damage_taken":0,"max_hp_gain":5,"max_hp_loss":0,"event_name":"Big Fish","floor":7,"gold_loss":0},{"cards_removed":["Hemogenesis"],"damage_healed":44,"gold_gain":0,"player_choice":"Offered Rare","damage_taken":0,"max_hp_gain":10,"max_hp_loss":0,"event_name":"Bonfire Elementals","floor":29,"gold_loss":0},{"damage_healed":0,"gold_gain":3,"player_choice":"2","damage_taken":0,"max_hp_gain":0,"max_hp_loss":19,"event_name":"betterStone:BetterStone","floor":40,"gold_loss":0},{"damage_healed":0,"gold_gain":0,"player_choice":"Fight","damage_taken":0,"max_hp_gain":0,"max_hp_loss":0,"event_name":"Mysterious Sphere","floor":41,"gold_loss":0},{"damage_healed":0,"gold_gain":0,"player_choice":"Got Potions","damage_taken":0,"max_hp_gain":0,"max_hp_loss":0,"event_name":"Lab","floor":52,"gold_loss":0}],"is_beta":false,"boss_relics":[{"not_picked":["hubris:CrackedHourglass","Replay:Bronze Core"],"picked":"ReplayTheSpireMod:SealedPack"},{"not_picked":["Replay:Cursed D8","vexMod:ImprovementManual"],"picked":"Philosopher\u0027s Stone"}],"items_purged_floors":[3,14,24],"is_endless":false,"potions_floor_spawned":[1,6,8,15,20,26,30,41,43,46,51],"ascension_level":1}}