{"host":"22s5scuj7mu87reg","time":1611360182,"event":{"mods":["BaseMod","Better Third Choice","CapriCore","Colored Powertips","Dota2Spire","Downfall","Duelist Mod","GungeonMod","Halation","Hubris","Infinite Spire","Koishi","KomeijiMod","Minty Spire (QoL Compilation)","Quick Restart","Replay The Spire","Shop Mod","StSLib","SuperFastMode","The Jungle","The Mystic","The Necromancer","Wandering Minibosses"],"gold_per_floor":[118,193,143,1,1,27,47,47,71,82,82,104,19,19,19],"floor_reached":14,"language":"POL","playtime":318,"items_purged":["Strike_B"],"score":161,"play_id":"95e3f301-6f7a-4623-8139-b7094cd39bc0","local_time":"20210123010302","is_ascension_mode":true,"campfire_choices":[{"data":"Storm","floor":8,"key":"SMITH"}],"circlet_count":0,"master_deck":["Strike_B","Defend_B","Defend_B","Defend_B","Defend_B","Zap","Dualcast","Auto Shields","Storm+1","Crystallizer","infinitespire:Oblivion","ReplayTheSpireMod:Calculation Training","Cold Snap"],"relics":["Cracked Core","NeowsBlessing","halation:PrussianBluePaint","halation:LettersToHer","Odd Mushroom"],"acts_visited":["Exordium"],"potions_floor_usage":[],"damage_taken":[{"damage":0,"enemies":"Small Slimes","floor":1,"turns":1},{"damage":0,"enemies":"3 Sentries","floor":6,"turns":2},{"damage":0,"enemies":"Jaw Worm","floor":7,"turns":1},{"damage":0,"enemies":"2 Louse","floor":10,"turns":2},{"damage":17,"enemies":"The Mushroom Lair","floor":12,"turns":4},{"damage":32,"enemies":"Gremlin Nob","floor":14,"turns":3}],"seed_played":"9021485857151368399","potions_obtained":[{"floor":1,"key":"Weak Potion"},{"floor":10,"key":"SpeedPotion"}],"is_trial":false,"path_per_floor":["M","?","?","$","?","E","M","R","T","M","?","?","$","E"],"character_chosen":"DEFECT","items_purchased":["Auto Shields","ReplayTheSpireMod:Calculation Training","Cold Snap"],"campfire_rested":0,"item_purchase_floors":[4,13,13],"current_hp_per_floor":[68,57,57,57,50,50,50,50,50,50,32,15,15,0,0],"gold":19,"neow_bonus":"THREE_ENEMY_KILL","is_daily":false,"chose_seed":false,"campfire_upgraded":1,"win_rate":0.0,"timestamp":1611360182,"path_taken":["M","?","?","$","?","E","?","R","T","M","?","?","?","E"],"items_purchased_type":["Card","Card","Card"],"build_version":"2020-12-13","purchased_purges":1,"victory":false,"max_hp_per_floor":[75,75,75,75,75,75,75,75,75,75,75,75,75,75,75],"card_choices":[{"not_picked":["Rebound","Melter","Steam"],"picked":"SKIP","floor":1},{"not_picked":["Rebound","Blizzard"],"picked":"Storm","floor":6},{"not_picked":["Redo","ReplaySolidLightProjector","Gash"],"picked":"SKIP","floor":7},{"not_picked":["Go for the Eyes","Streamline"],"picked":"Crystallizer","floor":10},{"not_picked":["ReplayTheSpireMod:Black Plague","infinitespire:Punishment"],"picked":"infinitespire:Oblivion","floor":11}],"player_experience":176771,"relics_obtained":[{"floor":6,"key":"halation:PrussianBluePaint"},{"floor":9,"key":"halation:LettersToHer"},{"floor":12,"key":"Odd Mushroom"}],"event_choices":[{"damage_healed":0,"gold_gain":75,"player_choice":"Gold","damage_taken":11,"max_hp_gain":0,"max_hp_loss":0,"event_name":"betterThird:BetterGoop","floor":2,"gold_loss":0},{"cards_removed":["Strike_B"],"damage_healed":0,"gold_gain":0,"player_choice":"Card Removal","damage_taken":0,"max_hp_gain":0,"max_hp_loss":0,"event_name":"The Cleric","floor":3,"gold_loss":50},{"cards_removed":["Strike_B"],"damage_healed":0,"gold_gain":0,"player_choice":"Card Removal","damage_taken":7,"max_hp_gain":0,"max_hp_loss":0,"event_name":"Golden Wing","floor":5,"gold_loss":0},{"damage_healed":0,"gold_gain":0,"player_choice":"Fought Mushrooms","damage_taken":0,"max_hp_gain":0,"max_hp_loss":0,"event_name":"Mushrooms","floor":12,"gold_loss":0}],"is_beta":false,"boss_relics":[],"items_purged_floors":[4],"is_endless":false,"potions_floor_spawned":[1,10],"killed_by":"Gremlin Nob","ascension_level":9}}