{"host":"8zow35rkxv448q2r","time":1611400148,"event":{"mods":["AchievementEnabler","BaseMod","Colored Map","Colored Powertips","Minty Spire (QoL Compilation)","Relic Stats"],"gold_per_floor":[117,133,133,153,999175,999175,999206,999225,999225,999255,999255,999269,999221,998778,998778,998882,998882,998894,998894,998894,998909,998909,998909,998121,998121,998121,998121,998133,998150,998165,998165,998165,998260,998260,998271,998271,998319,998334,997604,997604,997604,997624,997649,997649,996988,996988,996998,997031,997031,997031],"floor_reached":51,"language":"ENG","playtime":3078,"items_purged":["Blur"],"score":895,"play_id":"0aab284d-3e6d-4479-9f3e-d58edc7611f0","local_time":"20210123060908","is_ascension_mode":true,"campfire_choices":[{"data":"Noxious Fumes","floor":6,"key":"SMITH"},{"floor":11,"key":"REST"},{"data":"Riddle With Holes","floor":15,"key":"SMITH"},{"data":"Infinite Blades","floor":23,"key":"SMITH"},{"data":"Accuracy","floor":25,"key":"SMITH"},{"data":"Backstab","floor":27,"key":"SMITH"},{"data":"After Image","floor":32,"key":"SMITH"},{"data":"Blade Dance","floor":40,"key":"SMITH"},{"data":"Dagger Spray","floor":44,"key":"SMITH"},{"data":"Bane","floor":49,"key":"SMITH"}],"circlet_count":0,"master_deck":["Strike_G","Strike_G","Defend_G","Defend_G","Defend_G","Defend_G","Defend_G","Survivor","Neutralize","Accuracy+1","Deflect","Dagger Spray+1","Blade Dance+1","Dagger Spray+1","Noxious Fumes+1","Backstab+1","Riddle With Holes+1","Bane+1","After Image+1","Infinite Blades+1","Infinite Blades+1","Dagger Spray+1","A Thousand Cuts+1","Backflip+1","Outmaneuver+1","Blur+1","Caltrops+1","Footwork+1"],"relics":["Ring of the Snake","NeowsBlessing","Mummified Hand","Meat on the Bone","Frozen Eye","Letter Opener","HornCleat","Darkstone Periapt","Cauldron","MealTicket","Strawberry","WristBlade","Molten Egg 2","Bottled Flame","OrangePellets","Calipers","Frozen Egg 2","Ginger","Astrolabe","Bottled Tornado","Tingsha","TungstenRod","Nunchaku","PrismaticShard","Happy Flower","Blue Candle","Bag of Preparation","Strange Spoon","Singing Bowl"],"acts_visited":["Exordium","TheCity","TheBeyond"],"potions_floor_usage":[7,16,16,16,21,33,37,42,42,48,50,50,50,50,50,50],"damage_taken":[{"damage":0,"enemies":"Small Slimes","floor":1,"turns":1},{"damage":0,"enemies":"2 Louse","floor":2,"turns":1},{"damage":0,"enemies":"Jaw Worm","floor":4,"turns":1},{"damage":24,"enemies":"Lagavulin","floor":7,"turns":6},{"damage":0,"enemies":"Exordium Thugs","floor":8,"turns":2},{"damage":10,"enemies":"3 Sentries","floor":10,"turns":5},{"damage":1,"enemies":"Looter","floor":12,"turns":2},{"damage":52,"enemies":"The Guardian","floor":16,"turns":9},{"damage":7,"enemies":"Shell Parasite","floor":18,"turns":4},{"damage":7,"enemies":"Chosen","floor":21,"turns":4},{"damage":0,"enemies":"Snecko","floor":28,"turns":3},{"damage":0,"enemies":"Cultist and Chosen","floor":29,"turns":4},{"damage":0,"enemies":"Snake Plant","floor":30,"turns":2},{"damage":33,"enemies":"Collector","floor":33,"turns":8},{"damage":5,"enemies":"Orb Walker","floor":35,"turns":2},{"damage":0,"enemies":"2 Orb Walkers","floor":37,"turns":3},{"damage":3,"enemies":"3 Darklings","floor":38,"turns":2},{"damage":1,"enemies":"Writhing Mass","floor":42,"turns":3},{"damage":13,"enemies":"4 Shapes","floor":47,"turns":3},{"damage":2,"enemies":"Nemesis","floor":48,"turns":5},{"damage":0,"enemies":"Donu and Deca","floor":50,"turns":5}],"seed_played":"-2515234856253035461","potions_obtained":[{"floor":1,"key":"SpeedPotion"},{"floor":10,"key":"BlessingOfTheForge"},{"floor":16,"key":"SpeedPotion"},{"floor":30,"key":"ColorlessPotion"},{"floor":31,"key":"EntropicBrew"},{"floor":31,"key":"Block Potion"},{"floor":33,"key":"Weak Potion"},{"floor":38,"key":"Strength Potion"},{"floor":48,"key":"PowerPotion"}],"is_trial":false,"path_per_floor":["M","M","?","M","$","R","E","M","T","E","R","M","?","$","R","B",null,"M","?","T","M","?","R","$","R","T","R","M","M","M","?","R","B",null,"M","T","?","M","$","R","?","M","T","R","$","?","M","E","R","B",null],"character_chosen":"THE_SILENT","items_purchased":["Blade Dance","Dagger Spray","Noxious Fumes","Mummified Hand","Meat on the Bone","Frozen Eye","FearPotion","Dexterity Potion","Cauldron","MealTicket","Strawberry","OrangePellets","Calipers","Frozen Egg 2","Infinite Blades+1","TungstenRod","Nunchaku","PrismaticShard","Caltrops+1","Blue Candle","Bag of Preparation","Strange Spoon","PowerPotion","EssenceOfSteel"],"campfire_rested":1,"item_purchase_floors":[5,5,5,5,5,5,5,5,14,14,14,24,24,24,24,39,39,39,39,45,45,45,45,45],"current_hp_per_floor":[70,70,70,70,70,70,46,46,46,36,57,56,56,63,63,23,77,70,70,70,63,63,63,77,77,77,77,77,77,77,77,77,44,77,72,72,72,69,77,77,77,76,76,76,77,77,64,64,64,64],"gold":997031,"neow_bonus":"THREE_ENEMY_KILL","is_daily":false,"chose_seed":false,"campfire_upgraded":9,"win_rate":0.0,"timestamp":1611400148,"path_taken":["M","M","?","M","$","R","E","M","T","E","R","M","?","$","R","BOSS","M","?","?","?","?","R","$","R","T","R","M","M","?","?","R","BOSS","M","?","?","M","$","R","?","M","T","R","$","?","?","E","R","BOSS"],"items_purchased_type":["Card","Card","Card","Relic","Relic","Relic","Potion","Potion","Relic","Relic","Relic","Relic","Relic","Relic","Card","Relic","Relic","Relic","Card","Relic","Relic","Relic","Potion","Potion"],"build_version":"2020-12-22","purchased_purges":1,"victory":true,"max_hp_per_floor":[70,70,70,70,70,70,70,70,70,70,70,70,70,77,77,77,77,77,77,77,77,77,77,77,77,77,77,77,77,77,77,77,77,77,77,77,77,77,77,77,77,77,77,77,77,77,77,79,79,79],"relic_stats":{"Darkstone Periapt":0,"Happy Flower":[4],"Singing Bowl":2,"counters":[21,75],"Astrolabe":["Backflip","Outmaneuver","Deflect"],"Blue Candle":[0],"Tingsha":[6],"Bag of Preparation":[6],"Letter Opener":[63],"Ginger":[7],"OrangePellets":[2],"Strange Spoon":[10],"Nunchaku":[5],"Mummified Hand":[75],"MealTicket":23,"obtain_stats":[{"Darkstone Periapt":10,"Calipers":24,"Singing Bowl":48,"Bag of Preparation":45,"Ginger":26,"Bottled Tornado":36,"PrismaticShard":39,"Frozen Eye":5,"Nunchaku":39,"HornCleat":9,"WristBlade":17,"Mummified Hand":5,"Strawberry":14,"MealTicket":14,"Ring of the Snake":0,"NeowsBlessing":0,"Happy Flower":43,"Astrolabe":34,"Blue Candle":45,"Tingsha":37,"Letter Opener":7,"Frozen Egg 2":24,"Cauldron":14,"OrangePellets":24,"Strange Spoon":45,"Bottled Flame":20,"Molten Egg 2":19,"TungstenRod":39,"Meat on the Bone":5},{"Darkstone Periapt":6,"Calipers":10,"Singing Bowl":20,"Bag of Preparation":18,"Ginger":10,"Bottled Tornado":15,"PrismaticShard":17,"Frozen Eye":3,"Nunchaku":17,"HornCleat":5,"WristBlade":8,"Mummified Hand":3,"Strawberry":7,"MealTicket":7,"Ring of the Snake":0,"NeowsBlessing":0,"Happy Flower":18,"Astrolabe":14,"Blue Candle":18,"Tingsha":16,"Letter Opener":4,"Frozen Egg 2":10,"Cauldron":7,"OrangePellets":10,"Strange Spoon":18,"Bottled Flame":9,"Molten Egg 2":9,"TungstenRod":17,"Meat on the Bone":3},{"Darkstone Periapt":16,"Calipers":35,"Singing Bowl":70,"Bag of Preparation":62,"Ginger":35,"Bottled Tornado":54,"PrismaticShard":59,"Frozen Eye":3,"Nunchaku":59,"HornCleat":11,"WristBlade":27,"Mummified Hand":3,"Strawberry":18,"MealTicket":18,"Ring of the Snake":0,"NeowsBlessing":0,"Happy Flower":62,"Astrolabe":52,"Blue Candle":62,"Tingsha":57,"Letter Opener":9,"Frozen Egg 2":35,"Cauldron":18,"OrangePellets":35,"Strange Spoon":62,"Bottled Flame":31,"Molten Egg 2":31,"TungstenRod":59,"Meat on the Bone":3}],"TungstenRod":7,"Ring of the Snake":[42],"Meat on the Bone":12},"card_choices":[{"not_picked":["Underhanded Strike","Deadly Poison"],"picked":"Accuracy","floor":1},{"not_picked":["Choke","Outmaneuver"],"picked":"Deflect","floor":2},{"not_picked":["Prepared","Cloak And Dagger"],"picked":"Dagger Spray","floor":4},{"not_picked":["Prepared","Outmaneuver"],"picked":"Backstab","floor":7},{"not_picked":["Calculated Gamble","Heel Hook"],"picked":"Riddle With Holes","floor":8},{"not_picked":["Choke","Poisoned Stab"],"picked":"Bane","floor":10},{"not_picked":["Acrobatics","Well Laid Plans"],"picked":"Blur","floor":12},{"not_picked":["Glass Knife","Phantasmal Killer"],"picked":"After Image","floor":16},{"not_picked":["Deadly Poison+1","Skewer","Eviscerate"],"picked":"SKIP","floor":18},{"not_picked":["Dodge and Roll","Sucker Punch+1"],"picked":"Infinite Blades","floor":21},{"not_picked":["Expertise","Cloak And Dagger","Backflip"],"picked":"SKIP","floor":28},{"not_picked":["Dodge and Roll+1","Poisoned Stab+1"],"picked":"Dagger Spray+1","floor":29},{"not_picked":["Deflect","Masterful Stab+1","Deadly Poison"],"picked":"SKIP","floor":30},{"not_picked":["Grand Finale+1","Venomology"],"picked":"A Thousand Cuts+1","floor":33},{"not_picked":["Prepared","All Out Attack+1","Dodge and Roll"],"picked":"SKIP","floor":35},{"not_picked":["Well Laid Plans+1","Masterful Stab+1"],"picked":"Blur+1","floor":37},{"not_picked":["Outmaneuver","Dagger Throw+1","Poisoned Stab+1"],"picked":"SKIP","floor":38},{"not_picked":["Conserve Battery","Bane+1","Steam+1"],"picked":"SKIP","floor":42},{"not_picked":["Quick Slash+1","Melter+1"],"picked":"Footwork+1","floor":47},{"not_picked":["Redo+1","EmptyFist+1","Double Energy"],"picked":"Singing Bowl","floor":48}],"player_experience":165471,"relics_obtained":[{"floor":7,"key":"Letter Opener"},{"floor":9,"key":"HornCleat"},{"floor":10,"key":"Darkstone Periapt"},{"floor":20,"key":"Bottled Flame"},{"floor":26,"key":"Ginger"},{"floor":36,"key":"Bottled Tornado"},{"floor":37,"key":"Tingsha"},{"floor":43,"key":"Happy Flower"},{"floor":48,"key":"Singing Bowl"}],"event_choices":[{"damage_healed":0,"gold_gain":0,"player_choice":"Ignored","damage_taken":0,"max_hp_gain":0,"max_hp_loss":0,"event_name":"Liars Game","floor":3,"gold_loss":0},{"damage_healed":0,"gold_gain":0,"player_choice":"Left Gold","damage_taken":0,"max_hp_gain":0,"max_hp_loss":0,"event_name":"World of Goop","floor":13,"gold_loss":48},{"damage_healed":0,"gold_gain":0,"player_choice":"Opened","damage_taken":0,"relics_obtained":["Molten Egg 2"],"max_hp_gain":0,"max_hp_loss":0,"event_name":"The Mausoleum","floor":19,"gold_loss":0},{"damage_healed":0,"gold_gain":0,"player_choice":"Ignored","damage_taken":0,"max_hp_gain":0,"max_hp_loss":0,"event_name":"Golden Shrine","floor":22,"gold_loss":0},{"damage_healed":0,"gold_gain":0,"player_choice":"Got Potions","damage_taken":0,"max_hp_gain":0,"max_hp_loss":0,"event_name":"Lab","floor":31,"gold_loss":0},{"damage_healed":0,"gold_gain":0,"player_choice":"Fight","damage_taken":0,"max_hp_gain":0,"max_hp_loss":0,"event_name":"Mysterious Sphere","floor":37,"gold_loss":0},{"cards_removed":["Deflect"],"damage_healed":0,"gold_gain":0,"player_choice":"Removed Skill","damage_taken":0,"max_hp_gain":0,"max_hp_loss":0,"event_name":"Falling","floor":41,"gold_loss":0},{"damage_healed":0,"gold_gain":0,"player_choice":"Forge","damage_taken":0,"max_hp_gain":0,"max_hp_loss":0,"event_name":"Accursed Blacksmith","floor":46,"gold_loss":0,"cards_upgraded":["Dagger Spray"]}],"is_beta":false,"boss_relics":[{"not_picked":["Ring of the Serpent","Fusion Hammer"],"picked":"WristBlade"},{"not_picked":["Coffee Dripper","Pandora\u0027s Box"],"picked":"Astrolabe"}],"items_purged_floors":[39],"is_endless":false,"potions_floor_spawned":[1,10,16,30,33,38,47,48],"ascension_level":4}}