{"host":"fxrgx7wt2cpkbhka","time":1611376342,"event":{"mods":["AchievementEnabler","BaseMod","Colored Powertips","Minty Spire (QoL Compilation)","Permanent Neow","Quick Restart","Slay-I","StSLib","Waifu the Spire"],"gold_per_floor":[369,369,64,76,92,14,14,189,213,213,229,239,256,271,271,373,373,392,402,402,422,422,422,432,432,432],"floor_reached":25,"language":"ENG","playtime":1127,"items_purged":["Normality"],"score":321,"play_id":"c97d24eb-2f9b-4abe-93f5-d642bb515fb4","local_time":"20210122203222","is_ascension_mode":true,"campfire_choices":[{"data":"Noxious Fumes","floor":7,"key":"SMITH"},{"data":"Noxious Fumes","floor":10,"key":"SMITH"},{"floor":15,"key":"REST"},{"floor":23,"key":"REST"}],"circlet_count":0,"master_deck":["AscendersBane","Strike_G","Strike_G","Strike_G","Strike_G","Strike_G","Defend_G","Defend_G","Defend_G","Defend_G","Defend_G","Survivor","Neutralize","Poisoned Stab","Sucker Punch","Neutralize","Noxious Fumes+1","Noxious Fumes+1","Bouncing Flask","Backstab","Doubt","Cloak And Dagger","Catalyst","Unload","Bane","Poisoned Stab","Backflip","Dash+1","Ghostly","Ghostly","Ghostly","Ghostly","Ghostly","Poisoned Stab"],"relics":["Ring of the Snake","Ancient Tea Set","Vajra","HoveringKite"],"acts_visited":["Exordium","TheCity"],"potions_floor_usage":[21,24,24,25],"damage_taken":[{"damage":8,"enemies":"Cultist","floor":1,"turns":6},{"damage":0,"enemies":"2 Louse","floor":4,"turns":2},{"damage":4,"enemies":"Small Slimes","floor":5,"turns":4},{"damage":4,"enemies":"Exordium Wildlife","floor":11,"turns":3},{"damage":10,"enemies":"Blue Slaver","floor":12,"turns":3},{"damage":1,"enemies":"2 Fungi Beasts","floor":13,"turns":3},{"damage":3,"enemies":"Large Slime","floor":14,"turns":4},{"damage":26,"enemies":"Slime Boss","floor":16,"turns":9},{"damage":25,"enemies":"2 Thieves","floor":18,"turns":4},{"damage":19,"enemies":"Spheric Guardian","floor":19,"turns":4},{"damage":26,"enemies":"Snake Plant","floor":21,"turns":4},{"damage":20,"enemies":"3 Cultists","floor":24,"turns":6},{"damage":7,"enemies":"Cultist and Chosen","floor":25,"turns":3}],"seed_played":"-6075629745219390961","potions_obtained":[{"floor":1,"key":"Explosive Potion"},{"floor":4,"key":"FearPotion"},{"floor":13,"key":"BlessingOfTheForge"},{"floor":21,"key":"BlessingOfTheForge"}],"is_trial":false,"path_per_floor":["M","?","$","M","M","$","R","?","T","R","M","M","M","M","R","B",null,"M","M","?","M","?","R","M","M"],"character_chosen":"THE_SILENT","items_purchased":["Noxious Fumes","Ancient Tea Set","Backstab"],"campfire_rested":2,"item_purchase_floors":[3,3,6],"current_hp_per_floor":[55,55,55,55,51,51,51,51,51,51,47,37,36,33,54,28,60,35,16,39,13,13,23,3,0,0],"gold":432,"neow_bonus":"TWO_FIFTY_GOLD","is_daily":false,"chose_seed":false,"campfire_upgraded":2,"win_rate":0.0,"timestamp":1611376342,"path_taken":["M","?","$","?","M","$","R","?","T","R","M","M","M","M","R","BOSS","M","M","?","M","?","R","M","M"],"items_purchased_type":["Card","Relic","Card"],"build_version":"2020-12-22","purchased_purges":1,"victory":false,"max_hp_per_floor":[70,70,70,70,70,70,70,70,70,70,70,70,70,70,70,70,70,70,70,70,70,35,35,35,35,35],"card_choices":[{"not_picked":["Crippling Poison","Accuracy"],"picked":"Poisoned Stab","floor":1},{"not_picked":["Backflip","Dagger Spray"],"picked":"Noxious Fumes","floor":4},{"not_picked":["Infinite Blades","Catalyst"],"picked":"Bouncing Flask","floor":5},{"not_picked":["Heel Hook","Deadly Poison"],"picked":"Cloak And Dagger","floor":11},{"not_picked":["Flying Knee","Riddle With Holes"],"picked":"Catalyst","floor":12},{"not_picked":["Calculated Gamble","Tactician"],"picked":"Unload","floor":13},{"not_picked":["Poisoned Stab","Escape Plan"],"picked":"Bane","floor":14},{"not_picked":["Bane","Sucker Punch"],"picked":"Poisoned Stab","floor":18},{"not_picked":["Eviscerate+1","Masterful Stab"],"picked":"Backflip","floor":19},{"not_picked":["Blade Dance+1","Infinite Blades"],"picked":"Dash+1","floor":21},{"not_picked":["Cloak And Dagger","Backflip"],"picked":"Poisoned Stab","floor":24}],"player_experience":729518,"relics_obtained":[{"floor":9,"key":"Vajra"}],"event_choices":[{"damage_healed":0,"gold_gain":0,"player_choice":"2 cards matched","damage_taken":0,"max_hp_gain":0,"max_hp_loss":0,"event_name":"Match and Keep!","floor":2,"gold_loss":0,"cards_obtained":["Sucker Punch","Neutralize"]},{"damage_healed":0,"gold_gain":175,"player_choice":"AGREE","damage_taken":0,"max_hp_gain":0,"max_hp_loss":0,"event_name":"Liars Game","floor":8,"gold_loss":0,"cards_obtained":["Doubt"]},{"damage_healed":23,"gold_gain":0,"player_choice":"Heal","damage_taken":0,"max_hp_gain":0,"max_hp_loss":0,"event_name":"The Library","floor":20,"gold_loss":0},{"damage_healed":0,"gold_gain":0,"player_choice":"Became a Ghost","damage_taken":0,"max_hp_gain":0,"max_hp_loss":35,"event_name":"Ghosts","floor":22,"gold_loss":0,"cards_obtained":["Ghostly","Ghostly","Ghostly","Ghostly","Ghostly"]}],"is_beta":false,"boss_relics":[{"not_picked":["Fusion Hammer","Snecko Eye"],"picked":"HoveringKite"}],"items_purged_floors":[3],"is_endless":false,"potions_floor_spawned":[1,4,13,18,21],"killed_by":"Cultist and Chosen","ascension_level":10}}