{"host":"rn4c402gwd40h2z6","time":1611414008,"event":{"mods":["100% Spire Juice","Act Like it!","Arknights The Spire","BaseMod","CapriCore","Challenge The Spire","Data Control","Downfall","Gensokyo","Good Game Mod","KinomotoSakuraMod(Ä¾Ö®±¾Ó£)","Koishi","Lobotomy","LobotomyExtend","Luminous","Marisa£¨ìFÓê¡¡Ä§ÀíÉ³£©","Minty Spire (QoL Compilation)","Pale of the Ancients","Quick Restart","Reimu£¨²©ÀöÁéÃÎ£©","Remilia£¨ÀÙÃ×ÀòÑÇ£©","Replay The Spire","RumiaBox-Â¶Ã×æ«µÄÉñÃØºÐ×Ó","StSLib","Td1madao Mod","The Alterego","The Bug Knight","The Cursed","The Hierophant","The Immortal","The Poker Player","The Saiyan","The Senshi","Yakumo Yukari mod","Youmu£¨»êÆÇÑýÃÎ£©","Yuyuko","vexMod","¡¾¹¦ÄÜMod¡¿»ìãçÖ®»·ÐÞ¸´²¹¶¡"],"gold_per_floor":[9999,10014,10010,9999,9999,9999,9999,10077,10081,10017,9999,9999,10019,10012,9999,9999,10009,9999,9999,9999,9999,9999,9999],"floor_reached":21,"language":"ZHS","playtime":1173,"items_purged":["Luminous:Dark_Abyssal_Drop","champ:Defend","champ:Defend"],"score":217,"play_id":"42834ecd-9404-4e4a-8df8-7356b4e7e0d5","local_time":"20210123230008","is_ascension_mode":false,"campfire_choices":[{"floor":1,"key":"RECALL"},{"data":"champ:GutPunch","floor":12,"key":"SMITH"},{"data":"champ:Taunt","floor":20,"key":"SMITH"}],"circlet_count":0,"master_deck":["champ:Strike","champ:Strike","champ:Strike","champ:Strike","champ:Defend","champ:Defend","champ:Execute","champ:Taunt+1","SpecialBullet","champ:Devastate","champ:TripleStrike","champ:TornadoPunch","champ:PerfectedStrike","champ:GutPunch+1","champ:PreciseThrust","champ:RecklessLeap","champ:PerfectedStrike","champ:TornadoPunch","champ:PerfectedStrike","champ:Haymaker","Pot Of Greed","Pot Of Greed","expansioncontent:DashGenerateEvil"],"relics":["champ:ChampionCrown","REME:ComplimentaryCards","LetterFromLob","Gensokyo:PortableGap","Replay:Towering Pillar of Hats","TungstenRod","Strange Spoon","GodSword4","TheAbacus","vexMod:Spyglass","HandDrill","DollysMirror","Pocketwatch","Replay:Wax Seal","champ:FightingForDummies","Grinning Jar","RedLine:ReiMu","downfall:HeartBlessingRed"],"acts_visited":["Gensokyo:Gensokyo","Gensokyo:Gensokyoer"],"potions_floor_usage":[],"damage_taken":[{"damage":0,"enemies":"Gensokyo:Gryphon","floor":2,"turns":3},{"damage":0,"enemies":"Gensokyo:2_Kodama","floor":3,"turns":1},{"damage":25,"enemies":"downfall:FleeingMerchant","floor":5,"turns":4},{"damage":0,"enemies":"Gensokyo:Python","floor":10,"turns":1},{"damage":0,"enemies":"Gensokyo:Kitsune","floor":13,"turns":1},{"damage":9,"enemies":"Gensokyo:Python_and_Kodama","floor":14,"turns":2},{"damage":0,"enemies":"downfall:FleeingMerchant","floor":15,"turns":4},{"damage":0,"enemies":"Gensokyo:VengefulSpirit","floor":17,"turns":2},{"damage":0,"enemies":"WA_ARCHETYPE_RETAIN","floor":18,"turns":2}],"seed_played":"-3690499953638872429","potions_obtained":[{"floor":2,"key":"Dexterity Potion"},{"floor":3,"key":"FearPotion"},{"floor":13,"key":"Slimebound:ThreeZeroPotion"}],"is_trial":false,"path_per_floor":["R","M","M","?","$","PTL","PTL","T","T","M","COS","R","M","M","$","$","M","B",null,"R","M"],"character_chosen":"THE_CHAMP","items_purchased":["Replay:Towering Pillar of Hats","TungstenRod","Strange Spoon","champ:PreciseThrust","Pocketwatch","Replay:Wax Seal","champ:FightingForDummies","Grinning Jar","expansioncontent:DashGenerateEvil"],"campfire_rested":0,"item_purchase_floors":[5,5,5,5,15,15,16,16,16],"current_hp_per_floor":[90,90,90,81,81,81,81,81,81,81,81,81,81,81,81,81,81,81,81,81,80,80,80],"gold":9999,"neow_bonus":"THREE_RARE_CARDS","is_daily":false,"chose_seed":false,"campfire_upgraded":2,"win_rate":0.0,"timestamp":1611414008,"path_taken":["R","M","M","?","$","PTL","PTL","?","T","M","COS","R","M","M","?","?","M","BOSS","R","M"],"items_purchased_type":["Relic","Relic","Relic","Card","Relic","Relic","Relic","Relic","Card"],"build_version":"2020-12-22","purchased_purges":3,"victory":false,"max_hp_per_floor":[90,90,90,81,81,81,81,81,81,81,81,81,81,81,81,81,81,81,81,81,80,80,80],"card_choices":[{"not_picked":["champ:IgnorePain","champ:DancingMaster"],"picked":"champ:Devastate","floor":0},{"not_picked":["champ:AdrenalArmor","champ:Backstep"],"picked":"champ:TornadoPunch","floor":2},{"not_picked":["champ:ShieldSigil","champ:HeartStrike"],"picked":"champ:PerfectedStrike","floor":3},{"not_picked":["champ:FocusedDefense","champ:BerserkerStyle"],"picked":"champ:GutPunch","floor":5},{"not_picked":["champ:StanceDance","champ:TornadoPunch"],"picked":"champ:RecklessLeap","floor":10},{"not_picked":["champ:SkillfulDodge","champ:BerserkersShout"],"picked":"champ:TornadoPunch","floor":13},{"not_picked":["champ:ShieldSlam","champ:FlashCut"],"picked":"champ:PerfectedStrike","floor":14},{"not_picked":["champ:Lariat","champ:TornadoPunch"],"picked":"champ:Haymaker","floor":15},{"not_picked":["champ:ViciousMockery","champ:FaceSlap","champ:FanOfKnives"],"picked":"SKIP","floor":17}],"player_experience":41719,"relics_obtained":[{"floor":2,"key":"LetterFromLob"},{"floor":9,"key":"GodSword4"}],"event_choices":[],"is_beta":false,"boss_relics":[{"not_picked":["Black Star","vexMod:TanglingVine"],"picked":"RedLine:ReiMu"}],"items_purged_floors":[5,15,16],"is_endless":false,"potions_floor_spawned":[2,3,13],"ascension_level":0}}