{"host":"c6u7e77myxvw4d0m","time":1611391150,"event":{"mods":["AchievementEnabler","BaseMod","Bestiary","Colored Map","Colored Powertips","Minty Spire (QoL Compilation)","Rare Cards Sparkle","Relic Stats","everything is the same but u backflip on backflip"],"gold_per_floor":[116,128,29,47,62,62,87,87,87,115,92,104,116,141,153,266,278,307,335,347,16,16,16,43,43,43,55,55,68,68,94,94,192,192,212,228,247,247,294,294,319,319,364,364,380,415,415,444,444,444,444,444,19,48,48],"floor_reached":56,"language":"ENG","playtime":11531,"items_purged":["Fiend Fire"],"score":1734,"play_id":"129cfc2f-7db7-4624-8b76-8004f38a2e58","local_time":"20210123103910","is_ascension_mode":true,"campfire_choices":[{"data":"Perfected Strike","floor":6.0,"key":"SMITH"},{"data":"Hemokinesis","floor":8.0,"key":"SMITH"},{"data":"Spot Weakness","floor":12.0,"key":"SMITH"},{"data":"Wild Strike","floor":15.0,"key":"SMITH"},{"data":"Hemokinesis","floor":23.0,"key":"SMITH"},{"data":"Immolate","floor":25.0,"key":"SMITH"},{"data":"Rage","floor":28.0,"key":"SMITH"},{"data":"Ghostly","floor":30.0,"key":"SMITH"},{"data":"Immolate","floor":32.0,"key":"SMITH"},{"data":"Ghostly","floor":40.0,"key":"SMITH"},{"floor":44.0,"key":"RECALL"},{"data":"Ghostly","floor":47.0,"key":"SMITH"},{"data":"Double Tap","floor":49.0,"key":"SMITH"},{"data":"Ghostly","floor":52.0,"key":"SMITH"}],"circlet_count":0,"master_deck":["Strike_R","Strike_R","Strike_R","Strike_R+1","Strike_R","Defend_R","Bash","Hemokinesis+1","Perfected Strike+1","Feed","Spot Weakness+1","Rage+1","Twin Strike","Wild Strike+1","Immolate+1","Uppercut+1","Ghostly+1","Ghostly","Ghostly+1","Ghostly+1","Ghostly+1","Rupture+1","Hemokinesis+1","Demon Form+1","Immolate+1","Reaper+1","Thunderclap+1","Brutality+1","Barricade+1","Double Tap+1"],"relics":["Empty Cage","Lantern","Frozen Egg 2","MawBank","Velvet Choker","Sling","Nloth\u0027s Gift","Bottled Flame","Gremlin Horn","HornCleat","Black Star","Thread and Needle","Whetstone","Bottled Lightning","Orichalcum","Calipers","Bird Faced Urn","Art of War","Red Skull","Pen Nib","Boot","Pear"],"acts_visited":["Exordium","TheCity","TheBeyond","TheEnding"],"potions_floor_usage":[55,55],"damage_taken":[{"damage":12.0,"enemies":"Jaw Worm","floor":1.0,"turns":2.0},{"damage":2.0,"enemies":"Cultist","floor":2.0,"turns":2.0},{"damage":2.0,"enemies":"2 Louse","floor":4.0,"turns":1.0},{"damage":9.0,"enemies":"Large Slime","floor":5.0,"turns":3.0},{"damage":20.0,"enemies":"Gremlin Nob","floor":7.0,"turns":3.0},{"damage":12.0,"enemies":"3 Sentries","floor":10.0,"turns":4.0},{"damage":2.0,"enemies":"Looter","floor":14.0,"turns":2.0},{"damage":52.0,"enemies":"Hexaghost","floor":16.0,"turns":8.0},{"damage":8.0,"enemies":"Spheric Guardian","floor":18.0,"turns":3.0},{"damage":3.0,"enemies":"Chosen","floor":19.0,"turns":3.0},{"damage":4.0,"enemies":"Book of Stabbing","floor":24.0,"turns":4.0},{"damage":6.0,"enemies":"Snake Plant","floor":27.0,"turns":4.0},{"damage":2.0,"enemies":"3 Cultists","floor":29.0,"turns":4.0},{"damage":2.0,"enemies":"Gremlin Leader","floor":31.0,"turns":2.0},{"damage":10.0,"enemies":"Collector","floor":33.0,"turns":7.0},{"damage":9.0,"enemies":"3 Darklings","floor":35.0,"turns":6.0},{"damage":3.0,"enemies":"Orb Walker","floor":36.0,"turns":2.0},{"damage":0.0,"enemies":"3 Darklings","floor":37.0,"turns":1.0},{"damage":0.0,"enemies":"2 Orb Walkers","floor":39.0,"turns":1.0},{"damage":0.0,"enemies":"Reptomancer","floor":41.0,"turns":6.0},{"damage":3.0,"enemies":"4 Shapes","floor":45.0,"turns":1.0},{"damage":8.0,"enemies":"Giant Head","floor":46.0,"turns":7.0},{"damage":7.0,"enemies":"Nemesis","floor":48.0,"turns":7.0},{"damage":73.0,"enemies":"Awakened One","floor":50.0,"turns":11.0},{"damage":6.0,"enemies":"Shield and Spear","floor":54.0,"turns":5.0},{"damage":27,"enemies":"The Heart","floor":55,"turns":8}],"seed_played":"-204314824675783628","potions_obtained":[{"floor":2.0,"key":"BloodPotion"},{"floor":4.0,"key":"DuplicationPotion"},{"floor":5.0,"key":"PowerPotion"},{"floor":7.0,"key":"Explosive Potion"},{"floor":16.0,"key":"DuplicationPotion"},{"floor":24.0,"key":"Weak Potion"},{"floor":27.0,"key":"Fire Potion"},{"floor":41.0,"key":"ColorlessPotion"},{"floor":45.0,"key":"LiquidBronze"},{"floor":48.0,"key":"Energy Potion"},{"floor":54.0,"key":"PowerPotion"}],"is_trial":false,"path_per_floor":["M","M","?","M","M","R","E","R","T","E","?","R","$","M","R","B",null,"M","M","?","$","?","R","E","R","T","M","R","M","R","E","R","B",null,"M","M","M","?","?","R","E","?","T","R","M","E","R","E","R","B",null,"R","$","E","B",null],"character_chosen":"IRONCLAD","items_purchased":["Rupture+1","Hemokinesis","Sling","SteroidPotion","Red Skull","Pen Nib","Energy Potion"],"campfire_rested":0,"item_purchase_floors":[21,21,21,21,53,53,53],"current_hp_per_floor":[60,58,58,56,50,50,30,30,30,21,42,42,42,40,40,5,66,58,55,43,43,43,43,39,39,39,36,36,34,34,32,32,22,40,40,37,37,37,49,49,49,49,49,49,46,41,41,41,41,2,42,42,42,62,44],"gold":48,"neow_bonus":"BOSS_RELIC","is_daily":false,"chose_seed":false,"campfire_upgraded":13,"win_rate":0.0,"timestamp":1611391150,"path_taken":["M","M","?","?","?","R","E","R","T","E","?","R","$","M","R","BOSS","M","M","?","$","?","R","E","R","T","M","R","?","R","E","R","BOSS","M","M","M","?","?","R","E","?","T","R","?","E","R","E","R","BOSS","R","$","E","BOSS"],"items_purchased_type":["Card","Card","Relic","Potion","Relic","Relic","Potion"],"build_version":"2020-12-22","purchased_purges":1,"victory":true,"max_hp_per_floor":[80,80,80,80,83,83,83,83,83,86,86,86,86,86,86,86,86,86,86,43,43,43,43,43,43,43,46,46,46,46,46,46,46,46,49,49,49,49,49,49,49,49,49,49,49,52,52,52,52,55,55,55,55,65,65],"relic_stats":{"Gremlin Horn":[20,20],"counters":[26,107],"Bird Faced Urn":[21],"Pen Nib":[2],"Nloth\u0027s Gift":6,"Black Star":4,"Art of War":[3],"Whetstone":["Strike_R","Reaper"],"Orichalcum":[36],"MawBank":132,"Boot":[0],"obtain_stats":[{"Lantern":3,"Calipers":46,"Pear":54,"Gremlin Horn":26,"Velvet Choker":17,"Thread and Needle":39,"Pen Nib":53,"Whetstone":41,"Frozen Egg 2":9,"Orichalcum":46,"Empty Cage":0,"MawBank":10,"Sling":21,"Boot":54,"Burning Blood":0,"Peace Pipe":7,"Bottled Flame":24,"HornCleat":31,"Bird Faced Urn":48,"Nloth\u0027s Gift":22,"Black Star":34,"Art of War":48,"Bottled Lightning":41,"Red Skull":53},{"Lantern":2,"Calipers":22,"Pear":25,"Gremlin Horn":11,"Velvet Choker":8,"Thread and Needle":19,"Pen Nib":24,"Whetstone":20,"Frozen Egg 2":5,"Orichalcum":22,"Empty Cage":0,"MawBank":6,"Sling":10,"Boot":25,"Burning Blood":0,"Peace Pipe":5,"Bottled Flame":11,"HornCleat":14,"Bird Faced Urn":23,"Nloth\u0027s Gift":10,"Black Star":15,"Art of War":23,"Bottled Lightning":20,"Red Skull":24},{"Lantern":4,"Calipers":76,"Pear":99,"Gremlin Horn":35,"Velvet Choker":25,"Thread and Needle":62,"Pen Nib":94,"Whetstone":68,"Frozen Egg 2":11,"Orichalcum":76,"Empty Cage":0,"MawBank":15,"Sling":31,"Boot":99,"Burning Blood":0,"Peace Pipe":11,"Bottled Flame":35,"HornCleat":45,"Bird Faced Urn":83,"Nloth\u0027s Gift":31,"Black Star":52,"Art of War":83,"Bottled Lightning":68,"Red Skull":94}]},"card_choices":[{"not_picked":["Headbutt","Blood for Blood"],"picked":"Hemokinesis","floor":1.0},{"not_picked":["Warcry","Entrench"],"picked":"Perfected Strike","floor":2.0},{"not_picked":["Havoc","Entrench"],"picked":"Feed","floor":4.0},{"not_picked":["Headbutt","Shockwave"],"picked":"Spot Weakness","floor":5.0},{"not_picked":["Disarm","Body Slam"],"picked":"Rage","floor":7.0},{"not_picked":["Warcry","Sword Boomerang"],"picked":"Twin Strike","floor":10.0},{"not_picked":["Clothesline","Seeing Red"],"picked":"Wild Strike","floor":14.0},{"not_picked":["Feed","Double Tap"],"picked":"Immolate","floor":16.0},{"not_picked":["Iron Wave","Power Through","Bloodletting+1"],"picked":"SKIP","floor":18.0},{"not_picked":["Infernal Blade","Warcry+1"],"picked":"Uppercut+1","floor":19.0},{"not_picked":["Perfected Strike","Juggernaut+1"],"picked":"Demon Form+1","floor":24.0},{"not_picked":["Second Wind","Body Slam","Dual Wield"],"picked":"SKIP","floor":27.0},{"not_picked":["Pommel Strike+1","Iron Wave+1","Clothesline+1"],"picked":"SKIP","floor":29.0},{"not_picked":["Barricade+1","Battle Trance"],"picked":"Immolate","floor":31.0},{"not_picked":["Double Tap","Feed"],"picked":"Reaper","floor":33.0},{"not_picked":["Flex","Body Slam","Heavy Blade"],"picked":"SKIP","floor":35.0},{"not_picked":["Iron Wave+1","Flex+1"],"picked":"Thunderclap+1","floor":36.0},{"not_picked":["Anger","Thunderclap+1","Burning Pact"],"picked":"SKIP","floor":37.0},{"not_picked":["Bloodletting+1","Armaments+1"],"picked":"Brutality+1","floor":41.0},{"not_picked":["Warcry","Infernal Blade","Shrug It Off+1"],"picked":"SKIP","floor":45.0},{"not_picked":["Immolate","Feed"],"picked":"Barricade+1","floor":46.0},{"not_picked":["Pommel Strike","Iron Wave+1"],"picked":"Double Tap","floor":48.0},{"not_picked":["Flex","Thunderclap","Anger+1"],"picked":"SKIP","floor":54.0}],"player_experience":447882,"relics_obtained":[{"floor":7.0,"key":"Peace Pipe"},{"floor":9.0,"key":"Frozen Egg 2"},{"floor":10.0,"key":"MawBank"},{"floor":24.0,"key":"Bottled Flame"},{"floor":26.0,"key":"Gremlin Horn"},{"floor":31.0,"key":"HornCleat"},{"floor":39.0,"key":"Thread and Needle"},{"floor":41.0,"key":"Whetstone"},{"floor":41.0,"key":"Bottled Lightning"},{"floor":46.0,"key":"Orichalcum"},{"floor":46.0,"key":"Calipers"},{"floor":48.0,"key":"Bird Faced Urn"},{"floor":48.0,"key":"Art of War"},{"floor":54.0,"key":"Boot"},{"floor":54.0,"key":"Pear"}],"event_choices":[{"damage_healed":0.0,"max_hp_gain":0.0,"max_hp_loss":0.0,"gold_gain":0.0,"event_name":"WeMeetAgain","player_choice":"Paid Gold","floor":3.0,"gold_loss":99.0,"damage_taken":0.0,"relics_obtained":["Lantern"]},{"damage_healed":21.0,"max_hp_gain":0.0,"max_hp_loss":0.0,"gold_gain":0.0,"event_name":"The Cleric","player_choice":"Healed","floor":11.0,"gold_loss":35.0,"damage_taken":0.0},{"damage_healed":0.0,"max_hp_gain":0.0,"max_hp_loss":43.0,"gold_gain":0.0,"event_name":"Ghosts","player_choice":"Became a Ghost","floor":20.0,"gold_loss":0.0,"damage_taken":0.0,"cards_obtained":["Ghostly","Ghostly","Ghostly","Ghostly","Ghostly"]},{"damage_healed":0.0,"max_hp_gain":0.0,"max_hp_loss":0.0,"gold_gain":0.0,"event_name":"N\u0027loth","player_choice":"Traded Relic","floor":22.0,"relics_lost":["Peace Pipe"],"gold_loss":0.0,"damage_taken":0.0,"relics_obtained":["Nloth\u0027s Gift"]},{"damage_healed":0.0,"max_hp_gain":0.0,"max_hp_loss":0.0,"gold_gain":0.0,"event_name":"Tomb of Lord Red Mask","player_choice":"Ignored","floor":38.0,"gold_loss":0.0,"damage_taken":0.0},{"damage_healed":0.0,"max_hp_gain":0.0,"max_hp_loss":0.0,"gold_gain":0.0,"event_name":"Mysterious Sphere","player_choice":"Fight","floor":39.0,"gold_loss":0.0,"damage_taken":0.0},{"damage_healed":0.0,"max_hp_gain":0.0,"max_hp_loss":0.0,"gold_gain":0.0,"cards_transformed":["Defend_R"],"event_name":"Transmorgrifier","player_choice":"Transformed","floor":42.0,"gold_loss":0.0,"damage_taken":0.0,"cards_obtained":["Fiend Fire"]}],"is_beta":false,"boss_relics":[{"not_picked":["Runic Dome","Pandora\u0027s Box"],"picked":"Velvet Choker"},{"not_picked":["Sozu","Mark of Pain"],"picked":"Black Star"}],"items_purged_floors":[53],"is_endless":false,"potions_floor_spawned":[2,4,5,7,16,24,27,35,41,45,48,54],"ascension_level":7}}