{"host":"z8rxhheekviw7a3n","time":1611379826,"event":{"mods":["AchievementEnabler","BaseMod","Highlight Path","Minty Spire (QoL Compilation)"],"gold_per_floor":[118,118,131,155,155,186,151,151,151,151,13,27,27,102,102,227,227,227,71,71,71,71,71,71,71,71,71,71,71,2,2,2,2,2],"floor_reached":33,"language":"ENG","playtime":2802,"items_purged":["Strike_B"],"score":259,"play_id":"e76430c6-8c9f-420e-aaf2-895db6d2608a","local_time":"20210122213026","is_ascension_mode":false,"campfire_choices":[{"data":"Dualcast","floor":8,"key":"SMITH"},{"data":"Zap","floor":10,"key":"SMITH"},{"floor":13,"key":"REST"},{"data":"Loop","floor":15,"key":"SMITH"},{"data":"Redo","floor":23,"key":"SMITH"},{"data":"Creative AI","floor":25,"key":"SMITH"},{"data":"Creative AI","floor":29,"key":"SMITH"},{"floor":32,"key":"REST"}],"circlet_count":0,"master_deck":["Strike_B","Defend_B","Defend_B","Defend_B","Defend_B","Zap+1","Dualcast+1","Sadistic Nature","Compile Driver","Conserve Battery","Coolheaded","Steam","Blind","Loop+1","Creative AI+1","Redo+1","Bandage Up","Creative AI+1","Capacitor","Pain","Chaos","Lockon","Echo Form"],"relics":["Cracked Core","Golden Idol","Pocketwatch","Ancient Tea Set","Darkstone Periapt","Ectoplasm","Juzu Bracelet","WarpedTongs","MawBank","Ginger"],"acts_visited":["Exordium","TheCity"],"potions_floor_usage":[6,16,31,33],"damage_taken":[{"damage":6,"enemies":"Cultist","floor":1,"turns":3},{"damage":1,"enemies":"Jaw Worm","floor":3,"turns":3},{"damage":3,"enemies":"2 Louse","floor":4,"turns":3},{"damage":18,"enemies":"Lagavulin","floor":6,"turns":8},{"damage":0,"enemies":"Blue Slaver","floor":12,"turns":4},{"damage":21,"enemies":"Slime Boss","floor":16,"turns":11},{"damage":16,"enemies":"Chosen","floor":18,"turns":6},{"damage":11,"enemies":"Shell Parasite","floor":24,"turns":7},{"damage":17,"enemies":"Chosen and Byrds","floor":28,"turns":6},{"damage":35,"enemies":"Slavers","floor":31,"turns":6},{"damage":28,"enemies":"Collector","floor":33,"turns":4}],"seed_played":"-522315519712073535","potions_obtained":[{"floor":4,"key":"AttackPotion"},{"floor":6,"key":"Weak Potion"},{"floor":16,"key":"Strength Potion"},{"floor":24,"key":"Dexterity Potion"},{"floor":28,"key":"FearPotion"},{"floor":31,"key":"AttackPotion"}],"is_trial":false,"path_per_floor":["M","?","M","M","?","E","?","R","T","R","$","M","R","?","R","B",null,"M","$","?","?","?","R","M","R","T","?","M","R","$","E","R","B"],"character_chosen":"DEFECT","items_purchased":["Blind","Loop","Bandage Up","Lockon"],"campfire_rested":2,"item_purchase_floors":[11,11,19,30],"current_hp_per_floor":[62,62,61,58,33,15,30,30,30,30,30,30,48,37,37,16,63,47,47,47,47,53,53,48,48,48,48,35,35,35,4,24,0,0],"gold":2,"neow_bonus":"RANDOM_COLORLESS_2","is_daily":false,"chose_seed":false,"campfire_upgraded":6,"win_rate":0.0,"timestamp":1611379826,"path_taken":["M","?","M","M","?","E","?","R","T","R","?","M","R","?","R","BOSS","M","$","?","?","?","R","M","R","T","?","M","R","$","E","R","BOSS"],"items_purchased_type":["Card","Card","Card","Card"],"build_version":"2020-12-22","purchased_purges":1,"victory":false,"max_hp_per_floor":[68,63,63,63,63,63,63,63,63,63,63,63,63,63,63,63,63,63,63,63,63,69,69,69,69,69,69,69,69,69,69,69,69,69],"card_choices":[{"not_picked":["Secret Technique","Apotheosis"],"picked":"Sadistic Nature","floor":0},{"not_picked":["Gash","Defragment"],"picked":"Compile Driver","floor":1},{"not_picked":["Rip and Tear","Cold Snap"],"picked":"Conserve Battery","floor":3},{"not_picked":["Leap","Heatsinks"],"picked":"Coolheaded","floor":4},{"not_picked":["Gash","All For One"],"picked":"Steam","floor":6},{"not_picked":["Barrage","Double Energy","Compile Driver"],"picked":"SKIP","floor":12},{"not_picked":["Echo Form","Multi-Cast"],"picked":"Creative AI","floor":16},{"not_picked":["Coolheaded","Compile Driver"],"picked":"Redo","floor":18},{"not_picked":["Conserve Battery","Scrape"],"picked":"Chaos","floor":24},{"not_picked":["Steam","Hologram","Melter"],"picked":"SKIP","floor":28},{"not_picked":["Compile Driver+1","Streamline+1"],"picked":"Echo Form","floor":31}],"player_experience":46230,"relics_obtained":[{"floor":6,"key":"Ancient Tea Set"},{"floor":9,"key":"Darkstone Periapt"},{"floor":26,"key":"MawBank"},{"floor":31,"key":"Ginger"}],"event_choices":[{"damage_healed":0,"gold_gain":0,"player_choice":"Lose Max HP","damage_taken":0,"relics_obtained":["Golden Idol"],"max_hp_gain":0,"max_hp_loss":5,"event_name":"Golden Idol","floor":2,"gold_loss":0},{"damage_healed":0,"gold_gain":0,"player_choice":"Success","damage_taken":25,"relics_obtained":["Pocketwatch"],"max_hp_gain":0,"max_hp_loss":0,"event_name":"Scrap Ooze","floor":5,"gold_loss":0},{"damage_healed":15,"gold_gain":0,"player_choice":"Healed","damage_taken":0,"max_hp_gain":0,"max_hp_loss":0,"event_name":"The Cleric","floor":7,"gold_loss":35},{"damage_healed":0,"gold_gain":75,"player_choice":"Gather Gold","damage_taken":11,"max_hp_gain":0,"max_hp_loss":0,"event_name":"World of Goop","floor":14,"gold_loss":0},{"damage_healed":0,"gold_gain":0,"player_choice":"Gave Potion","damage_taken":0,"relics_obtained":["Juzu Bracelet"],"max_hp_gain":0,"max_hp_loss":0,"event_name":"WeMeetAgain","floor":20,"gold_loss":0},{"damage_healed":0,"gold_gain":0,"cards_transformed":["Strike_B","Strike_B"],"player_choice":"Became Test Subject","damage_taken":0,"max_hp_gain":0,"max_hp_loss":0,"event_name":"Drug Dealer","floor":21,"gold_loss":0,"cards_obtained":["Creative AI","Capacitor"]},{"damage_healed":0,"gold_gain":0,"player_choice":"Rummage","damage_taken":0,"relics_obtained":["WarpedTongs"],"max_hp_gain":0,"max_hp_loss":0,"event_name":"Accursed Blacksmith","floor":22,"gold_loss":0,"cards_obtained":["Pain"]},{"damage_healed":0,"gold_gain":100,"player_choice":"Pray","damage_taken":0,"max_hp_gain":0,"max_hp_loss":0,"event_name":"Golden Shrine","floor":27,"gold_loss":0}],"is_beta":false,"boss_relics":[{"not_picked":["Snecko Eye","Runic Pyramid"],"picked":"Ectoplasm"}],"items_purged_floors":[19],"is_endless":false,"potions_floor_spawned":[4,6,16,24,28,31],"killed_by":"Collector","ascension_level":0}}