{"host":"leop","time":1611418731,"event":{"mods":["ATMod(阿瑾Mod)","Act Like it!","BaseMod","Conspire","GifTheSpireLib","HumanHunterMod(怪物杀人mod)","Minty Spire (QoL Compilation)","MostiFishMod","Shop Mod","Spicy Shops","StSLib","TestMod","The Alterego","[IsaacMod]以撒尖塔","【遗物卡牌】REMEMod"],"gold_per_floor":[117,117,133,59,59,90,90,121,167,167,210,229,229,250,250,369,369,393,418,343,368,388,431,431,465,465,465,496,510,337,400,400,521,521,545,395,395,415,815,815,830,854,854,898,898,933,676,711,711,711,711,711,711,711,711],"floor_reached":54,"language":"ZHS","playtime":2445,"items_purged":["alterego_mod:Maid","alterego_mod:SakuraPetals","alterego_mod:Clap","alterego_mod:BrynhildrsRune","Parasite","alterego_mod:Impale","alterego_mod:DiscoLights"],"score":1161,"play_id":"e656fe82-fcd2-4d72-8a63-72d6271c988b","local_time":"20210124001851","is_ascension_mode":true,"campfire_choices":[{"data":"alterego_mod:BrynhildrRomantia","floor":7,"key":"SMITH"},{"floor":13,"key":"RECALL"},{"data":"MostiFishMod:SephirahHod","floor":15,"key":"SMITH"},{"data":"alterego_mod:AlterEgo","floor":24,"key":"SMITH"},{"floor":27,"key":"REST"},{"data":"alterego_mod:BigMeatyClaws","floor":32,"key":"SMITH"},{"data":"Scrawl","floor":40,"key":"SMITH"},{"data":"alterego_mod:Birthday","floor":45,"key":"SMITH"},{"data":"alterego_mod:Palingenesis+2","floor":49,"key":"SMITH"},{"data":"alterego_mod:Palingenesis+3","floor":52,"key":"SMITH"}],"circlet_count":0,"master_deck":["alterego_mod:BigMeatyClaws+1","MostiFishMod:SephirahHod+1","alterego_mod:Tantrum","alterego_mod:BrynhildrRomantia+1","alterego_mod:GachaTicket","alterego_mod:ChallengeComplete","Scrawl+1","alterego_mod:TrashNCrash","alterego_mod:PerceptionDisorder","alterego_mod:1TonWallop","alterego_mod:AlterEgo+1","alterego_mod:Birthday+1","alterego_mod:Venus","alterego_mod:Birthday+1","alterego_mod:Birthday+1","alterego_mod:GIGAMILK+1","alterego_mod:Antipathy+1","alterego_mod:Palingenesis+5"],"relics":["testmod-TestBox","DaveBox","AT_ATBox","HushsDoor","MostiFishMod:Hod","testmod-BatchProcessingSystem","SynthV:TestCard","Golden Idol","testmod-Register","ThornShield","SharpPlug","Bottled Flame","TuHaoJin","Runic Pyramid","testmod-ArcanaOfDestiny","Toxic Egg 2","Centennial Puzzle","MerchantsRug","Toy Ornithopter","Bottled Lightning","Coffee Dripper","Eternal Feather","testmod-AssaultLearning","ImprovedEquipment","testmod-LifeArmor","DiscerningMonocle","alterego_mod:SistersRibbon","AT_SilvercatRing","BelialBook","DoctorsRemote","StrikeDummy","Prayer Wheel","testmod-CrystalShield","TheAbacus","conspire:DecoderRing","testmod-BlackFramedGlasses"],"acts_visited":["Exordium","TheCity","TheBeyond","TheEnding"],"potions_floor_usage":[44],"damage_taken":[{"damage":0.0,"enemies":"Cultist","floor":1.0,"turns":1.0},{"damage":0.0,"enemies":"Small Slimes","floor":3.0,"turns":3.0},{"damage":10,"enemies":"Gremlin Nob","floor":6,"turns":3},{"damage":0,"enemies":"Lagavulin","floor":8,"turns":2},{"damage":0,"enemies":"Gremlin Nob","floor":11,"turns":1},{"damage":0,"enemies":"2 Louse","floor":12,"turns":4},{"damage":29,"enemies":"Large Slime","floor":14,"turns":8},{"damage":35,"enemies":"The Guardian","floor":16,"turns":4},{"damage":27,"enemies":"Spheric Guardian","floor":18,"turns":4},{"damage":9,"enemies":"Shell Parasite","floor":19,"turns":2},{"damage":9,"enemies":"Centurion and Healer","floor":21,"turns":4},{"damage":43,"enemies":"Snake Plant","floor":22,"turns":2},{"damage":51,"enemies":"Slavers","floor":23,"turns":3},{"damage":34,"enemies":"Book of Stabbing","floor":25,"turns":2},{"damage":4,"enemies":"REME_1_Revenger","floor":28,"turns":2},{"damage":0,"enemies":"Snecko","floor":29,"turns":2},{"damage":0,"enemies":"Hiden Room Battle","floor":31,"turns":2},{"damage":38,"enemies":"Collector","floor":33,"turns":4},{"damage":18,"enemies":"3 Shapes","floor":35,"turns":5},{"damage":8,"enemies":"3 Darklings","floor":38,"turns":1},{"damage":22,"enemies":"4 Shapes","floor":41,"turns":4},{"damage":151,"enemies":"Transient","floor":42,"turns":5},{"damage":8,"enemies":"Reptomancer","floor":44,"turns":1},{"damage":2,"enemies":"Giant Head","floor":46,"turns":1},{"damage":8,"enemies":"Reptomancer","floor":48,"turns":1},{"damage":34,"enemies":"Time Eater","floor":50,"turns":6},{"damage":8,"enemies":"Shield and Spear","floor":54,"turns":1}],"seed_played":"-5485319271847029779","potions_obtained":[{"floor":1.0,"key":"Swift Potion"},{"floor":12,"key":"DistilledChaos"},{"floor":14,"key":"SpeedPotion"}],"is_trial":false,"path_per_floor":["M","?","M","$","?","E","R","E","T","T","E","M","R","M","R","B",null,"M","M","$","M","M","E","R","E","T","R","E","M","$","?","R","B",null,"M","$","T","M","?","R","M","M","T","E","R","E","$","E","R","B",null,"R","$","E"],"character_chosen":"The_Alterego","items_purchased":["testmod-Register","MerchantsRug","alterego_mod:Antipathy+1","DiscerningMonocle","alterego_mod:SistersRibbon","AT_SilvercatRing","BelialBook","DoctorsRemote","StrikeDummy","PowerPotion","testmod-CrystalShield","TheAbacus","conspire:DecoderRing","testmod-BlackFramedGlasses"],"campfire_rested":1,"item_purchase_floors":[4,30,34,47,47,47,47,47,47,47,53,53,53,53],"current_hp_per_floor":[74,56,78,78,78,79,79,79,79,79,90,98,98,106,106,82,118,91,93,93,109,77,51,51,28,28,71,70,84,84,97,97,68,154,162,162,162,158,158,166,178,33,33,39,48,60,60,86,95,81,187,187,187,0,0],"gold":711,"neow_bonus":"BOSS_RELIC","is_daily":false,"chose_seed":false,"campfire_upgraded":8,"win_rate":0.0,"timestamp":1611418731,"path_taken":["M","?","M","?","?","E","R","E","T","?","E","M","R","M","R","BOSS","M","M","$","M","M","E","R","E","T","R","E","M","$","?","R","BOSS","M","$","?","M","?","R","M","M","T","E","R","E","$","E","R","BOSS","R","$","E"],"items_purchased_type":["Relic","Relic","Card","Relic","Relic","Relic","Relic","Relic","Relic","Potion","Relic","Relic","Relic","Relic"],"build_version":"2020-12-18","purchased_purges":7,"victory":false,"max_hp_per_floor":[74,74,82,82,82,86,86,86,86,86,90,98,98,114,114,118,118,118,122,122,130,134,142,142,146,146,146,146,150,150,158,158,158,154,166,166,166,166,166,166,178,178,178,178,178,182,179,183,183,187,187,187,187,187,187],"card_choices":[{"not_picked":[],"picked":"Bomb","floor":0.0},{"not_picked":["alterego_mod:DustData","alterego_mod:Mirror","alterego_mod:Table"],"picked":"SKIP","floor":1.0},{"not_picked":["alterego_mod:Crossover","alterego_mod:SuperDuperMasochism","alterego_mod:BreastValley","alterego_mod:Table"],"picked":"alterego_mod:TrashNCrash","floor":3.0},{"not_picked":["alterego_mod:Valkyrie","alterego_mod:GachaTicket","alterego_mod:SuperDuperMasochism","alterego_mod:Collar","alterego_mod:BusterCard"],"picked":"SKIP","floor":6},{"not_picked":["alterego_mod:MaintainEyeContact","alterego_mod:Cycle","alterego_mod:ChallengeComplete","alterego_mod:HighServant","alterego_mod:Mirror"],"picked":"SKIP","floor":8},{"not_picked":["alterego_mod:DustData","alterego_mod:Pet","alterego_mod:Rip","alterego_mod:TrashNCrash"],"picked":"alterego_mod:PerceptionDisorder","floor":11},{"not_picked":["alterego_mod:Bloomers","alterego_mod:1TonWallop","alterego_mod:BusterCard","alterego_mod:Lingerie","alterego_mod:BustOut"],"picked":"SKIP","floor":12},{"not_picked":["alterego_mod:Bloomers","alterego_mod:BusterCard","alterego_mod:Lingerie","alterego_mod:BustOut"],"picked":"alterego_mod:1TonWallop","floor":12},{"not_picked":["alterego_mod:PresenceConcealment","alterego_mod:ChallengeComplete","alterego_mod:ClassAdvantage","alterego_mod:DustData","alterego_mod:RidiculouslyBig"],"picked":"SKIP","floor":14},{"not_picked":["alterego_mod:Lift","alterego_mod:IdEs","alterego_mod:PainIsPleasure","alterego_mod:SideboobHour"],"picked":"alterego_mod:AlterEgo","floor":16},{"not_picked":["alterego_mod:Support+1","alterego_mod:Crossover","alterego_mod:Bloomers+1","alterego_mod:GoddessCore"],"picked":"alterego_mod:Birthday","floor":18},{"not_picked":["alterego_mod:Rip+1","alterego_mod:Pet","alterego_mod:Crossover","alterego_mod:Santa","alterego_mod:Jiggle"],"picked":"SKIP","floor":19},{"not_picked":["alterego_mod:DeftHands+1","alterego_mod:Skirt","alterego_mod:DiscoLights","alterego_mod:Maid+1","alterego_mod:ChallengeComplete+1"],"picked":"SKIP","floor":21},{"not_picked":["alterego_mod:Complex","alterego_mod:RocketPunch","alterego_mod:Birthday","alterego_mod:SideboobHour","alterego_mod:Cycle"],"picked":"SKIP","floor":22},{"not_picked":["alterego_mod:SakuraPetals+1","alterego_mod:Lift","alterego_mod:ChallengeComplete","alterego_mod:PerceptionDisorder+1","alterego_mod:MagicResistance"],"picked":"SKIP","floor":23},{"not_picked":["alterego_mod:Punishment","alterego_mod:HighServant+1","alterego_mod:Birthday","alterego_mod:DiscoLights+1"],"picked":"alterego_mod:Venus","floor":25},{"not_picked":["alterego_mod:BeGentle+1","alterego_mod:DeftHands+1","alterego_mod:HighServant+1","alterego_mod:GoddessCore","alterego_mod:DiscoLights"],"picked":"SKIP","floor":28},{"not_picked":["alterego_mod:IndependentAction+1","alterego_mod:Bounce","alterego_mod:Skirt","alterego_mod:Maid"],"picked":"alterego_mod:Birthday+1","floor":29},{"not_picked":["alterego_mod:Cooking+1","alterego_mod:DeftHands+1","alterego_mod:Mirror+1","alterego_mod:SuperDuperMasochism+1"],"picked":"alterego_mod:Birthday+1","floor":31},{"not_picked":["alterego_mod:Venus","alterego_mod:ClassAdvantage","alterego_mod:BrynhildrRomantia","alterego_mod:Rake"],"picked":"alterego_mod:GIGAMILK+1","floor":33},{"not_picked":["alterego_mod:Valentines+1","alterego_mod:DeftHands+1","alterego_mod:Bounce+1","alterego_mod:BreastValley+1","alterego_mod:GoddessCore"],"picked":"SKIP","floor":35},{"not_picked":["alterego_mod:SakuraPetals","alterego_mod:HighServant+1","alterego_mod:Punishment+1","alterego_mod:MagicResistance+1","alterego_mod:Skirt"],"picked":"SKIP","floor":38},{"not_picked":["alterego_mod:Exercise+1","alterego_mod:BreastValley+1","alterego_mod:Maid+1","alterego_mod:Pet+1","alterego_mod:Jiggle+1"],"picked":"SKIP","floor":41},{"not_picked":["alterego_mod:PerceptionDisorder","alterego_mod:RocketPunch","alterego_mod:ChallengeComplete+1","alterego_mod:Valentines+1","alterego_mod:DiscoLights"],"picked":"SKIP","floor":42},{"not_picked":["alterego_mod:Skirt+1","alterego_mod:HighServant+1","alterego_mod:Cycle+1","alterego_mod:Cooking+1","alterego_mod:Santa+1"],"picked":"SKIP","floor":44},{"not_picked":["alterego_mod:HighServant+1","alterego_mod:TrashNCrash+1","alterego_mod:Cooking+1","alterego_mod:Birthday+1"],"picked":"alterego_mod:Palingenesis","floor":46},{"not_picked":["alterego_mod:Cooking+1","alterego_mod:Cycle+1","alterego_mod:DeftHands","alterego_mod:SakuraLabyrinth+1","alterego_mod:PurpleHair+1"],"picked":"SKIP","floor":48}],"player_experience":1145289,"relics_obtained":[{"floor":1.0,"key":"SynthV:TestCard"},{"floor":8,"key":"SharpPlug"},{"floor":10,"key":"Bottled Flame"},{"floor":11,"key":"TuHaoJin"},{"floor":25,"key":"testmod-ArcanaOfDestiny"},{"floor":26,"key":"Toxic Egg 2"},{"floor":28,"key":"Centennial Puzzle"},{"floor":31,"key":"Toy Ornithopter"},{"floor":31,"key":"Bottled Lightning"},{"floor":37,"key":"Eternal Feather"},{"floor":43,"key":"testmod-AssaultLearning"},{"floor":44,"key":"ImprovedEquipment"},{"floor":46,"key":"testmod-LifeArmor"},{"floor":48,"key":"Prayer Wheel"}],"event_choices":[{"damage_healed":0.0,"max_hp_gain":0.0,"max_hp_loss":0.0,"gold_gain":0.0,"event_name":"Golden Idol","player_choice":"Take Damage","floor":2.0,"gold_loss":0.0,"damage_taken":18.0,"relics_obtained":["Golden Idol"]},{"damage_healed":0,"gold_gain":0,"player_choice":"Swap Relic","damage_taken":0,"relics_obtained":["DaveBox"],"max_hp_gain":0,"max_hp_loss":0,"event_name":"给自己的盒子","floor":5,"relics_lost":["REME_ComplimentaryCards"],"gold_loss":0},{"damage_healed":0,"gold_gain":0,"player_choice":"Fight","damage_taken":0,"max_hp_gain":0,"max_hp_loss":0,"event_name":"HidenRoomEvent","floor":31,"gold_loss":0},{"damage_healed":0,"gold_gain":400,"player_choice":"Sell","damage_taken":0,"max_hp_gain":0,"max_hp_loss":0,"event_name":"恩洛斯的盘子","floor":39,"relics_lost":["DaveBox"],"gold_loss":0}],"is_beta":true,"boss_relics":[{"not_picked":["Philosopher\u0027s Stone","testmod-Nine"],"picked":"Runic Pyramid"},{"not_picked":[]},{"not_picked":["Cursed Key","FrostBlade"],"picked":"Coffee Dripper"},{"not_picked":[]}],"items_purged_floors":[20,30,30,36,47,47,53],"is_endless":false,"potions_floor_spawned":[1,12,14,16,18,21,23,25,31,35,41,44,48],"killed_by":"Shield and Spear","ascension_level":3}}