{"host":"d2y4rmbezebiv8aj","time":1611441808,"event":{"mods":["AchievementEnabler","BaseMod","Bestiary","BetterRewards","Colored Map","Colored Powertips","Custom Start","Highlight Path","Minty Spire (QoL Compilation)","Quick Restart","Rare Cards Sparkle","Relic Sorter","Relic Stats","Shop Mod","Slay-I","StSLib","SuperFastMode"],"gold_per_floor":[118,118,137,155,171,171,171],"floor_reached":6,"language":"DEU","playtime":276,"items_purged":[],"score":55,"play_id":"0d5356fc-2daa-4708-a08b-8709421ef288","local_time":"20210123234328","is_ascension_mode":true,"campfire_choices":[],"circlet_count":0,"master_deck":["Strike_G","Strike_G","Strike_G","Strike_G","Strike_G","Defend_G","Defend_G","Defend_G","Defend_G","Defend_G","Survivor","Neutralize","Mayhem","Dagger Throw","Infinite Blades","Slice","Deflect","Dagger Throw","Dagger Throw","Blade Dance"],"relics":["Ring of the Snake","MealTicket"],"acts_visited":["Exordium"],"potions_floor_usage":[6,6],"damage_taken":[{"damage":0,"enemies":"Small Slimes","floor":1,"turns":3},{"damage":0,"enemies":"Cultist","floor":3,"turns":4},{"damage":11,"enemies":"2 Louse","floor":4,"turns":3},{"damage":28,"enemies":"Lots of Slimes","floor":5,"turns":8},{"damage":36,"enemies":"Gremlin Nob","floor":6,"turns":4}],"seed_played":"5159043324578248197","potions_obtained":[{"floor":4,"key":"GhostInAJar"},{"floor":5,"key":"Regen Potion"}],"is_trial":false,"path_per_floor":["M","?","M","M","M","E"],"character_chosen":"THE_SILENT","items_purchased":["Mayhem","Dagger Throw","MealTicket","Infinite Blades","Slice"],"campfire_rested":0,"item_purchase_floors":[0,0,0,0,0],"current_hp_per_floor":[49,49,49,38,10,0,0],"gold":171,"neow_bonus":"","is_daily":false,"chose_seed":false,"campfire_upgraded":0,"win_rate":0.0,"timestamp":1611441808,"path_taken":["M","?","M","M","M","E"],"items_purchased_type":["Card","Card","Relic","Card","Card"],"build_version":"2020-12-22","purchased_purges":0,"victory":false,"max_hp_per_floor":[70,70,70,70,70,70,70],"relic_stats":{"counters":[101,535],"MealTicket":0,"obtain_stats":[{"Gremlin Horn":7,"Vajra":9,"HoveringKite":34,"Whetstone":43,"Boot":26,"Sling":41,"Blood Vial":36,"HornCleat":43,"DollysMirror":25,"Strawberry":25,"MealTicket":20,"Philosopher\u0027s Stone":17,"Kunai":0,"Toxic Egg 2":34,"Happy Flower":20,"Blue Candle":26,"Oddly Smooth Stone":0,"Eternal Feather":17,"Pen Nib":14,"Bronze Scales":7,"Molten Egg 2":27,"Meat on the Bone":0,"Regal Pillow":25,"Singing Bowl":14,"Torii":17,"Enchiridion":22,"Mango":17,"Bag of Preparation":45,"Juzu Bracelet":14,"Cursed Key":17,"Smiling Mask":9,"WristBlade":34,"Mummified Hand":0,"Pantograph":9,"Toolbox":20,"Tiny Chest":17,"Red Mask":47,"InkBottle":29,"Ring of the Snake":0,"Potion Belt":17,"Golden Idol":5,"Thread and Needle":34,"PreservedInsect":0,"Omamori":13,"Frozen Egg 2":17,"MawBank":43,"Medical Kit":22,"Mercury Hourglass":22,"Calling Bell":17,"Anchor":14,"Ornamental Fan":6,"Bag of Marbles":26,"Membership Card":24,"Toy Ornithopter":30},{"Gremlin Horn":24,"Vajra":4,"HoveringKite":13,"Whetstone":52,"Boot":67,"Sling":76,"Blood Vial":14,"HornCleat":77,"DollysMirror":67,"Strawberry":67,"MealTicket":28,"Philosopher\u0027s Stone":89,"Kunai":0,"Toxic Egg 2":49,"Happy Flower":42,"Blue Candle":10,"Oddly Smooth Stone":20,"Eternal Feather":65,"Pen Nib":39,"Bronze Scales":4,"Molten Egg 2":93,"Meat on the Bone":81,"Regal Pillow":44,"Singing Bowl":64,"Torii":65,"Enchiridion":9,"Mango":7,"Bag of Preparation":77,"Juzu Bracelet":88,"Cursed Key":26,"Smiling Mask":37,"WristBlade":73,"Mummified Hand":56,"Pantograph":24,"Toolbox":9,"Tiny Chest":65,"Red Mask":19,"InkBottle":11,"Ring of the Snake":0,"Potion Belt":7,"Golden Idol":23,"Thread and Needle":49,"PreservedInsect":0,"Omamori":24,"Frozen Egg 2":7,"MawBank":17,"Medical Kit":92,"Mercury Hourglass":92,"Calling Bell":7,"Anchor":6,"Ornamental Fan":61,"Bag of Marbles":44,"Membership Card":43,"Toy Ornithopter":11},{"Gremlin Horn":115,"Vajra":21,"HoveringKite":66,"Whetstone":248,"Boot":328,"Sling":406,"Blood Vial":70,"HornCleat":414,"DollysMirror":328,"Strawberry":328,"MealTicket":138,"Philosopher\u0027s Stone":486,"Kunai":0,"Toxic Egg 2":231,"Happy Flower":191,"Blue Candle":54,"Oddly Smooth Stone":100,"Eternal Feather":314,"Pen Nib":176,"Bronze Scales":21,"Molten Egg 2":499,"Meat on the Bone":442,"Regal Pillow":204,"Singing Bowl":304,"Torii":314,"Enchiridion":49,"Mango":40,"Bag of Preparation":414,"Juzu Bracelet":472,"Cursed Key":129,"Smiling Mask":168,"WristBlade":381,"Mummified Hand":264,"Pantograph":115,"Toolbox":49,"Tiny Chest":314,"Red Mask":89,"InkBottle":56,"Ring of the Snake":0,"Potion Belt":40,"Golden Idol":109,"Thread and Needle":231,"PreservedInsect":0,"Omamori":115,"Frozen Egg 2":40,"MawBank":83,"Medical Kit":498,"Mercury Hourglass":498,"Calling Bell":40,"Anchor":27,"Ornamental Fan":287,"Bag of Marbles":204,"Membership Card":198,"Toy Ornithopter":56}],"Ring of the Snake":[202]},"card_choices":[{"not_picked":["Acrobatics","Flechettes"],"picked":"Deflect","floor":1},{"not_picked":["Crippling Poison","Bane"],"picked":"Dagger Throw","floor":3},{"not_picked":["Deadly Poison","Choke"],"picked":"Dagger Throw","floor":4},{"not_picked":["Caltrops","Prepared"],"picked":"Blade Dance","floor":5}],"player_experience":377808,"relics_obtained":[],"event_choices":[{"damage_healed":0,"gold_gain":0,"player_choice":"Bought 0 Potions","damage_taken":0,"max_hp_gain":0,"max_hp_loss":0,"event_name":"The Woman in Blue","floor":2,"gold_loss":0}],"is_beta":false,"boss_relics":[],"items_purged_floors":[],"is_endless":false,"potions_floor_spawned":[4,5],"killed_by":"Gremlin Nob","ascension_level":9}}