{"host":"kth2ngi076kd734g","time":1611402561,"event":{"mods":["BaseMod","Colored Map","Filter the Spire","Minty Spire (QoL Compilation)","Relic Stats"],"gold_per_floor":[115,130,142,155,155,155,189,208,280,280,292,50,68,87,87,189,189,189,189,189,144,144,144,144,144,144,144,50,50,50,50,50,50,50,50,50,50,50,50,50,50,50,50,50,50,50,50,50,50,50,50,50,0,0,0,0],"floor_reached":55,"language":"ENG","playtime":5244,"items_purged":[],"score":1125,"play_id":"73d24337-9094-47be-a376-47d86544f84c","local_time":"20210123124921","is_ascension_mode":true,"campfire_choices":[{"data":"Hyperbeam","floor":6,"key":"SMITH"},{"data":"Hologram","floor":10,"key":"SMITH"},{"data":"Biased Cognition","floor":15,"key":"SMITH"},{"data":"Zap","floor":29,"key":"SMITH"},{"data":"Darkness","floor":32,"key":"SMITH"},{"floor":40,"key":"RECALL"},{"data":"Chill","floor":42,"key":"SMITH"},{"data":"Dualcast","floor":46,"key":"SMITH"},{"floor":49,"key":"REST"},{"data":"Hologram","floor":52,"key":"SMITH"}],"circlet_count":0,"master_deck":["Zap+1","Dualcast+1","Consume+1","White Noise","Hyperbeam+1","Cold Snap","Auto Shields","Biased Cognition+1","FTL","Hologram+1","Darkness+1","Hologram+1","Self Repair","Chill+1","Aggregate+1","Genetic Algorithm","Lockon+1","Biased Cognition+1","Steam+1","FTL+1","Buffer+1","Electrodynamics+1","Heatsinks+1","Compile Driver+1","Skim+1","Buffer+1","Echo Form+1","Hologram+1","Leap+1","Skim+1","Chaos+1","Blizzard+1"],"relics":["Pandora\u0027s Box","War Paint","Matryoshka","Frozen Egg 2","Ectoplasm","Red Mask","Old Coin","Nunchaku","Orichalcum","Singing Bowl","Black Star","Mango","Calipers","Whetstone","Bottled Tornado","Oddly Smooth Stone","Meat on the Bone","Ancient Tea Set","Art of War","Mercury Hourglass","Bag of Marbles","Pen Nib"],"acts_visited":["Exordium","TheCity","TheBeyond","TheEnding"],"potions_floor_usage":[7,7,13,20,21,27,30,33,50,50,50,55,55],"damage_taken":[{"damage":0,"enemies":"Cultist","floor":1,"turns":3},{"damage":0,"enemies":"Small Slimes","floor":2,"turns":3},{"damage":8,"enemies":"2 Louse","floor":3,"turns":2},{"damage":0,"enemies":"2 Fungi Beasts","floor":4,"turns":2},{"damage":10,"enemies":"3 Sentries","floor":7,"turns":5},{"damage":0,"enemies":"Exordium Wildlife","floor":8,"turns":3},{"damage":2,"enemies":"3 Louse","floor":11,"turns":3},{"damage":6,"enemies":"Exordium Thugs","floor":13,"turns":3},{"damage":8,"enemies":"Red Slaver","floor":14,"turns":3},{"damage":53,"enemies":"Hexaghost","floor":16,"turns":9},{"damage":10,"enemies":"Shell Parasite","floor":18,"turns":4},{"damage":0,"enemies":"Masked Bandits","floor":20,"turns":3},{"damage":7,"enemies":"2 Thieves","floor":21,"turns":3},{"damage":8,"enemies":"Book of Stabbing","floor":23,"turns":6},{"damage":12,"enemies":"Snake Plant","floor":24,"turns":4},{"damage":0,"enemies":"Gremlin Leader","floor":25,"turns":5},{"damage":0,"enemies":"Book of Stabbing","floor":27,"turns":6},{"damage":22,"enemies":"Snecko","floor":30,"turns":5},{"damage":0,"enemies":"Chosen and Byrds","floor":31,"turns":4},{"damage":8,"enemies":"Champ","floor":33,"turns":6},{"damage":29,"enemies":"3 Darklings","floor":35,"turns":4},{"damage":8,"enemies":"2 Orb Walkers","floor":36,"turns":4},{"damage":0,"enemies":"3 Shapes","floor":37,"turns":5},{"damage":0,"enemies":"Writhing Mass","floor":39,"turns":6},{"damage":0,"enemies":"Reptomancer","floor":41,"turns":5},{"damage":0,"enemies":"Maw","floor":44,"turns":6},{"damage":0,"enemies":"Giant Head","floor":45,"turns":7},{"damage":0,"enemies":"Transient","floor":47,"turns":5},{"damage":25,"enemies":"Reptomancer","floor":48,"turns":5},{"damage":3,"enemies":"Donu and Deca","floor":50,"turns":5},{"damage":0,"enemies":"Shield and Spear","floor":54,"turns":4},{"damage":105,"enemies":"The Heart","floor":55,"turns":9}],"seed_played":"-4250391459298488099","potions_obtained":[{"floor":1,"key":"Block Potion"},{"floor":2,"key":"Swift Potion"},{"floor":3,"key":"Dexterity Potion"},{"floor":8,"key":"AttackPotion"},{"floor":16,"key":"GamblersBrew"},{"floor":20,"key":"Block Potion"},{"floor":23,"key":"Regen Potion"},{"floor":25,"key":"Block Potion"},{"floor":27,"key":"GamblersBrew"},{"floor":31,"key":"FearPotion"},{"floor":37,"key":"EssenceOfSteel"},{"floor":54,"key":"DistilledChaos"}],"is_trial":false,"path_per_floor":["M","M","M","M","?","R","E","M","T","R","M","$","M","M","R","B",null,"M","?","?","M","?","E","M","E","T","E","$","R","M","M","R","B",null,"M","?","M","?","M","R","E","R","T","M","E","R","M","E","R","B",null,"R","$","E","B"],"character_chosen":"DEFECT","items_purchased":["Frozen Egg 2","Heatsinks+1","Compile Driver","SkillPotion"],"campfire_rested":1,"item_purchase_floors":[12,28,28,53],"current_hp_per_floor":[75,75,67,74,74,74,71,75,75,75,75,75,69,68,68,22,75,72,72,72,72,72,71,66,73,73,75,75,75,53,60,60,67,75,55,70,72,68,75,75,84,84,84,91,103,103,105,87,105,105,105,105,105,105,0,0],"gold":0,"neow_bonus":"BOSS_RELIC","is_daily":false,"chose_seed":false,"campfire_upgraded":8,"win_rate":0.0,"timestamp":1611402561,"path_taken":["M","M","?","M","?","R","E","M","T","R","M","$","M","?","R","BOSS","M","?","?","M","?","E","M","E","T","E","$","R","M","M","R","BOSS","M","?","M","?","?","R","E","R","T","M","E","R","M","E","R","BOSS","R","$","E","BOSS"],"items_purchased_type":["Relic","Card","Card","Potion"],"build_version":"2020-12-22","purchased_purges":0,"victory":false,"max_hp_per_floor":[75,75,75,75,75,75,75,75,75,75,75,75,75,75,75,75,75,75,75,75,75,75,75,75,75,75,75,75,75,75,75,75,75,75,77,93,95,101,101,101,103,103,103,103,103,103,105,105,105,105,105,105,105,105,105,105],"relic_stats":{"Singing Bowl":16,"counters":[32,147],"Pen Nib":[1],"Whetstone":["Lockon","Compile Driver"],"War Paint":["Consume","Aggregate"],"Orichalcum":[96],"Mercury Hourglass":[60],"Nunchaku":[12],"Pandora\u0027s Box":["Consume","White Noise","Hyperbeam","Cold Snap","Auto Shields","Biased Cognition","FTL","Hologram"],"Ectoplasm":911,"Black Star":4,"Art of War":[2],"obtain_stats":[{"Calipers":41,"Singing Bowl":27,"Oddly Smooth Stone":43,"Mango":36,"Pen Nib":54,"Whetstone":41,"War Paint":7,"Frozen Egg 2":12,"Orichalcum":26,"Bottled Tornado":43,"Ancient Tea Set":45,"Old Coin":23,"Mercury Hourglass":48,"Nunchaku":25,"Matryoshka":9,"Pandora\u0027s Box":0,"Ectoplasm":17,"Red Mask":20,"Black Star":34,"Art of War":48,"Bag of Marbles":54,"Cracked Core":0,"Meat on the Bone":45},{"Calipers":25,"Singing Bowl":17,"Oddly Smooth Stone":25,"Mango":22,"Pen Nib":31,"Whetstone":25,"War Paint":5,"Frozen Egg 2":7,"Orichalcum":16,"Bottled Tornado":25,"Ancient Tea Set":27,"Old Coin":14,"Mercury Hourglass":29,"Nunchaku":16,"Matryoshka":6,"Pandora\u0027s Box":0,"Ectoplasm":10,"Red Mask":12,"Black Star":20,"Art of War":29,"Bag of Marbles":31,"Cracked Core":0,"Meat on the Bone":27},{"Calipers":106,"Singing Bowl":67,"Oddly Smooth Stone":106,"Mango":90,"Pen Nib":138,"Whetstone":106,"War Paint":15,"Frozen Egg 2":21,"Orichalcum":61,"Bottled Tornado":106,"Ancient Tea Set":119,"Old Coin":52,"Mercury Hourglass":129,"Nunchaku":61,"Matryoshka":18,"Pandora\u0027s Box":0,"Ectoplasm":36,"Red Mask":43,"Black Star":82,"Art of War":129,"Bag of Marbles":138,"Cracked Core":0,"Meat on the Bone":119}],"Meat on the Bone":0},"card_choices":[{"not_picked":["Undo","Coolheaded"],"picked":"Darkness","floor":1},{"not_picked":["Compile Driver","Rebound"],"picked":"Hologram","floor":2},{"not_picked":["Beam Cell","Redo"],"picked":"Self Repair","floor":3},{"not_picked":["Hello World","Ball Lightning"],"picked":"Chill","floor":4},{"not_picked":["Beam Cell","Leap"],"picked":"Aggregate","floor":7},{"not_picked":["Cold Snap","Streamline","Blizzard"],"picked":"SKIP","floor":8},{"not_picked":["Amplify","Conserve Battery"],"picked":"Genetic Algorithm","floor":11},{"not_picked":["Recycle","Barrage"],"picked":"Lockon","floor":13},{"not_picked":["Darkness","White Noise","Rebound"],"picked":"SKIP","floor":14},{"not_picked":["Thunder Strike","All For One"],"picked":"Biased Cognition+1","floor":16},{"not_picked":["Redo","Sweeping Beam","Coolheaded"],"picked":"SKIP","floor":18},{"not_picked":["Gash","Chaos"],"picked":"Steam+1","floor":21},{"not_picked":["Cold Snap","Reprogram"],"picked":"FTL+1","floor":23},{"not_picked":["Leap","White Noise","Hologram"],"picked":"SKIP","floor":24},{"not_picked":["Loop+1","BootSequence"],"picked":"Buffer+1","floor":25},{"not_picked":["Ball Lightning","Sweeping Beam"],"picked":"Electrodynamics+1","floor":27},{"not_picked":["Compile Driver+1","BootSequence"],"picked":"Skim+1","floor":30},{"not_picked":["Undo","Streamline+1"],"picked":"Buffer+1","floor":31},{"not_picked":["Buffer+1","Electrodynamics+1"],"picked":"Echo Form+1","floor":33},{"not_picked":["Steam","Beam Cell+1","Skim"],"picked":"Singing Bowl","floor":35},{"not_picked":["Stack+1","White Noise","Streamline+1"],"picked":"Singing Bowl","floor":36},{"not_picked":["Rebound","Rip and Tear","Doom and Gloom"],"picked":"Singing Bowl","floor":37},{"not_picked":["Secret Weapon","Flash of Steel","Dark Shackles"],"picked":"Singing Bowl","floor":38},{"not_picked":["PanicButton","Mind Blast","Secret Weapon"],"picked":"Singing Bowl","floor":38},{"not_picked":["Bandage Up","Swift Strike","Finesse"],"picked":"Singing Bowl","floor":38},{"not_picked":["Redo+1","Stack"],"picked":"Hologram+1","floor":39},{"not_picked":["Rebound","Redo","Barrage+1"],"picked":"Singing Bowl","floor":41},{"not_picked":["Hyperbeam","Conserve Battery"],"picked":"Leap+1","floor":44},{"not_picked":["Stack+1","Sweeping Beam"],"picked":"Skim+1","floor":45},{"not_picked":["Ball Lightning","Turbo+1","Recycle"],"picked":"Singing Bowl","floor":47},{"not_picked":["Chill","Steam+1"],"picked":"Chaos+1","floor":48},{"not_picked":["White Noise","Steam+1"],"picked":"Blizzard+1","floor":54}],"player_experience":671874,"relics_obtained":[{"floor":7,"key":"War Paint"},{"floor":9,"key":"Matryoshka"},{"floor":20,"key":"Red Mask"},{"floor":23,"key":"Old Coin"},{"floor":25,"key":"Nunchaku"},{"floor":26,"key":"Orichalcum"},{"floor":27,"key":"Singing Bowl"},{"floor":36,"key":"Mango"},{"floor":41,"key":"Calipers"},{"floor":41,"key":"Whetstone"},{"floor":43,"key":"Bottled Tornado"},{"floor":43,"key":"Oddly Smooth Stone"},{"floor":45,"key":"Meat on the Bone"},{"floor":45,"key":"Ancient Tea Set"},{"floor":48,"key":"Art of War"},{"floor":48,"key":"Mercury Hourglass"},{"floor":54,"key":"Bag of Marbles"},{"floor":54,"key":"Pen Nib"}],"event_choices":[{"damage_healed":0,"gold_gain":0,"player_choice":"Ignored","damage_taken":0,"max_hp_gain":0,"max_hp_loss":0,"event_name":"Purifier","floor":5,"gold_loss":0},{"damage_healed":0,"gold_gain":0,"player_choice":"Ignored","damage_taken":0,"max_hp_gain":0,"max_hp_loss":0,"event_name":"Vampires","floor":19,"gold_loss":0},{"damage_healed":0,"gold_gain":0,"player_choice":"Fought Bandits","damage_taken":0,"max_hp_gain":0,"max_hp_loss":0,"event_name":"Masked Bandits","floor":20,"gold_loss":0},{"damage_healed":0,"gold_gain":0,"player_choice":"Simplicity","damage_taken":0,"max_hp_gain":0,"max_hp_loss":0,"event_name":"Back to Basics","floor":22,"gold_loss":0,"cards_upgraded":[]},{"damage_healed":0,"gold_gain":0,"player_choice":"Fight","damage_taken":0,"max_hp_gain":0,"max_hp_loss":0,"event_name":"Mysterious Sphere","floor":36,"gold_loss":0},{"damage_healed":0,"gold_gain":0,"player_choice":"Memory 3","damage_taken":10,"max_hp_gain":0,"max_hp_loss":0,"event_name":"SensoryStone","floor":38,"gold_loss":0}],"is_beta":false,"boss_relics":[{"not_picked":["Philosopher\u0027s Stone","Astrolabe"],"picked":"Ectoplasm"},{"not_picked":["Cursed Key","Sozu"],"picked":"Black Star"}],"items_purged_floors":[],"is_endless":false,"potions_floor_spawned":[1,2,3,8,16,20,23,25,27,31,37,45,48,54],"killed_by":"The Heart","ascension_level":4}}