{"host":"v9oq5ccz01n9mezq","time":1611367484,"event":{"mods":["BaseMod","Colored Map","Minty Spire (QoL Compilation)"],"gold_per_floor":[113,288,298,316,150,177,177,177,204,234,244,244,264,214,214,310,310,280,280,280,280,280,280,280,280,280,280,280,280,280,280,280,280,280,280,280,280,280,280,280,280,280,280,280,280,162,162,162,162,162],"floor_reached":51,"language":"ENG","playtime":3125,"items_purged":["Doubt","Strike_P"],"score":856,"play_id":"ca0f4a30-7e87-4523-a0fb-fefc7bdee9f4","local_time":"20210122210444","is_ascension_mode":true,"campfire_choices":[{"data":"Eruption","floor":7,"key":"SMITH"},{"data":"SignatureMove","floor":12,"key":"SMITH"},{"data":"Evaluate","floor":15,"key":"SMITH"},{"data":"EmptyFist","floor":24,"key":"SMITH"},{"data":"Devotion","floor":27,"key":"SMITH"},{"floor":30,"key":"REST"},{"floor":32,"key":"REST"},{"data":"Vault","floor":42,"key":"SMITH"},{"data":"Dramatic Entrance","floor":44,"key":"SMITH"},{"floor":49,"key":"REST"}],"circlet_count":0,"master_deck":["Strike_P","Strike_P","Strike_P","Defend_P+1","Defend_P","Eruption+1","Vigilance+1","Bandage Up","CutThroughFate","FollowUp","Dramatic Entrance+1","Consecrate","SignatureMove+1","Protect","Evaluate+1","Devotion+1","SandsOfTime","ReachHeaven","EmptyFist+1","EmptyBody+1","Pray+1","Perseverance","MasterReality+1","Wallop","ForeignInfluence+1","Evaluate+1","Vault+1","LikeWater+1","MentalFortress+1"],"relics":["PureWater","Smiling Mask","Akabeko","White Beast Statue","Ectoplasm","Kunai","Nilry\u0027s Codex","Frozen Egg 2","Mummified Hand","Omamori","Black Star","Pear","StoneCalendar","Torii"],"acts_visited":["Exordium","TheCity","TheBeyond"],"potions_floor_usage":[28,28,38,39,40,41,41,41,45,47,50],"damage_taken":[{"damage":0,"enemies":"2 Louse","floor":1,"turns":2},{"damage":0,"enemies":"Small Slimes","floor":3,"turns":3},{"damage":0,"enemies":"Jaw Worm","floor":4,"turns":5},{"damage":14,"enemies":"3 Sentries","floor":6,"turns":7},{"damage":0,"enemies":"Lagavulin","floor":10,"turns":4},{"damage":0,"enemies":"Exordium Wildlife","floor":11,"turns":1},{"damage":0,"enemies":"Lots of Slimes","floor":13,"turns":1},{"damage":49,"enemies":"The Guardian","floor":16,"turns":9},{"damage":4,"enemies":"2 Thieves","floor":18,"turns":2},{"damage":0,"enemies":"Chosen","floor":20,"turns":3},{"damage":13,"enemies":"Gremlin Leader","floor":23,"turns":5},{"damage":0,"enemies":"Centurion and Healer","floor":25,"turns":4},{"damage":11,"enemies":"Slavers","floor":28,"turns":3},{"damage":33,"enemies":"Snake Plant","floor":29,"turns":3},{"damage":49,"enemies":"Collector","floor":33,"turns":10},{"damage":0,"enemies":"Orb Walker","floor":35,"turns":4},{"damage":0,"enemies":"3 Shapes","floor":38,"turns":6},{"damage":7,"enemies":"3 Darklings","floor":39,"turns":3},{"damage":22,"enemies":"Giant Head","floor":40,"turns":7},{"damage":6,"enemies":"Transient","floor":41,"turns":6},{"damage":23,"enemies":"Jaw Worm Horde","floor":45,"turns":4},{"damage":0,"enemies":"Nemesis","floor":47,"turns":2},{"damage":18,"enemies":"Spire Growth","floor":48,"turns":5},{"damage":40,"enemies":"Awakened One","floor":50,"turns":9}],"seed_played":"-3023659587632877444","potions_obtained":[{"floor":1,"key":"Strength Potion"},{"floor":4,"key":"Energy Potion"},{"floor":11,"key":"Swift Potion"},{"floor":33,"key":"Explosive Potion"},{"floor":35,"key":"PowerPotion"},{"floor":38,"key":"SteroidPotion"},{"floor":39,"key":"Regen Potion"},{"floor":40,"key":"PowerPotion"},{"floor":41,"key":"Explosive Potion"},{"floor":45,"key":"SmokeBomb"},{"floor":48,"key":"BlessingOfTheForge"}],"is_trial":false,"path_per_floor":["M","?","M","M","$","E","R","?","T","E","M","R","M","?","R","B",null,"M","?","M","?","?","E","R","M","T","R","E","M","R","?","R","B",null,"M","?","?","M","M","E","M","R","T","R","M","$","E","M","R","B",null],"character_chosen":"WATCHER","items_purchased":["Dramatic Entrance","MentalFortress+1"],"campfire_rested":3,"item_purchase_floors":[5,46],"current_hp_per_floor":[72,72,72,72,72,62,62,48,48,52,52,52,52,52,52,7,72,72,72,72,72,56,47,47,51,51,51,40,11,32,32,53,8,72,72,72,72,72,65,72,70,70,70,70,51,51,51,37,61,25],"gold":162,"neow_bonus":"RANDOM_COLORLESS","is_daily":false,"chose_seed":false,"campfire_upgraded":7,"win_rate":0.0,"timestamp":1611367484,"path_taken":["M","?","M","M","$","E","R","?","T","E","M","R","M","?","R","BOSS","M","?","M","?","?","E","R","M","T","R","E","M","R","?","R","BOSS","M","?","?","M","M","E","M","R","T","R","?","?","E","M","R","BOSS"],"items_purchased_type":["Card","Card"],"build_version":"2020-12-22","purchased_purges":2,"victory":true,"max_hp_per_floor":[72,72,72,72,72,72,72,72,72,72,72,72,72,72,72,72,72,72,72,72,72,72,72,72,72,72,72,72,72,72,72,72,72,72,72,72,72,72,72,82,82,82,82,82,82,82,82,82,82,82],"card_choices":[{"not_picked":["Purity","Panacea"],"picked":"Bandage Up","floor":0},{"not_picked":["WindmillStrike","ClearTheMind"],"picked":"CutThroughFate","floor":1},{"not_picked":["BowlingBash","FlurryOfBlows","WindmillStrike"],"picked":"SKIP","floor":3},{"not_picked":["FearNoEvil","FlurryOfBlows"],"picked":"FollowUp","floor":4},{"not_picked":["Perseverance","SpiritShield"],"picked":"Consecrate","floor":6},{"not_picked":["Protect","Indignation"],"picked":"SignatureMove","floor":10},{"not_picked":["Crescendo","SignatureMove"],"picked":"Protect","floor":11},{"not_picked":["Worship","Protect"],"picked":"Evaluate","floor":13},{"not_picked":["Wish","Omniscience"],"picked":"Devotion","floor":16},{"not_picked":["ClearTheMind","Weave"],"picked":"SandsOfTime","floor":18},{"not_picked":["WheelKick","LikeWater"],"picked":"ReachHeaven","floor":20},{"not_picked":["ClearTheMind+1","EmptyFist+1"],"picked":"EmptyBody+1","floor":23},{"not_picked":["BowlingBash","EmptyFist"],"picked":"Pray+1","floor":25},{"not_picked":["WheelKick","EmptyBody"],"picked":"Perseverance","floor":28},{"not_picked":["ClearTheMind","SignatureMove","WheelKick+1"],"picked":"SKIP","floor":29},{"not_picked":["Establishment+1","Omniscience"],"picked":"MasterReality+1","floor":33},{"not_picked":["CrushJoints","Collect+1"],"picked":"Wallop","floor":35},{"not_picked":["Consecrate+1","Wallop+1"],"picked":"ForeignInfluence+1","floor":38},{"not_picked":["CrushJoints","Halt+1"],"picked":"Evaluate+1","floor":39},{"not_picked":["BowlingBash+1","Pray"],"picked":"Vault","floor":40},{"not_picked":["Consecrate+1","EmptyMind","ThirdEye"],"picked":"SKIP","floor":41},{"not_picked":["CrushJoints+1","Swivel+1"],"picked":"LikeWater+1","floor":45},{"not_picked":["Protect","Vengeance","EmptyBody"],"picked":"SKIP","floor":48}],"player_experience":110237,"relics_obtained":[{"floor":6,"key":"Smiling Mask"},{"floor":9,"key":"Akabeko"},{"floor":10,"key":"White Beast Statue"},{"floor":22,"key":"Nilry\u0027s Codex"},{"floor":23,"key":"Frozen Egg 2"},{"floor":26,"key":"Mummified Hand"},{"floor":28,"key":"Omamori"},{"floor":40,"key":"Pear"},{"floor":40,"key":"StoneCalendar"},{"floor":43,"key":"Torii"}],"event_choices":[{"damage_healed":0,"gold_gain":175,"player_choice":"AGREE","damage_taken":0,"max_hp_gain":0,"max_hp_loss":0,"event_name":"Liars Game","floor":2,"gold_loss":0,"cards_obtained":["Doubt"]},{"damage_healed":0,"gold_gain":0,"player_choice":"Entered Light","damage_taken":14,"max_hp_gain":0,"max_hp_loss":0,"event_name":"Shining Light","floor":8,"gold_loss":0,"cards_upgraded":["Vigilance","Defend_P"]},{"cards_removed":["Defend_P"],"damage_healed":0,"gold_gain":0,"player_choice":"Card Removal","damage_taken":0,"max_hp_gain":0,"max_hp_loss":0,"event_name":"The Cleric","floor":14,"gold_loss":50},{"damage_healed":0,"gold_gain":0,"player_choice":"Opened","damage_taken":0,"relics_obtained":["Kunai"],"max_hp_gain":0,"max_hp_loss":0,"event_name":"The Mausoleum","floor":19,"gold_loss":0},{"damage_healed":0,"gold_gain":0,"player_choice":"Read","damage_taken":0,"max_hp_gain":0,"max_hp_loss":0,"event_name":"The Library","floor":21,"gold_loss":0,"cards_obtained":["EmptyFist"]},{"damage_healed":0,"gold_gain":0,"player_choice":"Obtained Book","damage_taken":16,"max_hp_gain":0,"max_hp_loss":0,"event_name":"Cursed Tome","floor":22,"gold_loss":0},{"damage_healed":0,"gold_gain":0,"player_choice":"Ignored","damage_taken":0,"max_hp_gain":0,"max_hp_loss":0,"event_name":"Vampires","floor":31,"gold_loss":0},{"cards_removed":["Defend_P"],"damage_healed":0,"gold_gain":0,"player_choice":"Removed Skill","damage_taken":0,"max_hp_gain":0,"max_hp_loss":0,"event_name":"Falling","floor":36,"gold_loss":0},{"damage_healed":0,"gold_gain":0,"player_choice":"Ignored","damage_taken":0,"max_hp_gain":0,"max_hp_loss":0,"event_name":"SecretPortal","floor":37,"gold_loss":0}],"is_beta":false,"boss_relics":[{"not_picked":["Cursed Key","Calling Bell"],"picked":"Ectoplasm"},{"not_picked":["Philosopher\u0027s Stone","Sozu"],"picked":"Black Star"}],"items_purged_floors":[5,46],"is_endless":false,"potions_floor_spawned":[1,4,11,13,16,18,20,23,25,28,29,33,35,38,39,40,41,45,47,48],"ascension_level":2}}