{"host":"s2gnxn64lbarj0x7","time":1611402706,"event":{"mods":["AchievementEnabler","BaseMod","Colored Map","Colored Powertips","Faster Ascension Climbing","Googly Eyes","Highlight Path","Minty Spire (QoL Compilation)","Quick Restart","StSLib","SuperFastMode","The Marked"],"gold_per_floor":[118,138,63,77,93,93,104,104,129,129,129,79,89,106,106,208,208,221,221,231,248,248,274,274,285,310,310,409,20,20,20,20,118,118,137,156,156,176,176,176,186,186,265,265,12,12,23,43,43,43],"floor_reached":51,"language":"ENG","playtime":1995,"items_purged":["theMarked:Defend","Writhe","theMarked:Strike"],"score":759,"play_id":"225dc906-da0d-48d0-898a-a95f7a06871d","local_time":"20210123055146","is_ascension_mode":false,"campfire_choices":[{"floor":6.0,"key":"REST"},{"floor":11.0,"key":"REST"},{"floor":15.0,"key":"REST"},{"floor":24.0,"key":"REST"},{"floor":27.0,"key":"REST"},{"data":"theMarked:BanishingStrike","floor":30.0,"key":"SMITH"},{"data":"theMarked:WardOff","floor":32.0,"key":"SMITH"},{"floor":40.0,"key":"REST"},{"floor":42.0,"key":"REST"},{"data":"theMarked:MysticalArsenal","floor":46.0,"key":"SMITH"},{"floor":49.0,"key":"RECALL"}],"circlet_count":0,"master_deck":["theMarked:Strike","theMarked:Strike","theMarked:Defend+1","theMarked:Defend+1","theMarked:Defend+1","theMarked:SoldierOfQuellstein","theMarked:PowerFlow","theMarked:Frustration","theMarked:BanishingStrike+1","theMarked:BanishingStrike+1","theMarked:WardOff+1","theMarked:MysticalArsenal+1","theMarked:WardOff+1","theMarked:WardOff","Bandage Up","theMarked:SoldierOfQuellstein","theMarked:HeritageOfTheMarked","theMarked:BanishingStrike","theMarked:BanishingStrike+1"],"relics":["theMarked:BronzeBlade","Velvet Choker","War Paint","Bag of Marbles","Blood Vial","Nunchaku","Oddly Smooth Stone","Anchor","Letter Opener"],"acts_visited":["Exordium","TheCity","TheBeyond"],"potions_floor_usage":[50,50,50],"damage_taken":[{"damage":4.0,"enemies":"2 Louse","floor":1.0,"turns":4.0},{"damage":1.0,"enemies":"Jaw Worm","floor":2.0,"turns":4.0},{"damage":1.0,"enemies":"Cultist","floor":4.0,"turns":3.0},{"damage":21.0,"enemies":"Lots of Slimes","floor":5.0,"turns":6.0},{"damage":14.0,"enemies":"3 Louse","floor":7.0,"turns":4.0},{"damage":0.0,"enemies":"Blue Slaver","floor":13.0,"turns":3.0},{"damage":2.0,"enemies":"Looter","floor":14.0,"turns":2.0},{"damage":28.0,"enemies":"The Guardian","floor":16.0,"turns":9.0},{"damage":4.0,"enemies":"Shell Parasite","floor":18.0,"turns":3.0},{"damage":16.0,"enemies":"3 Byrds","floor":20.0,"turns":7.0},{"damage":0.0,"enemies":"Snecko","floor":21.0,"turns":4.0},{"damage":18.0,"enemies":"Book of Stabbing","floor":23.0,"turns":5.0},{"damage":10.0,"enemies":"Cultist and Chosen","floor":25.0,"turns":6.0},{"damage":50.0,"enemies":"Champ","floor":33.0,"turns":12.0},{"damage":20.0,"enemies":"3 Darklings","floor":35.0,"turns":4.0},{"damage":3.0,"enemies":"Orb Walker","floor":36.0,"turns":3.0},{"damage":10.0,"enemies":"4 Shapes","floor":38.0,"turns":5.0},{"damage":35.0,"enemies":"Sphere and 2 Shapes","floor":41.0,"turns":6.0},{"damage":7.0,"enemies":"3 Darklings","floor":47.0,"turns":4.0},{"damage":4.0,"enemies":"Transient","floor":48.0,"turns":5.0},{"damage":50,"enemies":"Donu and Deca","floor":50,"turns":8}],"seed_played":"1843642432771024807","potions_obtained":[{"floor":1.0,"key":"GamblersBrew"},{"floor":2.0,"key":"Explosive Potion"},{"floor":4.0,"key":"theMarked:ChargePotion"},{"floor":16.0,"key":"Energy Potion"},{"floor":23.0,"key":"ColorlessPotion"},{"floor":38.0,"key":"Ancient Potion"},{"floor":41.0,"key":"FearPotion"},{"floor":47.0,"key":"LiquidMemories"}],"is_trial":false,"path_per_floor":["M","M","$","M","M","R","M","?","T","?","R","$","M","M","R","B",null,"M","T","M","M","?","E","R","M","T","R","?","$","R","?","R","B",null,"M","M","?","M","?","R","M","R","T","?","$","R","M","M","R","B",null],"character_chosen":"THE_DEFAULT","items_purchased":["theMarked:WardOff","Oddly Smooth Stone","Anchor","theMarked:HeritageOfTheMarked","theMarked:BanishingStrike"],"campfire_rested":7,"item_purchase_floors":[12,29,29,45,45],"current_hp_per_floor":[66,65,65,64,43,64,50,43,43,29,50,50,50,48,69,41,70,66,66,50,50,50,32,53,45,45,66,66,66,66,50,50,2,70,50,49,49,41,41,62,29,50,50,50,50,50,49,51,51,7],"gold":43,"neow_bonus":"REMOVE_CARD","is_daily":false,"chose_seed":false,"campfire_upgraded":3,"win_rate":0.0,"timestamp":1611402706,"path_taken":["M","M","$","M","M","R","M","?","T","?","R","?","M","?","R","BOSS","M","?","M","?","?","E","R","M","T","R","?","?","R","?","R","BOSS","M","M","?","?","?","R","M","R","T","?","$","R","M","?","R","BOSS"],"items_purchased_type":["Card","Relic","Relic","Card","Card"],"build_version":"2020-12-22","purchased_purges":3,"victory":true,"max_hp_per_floor":[70,70,70,70,70,70,70,70,70,70,70,70,70,70,70,70,70,70,70,70,70,70,70,70,70,70,70,70,70,70,70,70,70,70,70,70,70,70,70,70,70,70,70,70,70,70,70,70,70,70],"card_choices":[{"not_picked":["theMarked:Generate","theMarked:ChainLightning"],"picked":"theMarked:PowerFlow","floor":1.0},{"not_picked":["theMarked:KeepCalmAndFightOn","theMarked:EmpowerWeapon"],"picked":"theMarked:Frustration","floor":2.0},{"not_picked":["theMarked:TunnelVision","theMarked:EmpowerWeapon","theMarked:SwordAndMagic"],"picked":"SKIP","floor":4.0},{"not_picked":["theMarked:Reabsorb","theMarked:ElectricStrings"],"picked":"theMarked:BanishingStrike","floor":5.0},{"not_picked":["theMarked:AttractMetal","theMarked:EternalStudent"],"picked":"theMarked:BanishingStrike","floor":7.0},{"not_picked":["theMarked:ResourceFulStrike","theMarked:ShockingTouch","theMarked:Electrify"],"picked":"SKIP","floor":13.0},{"not_picked":["theMarked:AttractMetal","theMarked:RepellingDischarge","theMarked:MaelstromOfLightning"],"picked":"SKIP","floor":14.0},{"not_picked":["theMarked:Improvise","theMarked:Opportunist","theMarked:Electrify"],"picked":"SKIP","floor":18.0},{"not_picked":["theMarked:Seal+1","theMarked:Reabsorb"],"picked":"theMarked:MysticalArsenal","floor":20.0},{"not_picked":["theMarked:ParalyzingBlade","theMarked:EmpowerWeapon","theMarked:Improvise+1"],"picked":"SKIP","floor":21.0},{"not_picked":["theMarked:ComboAttacks","theMarked:Static+1"],"picked":"theMarked:WardOff","floor":23.0},{"not_picked":["theMarked:WastefulAttack","theMarked:HeightenedSenses+1"],"picked":"theMarked:WardOff","floor":25.0},{"not_picked":["theMarked:ChainLightning+1","theMarked:HeightenedSenses+1","theMarked:ElectricStrings"],"picked":"SKIP","floor":35.0},{"not_picked":["theMarked:CreepingChasm","theMarked:Aftermath","theMarked:EnhanceMovement+1"],"picked":"SKIP","floor":36.0},{"not_picked":["theMarked:Aftermath+1","theMarked:ShockingTouch","theMarked:Overthink+1"],"picked":"SKIP","floor":38.0},{"not_picked":["theMarked:Overthink+1","theMarked:HeightenedSenses+1","theMarked:Static"],"picked":"SKIP","floor":41.0},{"not_picked":["theMarked:Parry","theMarked:Parkour+1"],"picked":"theMarked:BanishingStrike+1","floor":47.0},{"not_picked":["theMarked:Electrocute","theMarked:SwordAndMagic","theMarked:Aftermath"],"picked":"SKIP","floor":48.0}],"player_experience":161458,"relics_obtained":[{"floor":19.0,"key":"War Paint"},{"floor":23.0,"key":"Blood Vial"},{"floor":26.0,"key":"Nunchaku"},{"floor":43.0,"key":"Letter Opener"}],"event_choices":[{"cards_removed":["theMarked:Strike"],"damage_healed":0.0,"max_hp_gain":0.0,"max_hp_loss":0.0,"gold_gain":0.0,"event_name":"Golden Wing","player_choice":"Card Removal","floor":8.0,"gold_loss":0.0,"damage_taken":7.0},{"damage_healed":0.0,"max_hp_gain":0.0,"max_hp_loss":0.0,"gold_gain":0.0,"event_name":"Shining Light","player_choice":"Entered Light","floor":10.0,"gold_loss":0.0,"damage_taken":14.0,"cards_upgraded":["theMarked:Defend","theMarked:BanishingStrike"]},{"damage_healed":0.0,"max_hp_gain":0.0,"max_hp_loss":0.0,"gold_gain":0.0,"event_name":"The Mausoleum","player_choice":"Opened","floor":22.0,"gold_loss":0.0,"damage_taken":0.0,"relics_obtained":["Bag of Marbles"],"cards_obtained":["Writhe"]},{"damage_healed":0.0,"max_hp_gain":0.0,"max_hp_loss":0.0,"gold_gain":99.0,"event_name":"Nest","player_choice":"Stole From Cult","floor":28.0,"gold_loss":0.0,"damage_taken":0.0},{"damage_healed":0.0,"max_hp_gain":0.0,"max_hp_loss":0.0,"gold_gain":0.0,"event_name":"Cursed Tome","player_choice":"Obtained Book","floor":31.0,"gold_loss":0.0,"damage_taken":16.0},{"damage_healed":0.0,"max_hp_gain":0.0,"max_hp_loss":0.0,"gold_gain":0.0,"event_name":"Upgrade Shrine","player_choice":"Upgraded","floor":37.0,"gold_loss":0.0,"damage_taken":0.0,"cards_upgraded":["theMarked:WardOff"]},{"damage_healed":0.0,"max_hp_gain":0.0,"max_hp_loss":0.0,"gold_gain":0.0,"event_name":"Tomb of Lord Red Mask","player_choice":"Ignored","floor":39.0,"gold_loss":0.0,"damage_taken":0.0},{"damage_healed":0.0,"max_hp_gain":0.0,"max_hp_loss":0.0,"gold_gain":0.0,"event_name":"Match and Keep!","player_choice":"2 cards matched","floor":44.0,"gold_loss":0.0,"damage_taken":0.0,"cards_obtained":["Bandage Up","theMarked:SoldierOfQuellstein"]}],"is_beta":false,"boss_relics":[{"not_picked":["Runic Dome","SacredBark"],"picked":"Velvet Choker"},{"not_picked":["Coffee Dripper","Philosopher\u0027s Stone"],"picked":"theMarked:BronzeBlade"}],"items_purged_floors":[3,29,45],"is_endless":false,"potions_floor_spawned":[1,2,4,16,18,21,23,38,41,47],"ascension_level":0}}