{"host":"ypphcgdomtfqpc2w","time":1611404527,"event":{"mods":["BaseMod","DeckTracker","Minty Spire (QoL Compilation)","Relic Stats","StSLib"],"gold_per_floor":[17,31,49,66,84,84,110,110,165,165,71,90,90,118,118,195,195,209,78,97,129,148,148,179,179,179,179,208,258,258],"floor_reached":29,"language":"ENG","playtime":1727,"items_purged":["Perfected Strike+1"],"score":551,"play_id":"fa3e2580-5b4f-457d-85a5-9698bd3acbb9","local_time":"20210123212207","is_ascension_mode":true,"campfire_choices":[{"data":"Perfected Strike","floor":6,"key":"SMITH"},{"data":"Shrug It Off","floor":10,"key":"SMITH"},{"data":"Shockwave","floor":13,"key":"SMITH"},{"data":"True Grit","floor":15,"key":"SMITH"},{"floor":23,"key":"REST"},{"data":"Brutality","floor":25,"key":"SMITH"}],"circlet_count":0,"master_deck":["AscendersBane","Bash","Brutality+1","Bloodletting","Shrug It Off+1","Headbutt","Fire Breathing","Evolve","Shockwave+1","Shrug It Off","Rampage","True Grit+1","Feed","Flame Barrier","Flex","Shrug It Off","Immolate","Searing Blow","Dual Wield","Ghostly Armor","Rupture","Shrug It Off","Reckless Charge","Feel No Pain"],"relics":["Burning Blood","Whetstone","Self Forming Clay","Art of War","Odd Mushroom","Pandora\u0027s Box","Red Mask","Letter Opener","CaptainsWheel","SsserpentHead","PreservedInsect"],"acts_visited":["Exordium","TheCity"],"potions_floor_usage":[7,14,18,21,24,29],"damage_taken":[{"damage":13,"enemies":"Cultist","floor":1,"turns":5},{"damage":11,"enemies":"Jaw Worm","floor":2,"turns":2},{"damage":1,"enemies":"2 Louse","floor":3,"turns":3},{"damage":11,"enemies":"Blue Slaver","floor":4,"turns":3},{"damage":4,"enemies":"Exordium Thugs","floor":5,"turns":4},{"damage":8,"enemies":"Gremlin Nob","floor":7,"turns":3},{"damage":0,"enemies":"2 Fungi Beasts","floor":12,"turns":3},{"damage":10,"enemies":"The Mushroom Lair","floor":14,"turns":3},{"damage":34,"enemies":"Hexaghost","floor":16,"turns":8},{"damage":9,"enemies":"3 Byrds","floor":18,"turns":7},{"damage":17,"enemies":"Shell Parasite","floor":20,"turns":6},{"damage":31,"enemies":"Masked Bandits","floor":21,"turns":4},{"damage":18,"enemies":"Cultist and Chosen","floor":22,"turns":5},{"damage":27,"enemies":"Book of Stabbing","floor":24,"turns":6},{"damage":32,"enemies":"Gremlin Leader","floor":28,"turns":7},{"damage":7,"enemies":"Snake Plant","floor":29,"turns":5}],"seed_played":"-3304143187472464434","potions_obtained":[{"floor":2,"key":"Fire Potion"},{"floor":4,"key":"DuplicationPotion"},{"floor":12,"key":"Swift Potion"},{"floor":21,"key":"LiquidMemories"},{"floor":28,"key":"BlessingOfTheForge"}],"is_trial":false,"path_per_floor":["M","M","M","M","M","R","E","T","T","R","$","M","R","?","R","B",null,"M","$","M","?","M","R","E","R","T","?","E","M"],"character_chosen":"IRONCLAD","items_purchased":["Shockwave","Shrug It Off","ColorlessPotion"],"campfire_rested":1,"item_purchase_floors":[11,11,19],"current_hp_per_floor":[61,56,61,56,58,58,56,56,56,56,56,62,62,58,58,30,64,67,67,59,37,25,51,33,33,33,33,7,0,0],"gold":258,"neow_bonus":"TRANSFORM_TWO_CARDS","is_daily":false,"chose_seed":false,"campfire_upgraded":5,"win_rate":0.0,"timestamp":1611404527,"path_taken":["M","M","M","?","M","R","E","?","T","R","$","M","R","?","R","BOSS","M","$","M","?","M","R","E","R","T","?","E","?"],"items_purchased_type":["Card","Card","Potion"],"build_version":"2020-12-22","purchased_purges":1,"victory":false,"max_hp_per_floor":[75,75,75,75,75,75,75,75,75,75,75,75,75,75,75,75,75,81,81,84,87,87,87,90,90,90,90,90,90,90],"relic_stats":{"SsserpentHead":50,"counters":[16,73],"Self Forming Clay":[162],"Pandora\u0027s Box":["Flame Barrier","Flex","Shrug It Off","Immolate","Searing Blow","Dual Wield","Ghostly Armor"],"PreservedInsect":0,"Art of War":[16],"Whetstone":["Strike_R","Strike_R"],"Letter Opener":[20],"obtain_stats":[{"SsserpentHead":27,"CaptainsWheel":26,"Self Forming Clay":8,"Pandora\u0027s Box":17,"PreservedInsect":28,"Art of War":9,"Red Mask":21,"Whetstone":7,"Letter Opener":24,"Odd Mushroom":14,"Burning Blood":0},{"SsserpentHead":14,"CaptainsWheel":14,"Self Forming Clay":6,"Pandora\u0027s Box":9,"PreservedInsect":15,"Art of War":6,"Red Mask":12,"Whetstone":6,"Letter Opener":14,"Odd Mushroom":8,"Burning Blood":0},{"SsserpentHead":62,"CaptainsWheel":62,"Self Forming Clay":20,"Pandora\u0027s Box":34,"PreservedInsect":69,"Art of War":20,"Red Mask":51,"Whetstone":20,"Letter Opener":62,"Odd Mushroom":26,"Burning Blood":0}],"Burning Blood":90},"card_choices":[{"not_picked":["Iron Wave","Headbutt"],"picked":"Perfected Strike","floor":1},{"not_picked":["Searing Blow","Whirlwind"],"picked":"Shrug It Off","floor":2},{"not_picked":["Seeing Red","Heavy Blade"],"picked":"Headbutt","floor":3},{"not_picked":["True Grit","Perfected Strike"],"picked":"Fire Breathing","floor":4},{"not_picked":["Clash","Flame Barrier"],"picked":"Evolve","floor":5},{"not_picked":["Flex","Brutality","Clothesline"],"picked":"SKIP","floor":7},{"not_picked":["Sentinel","Dark Embrace"],"picked":"Rampage","floor":12},{"not_picked":["Reckless Charge","Shrug It Off"],"picked":"True Grit","floor":14},{"not_picked":["Barricade","Offering"],"picked":"Feed","floor":16},{"not_picked":["Clothesline","Heavy Blade"],"picked":"Rupture","floor":18},{"not_picked":["Entrench+1","Body Slam"],"picked":"Shrug It Off","floor":20},{"not_picked":["Ghostly Armor","Intimidate"],"picked":"Reckless Charge","floor":21},{"not_picked":["Wild Strike+1","Double Tap","Anger"],"picked":"SKIP","floor":22},{"not_picked":["Warcry","Flex","Whirlwind"],"picked":"SKIP","floor":24},{"not_picked":["Bludgeon","Whirlwind+1"],"picked":"Feel No Pain","floor":28}],"player_experience":2098804,"relics_obtained":[{"floor":7,"key":"Whetstone"},{"floor":8,"key":"Self Forming Clay"},{"floor":9,"key":"Art of War"},{"floor":14,"key":"Odd Mushroom"},{"floor":21,"key":"Red Mask"},{"floor":24,"key":"Letter Opener"},{"floor":26,"key":"CaptainsWheel"},{"floor":28,"key":"PreservedInsect"}],"event_choices":[{"damage_healed":0,"gold_gain":0,"player_choice":"Fought Mushrooms","damage_taken":0,"max_hp_gain":0,"max_hp_loss":0,"event_name":"Mushrooms","floor":14,"gold_loss":0},{"damage_healed":0,"gold_gain":0,"player_choice":"Fought Bandits","damage_taken":0,"max_hp_gain":0,"max_hp_loss":0,"event_name":"Masked Bandits","floor":21,"gold_loss":0},{"damage_healed":0,"gold_gain":0,"player_choice":"Trade","damage_taken":0,"relics_obtained":["SsserpentHead"],"max_hp_gain":0,"max_hp_loss":0,"event_name":"FaceTrader","floor":27,"gold_loss":0}],"is_beta":false,"boss_relics":[{"not_picked":["Runic Dome","SacredBark"],"picked":"Pandora\u0027s Box"}],"items_purged_floors":[19],"is_endless":false,"potions_floor_spawned":[2,4,5,12,21,28],"killed_by":"Snake Plant","ascension_level":20}}