{"host":"jkgg7n5hn1slsm35","time":1611402024,"event":{"mods":["Aspiration","BaseMod","BetterRewards","Conspire","Googly Eyes","Gremlin Skip","Halation","Highlight Path","Hubris","Infinite Spire","Minty Spire (QoL Compilation)","Permanent Neow","StSLib","SuperFastMode","vexMod"],"gold_per_floor":[110,125,18,28,42,42,71,71,97,129,129,155,155,155,155,253,253,263,276,290,313,328,328,399,399,399,418,418,448,462,500,500,603,603,623,573,611,634,689,689,704,704],"floor_reached":41,"language":"ENG","playtime":1188,"items_purged":[],"score":554,"play_id":"88fd91c5-9bb5-4778-8c41-dc100cffaf5e","local_time":"20210123124024","daily_mods":["SealedDeck","Heirloom","DeadlyEvents","Elite Swarm"],"is_ascension_mode":false,"campfire_choices":[{"data":"Footwork","floor":6,"key":"SMITH"},{"data":"Envenom","floor":8,"key":"SMITH"},{"data":"Footwork","floor":11,"key":"SMITH"},{"data":"1","floor":15,"key":"LIFT"},{"data":"Catalyst","floor":23,"key":"SMITH"},{"data":"Poisoned Stab","floor":25,"key":"SMITH"},{"data":"Poisoned Stab","floor":28,"key":"SMITH"},{"floor":32,"key":"REST"},{"floor":40,"key":"REST"}],"circlet_count":0,"master_deck":["Backflip","Backflip","Bane","Blur","Poisoned Stab+1","Catalyst+1","Deflect","Footwork+1","Blur","Footwork+1","Bane","Poisoned Stab+1","Envenom+1","Masterful Stab","Poisoned Stab+1","Bane","infinitespire:Neurotoxin","Envenom","Catalyst","conspire:SpireCoStock"],"relics":["Unceasing Top","Incense Burner","Pocketwatch","halation:KoshaPiece","halation:BlackBeret","Girya","Philosopher\u0027s Stone","PreservedInsect","infinitespire:Midas Blood","halation:BottledLove","StoneCalendar","hubris:Reverence","aspiration:FutureDiary","hubris:TenFootPole","halation:SwordOfLegend"],"acts_visited":["Exordium","TheCity","TheBeyond"],"potions_floor_usage":[30,33,33],"damage_taken":[{"damage":0,"enemies":"2 Louse","floor":1,"turns":3},{"damage":0,"enemies":"Small Slimes","floor":2,"turns":6},{"damage":0,"enemies":"Cultist","floor":4,"turns":4},{"damage":11,"enemies":"Exordium Thugs","floor":5,"turns":4},{"damage":0,"enemies":"3 Sentries","floor":7,"turns":12},{"damage":7,"enemies":"Lagavulin","floor":10,"turns":6},{"damage":4,"enemies":"3 Sentries","floor":12,"turns":9},{"damage":6,"enemies":"The Guardian","floor":16,"turns":9},{"damage":0,"enemies":"Spheric Guardian","floor":18,"turns":6},{"damage":0,"enemies":"2 Thieves","floor":19,"turns":4},{"damage":11,"enemies":"Centurion and Healer","floor":20,"turns":6},{"damage":0,"enemies":"conspire:HollyBat","floor":22,"turns":5},{"damage":0,"enemies":"Sentry and Sphere","floor":27,"turns":6},{"damage":10,"enemies":"Book of Stabbing","floor":29,"turns":3},{"damage":10,"enemies":"Shelled Parasite and Fungi","floor":30,"turns":3},{"damage":32,"enemies":"Slavers","floor":31,"turns":6},{"damage":13,"enemies":"hubris:MusketHawk","floor":33,"turns":5},{"damage":30,"enemies":"3 Darklings","floor":35,"turns":7},{"damage":14,"enemies":"conspire:MimicChest","floor":37,"turns":5},{"damage":16,"enemies":"Orb Walker","floor":38,"turns":3},{"damage":5,"enemies":"Reptomancer","floor":39,"turns":7},{"damage":31,"enemies":"Nemesis","floor":41,"turns":2}],"seed_played":"2896653873352883423","potions_obtained":[{"floor":1,"key":"Energy Potion"},{"floor":2,"key":"Energy Potion"},{"floor":7,"key":"FearPotion"},{"floor":10,"key":"infinitespire:BlackPotion"},{"floor":19,"key":"CultistPotion"},{"floor":30,"key":"FearPotion"},{"floor":33,"key":"Swift Potion"},{"floor":37,"key":"CunningPotion"}],"is_trial":true,"path_per_floor":["M","M","$","M","M","R","E","R","T","E","R","E","?","?","R","B",null,"M","M","M","T","M","R","T","R","T","M","R","E","M","E","R","B",null,"M","?","?","M","E","R","E"],"character_chosen":"THE_SILENT","items_purchased":["Footwork","Bane"],"campfire_rested":2,"item_purchase_floors":[3,3],"current_hp_per_floor":[70,70,70,70,59,59,59,59,59,52,52,48,41,41,41,35,70,70,70,59,59,59,59,59,59,59,59,59,49,39,7,28,15,70,40,40,26,10,5,25,0,0],"gold":704,"neow_bonus":"","is_daily":false,"chose_seed":false,"campfire_upgraded":6,"win_rate":0.0,"timestamp":1611402024,"path_taken":["M","M","$","M","M","R","E","R","T","E","R","E","?","?","R","BOSS","M","M","M","?","?","R","?","R","T","M","R","E","?","?","R","BOSS","M","?","?","M","?","R","E"],"items_purchased_type":["Card","Card"],"build_version":"2020-12-22","purchased_purges":0,"victory":false,"max_hp_per_floor":[70,70,70,70,70,70,70,70,70,70,70,70,70,70,70,70,70,70,70,70,70,70,70,70,70,70,70,70,70,70,70,70,70,70,70,70,70,70,70,70,70,70],"card_choices":[{"not_picked":["Deadly Poison","Calculated Gamble","Prepared"],"picked":"SKIP","floor":1},{"not_picked":["Reflex","Quick Slash","Dagger Throw"],"picked":"SKIP","floor":2},{"not_picked":["Noxious Fumes","Deadly Poison"],"picked":"Poisoned Stab","floor":4},{"not_picked":["Underhanded Strike","Prepared","Blade Dance"],"picked":"SKIP","floor":5},{"not_picked":["Glass Knife","Unload"],"picked":"Envenom","floor":7},{"not_picked":["Corpse Explosion","Die Die Die","Doppelganger"],"picked":"SKIP","floor":10},{"not_picked":["Phantasmal Killer","Bullet Time","Wraith Form v2"],"picked":"SKIP","floor":12},{"not_picked":["Flechettes","Prepared","Acrobatics"],"picked":"SKIP","floor":18},{"not_picked":["Quick Slash","Acrobatics"],"picked":"Masterful Stab","floor":19},{"not_picked":["Choke+1","Caltrops"],"picked":"Poisoned Stab+1","floor":20},{"not_picked":["Corpse Explosion","Sucker Punch"],"picked":"Bane","floor":22},{"not_picked":["Accuracy","Flying Knee+1","Outmaneuver+1"],"picked":"SKIP","floor":27},{"not_picked":["Tools of the Trade","A Thousand Cuts","Venomology"],"picked":"SKIP","floor":29},{"not_picked":["Blade Dance","Deadly Poison","PiercingWail"],"picked":"SKIP","floor":30},{"not_picked":["Glass Knife","aspiration:Lunge"],"picked":"infinitespire:Neurotoxin","floor":31},{"not_picked":["Tools of the Trade","Glass Knife"],"picked":"Envenom","floor":33},{"not_picked":["Dagger Throw","Acrobatics"],"picked":"Catalyst","floor":35},{"not_picked":["Acrobatics","hubris:Sniper+1","Reflex+1"],"picked":"SKIP","floor":38},{"not_picked":["Tools of the Trade","Burst","Phantasmal Killer"],"picked":"SKIP","floor":39}],"player_experience":1846578,"relics_obtained":[{"floor":7,"key":"Pocketwatch"},{"floor":9,"key":"halation:KoshaPiece"},{"floor":10,"key":"halation:BlackBeret"},{"floor":12,"key":"Girya"},{"floor":21,"key":"PreservedInsect"},{"floor":24,"key":"infinitespire:Midas Blood"},{"floor":26,"key":"halation:BottledLove"},{"floor":29,"key":"StoneCalendar"},{"floor":31,"key":"hubris:Reverence"},{"floor":37,"key":"hubris:TenFootPole"},{"floor":39,"key":"halation:SwordOfLegend"}],"event_choices":[{"cards_removed":["Dodge and Roll"],"damage_healed":0,"gold_gain":0,"player_choice":"Card Removal","damage_taken":7,"max_hp_gain":0,"max_hp_loss":0,"event_name":"Golden Wing","floor":13,"gold_loss":0},{"damage_healed":0,"gold_gain":0,"player_choice":"Bought 0 Potions","damage_taken":0,"max_hp_gain":0,"max_hp_loss":0,"event_name":"The Woman in Blue","floor":14,"gold_loss":0},{"damage_healed":0,"gold_gain":0,"player_choice":"Invest 1","damage_taken":0,"max_hp_gain":0,"max_hp_loss":0,"event_name":"conspire:Investor","floor":36,"gold_loss":0}],"is_beta":false,"boss_relics":[{"not_picked":["Ectoplasm","hubris:BlackHole"],"picked":"Philosopher\u0027s Stone"},{"not_picked":["Empty Cage","Coffee Dripper"],"picked":"aspiration:FutureDiary"}],"items_purged_floors":[],"is_endless":false,"potions_floor_spawned":[1,2,7,10,16,19,20,30,33,37,38],"killed_by":"Nemesis","ascension_level":0}}