{"host":"wghdsg8ym2wc7ov9","time":1611381169,"event":{"mods":["AchievementEnabler","Astrologer","BaseMod","Beaked The Cultist","Better Altar","Better Note","ChefMod","Colored Map","Evolution","Fox Events","Hermit","Highlight Path","Jorbs\u0027s Wanderer Trilogy","KinomotoSakuraMod(????)","Minty Spire (QoL Compilation)","Random Character Button","Relic Stats","SIMod","Shop Mod","StSLib","The Blackbeard","The Bladedancer","The Construct","The Cursed","The Death Knight","The Gatherer","The Hierophant","The Marked","The Mystic","The Necromancer","The Runesmith","The Senshi","The Servant 0.9.4"],"gold_per_floor":[114,114,289,304,319,349,364,364,364,14,44,44,59,74,74,174,174,189,204,204,20,35,50,50,65,65,95,95,110,157,219,219,351,351,398,30,77,77,124,124,124,171,171,171,218,280,280,342,342,342],"floor_reached":51,"language":"ENG","playtime":5369,"items_purged":[],"score":1016,"play_id":"b9868583-3f10-4d56-9a87-52cabddc358f","local_time":"20210122215249","daily_mods":["Cursed Run","Diverse","DeadlyEvents"],"is_ascension_mode":false,"campfire_choices":[{"floor":8,"key":"REST"},{"floor":12,"key":"REST"},{"data":"Gatherer:AcidicSpray","floor":15,"key":"SMITH"},{"floor":24,"key":"REST"},{"data":"construct:Enhance","floor":28,"key":"SMITH"},{"data":"Panache","floor":32,"key":"SMITH"},{"data":"Discovery","floor":41,"key":"SMITH"},{"data":"Gatherer:CollectorsShot","floor":44,"key":"SMITH"},{"data":"construct:ChargeShot","floor":49,"key":"SMITH"}],"circlet_count":0,"master_deck":["astrologer:Strike","astrologer:Strike","astrologer:Defend","astrologer:Defend","astrologer:Defend","astrologer:Defend","astrologer:NorthStar","astrologer:TheFool","Gatherer:AcidicSpray+1","Doubt","construct:Versatility","Potential","Unruled","stsjorbsmod:MageArmor","TheCursedMod:WearCloak","TheCursedMod:StunningStrike","Negative_Energy_Sphere","stsjorbsmod:HedgeWizard","astrologer:Moonlight+1","chefmod:FarmersMarket+1","EmptyFist+1","Rebound+1","Foresight","Necronomicurse","Panache+1","Sweeping Beam","blackbeard:Shrapnel+1","construct:Enhance+1","Parasite","Reaper","hierophant:RustyCrate+1","hierophant:Doubloon","hierophant:Doubloon","theMarked:ResourceFulStrike","TheCursedMod:SaltUponWound","stsjorbsmod:Procrastination","Grasp_Heart","Toxic_Smoke_Screen+1","Gatherer:CollectorsShot+1","construct:OmegaCannon","beaked:Insight+1","Shockwave","Discovery+1","Enlightenment","Dark Shackles","Parasite","stsjorbsmod:MagicMirror+1","Negative_Energy_Sphere","Gatherer:PotentialSlash+1","construct:HeavyBolt","stsjorbsmod:Withering","ClowCardTheDream","construct:Enhance","astrologer:Prismatic","Doubt","construct:ChargeShot+1","stsjorbsmod:Amnesia"],"relics":["Cursed Key","Darkstone Periapt","Du-Vu Doll","EVO:Axolotl","Turnip","Blue Candle","Ice Cream","Matryoshka","Necronomicon","Eternal Feather","theSenshi:SailorFukuRelic","Toy Ornithopter","Vajra","Philosopher\u0027s Stone","Membership Card","MerchantsRug","Prayer Wheel","Runesmith:AutoHammer","Unceasing Top","Art of War","Lantern"],"acts_visited":["Exordium","TheCity","TheBeyond"],"potions_floor_usage":[16,22,33,33,39,40,42,46],"damage_taken":[{"damage":0,"enemies":"Jaw Worm","floor":1,"turns":3},{"damage":0,"enemies":"2 Louse","floor":4,"turns":2},{"damage":0,"enemies":"Cultist","floor":5,"turns":4},{"damage":26,"enemies":"Lagavulin","floor":6,"turns":7},{"damage":2,"enemies":"Exordium Thugs","floor":7,"turns":5},{"damage":2,"enemies":"3 Sentries","floor":11,"turns":7},{"damage":9,"enemies":"Exordium Wildlife","floor":13,"turns":3},{"damage":0,"enemies":"3 Louse","floor":14,"turns":2},{"damage":14,"enemies":"Hexaghost","floor":16,"turns":9},{"damage":0,"enemies":"3 Byrds","floor":18,"turns":4},{"damage":0,"enemies":"Spheric Guardian","floor":19,"turns":4},{"damage":0,"enemies":"Snake Plant","floor":22,"turns":5},{"damage":22,"enemies":"Sentry and Sphere","floor":23,"turns":6},{"damage":0,"enemies":"Cultist and Chosen","floor":25,"turns":4},{"damage":23,"enemies":"Book of Stabbing","floor":27,"turns":5},{"damage":15,"enemies":"Snake Plant","floor":29,"turns":4},{"damage":15,"enemies":"Sentry and Sphere","floor":30,"turns":4},{"damage":19,"enemies":"Gremlin Leader","floor":31,"turns":4},{"damage":46,"enemies":"Automaton","floor":33,"turns":8},{"damage":20,"enemies":"3 Darklings","floor":35,"turns":3},{"damage":4,"enemies":"Orb Walker","floor":37,"turns":2},{"damage":17,"enemies":"Writhing Mass","floor":39,"turns":4},{"damage":0,"enemies":"Nemesis","floor":40,"turns":2},{"damage":0,"enemies":"Transient","floor":42,"turns":5},{"damage":7,"enemies":"4 Shapes","floor":45,"turns":5},{"damage":16,"enemies":"beaked:SuperParasite","floor":46,"turns":3},{"damage":0,"enemies":"Nemesis","floor":48,"turns":1},{"damage":23,"enemies":"Time Eater","floor":50,"turns":6}],"seed_played":"-4692305807027556167","potions_obtained":[{"floor":5,"key":"GamblersBrew"},{"floor":6,"key":"EssenceOfSteel"},{"floor":13,"key":"FairyPotion"},{"floor":14,"key":"PowerPotion"},{"floor":23,"key":"PowerPotion"},{"floor":30,"key":"FearPotion"},{"floor":31,"key":"LiquidBronze"},{"floor":33,"key":"AttackPotion"},{"floor":37,"key":"DuplicationPotion"},{"floor":39,"key":"SmokeBomb"},{"floor":42,"key":"FearPotion"}],"is_trial":false,"path_per_floor":["M","?","?","M","M","E","M","R","T","$","E","R","M","M","R","B",null,"M","M","?","$","M","M","R","M","T","E","R","M","M","E","R","B",null,"M","$","M","?","M","E","R","M","T","R","M","E","?","E","R","B",null],"character_chosen":"ASTROLOGER","items_purchased":["Ice Cream","TheCursedMod:WearCloak","Panache","Membership Card","MerchantsRug","Prayer Wheel","Gatherer:CollectorsShot","construct:OmegaCannon"],"campfire_rested":3,"item_purchase_floors":[10,10,21,36,36,36,36,36],"current_hp_per_floor":[70,52,58,58,58,32,30,52,52,52,50,72,63,63,63,49,76,76,76,66,66,66,44,68,68,74,51,69,57,52,69,88,48,94,74,74,88,78,72,77,100,100,106,106,99,88,112,112,112,95],"gold":342,"neow_bonus":"","is_daily":true,"chose_seed":false,"campfire_upgraded":6,"win_rate":0.0,"timestamp":1611381169,"path_taken":["M","?","?","M","M","E","M","R","T","$","E","R","?","M","R","BOSS","M","M","?","?","M","?","R","M","T","E","R","M","M","E","R","BOSS","M","$","M","?","M","E","R","M","T","R","M","E","?","E","R","BOSS"],"items_purchased_type":["Relic","Card","Card","Relic","Relic","Relic","Card","Card"],"build_version":"2020-12-22","purchased_purges":0,"victory":true,"max_hp_per_floor":[70,70,76,76,76,76,76,76,76,76,76,76,76,76,76,76,76,76,76,82,82,82,82,82,82,88,88,88,88,88,88,88,94,94,94,94,94,94,100,100,100,100,106,106,106,106,112,112,112,118],"relic_stats":{"Darkstone Periapt":48,"counters":[28,121],"Blue Candle":[2],"Eternal Feather":60,"Prayer Wheel":4,"Turnip":[21],"Necronomicon":[23],"Art of War":[1],"Cursed Key":3,"obtain_stats":[{"Darkstone Periapt":0,"Ice Cream":10,"MerchantsRug":36,"Lantern":48,"Blue Candle":9,"Astrolabe":17,"Vajra":31,"Eternal Feather":26,"Omamori":6,"EVO:Axolotl":0,"Cursed Key":0,"Du-Vu Doll":0,"Matryoshka":11,"Philosopher\u0027s Stone":34,"Prayer Wheel":36,"Turnip":2,"Necronomicon":20,"Art of War":46,"Membership Card":36,"Runesmith:AutoHammer":43,"theSenshi:SailorFukuRelic":26,"Toy Ornithopter":27,"Unceasing Top":43},{"Darkstone Periapt":0,"Ice Cream":5,"MerchantsRug":20,"Lantern":27,"Blue Candle":5,"Astrolabe":9,"Vajra":18,"Eternal Feather":14,"Omamori":4,"EVO:Axolotl":0,"Cursed Key":0,"Du-Vu Doll":0,"Matryoshka":6,"Philosopher\u0027s Stone":19,"Prayer Wheel":20,"Turnip":1,"Necronomicon":11,"Art of War":26,"Membership Card":20,"Runesmith:AutoHammer":24,"theSenshi:SailorFukuRelic":14,"Toy Ornithopter":15,"Unceasing Top":24},{"Darkstone Periapt":0,"Ice Cream":21,"MerchantsRug":93,"Lantern":115,"Blue Candle":21,"Astrolabe":42,"Vajra":82,"Eternal Feather":65,"Omamori":16,"EVO:Axolotl":0,"Cursed Key":0,"Du-Vu Doll":0,"Matryoshka":28,"Philosopher\u0027s Stone":90,"Prayer Wheel":93,"Turnip":3,"Necronomicon":50,"Art of War":114,"Membership Card":93,"Runesmith:AutoHammer":106,"theSenshi:SailorFukuRelic":65,"Toy Ornithopter":70,"Unceasing Top":106}],"Toy Ornithopter":15,"Unceasing Top":[12]},"card_choices":[{"not_picked":["Flying Knee","hierophant:Remorse"],"picked":"Gatherer:AcidicSpray","floor":1},{"not_picked":["theMarked:Indomitable","Runesmith:CraftObretio"],"picked":"construct:Versatility","floor":4},{"not_picked":["ClowCardTheMirror","beaked:BounceBack"],"picked":"Potential","floor":5},{"not_picked":["DeathKnight:UnholyPresence","ClowCardTheWood"],"picked":"Unruled","floor":6},{"not_picked":["blademaster:AwakeningStrike","Runesmith:StaticCage"],"picked":"stsjorbsmod:MageArmor","floor":7},{"not_picked":["theSenshi:MoonKick","construct:Impenetrable"],"picked":"TheCursedMod:StunningStrike","floor":11},{"not_picked":["construct:Analyze","blackbeard:GoldenDefense"],"picked":"Negative_Energy_Sphere","floor":13},{"not_picked":["DeathKnight:HornOfWinter","construct:Electrocute"],"picked":"stsjorbsmod:HedgeWizard","floor":14},{"not_picked":["hierophant:Anathema","Gatherer:LuckyClover"],"picked":"hierophant:DivineIntervention","floor":16},{"not_picked":["hierophant:PassingBell","stsjorbsmod:FaerieFire+1"],"picked":"Rebound+1","floor":18},{"not_picked":["theMarked:RepellingDischarge","hermit:Gambit"],"picked":"Foresight","floor":19},{"not_picked":["stsjorbsmod:Will+1","Undo"],"picked":"Sweeping Beam","floor":22},{"not_picked":["blademaster:Sunder+1","Reflex+1"],"picked":"blackbeard:Shrapnel+1","floor":23},{"not_picked":["mysticmod:Riposte","Gash"],"picked":"construct:Enhance","floor":25},{"not_picked":["Foresight","Quick Slash"],"picked":"Reaper","floor":27},{"not_picked":["hermit:CalledShot","Louder"],"picked":"hierophant:RustyCrate+1","floor":29},{"not_picked":["theMarked:RepellingDischarge","stsjorbsmod:Prepare"],"picked":"theMarked:ResourceFulStrike","floor":30},{"not_picked":["hermit:Purgatory","DeathKnight:RunicCorruption"],"picked":"TheCursedMod:SaltUponWound","floor":31},{"not_picked":["stsjorbsmod:DeathThroes","HarmonyForm"],"picked":"Grasp_Heart","floor":33},{"not_picked":["Glacier","BottledTime+1"],"picked":"Toxic_Smoke_Screen+1","floor":35},{"not_picked":["DeathKnight:BloodEchoes","Worship+1"],"picked":"beaked:Insight+1","floor":37},{"not_picked":["Dagger Throw+1","Consume_Illness+1"],"picked":"Shockwave","floor":37},{"not_picked":["Chrysalis","Panacea"],"picked":"Discovery","floor":38},{"not_picked":["Impatience","HandOfGreed"],"picked":"Enlightenment","floor":38},{"not_picked":["Forethought","Swift Strike"],"picked":"Dark Shackles","floor":38},{"not_picked":["blackbeard:Anchor+1","Doom and Gloom"],"picked":"stsjorbsmod:MagicMirror+1","floor":39},{"not_picked":["TheCursedMod:RapidMovement+1","TheCursedMod:VitalStrike"],"picked":"Negative_Energy_Sphere","floor":39},{"not_picked":["blademaster:Sunder","hermit:Glare"],"picked":"Gatherer:PotentialSlash+1","floor":42},{"not_picked":["beaked:Windmill+1","Calculated Gamble+1"],"picked":"construct:HeavyBolt","floor":42},{"not_picked":["ClowCardTheShot+1","beaked:Windmill"],"picked":"ClowCardTheDream","floor":45},{"not_picked":["Thousand_Bone_Knives","DeathKnight:ChainsOfIce+1"],"picked":"construct:Enhance","floor":45},{"not_picked":["Runesmith:ChiselStab+1","mysticmod:ChargedParry+1"],"picked":"astrologer:Prismatic","floor":46},{"not_picked":["theSenshi:SchoolBag+1","astrologer:TheHierophant"],"picked":"construct:ChargeShot","floor":48}],"player_experience":728138,"relics_obtained":[{"floor":6,"key":"Omamori"},{"floor":9,"key":"Blue Candle"},{"floor":11,"key":"Matryoshka"},{"floor":20,"key":"Necronomicon"},{"floor":26,"key":"Eternal Feather"},{"floor":26,"key":"theSenshi:SailorFukuRelic"},{"floor":27,"key":"Toy Ornithopter"},{"floor":31,"key":"Vajra"},{"floor":43,"key":"Runesmith:AutoHammer"},{"floor":43,"key":"Unceasing Top"},{"floor":46,"key":"Art of War"},{"floor":48,"key":"Lantern"}],"event_choices":[{"damage_healed":0,"gold_gain":0,"player_choice":"Success","damage_taken":18,"relics_obtained":["Turnip"],"max_hp_gain":0,"max_hp_loss":0,"event_name":"Scrap Ooze","floor":2,"gold_loss":0},{"damage_healed":0,"gold_gain":175,"player_choice":"AGREE","damage_taken":0,"max_hp_gain":0,"max_hp_loss":0,"event_name":"Liars Game","floor":3,"gold_loss":0,"cards_obtained":["Doubt"]},{"damage_healed":0,"gold_gain":0,"player_choice":"Obtained Book","damage_taken":16,"max_hp_gain":0,"max_hp_loss":0,"event_name":"Cursed Tome","floor":20,"gold_loss":0},{"damage_healed":0,"gold_gain":0,"player_choice":"Memory 3","damage_taken":10,"max_hp_gain":0,"max_hp_loss":0,"event_name":"SensoryStone","floor":38,"gold_loss":0},{"damage_healed":18,"gold_gain":0,"player_choice":"Heal","damage_taken":0,"max_hp_gain":0,"max_hp_loss":0,"event_name":"MindBloom","floor":47,"gold_loss":0,"cards_obtained":["Doubt"]}],"is_beta":false,"boss_relics":[{"not_picked":["Runesmith:UraniumAnvil","Runic Pyramid"],"picked":"Astrolabe"},{"not_picked":["SacredBark","Coffee Dripper"],"picked":"Philosopher\u0027s Stone"}],"items_purged_floors":[],"is_endless":false,"potions_floor_spawned":[5,6,13,14,23,30,31,33,37,39,42],"ascension_level":0}}