{"host":"q0ahhcf6jhp3yzzb","time":1611438858,"event":{"mods":["BaseMod","Downfall","Minty Spire (QoL Compilation)","Relic Stats","StSLib"],"gold_per_floor":[99,119,139,153,153,167,167,267,267,292,302,302,315,350,365,365,365,365],"floor_reached":16,"language":"ENG","playtime":844,"items_purged":[],"score":114,"play_id":"5ed8e34d-80be-4a19-91a3-9764a93766fd","local_time":"20210123145418","is_ascension_mode":false,"campfire_choices":[{"data":"Guardian:CurlUp","floor":1,"key":"SMITH"},{"floor":9,"key":"REST"},{"floor":12,"key":"REST"}],"circlet_count":0,"master_deck":["Guardian:Strike_Guardian","Guardian:Strike_Guardian","Guardian:Strike_Guardian","Guardian:Strike_Guardian","Guardian:Defend_Guardian","Guardian:Defend_Guardian","Guardian:Defend_Guardian","Guardian:Defend_Guardian","Guardian:CurlUp+1","Guardian:TwinSlam","Guardian:PrimingBeam+1","Guardian:VentSteam","Guardian:DecasProtection","Guardian:ArmoredProtocol","Guardian:PrimingBeam","Guardian:ShieldCharger","Guardian:RollAttack","Guardian:RevengeProtocol"],"relics":["Guardian:StasisSlotReductionRelic","Ornamental Fan","Potion Belt","Pantograph","Singing Bowl"],"acts_visited":["Exordium"],"potions_floor_usage":[10,11,11,14],"damage_taken":[{"damage":0,"enemies":"2 Louse","floor":2,"turns":3},{"damage":0,"enemies":"Cultist","floor":3,"turns":4},{"damage":0,"enemies":"Small Slimes","floor":4,"turns":3},{"damage":4,"enemies":"Blue Slaver","floor":6,"turns":3},{"damage":68,"enemies":"downfall:LadyInBlue","floor":8,"turns":15},{"damage":8,"enemies":"Lagavulin","floor":10,"turns":7},{"damage":6,"enemies":"Exordium Wildlife","floor":11,"turns":4},{"damage":0,"enemies":"2 Fungi Beasts","floor":13,"turns":4},{"damage":16,"enemies":"Gremlin Nob","floor":14,"turns":4},{"damage":0,"enemies":"3 Louse","floor":15,"turns":2},{"damage":94,"enemies":"DF_ARCHETYPE_STREAMLINE","floor":16,"turns":14}],"seed_played":"3772512143376781249","potions_obtained":[{"floor":4,"key":"sneckomod:MuddlingPotion"},{"floor":8,"key":"Energy Potion"},{"floor":8,"key":"Swift Potion"},{"floor":8,"key":"SkillPotion"},{"floor":11,"key":"Guardian:BlockOnCardUsePotion"},{"floor":13,"key":"Strength Potion"},{"floor":15,"key":"BlessingOfTheForge"}],"is_trial":false,"path_per_floor":["R","M","M","M","?","M","T","?","R","E","M","R","M","E","M","B"],"character_chosen":"GUARDIAN","items_purchased":[],"campfire_rested":2,"item_purchase_floors":[],"current_hp_per_floor":[80,80,80,80,80,76,76,8,32,24,18,42,42,26,28,0,0,0],"gold":365,"neow_bonus":"BOSS_RELIC","is_daily":false,"chose_seed":false,"campfire_upgraded":1,"win_rate":0.0,"timestamp":1611438858,"path_taken":["R","M","M","M","?","M","T","?","R","E","M","R","M","E","M","BOSS"],"items_purchased_type":[],"build_version":"2020-12-22","purchased_purges":0,"victory":false,"max_hp_per_floor":[80,80,80,80,80,80,80,80,80,80,80,80,80,80,82,82,82,82],"relic_stats":{"Singing Bowl":2,"counters":[11,63],"Ornamental Fan":[52],"Pantograph":25,"obtain_stats":[{"Potion Belt":8,"Guardian:StasisSlotReductionRelic":0,"Singing Bowl":14,"Ornamental Fan":7,"Pantograph":10,"Guardian:ModeShifter":0},{"Potion Belt":5,"Guardian:StasisSlotReductionRelic":0,"Singing Bowl":9,"Ornamental Fan":4,"Pantograph":6,"Guardian:ModeShifter":0},{"Potion Belt":28,"Guardian:StasisSlotReductionRelic":0,"Singing Bowl":47,"Ornamental Fan":13,"Pantograph":35,"Guardian:ModeShifter":0}]},"card_choices":[{"not_picked":["Guardian:Gem_Green","Guardian:CrystalBeam"],"picked":"Guardian:PrimingBeam","floor":2},{"not_picked":["Guardian:Gem_Cyan","Guardian:Reroute"],"picked":"Guardian:VentSteam","floor":3},{"not_picked":["Guardian:Recover","Guardian:Gem_Lightblue"],"picked":"Guardian:DecasProtection","floor":4},{"not_picked":["Guardian:SentryBeam","Guardian:PolyBeam"],"picked":"Guardian:ArmoredProtocol","floor":6},{"not_picked":["Guardian:VentSteam","Guardian:CrystalBeam"],"picked":"Guardian:PrimingBeam","floor":8},{"not_picked":["Guardian:PiercingHide","Guardian:Gem_Lightblue"],"picked":"Guardian:ShieldCharger","floor":10},{"not_picked":["Guardian:Gem_Lightblue","Guardian:Planning"],"picked":"Guardian:Gem_Blue","floor":11},{"not_picked":["Guardian:Gem_Lightblue","Guardian:GuardianWhirl"],"picked":"Guardian:RollAttack","floor":13},{"not_picked":["Guardian:Preprogram","Guardian:FloatingOrbs"],"picked":"Guardian:RevengeProtocol","floor":14},{"not_picked":["Guardian:Reroute","Guardian:BronzeOrb","Guardian:Preprogram"],"picked":"Singing Bowl","floor":15}],"player_experience":831941,"relics_obtained":[{"floor":7,"key":"Ornamental Fan"},{"floor":8,"key":"Potion Belt"},{"floor":10,"key":"Pantograph"},{"floor":14,"key":"Singing Bowl"}],"event_choices":[{"damage_healed":0,"gold_gain":0,"player_choice":"Grow","damage_taken":0,"max_hp_gain":0,"max_hp_loss":0,"event_name":"Living Wall","floor":5,"gold_loss":0,"cards_upgraded":["Guardian:PrimingBeam"]}],"is_beta":false,"boss_relics":[],"items_purged_floors":[],"is_endless":false,"potions_floor_spawned":[4,11,13,15],"killed_by":"DF_ARCHETYPE_STREAMLINE","ascension_level":0}}