{"host":"urvvf8749ekcxo1a","time":1611435159,"event":{"mods":["AchievementEnabler","BaseMod","Better Sensory Stone","Better Third Choice","BetterRewards","Card Forge","Colored Powertips","Gold Saver","Minty Spire (QoL Compilation)","Quick Restart","Relic Filter","StSLib","SuperFastMode","The Alterego","The Cursed","The Hierophant","The Servant 0.9.4","UnlockEverythingMod"],"gold_per_floor":[110,110,110,130,130,130,130,130,130,130,130,163,163,176,176,281,281,297,3,3,3,19,19,39,54,77,104,114,124,124,124,124,224,224,238,284,303,303,323,348,156,156,183,111,131,131,131,151,151,151,151],"floor_reached":50,"language":"ENG","playtime":668,"items_purged":[],"score":640,"play_id":"e4562c92-572b-4047-bc82-7c7402e5e7c2","local_time":"20210123155239","is_ascension_mode":false,"campfire_choices":[{"floor":6.0,"key":"REST"},{"floor":13.0,"key":"REST"},{"floor":15.0,"key":"RECALL"},{"floor":23.0,"key":"REST"},{"floor":30.0,"key":"REST"},{"floor":32.0,"key":"REST"},{"floor":42.0,"key":"REST"},{"floor":46.0,"key":"REST"},{"floor":49.0,"key":"REST"}],"circlet_count":0,"master_deck":["Clash+1","Consecrate+1","Blasphemy+1","Fasting2+1"],"relics":["Hammer of Thor","Seething Fire","Anvil of the Gods","Empty Cage","Gambling Chip","Oddly Smooth Stone","Fusion Hammer","Membership Card","Unceasing Top","Enchiridion","alterego_mod:SomeoneToFightFor","Damaru","Bronze Scales","Runic Dome","Dream Catcher","Lizard Tail","Kunai","Yang"],"acts_visited":["Exordium","TheCity","TheBeyond"],"potions_floor_usage":[],"damage_taken":[{"damage":23.0,"enemies":"2 Louse","floor":1.0,"turns":3.0},{"damage":0.0,"enemies":"Cultist","floor":4.0,"turns":1.0},{"damage":0.0,"enemies":"Small Slimes","floor":7.0,"turns":1.0},{"damage":0.0,"enemies":"3 Sentries","floor":12.0,"turns":1.0},{"damage":0.0,"enemies":"2 Fungi Beasts","floor":14.0,"turns":1.0},{"damage":62.0,"enemies":"Hexaghost","floor":16.0,"turns":5.0},{"damage":0.0,"enemies":"3 Byrds","floor":18.0,"turns":1.0},{"damage":0.0,"enemies":"Chosen","floor":22.0,"turns":1.0},{"damage":0.0,"enemies":"Snecko","floor":24.0,"turns":1.0},{"damage":0.0,"enemies":"Cultist and Chosen","floor":25.0,"turns":1.0},{"damage":0.0,"enemies":"Slavers","floor":27.0,"turns":1.0},{"damage":0.0,"enemies":"Chosen and Byrds","floor":28.0,"turns":1.0},{"damage":0.0,"enemies":"Centurion and Healer","floor":29.0,"turns":1.0},{"damage":0.0,"enemies":"Champ","floor":33.0,"turns":1.0},{"damage":0.0,"enemies":"Orb Walker","floor":35.0,"turns":1.0},{"damage":0.0,"enemies":"2 Orb Walkers","floor":36.0,"turns":1.0},{"damage":0.0,"enemies":"3 Darklings","floor":37.0,"turns":1.0},{"damage":0.0,"enemies":"Jaw Worm Horde","floor":39.0,"turns":1.0},{"damage":0.0,"enemies":"Nemesis","floor":40.0,"turns":1.0},{"damage":0.0,"enemies":"Writhing Mass","floor":45.0,"turns":1.0},{"damage":0.0,"enemies":"Transient","floor":48.0,"turns":1.0},{"damage":0,"enemies":"Donu and Deca","floor":50,"turns":1}],"seed_played":"8379250237362755890","potions_obtained":[{"floor":4.0,"key":"SteroidPotion"},{"floor":25.0,"key":"Dexterity Potion"},{"floor":29.0,"key":"DistilledChaos"}],"is_trial":false,"path_per_floor":["M","?","$","M","$","R","M","?","T","?","?","E","R","M","R","B",null,"M","$","?","?","M","R","M","M","T","E","M","M","R","?","R","B",null,"M","?","M","?","M","E","$","R","T","$","M","R","T","M","R","B"],"character_chosen":"WATCHER","items_purchased":["Membership Card","Unceasing Top","Lizard Tail","Fasting2","Kunai"],"campfire_rested":8,"item_purchase_floors":[19,19,41,41,44],"current_hp_per_floor":[49,49,49,49,49,70,70,70,70,70,70,70,72,72,72,10,72,72,72,56,56,63,72,72,72,72,72,72,72,72,72,72,72,72,72,72,72,72,72,72,72,72,72,72,72,72,72,72,72,72,72],"gold":151,"neow_bonus":"BOSS_RELIC","is_daily":false,"chose_seed":false,"campfire_upgraded":0,"win_rate":0.0,"timestamp":1611435159,"path_taken":["M","?","$","M","$","R","?","?","T","?","?","E","R","M","R","BOSS","M","$","?","?","M","R","M","M","T","E","M","M","R","?","R","BOSS","M","?","M","?","M","E","$","R","T","?","?","R","?","M","R","BOSS"],"items_purchased_type":["Relic","Relic","Relic","Card","Relic"],"build_version":"2020-12-22","purchased_purges":0,"victory":false,"max_hp_per_floor":[72,72,72,72,72,72,72,72,72,72,72,72,72,72,72,72,72,72,72,72,72,72,72,72,72,72,72,72,72,72,72,72,72,72,72,72,72,72,72,72,72,72,72,72,72,72,72,72,72,72,72],"card_choices":[{"not_picked":["SashWhip","BowlingBash","Consecrate"],"picked":"SKIP","floor":1.0},{"not_picked":["SandsOfTime","Nirvana","EmptyBody"],"picked":"SKIP","floor":4.0},{"not_picked":["Vengeance","ForeignInfluence","Sanctity"],"picked":"SKIP","floor":7.0},{"not_picked":["Protect","Sanctity","Study"],"picked":"SKIP","floor":12.0},{"not_picked":["ClearTheMind","Tantrum","BowlingBash"],"picked":"SKIP","floor":14.0},{"not_picked":["Meditate","Prostrate","SashWhip+1"],"picked":"SKIP","floor":18.0},{"not_picked":["LikeWater","SandsOfTime","BowlingBash"],"picked":"SKIP","floor":22.0},{"not_picked":["Halt","Crescendo","EmptyBody"],"picked":"SKIP","floor":24.0},{"not_picked":["Collect","Wallop","Wish"],"picked":"SKIP","floor":25.0},{"not_picked":["DeusExMachina","Crescendo","Indignation+1"],"picked":"SKIP","floor":27.0},{"not_picked":["Perseverance","CutThroughFate","ClearTheMind"],"picked":"SKIP","floor":28.0},{"not_picked":["FollowUp","PathToVictory","Swivel"],"picked":"SKIP","floor":29.0},{"not_picked":["Halt","Evaluate+1","ReachHeaven"],"picked":"SKIP","floor":35.0},{"not_picked":["SashWhip","BowlingBash","Perseverance"],"picked":"SKIP","floor":37.0},{"not_picked":["SandsOfTime","Devotion","JustLucky+1"],"picked":"SKIP","floor":39.0},{"not_picked":["CrushJoints","Crescendo","FollowUp"],"picked":"SKIP","floor":40.0},{"not_picked":["Judgement","SashWhip","PathToVictory"],"picked":"SKIP","floor":45.0},{"not_picked":["Prostrate","SashWhip+1","WheelKick+1"],"picked":"SKIP","floor":48.0}],"player_experience":152105,"relics_obtained":[{"floor":9.0,"key":"Gambling Chip"},{"floor":12.0,"key":"Oddly Smooth Stone"},{"floor":20.0,"key":"Enchiridion"},{"floor":26.0,"key":"Damaru"},{"floor":27.0,"key":"Bronze Scales"},{"floor":40.0,"key":"Dream Catcher"},{"floor":47.0,"key":"Yang"}],"event_choices":[{"damage_healed":0.0,"max_hp_gain":0.0,"max_hp_loss":0.0,"gold_gain":0.0,"event_name":"Upgrade Shrine","player_choice":"Ignored","floor":2.0,"gold_loss":0.0,"damage_taken":0.0},{"damage_healed":0.0,"max_hp_gain":0.0,"max_hp_loss":0.0,"gold_gain":1.0,"event_name":"betterStone:BetterStone","player_choice":"1","floor":8.0,"gold_loss":0.0,"damage_taken":0.0},{"damage_healed":0.0,"max_hp_gain":0.0,"max_hp_loss":0.0,"gold_gain":0.0,"event_name":"betterThird:BetterSerpent","player_choice":"Ignored","floor":10.0,"gold_loss":0.0,"damage_taken":130.0},{"cards_removed":["Omega"],"damage_healed":0.0,"max_hp_gain":0.0,"max_hp_loss":0.0,"gold_gain":0.0,"event_name":"Living Wall","player_choice":"Forget","floor":11.0,"gold_loss":0.0,"damage_taken":0.0},{"damage_healed":0.0,"max_hp_gain":0.0,"max_hp_loss":0.0,"gold_gain":0.0,"event_name":"Cursed Tome","player_choice":"Obtained Book","floor":20.0,"gold_loss":0.0,"damage_taken":16.0},{"damage_healed":0.0,"max_hp_gain":0.0,"max_hp_loss":0.0,"gold_gain":0.0,"event_name":"Secret Garden","player_choice":"Choice 2","floor":21.0,"gold_loss":0.0,"damage_taken":0.0,"relics_obtained":["alterego_mod:SomeoneToFightFor"]},{"damage_healed":24.0,"max_hp_gain":0.0,"max_hp_loss":0.0,"gold_gain":0.0,"event_name":"The Library","player_choice":"Heal","floor":31.0,"gold_loss":0.0,"damage_taken":0.0},{"damage_healed":0.0,"max_hp_gain":0.0,"max_hp_loss":0.0,"gold_gain":0.0,"event_name":"Mysterious Sphere","player_choice":"Fight","floor":36.0,"gold_loss":0.0,"damage_taken":0.0},{"damage_healed":0.0,"max_hp_gain":0.0,"max_hp_loss":0.0,"gold_gain":0.0,"event_name":"Tomb of Lord Red Mask","player_choice":"Ignored","floor":38.0,"gold_loss":0.0,"damage_taken":0.0}],"is_beta":false,"boss_relics":[{"not_picked":["Philosopher\u0027s Stone","Black Star"],"picked":"Fusion Hammer"},{"not_picked":["Tiny House","SacredBark"],"picked":"Runic Dome"}],"items_purged_floors":[],"is_endless":false,"potions_floor_spawned":[4,12,14,18,25,29,35,36,37],"killed_by":"Donu and Deca","ascension_level":0}}