{"host":"8u7tvcybuv0u72fd","time":1611374219,"event":{"mods":["BaseMod","BetterRewards","Colored Map","Colored Powertips","Minty Spire (QoL Compilation)","Quick Restart","Shop Mod"],"gold_per_floor":[110,75,88,88,88,88,114,195,195,195,213,213,238,252,252,355,355,368,386,0,75,75,75,100,100,145,171,171,182,182,196,196,297,297,312,362,216,230,284,284,299,299,348,362,362,390,390,400,400,400,400,400,67,93,93],"floor_reached":56,"language":"ENG","playtime":2438,"items_purged":[],"score":1651,"play_id":"f203557f-986a-401d-ac57-d9bd3450a77f","local_time":"20210122225659","is_ascension_mode":false,"campfire_choices":[{"data":"Bash","floor":6.0,"key":"SMITH"},{"data":"Sword Boomerang","floor":10.0,"key":"SMITH"},{"data":"Dropkick","floor":15.0,"key":"SMITH"},{"data":"Offering","floor":23,"key":"SMITH"},{"data":"Iron Wave","floor":28,"key":"SMITH"},{"data":"Seeing Red","floor":30,"key":"SMITH"},{"data":"Defend_R","floor":32,"key":"SMITH"},{"data":"Inflame","floor":40,"key":"SMITH"},{"data":"Immolate","floor":42,"key":"SMITH"},{"data":"Shrug It Off","floor":47,"key":"SMITH"},{"floor":49,"key":"RECALL"},{"data":"Jack Of All Trades","floor":52,"key":"SMITH"}],"circlet_count":0,"master_deck":["Strike_R","Strike_R","Strike_R","Strike_R","Strike_R","Defend_R+1","Defend_R","Defend_R+1","Defend_R+1","Bash+1","Sword Boomerang+1","Dropkick+1","Seeing Red+1","Offering+1","Iron Wave+1","Uppercut+1","Immolate+1","Heavy Blade+1","Inflame+1","Shrug It Off+1","Rage+1","Jack Of All Trades+1","Limit Break","Anger+1"],"relics":["Black Blood","Bag of Marbles","ClockworkSouvenir","Tiny Chest","Self Forming Clay","Sling","StoneCalendar","Dead Branch","Blue Candle","Singing Bowl","Bronze Scales","SacredBark","Paper Frog","HandDrill","Happy Flower","Prayer Wheel","Lizard Tail","MerchantsRug","Bag of Preparation","Pantograph","Shuriken"],"acts_visited":["Exordium","TheCity","TheBeyond","TheEnding"],"potions_floor_usage":[27,27,33,39,54,55,55],"damage_taken":[{"damage":0.0,"enemies":"2 Louse","floor":1.0,"turns":3.0},{"damage":3.0,"enemies":"Jaw Worm","floor":3.0,"turns":3.0},{"damage":14.0,"enemies":"Gremlin Nob","floor":7.0,"turns":3.0},{"damage":0.0,"enemies":"Cultist","floor":11.0,"turns":3.0},{"damage":20.0,"enemies":"Lagavulin","floor":13.0,"turns":5.0},{"damage":8.0,"enemies":"Lots of Slimes","floor":14.0,"turns":3.0},{"damage":31.0,"enemies":"The Guardian","floor":16.0,"turns":8.0},{"damage":8.0,"enemies":"2 Thieves","floor":18.0,"turns":3.0},{"damage":18.0,"enemies":"Spheric Guardian","floor":19.0,"turns":4.0},{"damage":6,"enemies":"Slavers","floor":27,"turns":3},{"damage":13,"enemies":"Snake Plant","floor":29,"turns":3},{"damage":0,"enemies":"Centurion and Healer","floor":31,"turns":5},{"damage":73,"enemies":"Champ","floor":33,"turns":9},{"damage":7,"enemies":"3 Darklings","floor":35,"turns":2},{"damage":6,"enemies":"Mind Bloom Boss Battle","floor":36,"turns":3},{"damage":2,"enemies":"Orb Walker","floor":38,"turns":3},{"damage":10,"enemies":"2 Orb Walkers","floor":39,"turns":3},{"damage":6,"enemies":"Spire Growth","floor":41,"turns":3},{"damage":6,"enemies":"Sphere and 2 Shapes","floor":44,"turns":4},{"damage":14,"enemies":"Reptomancer","floor":46,"turns":4},{"damage":2,"enemies":"3 Darklings","floor":48,"turns":3},{"damage":104,"enemies":"Awakened One","floor":50,"turns":12},{"damage":18,"enemies":"Shield and Spear","floor":54,"turns":5},{"damage":31,"enemies":"The Heart","floor":55,"turns":6}],"seed_played":"-3117501183227980683","potions_obtained":[{"floor":1.0,"key":"ColorlessPotion"},{"floor":7.0,"key":"Dexterity Potion"},{"floor":16.0,"key":"SkillPotion"},{"floor":19.0,"key":"PowerPotion"},{"floor":27,"key":"AttackPotion"},{"floor":29,"key":"Dexterity Potion"},{"floor":35,"key":"Block Potion"},{"floor":36,"key":"EssenceOfSteel"},{"floor":46,"key":"Explosive Potion"}],"is_trial":false,"path_per_floor":["M","?","M","?","T","R","E","T","T","R","M","$","E","M","R","B",null,"M","M","$","?","$","R","T","$","T","E","R","M","R","M","R","B",null,"M","?","$","M","?","R","M","R","T","M","?","E","R","M","R","B",null,"R","$","E","B",null],"character_chosen":"IRONCLAD","items_purchased":["WingedGreaves","Bag of Marbles","ClockworkSouvenir","Tiny Chest","Self Forming Clay","War Paint","Sling","Energy Potion","Paper Frog","HandDrill","MerchantsRug","Inflame","Shrug It Off","Limit Break","Pantograph"],"campfire_rested":0,"item_purchase_floors":[0,0,0,0,0,0,0,0,20,20,37,37,37,53,53],"current_hp_per_floor":[38,58,61,66,66,66,58,58,58,58,66,66,52,50,50,25,87,87,77,77,68,68,68,68,68,75,75,75,68,68,78,78,11,102,104,104,104,108,110,110,112,112,112,116,110,110,110,124,124,32,126,126,126,120,107],"gold":93,"neow_bonus":"","is_daily":false,"chose_seed":false,"campfire_upgraded":11,"win_rate":0.0,"timestamp":1611374219,"path_taken":["M","?","M","?","?","R","E","?","T","R","M","$","E","M","R","BOSS","M","?","$","?","?","R","?","$","T","E","R","M","R","M","R","BOSS","M","?","$","M","?","R","M","R","T","M","?","E","R","M","R","BOSS","R","$","E","BOSS"],"items_purchased_type":["Relic","Relic","Relic","Relic","Relic","Relic","Relic","Potion","Relic","Relic","Relic","Card","Card","Card","Relic"],"build_version":"2020-12-22","purchased_purges":0,"victory":true,"max_hp_per_floor":[80,80,80,85,85,85,85,85,85,85,87,87,87,87,87,87,87,89,91,91,91,91,91,91,91,98,98,98,98,98,102,102,102,102,104,104,104,108,110,110,112,112,112,116,120,122,122,126,126,126,126,126,126,126,126],"card_choices":[{"not_picked":["Perfected Strike","Sever Soul","Sword Boomerang"],"picked":"SKIP","floor":1.0},{"not_picked":["Pummel","True Grit","Flex"],"picked":"SKIP","floor":3.0},{"not_picked":["Anger","Clothesline"],"picked":"Sword Boomerang","floor":7.0},{"not_picked":["Perfected Strike","Spot Weakness","Combust"],"picked":"Singing Bowl","floor":11.0},{"not_picked":["Burning Pact","Limit Break"],"picked":"Dropkick","floor":13.0},{"not_picked":["Searing Blow","Feel No Pain"],"picked":"Seeing Red","floor":14.0},{"not_picked":["Reaper","Demon Form"],"picked":"Offering","floor":16.0},{"not_picked":["Clothesline","Heavy Blade","Thunderclap"],"picked":"Singing Bowl","floor":18.0},{"not_picked":["Warcry","Second Wind","Armaments"],"picked":"Singing Bowl","floor":19.0},{"not_picked":["Perfected Strike","Armaments"],"picked":"Iron Wave","floor":27},{"not_picked":["Clash","Feel No Pain"],"picked":"Uppercut+1","floor":29},{"not_picked":["Anger+1","Battle Trance","Cleave"],"picked":"SKIP","floor":29},{"not_picked":["Flex","Iron Wave+1","Bloodletting"],"picked":"Singing Bowl","floor":31},{"not_picked":["Metallicize","Sword Boomerang+1","Twin Strike"],"picked":"Singing Bowl","floor":31},{"not_picked":["Brutality","Reaper"],"picked":"Immolate","floor":33},{"not_picked":["Twin Strike","Warcry+1","Sword Boomerang"],"picked":"Singing Bowl","floor":35},{"not_picked":["Rampage","Entrench","Second Wind+1"],"picked":"SKIP","floor":35},{"not_picked":["Twin Strike+1","Spot Weakness+1"],"picked":"Heavy Blade+1","floor":36},{"not_picked":["Warcry","Whirlwind","Wild Strike"],"picked":"Singing Bowl","floor":38},{"not_picked":["Thunderclap+1","Armaments+1","Perfected Strike"],"picked":"Singing Bowl","floor":38},{"not_picked":["Thunderclap+1","Clothesline+1","Clash"],"picked":"Singing Bowl","floor":39},{"not_picked":["Twin Strike","Bludgeon","Thunderclap+1"],"picked":"Singing Bowl","floor":41},{"not_picked":["Entrench+1","Ghostly Armor"],"picked":"Rage+1","floor":41},{"not_picked":["Warcry","Sword Boomerang+1","Pommel Strike"],"picked":"Singing Bowl","floor":44},{"not_picked":["Cleave+1","Carnage+1","Hemokinesis"],"picked":"Singing Bowl","floor":44},{"not_picked":["Mind Blast","Dark Shackles","Trip"],"picked":"Singing Bowl","floor":45},{"not_picked":["Jack Of All Trades","Purity","Deep Breath"],"picked":"Singing Bowl","floor":45},{"not_picked":["Panacea","Madness"],"picked":"Jack Of All Trades","floor":45},{"not_picked":["Havoc+1","Iron Wave","True Grit"],"picked":"Singing Bowl","floor":46},{"not_picked":["Clothesline","Heavy Blade+1","Entrench"],"picked":"Singing Bowl","floor":48},{"not_picked":["Hemokinesis","Heavy Blade","Searing Blow+1"],"picked":"Singing Bowl","floor":48},{"not_picked":["Ghostly Armor","Seeing Red"],"picked":"Anger+1","floor":54}],"player_experience":1401742,"relics_obtained":[{"floor":5.0,"key":"StoneCalendar"},{"floor":7.0,"key":"Dead Branch"},{"floor":8.0,"key":"Blue Candle"},{"floor":9.0,"key":"Singing Bowl"},{"floor":13.0,"key":"Bronze Scales"},{"floor":24,"key":"Happy Flower"},{"floor":26,"key":"Strawberry"},{"floor":27,"key":"Prayer Wheel"},{"floor":36,"key":"Lizard Tail"},{"floor":39,"key":"Du-Vu Doll"},{"floor":46,"key":"Bag of Preparation"},{"floor":54,"key":"Shuriken"}],"event_choices":[{"damage_healed":20.0,"max_hp_gain":0.0,"max_hp_loss":0.0,"gold_gain":0.0,"event_name":"The Cleric","player_choice":"Healed","floor":2.0,"gold_loss":35.0,"damage_taken":0.0},{"damage_healed":0.0,"max_hp_gain":5.0,"max_hp_loss":0.0,"gold_gain":0.0,"event_name":"Big Fish","player_choice":"Donut","floor":4.0,"gold_loss":0.0,"damage_taken":0.0},{"damage_healed":0,"gold_gain":75,"player_choice":"Touch","damage_taken":9,"max_hp_gain":0,"max_hp_loss":0,"event_name":"FaceTrader","floor":21,"gold_loss":0},{"damage_healed":0,"gold_gain":0,"player_choice":"Fight","damage_taken":0,"max_hp_gain":0,"max_hp_loss":0,"event_name":"MindBloom","floor":36,"gold_loss":0},{"damage_healed":0,"gold_gain":0,"player_choice":"Fight","damage_taken":0,"max_hp_gain":0,"max_hp_loss":0,"event_name":"Mysterious Sphere","floor":39,"gold_loss":0},{"damage_healed":0,"gold_gain":0,"player_choice":"Memory 3","damage_taken":10,"max_hp_gain":0,"max_hp_loss":0,"event_name":"SensoryStone","floor":45,"gold_loss":0}],"is_beta":false,"boss_relics":[{"not_picked":["Fusion Hammer","Philosopher\u0027s Stone"],"picked":"SacredBark"},{"not_picked":["Astrolabe","Empty Cage"],"picked":"Black Blood"}],"items_purged_floors":[],"is_endless":false,"potions_floor_spawned":[1,7,16,19,27,29,35,36,46,48],"ascension_level":0}}