{"host":"n4fty02wqqi95laq","time":1611403900,"event":{"mods":["BaseMod","Highlight Path","Minty Spire (QoL Compilation)","Quick Restart","Rare Cards Sparkle","StSLib"],"gold_per_floor":[116,116,131,146,164,193,209,220,220,220,234,234,234,234,234,330,330,340,255,274,294,72,72,88,120,193,206,206,206,219,230,230,329,329,349,366,366,386,403,403,431,442,442,45,104,104,131,177,177,177,177],"floor_reached":50,"language":"ZHS","playtime":1361,"items_purged":["Defend_P","Strike_P"],"score":525,"play_id":"04a85241-5dc0-4f5c-b7f7-d2370317c998","local_time":"20210123201140","is_ascension_mode":false,"campfire_choices":[{"data":"Eruption","floor":10.0,"key":"SMITH"},{"data":"CrushJoints","floor":12.0,"key":"SMITH"},{"data":"FlurryOfBlows","floor":15.0,"key":"SMITH"},{"data":"FlurryOfBlows","floor":23.0,"key":"SMITH"},{"data":"EmptyFist","floor":29.0,"key":"SMITH"},{"data":"Halt","floor":32.0,"key":"SMITH"},{"data":"Strike_P","floor":40.0,"key":"SMITH"},{"data":"ForeignInfluence","floor":49.0,"key":"SMITH"}],"circlet_count":0,"master_deck":["Strike_P+1","Strike_P","Defend_P","Defend_P","Eruption+1","Vigilance","FlurryOfBlows+1","CrushJoints+1","EmptyFist+1","FlurryOfBlows+1","Halt+1","Evaluate","JustLucky+1","Iron Wave+1","Evaluate+1","FlurryOfBlows+1","ClearTheMind+1","ForeignInfluence+1"],"relics":["PureWater","NeowsBlessing","Toy Ornithopter","Gambling Chip","Philosopher\u0027s Stone","Darkstone Periapt","Bag of Preparation","Eternal Feather","Molten Egg 2","Black Star","Du-Vu Doll","CeramicFish","Letter Opener","Lantern","Lee\u0027s Waffle","Turnip"],"acts_visited":["Exordium","TheCity","TheBeyond"],"potions_floor_usage":[50,50],"damage_taken":[{"damage":0.0,"enemies":"Small Slimes","floor":1.0,"turns":1.0},{"damage":0.0,"enemies":"Cultist","floor":3.0,"turns":1.0},{"damage":0.0,"enemies":"2 Louse","floor":4.0,"turns":1.0},{"damage":2.0,"enemies":"Exordium Thugs","floor":5.0,"turns":3.0},{"damage":0.0,"enemies":"Lagavulin","floor":6.0,"turns":3.0},{"damage":4.0,"enemies":"Blue Slaver","floor":7.0,"turns":2.0},{"damage":0.0,"enemies":"Gremlin Gang","floor":8.0,"turns":1.0},{"damage":0.0,"enemies":"2 Fungi Beasts","floor":11.0,"turns":2.0},{"damage":22.0,"enemies":"Hexaghost","floor":16.0,"turns":6.0},{"damage":1.0,"enemies":"Shell Parasite","floor":18.0,"turns":2.0},{"damage":3.0,"enemies":"Spheric Guardian","floor":20.0,"turns":3.0},{"damage":12.0,"enemies":"Shelled Parasite and Fungi","floor":21.0,"turns":2.0},{"damage":5.0,"enemies":"Cultist and Chosen","floor":24.0,"turns":3.0},{"damage":9.0,"enemies":"Book of Stabbing","floor":25.0,"turns":3.0},{"damage":0.0,"enemies":"Centurion and Healer","floor":27.0,"turns":2.0},{"damage":0.0,"enemies":"3 Cultists","floor":30.0,"turns":2.0},{"damage":0.0,"enemies":"Chosen and Byrds","floor":31.0,"turns":3.0},{"damage":53.0,"enemies":"Collector","floor":33.0,"turns":3.0},{"damage":1.0,"enemies":"3 Shapes","floor":35.0,"turns":3.0},{"damage":0.0,"enemies":"Orb Walker","floor":36.0,"turns":2.0},{"damage":0.0,"enemies":"Sphere and 2 Shapes","floor":38.0,"turns":3.0},{"damage":22.0,"enemies":"Writhing Mass","floor":39.0,"turns":4.0},{"damage":30.0,"enemies":"Reptomancer","floor":41.0,"turns":4.0},{"damage":0.0,"enemies":"Maw","floor":42.0,"turns":5.0},{"damage":14.0,"enemies":"Mind Bloom Boss Battle","floor":45.0,"turns":9.0},{"damage":0.0,"enemies":"Jaw Worm Horde","floor":47.0,"turns":2.0},{"damage":84,"enemies":"Donu and Deca","floor":50,"turns":6}],"seed_played":"2693083202978704559","potions_obtained":[{"floor":1.0,"key":"Dexterity Potion"},{"floor":2.0,"key":"Explosive Potion"},{"floor":2.0,"key":"AttackPotion"},{"floor":2.0,"key":"FearPotion"},{"floor":6.0,"key":"Ambrosia"},{"floor":7.0,"key":"AttackPotion"},{"floor":16.0,"key":"AttackPotion"},{"floor":25.0,"key":"DistilledChaos"},{"floor":35.0,"key":"EssenceOfSteel"},{"floor":36.0,"key":"SteroidPotion"},{"floor":41.0,"key":"DistilledChaos"},{"floor":47.0,"key":"Explosive Potion"}],"is_trial":false,"path_per_floor":["M","?","M","M","M","E","M","M","T","R","M","R","?","?","R","B",null,"M","?","M","M","$","R","M","E","T","M","?","R","M","M","R","B",null,"M","M","?","M","M","R","E","M","T","$","?","?","M","T","R","B"],"character_chosen":"WATCHER","items_purchased":["Bag of Preparation","Lantern","Lee\u0027s Waffle"],"campfire_rested":0,"item_purchase_floors":[22,44,44],"current_hp_per_floor":[72,72,72,72,70,70,66,71,71,71,71,71,64,64,64,42,72,71,71,68,61,61,61,56,47,47,47,47,56,56,56,65,19,72,71,71,71,71,59,68,38,43,43,79,65,65,65,65,74,0,0],"gold":177,"neow_bonus":"THREE_ENEMY_KILL","is_daily":false,"chose_seed":false,"campfire_upgraded":8,"win_rate":0.0,"timestamp":1611403900,"path_taken":["M","?","M","M","M","E","M","M","T","R","?","R","?","?","R","BOSS","M","?","M","M","$","R","M","E","T","M","?","R","?","M","R","BOSS","M","M","?","M","M","R","E","M","T","$","?","?","?","?","R","BOSS"],"items_purchased_type":["Relic","Relic","Relic"],"build_version":"2020-12-22","purchased_purges":2,"victory":false,"max_hp_per_floor":[72,72,72,72,72,72,72,72,72,72,72,72,72,72,72,72,72,72,72,72,72,72,72,72,72,72,72,72,72,72,72,72,72,72,72,72,72,72,72,72,72,72,72,79,79,79,79,79,79,79,79],"card_choices":[{"not_picked":["MentalFortress","JustLucky","Wireheading"],"picked":"SKIP","floor":1.0},{"not_picked":["FearNoEvil","ThirdEye","Fasting2"],"picked":"SKIP","floor":3.0},{"not_picked":["Pray","WheelKick"],"picked":"FlurryOfBlows","floor":4.0},{"not_picked":["FlyingSleeves","Prostrate"],"picked":"CrushJoints","floor":5.0},{"not_picked":["SashWhip","Evaluate"],"picked":"EmptyFist","floor":6.0},{"not_picked":["CutThroughFate","Fasting2"],"picked":"FlurryOfBlows","floor":7.0},{"not_picked":["Perseverance","FlyingSleeves"],"picked":"Halt","floor":8.0},{"not_picked":["Prostrate","CrushJoints","Tantrum"],"picked":"SKIP","floor":11.0},{"not_picked":["EmptyMind","JustLucky+1"],"picked":"Evaluate","floor":18.0},{"not_picked":["Halt","CutThroughFate"],"picked":"Crescendo+1","floor":20.0},{"not_picked":["Pray+1","SashWhip","Evaluate"],"picked":"SKIP","floor":21.0},{"not_picked":["ReachHeaven+1","EmptyFist","Tantrum"],"picked":"SKIP","floor":24.0},{"not_picked":["Halt","Meditate","MasterReality"],"picked":"SKIP","floor":25.0},{"not_picked":["Halt","Prostrate+1"],"picked":"JustLucky+1","floor":27.0},{"not_picked":["Halt","InnerPeace+1","Evaluate"],"picked":"SKIP","floor":30.0},{"not_picked":["Weave+1","EmptyFist+1","Fasting2"],"picked":"SKIP","floor":31.0},{"not_picked":["Perseverance+1","Halt+1"],"picked":"Evaluate+1","floor":35.0},{"not_picked":["Swivel+1","JustLucky+1","Protect+1"],"picked":"SKIP","floor":36.0},{"not_picked":["ThirdEye+1","JustLucky+1"],"picked":"FlurryOfBlows+1","floor":38.0},{"not_picked":["Evaluate+1","ReachHeaven+1","Fasting2+1"],"picked":"SKIP","floor":39.0},{"not_picked":["Study+1","EmptyMind","Tantrum+1"],"picked":"SKIP","floor":41.0},{"not_picked":["Protect","SashWhip+1","Consecrate+1"],"picked":"SKIP","floor":42.0},{"not_picked":["ReachHeaven+1","Perseverance+1"],"picked":"ClearTheMind+1","floor":45.0},{"not_picked":["ThirdEye","ClearTheMind+1"],"picked":"ForeignInfluence","floor":47.0}],"player_experience":684117,"relics_obtained":[{"floor":6.0,"key":"Toy Ornithopter"},{"floor":9.0,"key":"Gambling Chip"},{"floor":25.0,"key":"Eternal Feather"},{"floor":26.0,"key":"Molten Egg 2"},{"floor":41.0,"key":"Du-Vu Doll"},{"floor":41.0,"key":"CeramicFish"},{"floor":43.0,"key":"Letter Opener"},{"floor":45.0,"key":"Turnip"}],"event_choices":[{"damage_healed":0.0,"max_hp_gain":0.0,"max_hp_loss":0.0,"gold_gain":0.0,"event_name":"Lab","player_choice":"Got Potions","floor":2.0,"gold_loss":0.0,"damage_taken":0.0},{"cards_removed":["Defend_P"],"damage_healed":0.0,"max_hp_gain":0.0,"max_hp_loss":0.0,"gold_gain":0.0,"event_name":"Golden Wing","player_choice":"Card Removal","floor":13.0,"gold_loss":0.0,"damage_taken":7.0},{"damage_healed":0.0,"max_hp_gain":0.0,"max_hp_loss":0.0,"gold_gain":0.0,"event_name":"Match and Keep!","player_choice":"0 cards matched","floor":14.0,"gold_loss":0.0,"damage_taken":0.0,"cards_obtained":[]},{"damage_healed":0.0,"max_hp_gain":0.0,"max_hp_loss":0.0,"gold_gain":0.0,"event_name":"Addict","player_choice":"Obtained Relic","floor":19.0,"gold_loss":85.0,"damage_taken":0.0,"relics_obtained":["Darkstone Periapt"]},{"cards_removed":["Strike_P"],"damage_healed":0.0,"max_hp_gain":0.0,"max_hp_loss":0.0,"gold_gain":0.0,"event_name":"NoteForYourself","player_choice":"Took Card","floor":28.0,"gold_loss":0.0,"damage_taken":0.0,"cards_obtained":["Iron Wave"]},{"cards_removed":["Crescendo"],"damage_healed":0.0,"max_hp_gain":0.0,"max_hp_loss":0.0,"gold_gain":0.0,"event_name":"Falling","player_choice":"Removed Skill","floor":37.0,"gold_loss":0.0,"damage_taken":0.0},{"damage_healed":0.0,"max_hp_gain":0.0,"max_hp_loss":0.0,"gold_gain":0.0,"event_name":"MindBloom","player_choice":"Fight","floor":45.0,"gold_loss":0.0,"damage_taken":0.0},{"damage_healed":0.0,"max_hp_gain":0.0,"max_hp_loss":0.0,"gold_gain":0.0,"event_name":"SensoryStone","player_choice":"Memory 1","floor":46.0,"gold_loss":0.0,"damage_taken":0.0}],"is_beta":false,"boss_relics":[{"not_picked":["Astrolabe","Runic Pyramid"],"picked":"Philosopher\u0027s Stone"},{"not_picked":["Cursed Key","Velvet Choker"],"picked":"Black Star"}],"items_purged_floors":[22,44],"is_endless":false,"potions_floor_spawned":[1,4,6,7,16,25,27,35,36,41,47],"killed_by":"Donu and Deca","ascension_level":0}}