{"host":"0ueeacaatm8t6jyh","time":1611389380,"event":{"mods":["AchievementEnabler","BaseMod","Colored Powertips","Minty Spire (QoL Compilation)","Quick Restart","Rare Cards Sparkle","Shop Mod","StSLib"],"gold_per_floor":[113,184,41,53,63,63,97,97,97,97,97,97,128,146,146,243,243,258,105,115,130,180,214,232,259,259,20,33,133,133,150,150,252,252,265,265,140,150,0,0,14,14,39,39,59,59,73,24,24,24,24],"floor_reached":50,"language":"ZHS","playtime":1520,"items_purged":["Strike_R","Strike_R","Strike_R","Strike_R"],"score":490,"play_id":"13e86dbf-3387-49db-8ce4-4e2980a08cb2","local_time":"20210123160940","is_ascension_mode":false,"campfire_choices":[{"data":"Pommel Strike","floor":6.0,"key":"SMITH"},{"data":"Sword Boomerang","floor":10.0,"key":"SMITH"},{"data":"Armaments","floor":15.0,"key":"SMITH"},{"floor":30.0,"key":"REST"},{"floor":32.0,"key":"DIG"},{"floor":40.0,"key":"DIG"},{"data":"Heavy Blade","floor":44.0,"key":"SMITH"},{"floor":46,"key":"REST"},{"floor":49,"key":"DIG"}],"circlet_count":0,"master_deck":["Strike_R","Defend_R","Defend_R","Defend_R","Defend_R","Bash","Flex","Shrug It Off","Pommel Strike+1","Flex","Sword Boomerang+1","Armaments+1","Iron Wave","Heavy Blade+1","True Grit","Flex+1"],"relics":["Philosopher\u0027s Stone","Eternal Feather","Mummified Hand","Paper Frog","Gremlin Horn","Black Star","Darkstone Periapt","Shuriken","Dream Catcher","PreservedInsect","Shovel","Matryoshka","TungstenRod","Busted Crown","Lantern","Smiling Mask","Toy Ornithopter","Nunchaku"],"acts_visited":["Exordium","TheCity","TheBeyond"],"potions_floor_usage":[50,50,50],"damage_taken":[{"damage":0.0,"enemies":"Cultist","floor":1.0,"turns":2.0},{"damage":0.0,"enemies":"2 Louse","floor":4.0,"turns":2.0},{"damage":2.0,"enemies":"Jaw Worm","floor":5.0,"turns":2.0},{"damage":15.0,"enemies":"Lagavulin","floor":7.0,"turns":6.0},{"damage":30.0,"enemies":"3 Sentries","floor":13.0,"turns":6.0},{"damage":9.0,"enemies":"Red Slaver","floor":14.0,"turns":2.0},{"damage":20.0,"enemies":"Slime Boss","floor":16.0,"turns":9.0},{"damage":20.0,"enemies":"3 Byrds","floor":18.0,"turns":6.0},{"damage":7.0,"enemies":"Shell Parasite","floor":20.0,"turns":5.0},{"damage":0.0,"enemies":"Snecko","floor":21.0,"turns":3.0},{"damage":17.0,"enemies":"Slavers","floor":23.0,"turns":5.0},{"damage":0.0,"enemies":"Centurion and Healer","floor":24.0,"turns":5.0},{"damage":8.0,"enemies":"Book of Stabbing","floor":25.0,"turns":3.0},{"damage":18.0,"enemies":"Shelled Parasite and Fungi","floor":28.0,"turns":4.0},{"damage":9.0,"enemies":"Cultist and Chosen","floor":31.0,"turns":4.0},{"damage":36.0,"enemies":"Collector","floor":33.0,"turns":7.0},{"damage":14.0,"enemies":"3 Darklings","floor":35.0,"turns":3.0},{"damage":10.0,"enemies":"Orb Walker","floor":38.0,"turns":3.0},{"damage":43.0,"enemies":"Writhing Mass","floor":41.0,"turns":6.0},{"damage":11,"enemies":"Maw","floor":45,"turns":6},{"damage":4,"enemies":"3 Darklings","floor":47,"turns":6},{"damage":75,"enemies":"Donu and Deca","floor":50,"turns":8}],"seed_played":"-569858007734883148","potions_obtained":[{"floor":4.0,"key":"Strength Potion"},{"floor":13.0,"key":"ColorlessPotion"},{"floor":14.0,"key":"ElixirPotion"},{"floor":23.0,"key":"SteroidPotion"},{"floor":25.0,"key":"AttackPotion"},{"floor":28.0,"key":"ElixirPotion"},{"floor":35.0,"key":"LiquidBronze"},{"floor":47,"key":"Block Potion"}],"is_trial":false,"path_per_floor":["M","T","$","M","M","R","E","$","T","R","?","$","E","M","R","B",null,"M","$","M","M","?","E","M","E","T","$","M","?","R","M","R","B",null,"M","?","$","M","$","R","M","?","T","R","M","R","M","$","R","B"],"character_chosen":"IRONCLAD","items_purchased":["Shrug It Off","Pommel Strike","True Grit","Matryoshka","Dexterity Potion"],"campfire_rested":2,"item_purchase_floors":[3,3,19,27,48],"current_hp_per_floor":[80,80,80,80,78,80,65,65,65,71,71,71,41,32,41,21,80,60,60,53,53,53,36,36,28,28,28,10,10,43,34,43,7,80,66,66,66,56,56,65,22,22,22,31,20,51,47,47,56,0,0],"gold":24,"neow_bonus":"BOSS_RELIC","is_daily":false,"chose_seed":false,"campfire_upgraded":4,"win_rate":0.0,"timestamp":1611389380,"path_taken":["M","?","$","M","?","R","E","$","T","R","?","?","E","M","R","BOSS","M","$","M","M","?","E","?","E","T","$","M","?","R","?","R","BOSS","M","?","$","M","$","R","M","?","T","R","M","R","M","$","R","BOSS"],"items_purchased_type":["Card","Card","Card","Relic","Potion"],"build_version":"2020-12-22","purchased_purges":4,"victory":false,"max_hp_per_floor":[80,80,80,80,80,80,80,80,80,80,80,80,80,80,80,80,80,80,80,80,80,80,80,80,80,80,80,80,80,80,80,80,80,80,80,80,80,80,80,80,80,76,76,76,76,76,76,76,76,76,76],"card_choices":[{"not_picked":["True Grit","Power Through"],"picked":"Flex","floor":1.0},{"not_picked":["Uppercut","Burning Pact"],"picked":"Flex","floor":4.0},{"not_picked":["Flex","Headbutt","Inflame"],"picked":"SKIP","floor":5.0},{"not_picked":["Seeing Red","Dropkick"],"picked":"Sword Boomerang","floor":7.0},{"not_picked":["Thunderclap","Havoc"],"picked":"Armaments","floor":13.0},{"not_picked":["Rampage","Brutality"],"picked":"Iron Wave","floor":14.0},{"not_picked":["Iron Wave","Flame Barrier"],"picked":"Heavy Blade","floor":18.0},{"not_picked":["Reckless Charge","Anger","Flame Barrier"],"picked":"SKIP","floor":20.0},{"not_picked":["Clothesline","Dropkick","Bloodletting+1"],"picked":"SKIP","floor":21.0},{"not_picked":["Cleave+1","Entrench","Anger"],"picked":"SKIP","floor":23.0},{"not_picked":["Bludgeon","Twin Strike","Second Wind"],"picked":"SKIP","floor":24.0},{"not_picked":["Clothesline","Infernal Blade"],"picked":"Flex+1","floor":25.0},{"not_picked":["Iron Wave","Bloodletting","Ghostly Armor"],"picked":"SKIP","floor":28.0},{"not_picked":["Wild Strike","Sever Soul","Bloodletting"],"picked":"SKIP","floor":31.0},{"not_picked":["Iron Wave+1"],"picked":"SKIP","floor":35.0},{"not_picked":["Second Wind"],"picked":"SKIP","floor":38.0},{"not_picked":["Thunderclap"],"picked":"SKIP","floor":41.0},{"not_picked":["Armaments"],"picked":"SKIP","floor":45},{"not_picked":["Cleave"],"picked":"SKIP","floor":47}],"player_experience":458670,"relics_obtained":[{"floor":2.0,"key":"Eternal Feather"},{"floor":7.0,"key":"Mummified Hand"},{"floor":9.0,"key":"Paper Frog"},{"floor":13.0,"key":"Gremlin Horn"},{"floor":23.0,"key":"Darkstone Periapt"},{"floor":23.0,"key":"Shuriken"},{"floor":25.0,"key":"Dream Catcher"},{"floor":25.0,"key":"PreservedInsect"},{"floor":26.0,"key":"Shovel"},{"floor":32.0,"key":"TungstenRod"},{"floor":40.0,"key":"Lantern"},{"floor":43.0,"key":"Smiling Mask"},{"floor":43.0,"key":"Toy Ornithopter"},{"floor":49,"key":"Nunchaku"}],"event_choices":[{"damage_healed":0.0,"max_hp_gain":0.0,"max_hp_loss":0.0,"gold_gain":0.0,"event_name":"Match and Keep!","player_choice":"0 cards matched","floor":11.0,"gold_loss":0.0,"damage_taken":0.0,"cards_obtained":[]},{"damage_healed":0.0,"max_hp_gain":0.0,"max_hp_loss":0.0,"gold_gain":100.0,"event_name":"The Joust","player_choice":"Bet on Murderer","floor":22.0,"gold_loss":50.0,"damage_taken":0.0},{"damage_healed":0.0,"max_hp_gain":0.0,"max_hp_loss":0.0,"gold_gain":100.0,"event_name":"Golden Shrine","player_choice":"Pray","floor":29.0,"gold_loss":0.0,"damage_taken":0.0},{"damage_healed":0.0,"max_hp_gain":0.0,"max_hp_loss":0.0,"gold_gain":0.0,"event_name":"Tomb of Lord Red Mask","player_choice":"Ignored","floor":36.0,"gold_loss":0.0,"damage_taken":0.0},{"damage_healed":0.0,"max_hp_gain":0.0,"max_hp_loss":4.0,"gold_gain":0.0,"event_name":"Winding Halls","player_choice":"Max HP","floor":42.0,"gold_loss":0.0,"damage_taken":0.0}],"is_beta":false,"boss_relics":[{"not_picked":["Mark of Pain","Pandora\u0027s Box"],"picked":"Black Star"},{"not_picked":["Sozu","Tiny House"],"picked":"Busted Crown"}],"items_purged_floors":[3,19,37,39],"is_endless":false,"potions_floor_spawned":[4,13,14,23,24,25,28,35,47],"killed_by":"Donu and Deca","ascension_level":0}}