{"host":"dlyy4wv9zatha4f7","time":1611429216,"event":{"mods":["BaseMod","Better Third Choice","Colored Map","GifTheSpireLib","Minty Spire (QoL Compilation)","Spicy Shops","StSLib","SuperFastMode","Unceasing Turn Reminder"],"gold_per_floor":[117,117,128,145,162,162,188,188,188,138,154,154,187,23,23,23,23],"floor_reached":16,"language":"ENG","playtime":531,"items_purged":[],"score":160,"play_id":"f6967acc-e320-49be-af15-dd17444ecd28","local_time":"20210123211336","is_ascension_mode":true,"campfire_choices":[{"data":"Zap","floor":6,"key":"SMITH"},{"data":"Sweeping Beam","floor":8,"key":"SMITH"},{"data":"Dualcast","floor":12,"key":"SMITH"},{"data":"Fission","floor":15,"key":"SMITH"}],"circlet_count":0,"master_deck":["Strike_B","Strike_B","Strike_B","Defend_B","Defend_B","Defend_B","Defend_B","Zap+1","Dualcast+1","Sweeping Beam+1","Steam Power","Steam","Compile Driver","Conserve Battery","Fission+1","Self Repair","Flash of Steel"],"relics":["Cracked Core","Ancient Tea Set","Vajra","Nunchaku","Ornamental Fan"],"acts_visited":["Exordium"],"potions_floor_usage":[7,11],"damage_taken":[{"damage":0,"enemies":"Small Slimes","floor":1,"turns":3},{"damage":1,"enemies":"Cultist","floor":3,"turns":3},{"damage":7,"enemies":"Jaw Worm","floor":4,"turns":3},{"damage":1,"enemies":"2 Fungi Beasts","floor":5,"turns":3},{"damage":10,"enemies":"3 Sentries","floor":7,"turns":5},{"damage":0,"enemies":"Gremlin Gang","floor":11,"turns":3},{"damage":31,"enemies":"Gremlin Nob","floor":13,"turns":4},{"damage":28,"enemies":"The Guardian","floor":16,"turns":9}],"seed_played":"5450830780869177426","potions_obtained":[{"floor":3,"key":"Regen Potion"},{"floor":4,"key":"Explosive Potion"},{"floor":13,"key":"EssenceOfSteel"}],"is_trial":false,"path_per_floor":["M","?","M","M","M","R","E","R","T","?","M","R","E","$","R","B"],"character_chosen":"DEFECT","items_purchased":["Self Repair","Flash of Steel"],"campfire_rested":0,"item_purchase_floors":[14,14],"current_hp_per_floor":[68,68,67,60,59,59,49,49,49,49,58,58,27,27,27,0,0],"gold":23,"neow_bonus":"RANDOM_COMMON_RELIC","is_daily":false,"chose_seed":false,"campfire_upgraded":4,"win_rate":0.0,"timestamp":1611429216,"path_taken":["M","?","M","M","?","R","E","R","T","?","M","R","E","$","R","BOSS"],"items_purchased_type":["Card","Card"],"build_version":"2020-12-22","purchased_purges":0,"victory":false,"max_hp_per_floor":[75,75,75,75,75,75,75,75,75,75,75,75,75,75,75,75,75],"card_choices":[{"not_picked":["Leap","Consume"],"picked":"Sweeping Beam","floor":1},{"not_picked":["Sweeping Beam","Stack"],"picked":"Steam Power","floor":3},{"not_picked":["Go for the Eyes","Sweeping Beam"],"picked":"Steam","floor":4},{"not_picked":["Aggregate","Turbo"],"picked":"Compile Driver","floor":5},{"not_picked":["Stack","Barrage"],"picked":"Conserve Battery","floor":7},{"not_picked":["Hologram","Beam Cell","Auto Shields"],"picked":"SKIP","floor":11},{"not_picked":["Conserve Battery","Tempest"],"picked":"Fission","floor":13}],"player_experience":2257289,"relics_obtained":[{"floor":7,"key":"Vajra"},{"floor":9,"key":"Nunchaku"},{"floor":13,"key":"Ornamental Fan"}],"event_choices":[{"damage_healed":0,"gold_gain":0,"player_choice":"Ignored","damage_taken":0,"max_hp_gain":0,"max_hp_loss":0,"event_name":"NoteForYourself","floor":2,"gold_loss":0},{"cards_removed":["Strike_B"],"damage_healed":0,"gold_gain":0,"player_choice":"Card Removal","damage_taken":0,"max_hp_gain":0,"max_hp_loss":0,"event_name":"The Cleric","floor":10,"gold_loss":50}],"is_beta":false,"boss_relics":[],"items_purged_floors":[],"is_endless":false,"potions_floor_spawned":[3,4,13],"killed_by":"The Guardian","ascension_level":9}}