{"host":"hszimsrtxxc2k25w","time":1611440417,"event":{"mods":["AchievementEnabler","BaseMod","Colored Map","DeckTracker","Minty Spire (QoL Compilation)","Rare Cards Sparkle","SuperFastMode"],"gold_per_floor":[110,35,35,35,111,124,142,142,190,190,212,246,276,301,301,301,301],"floor_reached":16,"language":"KOR","playtime":363,"items_purged":["Strike_G"],"score":175,"play_id":"b054c876-8599-40c0-8f46-e087b8b3fb12","local_time":"20210124072017","is_ascension_mode":true,"campfire_choices":[{"data":"A Thousand Cuts","floor":8.0,"key":"SMITH"},{"data":"Neutralize","floor":10.0,"key":"SMITH"},{"floor":15.0,"key":"REST"}],"circlet_count":0,"master_deck":["AscendersBane","Strike_G","Strike_G","Strike_G+1","Strike_G","Defend_G","Defend_G+1","Defend_G","Defend_G","Defend_G","Survivor","Neutralize+1","Dagger Throw","Choke","Dagger Spray+1","A Thousand Cuts+1","Heel Hook+1","Eviscerate+1","Dagger Throw+1"],"relics":["Ring of the Snake","Golden Idol","Molten Egg 2","CeramicFish"],"acts_visited":["Exordium"],"potions_floor_usage":[16],"damage_taken":[{"damage":4.0,"enemies":"Cultist","floor":1.0,"turns":5.0},{"damage":7.0,"enemies":"Small Slimes","floor":6.0,"turns":4.0},{"damage":0.0,"enemies":"Jaw Worm","floor":7.0,"turns":3.0},{"damage":6.0,"enemies":"Looter","floor":11.0,"turns":4.0},{"damage":9.0,"enemies":"Blue Slaver","floor":12.0,"turns":3.0},{"damage":11.0,"enemies":"Large Slime","floor":14.0,"turns":4.0},{"damage":14,"enemies":"Hexaghost","floor":16,"turns":11}],"seed_played":"-1773792942787548297","potions_obtained":[{"floor":1.0,"key":"EssenceOfSteel"},{"floor":12.0,"key":"SteroidPotion"}],"is_trial":false,"path_per_floor":["M","$","?","?","T","M","M","R","T","R","M","M","?","M","R","B"],"character_chosen":"THE_SILENT","items_purchased":[],"campfire_rested":1,"item_purchase_floors":[],"current_hp_per_floor":[55,55,35,35,35,28,28,28,28,28,22,13,13,2,20,6,6],"gold":301,"neow_bonus":"THREE_CARDS","is_daily":false,"chose_seed":false,"campfire_upgraded":2,"win_rate":0.0,"timestamp":1611440417,"path_taken":["M","$","?","?","?","M","M","R","T","R","M","M","?","M","R","BOSS"],"items_purchased_type":[],"build_version":"2020-12-22","purchased_purges":1,"victory":false,"max_hp_per_floor":[66,66,66,60,60,60,60,60,60,60,60,60,60,60,60,60,60],"card_choices":[{"not_picked":["Sucker Punch","Outmaneuver"],"picked":"Dagger Throw","floor":0.0},{"not_picked":["Skewer","Slice"],"picked":"Choke","floor":1.0},{"not_picked":["Outmaneuver","Bane+1"],"picked":"Dagger Spray+1","floor":6.0},{"not_picked":["Crippling Poison","Backflip"],"picked":"A Thousand Cuts","floor":7.0},{"not_picked":["Cloak And Dagger","Underhanded Strike+1"],"picked":"Heel Hook+1","floor":11.0},{"not_picked":["Cloak And Dagger","Dagger Throw+1"],"picked":"Eviscerate+1","floor":12.0},{"not_picked":["Quick Slash+1","Dagger Throw+1","Blade Dance"],"picked":"SKIP","floor":14.0},{"not_picked":["Quick Slash+1","Blade Dance"],"picked":"Dagger Throw+1","floor":14.0}],"player_experience":636063,"relics_obtained":[{"floor":5.0,"key":"Molten Egg 2"},{"floor":9.0,"key":"CeramicFish"}],"event_choices":[{"damage_healed":0.0,"max_hp_gain":0.0,"max_hp_loss":0.0,"gold_gain":0.0,"event_name":"Shining Light","player_choice":"Entered Light","floor":3.0,"gold_loss":0.0,"damage_taken":20.0,"cards_upgraded":["Defend_G","Strike_G"]},{"damage_healed":0.0,"max_hp_gain":0.0,"max_hp_loss":6.0,"gold_gain":0.0,"event_name":"Golden Idol","player_choice":"Lose Max HP","floor":4.0,"gold_loss":0.0,"damage_taken":0.0,"relics_obtained":["Golden Idol"]},{"damage_healed":0.0,"max_hp_gain":0.0,"max_hp_loss":0.0,"gold_gain":30.0,"event_name":"Dead Adventurer","player_choice":"Searched \u00271\u0027 times","floor":13.0,"gold_loss":0.0,"damage_taken":0.0}],"is_beta":false,"boss_relics":[],"items_purged_floors":[2],"is_endless":false,"potions_floor_spawned":[1,12],"killed_by":"Hexaghost","ascension_level":18}}