{"host":"2se5dq1do2gp0x9k","time":1611383268,"event":{"mods":["AchievementEnabler","BaseMod","Block Reminder","Colored Map","Colored Powertips","Minty Spire (QoL Compilation)","Relic Stats","StSLib","SuperFastMode"],"gold_per_floor":[112,123,273,85,10,10,10],"floor_reached":6,"language":"ENG","playtime":209,"items_purged":["Doubt"],"score":68,"play_id":"65c626dc-2b19-4000-ac87-1b3e0b62ae52","local_time":"20210122222748","is_ascension_mode":true,"campfire_choices":[],"circlet_count":0,"master_deck":["AscendersBane","Strike_G","Strike_G","Strike_G","Strike_G","Defend_G","Defend_G","Defend_G","Defend_G","Defend_G","Survivor","Neutralize","Leg Sweep","Dagger Throw","Footwork","PiercingWail"],"relics":["SacredBark"],"acts_visited":["Exordium"],"potions_floor_usage":[],"damage_taken":[{"damage":6,"enemies":"2 Louse","floor":1,"turns":4},{"damage":0,"enemies":"Small Slimes","floor":2,"turns":5},{"damage":13,"enemies":"Lagavulin","floor":6,"turns":6}],"seed_played":"571062677321852027","potions_obtained":[{"floor":1,"key":"LiquidBronze"}],"is_trial":false,"path_per_floor":["M","M","?","$","?","E"],"character_chosen":"THE_SILENT","items_purchased":["Footwork","PiercingWail"],"campfire_rested":0,"item_purchase_floors":[4,4],"current_hp_per_floor":[53,53,53,53,53,40,40],"gold":10,"neow_bonus":"BOSS_RELIC","is_daily":false,"chose_seed":false,"campfire_upgraded":0,"win_rate":0.0,"timestamp":1611383268,"path_taken":["M","M","?","$","?","E"],"items_purchased_type":["Card","Card"],"build_version":"2020-12-22","purchased_purges":1,"victory":false,"max_hp_per_floor":[66,66,66,66,66,66,66],"relic_stats":{"counters":[3,15],"obtain_stats":[{"SacredBark":0,"Ring of the Snake":0},{"SacredBark":0,"Ring of the Snake":0},{"SacredBark":0,"Ring of the Snake":0}]},"card_choices":[{"not_picked":["Choke","Quick Slash"],"picked":"Leg Sweep","floor":1},{"not_picked":["Slice","Bane"],"picked":"Dagger Throw","floor":2}],"player_experience":3937425,"relics_obtained":[],"event_choices":[{"damage_healed":0,"gold_gain":150,"player_choice":"AGREE","damage_taken":0,"max_hp_gain":0,"max_hp_loss":0,"event_name":"Liars Game","floor":3,"gold_loss":0,"cards_obtained":["Doubt"]},{"cards_removed":["Strike_G"],"damage_healed":0,"gold_gain":0,"player_choice":"Card Removal","damage_taken":0,"max_hp_gain":0,"max_hp_loss":0,"event_name":"The Cleric","floor":5,"gold_loss":75}],"is_beta":false,"boss_relics":[],"items_purged_floors":[4],"is_endless":false,"potions_floor_spawned":[1],"killed_by":"Lagavulin","ascension_level":20}}