{"host":"skr63qsdfgeey3it","time":1611376194,"event":{"mods":["BaseMod","Colored Map","Hubris","Minty Spire (QoL Compilation)","Replay The Spire","Spicy Shops","StSLib"],"gold_per_floor":[114,126,126,143,143,143,29,62,62,62,82,107,125,138,138,209,209,149,201,211,26,44,44,44,44],"floor_reached":24,"language":"ENG","playtime":1209,"items_purged":["hubris:Lust"],"score":343,"play_id":"aa0ef908-860d-46ff-8438-9283ee37c075","local_time":"20210122222954","is_ascension_mode":true,"campfire_choices":[{"floor":6,"key":"REST"},{"floor":10,"key":"REST"},{"floor":15,"key":"REST"},{"data":"ReplayTheSpireMod:From All Sides","floor":23,"key":"SMITH"}],"circlet_count":0,"master_deck":["AscendersBane","Strike_G+1","Strike_G","Strike_G","Strike_G","Strike_G","Defend_G","Defend_G","Defend_G","Defend_G","Defend_G","Survivor+1","Neutralize","Backstab","Sneak Up","Prepared","ReplayTheSpireMod:From All Sides+1","Leg Sweep","Bullet Time","Bouncing Flask+1","Expertise+1","Footwork","Footwork"],"relics":["Ring of the Snake","NeowsBlessing","ReplayTheSpireMod:Ninjato","Replay:Bottled Flurry","Singing Bowl","hubris:BundleOfHerbs","Replay:Grab Bag","Cursed Key","Philosopher\u0027s Stone","Black Star"],"acts_visited":["Exordium","TheCity"],"potions_floor_usage":[12,16,18,22,24,24],"damage_taken":[{"damage":0,"enemies":"2 Louse","floor":1,"turns":1},{"damage":0,"enemies":"Jaw Worm","floor":2,"turns":1},{"damage":0,"enemies":"Cultist","floor":4,"turns":1},{"damage":28,"enemies":"3 Sentries","floor":8,"turns":7},{"damage":7,"enemies":"Exordium Thugs","floor":11,"turns":4},{"damage":14,"enemies":"Gremlin Nob","floor":12,"turns":4},{"damage":0,"enemies":"3 Louse","floor":13,"turns":2},{"damage":5,"enemies":"Gremlin Gang","floor":14,"turns":4},{"damage":26,"enemies":"The Guardian","floor":16,"turns":12},{"damage":0,"enemies":"2 Thieves","floor":18,"turns":4},{"damage":6,"enemies":"Chosen","floor":20,"turns":3},{"damage":5,"enemies":"Snecko","floor":22,"turns":6},{"damage":73,"enemies":"Gremlin Leader","floor":24,"turns":10}],"seed_played":"7012128287209039222","potions_obtained":[{"floor":1,"key":"GamblersBrew"},{"floor":11,"key":"SmokeBomb"},{"floor":12,"key":"AttackPotion"},{"floor":19,"key":"Reflective Coating"},{"floor":19,"key":"Adrenaline Potion"},{"floor":22,"key":"Adrenaline Potion"}],"is_trial":false,"path_per_floor":["M","M","?","M","?","R","$","E","T","R","M","E","M","M","R","B",null,"M","?","M","$","M","R","E"],"character_chosen":"THE_SILENT","items_purchased":["ReplayTheSpireMod:From All Sides","Footwork"],"campfire_rested":3,"item_purchase_floors":[7,21],"current_hp_per_floor":[63,63,49,49,31,52,52,24,24,45,40,28,36,33,56,33,67,67,67,61,61,58,58,0,0],"gold":44,"neow_bonus":"THREE_ENEMY_KILL","is_daily":false,"chose_seed":false,"campfire_upgraded":1,"win_rate":0.0,"timestamp":1611376194,"path_taken":["M","M","?","M","?","R","?","E","T","R","M","E","M","M","R","BOSS","M","?","?","$","M","R","E"],"items_purchased_type":["Card","Card"],"build_version":"2020-12-22","purchased_purges":1,"victory":false,"max_hp_per_floor":[70,70,70,70,70,70,70,70,70,70,72,74,76,78,78,78,78,78,78,78,78,80,80,80,80],"card_choices":[{"not_picked":["Quick Slash","Prepared"],"picked":"Backstab","floor":1},{"not_picked":["Deflect","Outmaneuver"],"picked":"Sneak Up","floor":2},{"not_picked":["Slice","Dodge and Roll"],"picked":"Prepared","floor":4},{"not_picked":["Deflect","Deadly Poison"],"picked":"Leg Sweep","floor":8},{"not_picked":["Doppelganger","Outmaneuver","Bane"],"picked":"Singing Bowl","floor":11},{"not_picked":["Backflip","Sucker Punch","Prepared"],"picked":"Singing Bowl","floor":12},{"not_picked":["Prepared","Sucker Punch","Outmaneuver"],"picked":"Singing Bowl","floor":13},{"not_picked":["Dagger Spray","Flying Knee","Poisoned Stab"],"picked":"Singing Bowl","floor":14},{"not_picked":["Die Die Die","Glass Knife"],"picked":"Bullet Time","floor":16},{"not_picked":["Slice","Backstab+1"],"picked":"Bouncing Flask+1","floor":19},{"not_picked":["hubris:SlightOfHand","Tactician"],"picked":"Expertise+1","floor":20},{"not_picked":["Concentrate","Finisher","ReplayTheSpireMod:Scrap Shanks"],"picked":"Singing Bowl","floor":22}],"player_experience":803585,"relics_obtained":[{"floor":8,"key":"Replay:Bottled Flurry"},{"floor":9,"key":"Singing Bowl"},{"floor":12,"key":"hubris:BundleOfHerbs"}],"event_choices":[{"damage_healed":0,"gold_gain":0,"player_choice":"Entered Light","damage_taken":14,"max_hp_gain":0,"max_hp_loss":0,"event_name":"Shining Light","floor":3,"gold_loss":0,"cards_upgraded":["Survivor","Strike_G"]},{"damage_healed":0,"gold_gain":0,"player_choice":"Success","damage_taken":18,"relics_obtained":["ReplayTheSpireMod:Ninjato"],"max_hp_gain":0,"max_hp_loss":0,"event_name":"Scrap Ooze","floor":5,"gold_loss":0}],"is_beta":false,"boss_relics":[{"not_picked":["Replay:Ancient Bell","Tiny House"],"picked":"Replay:Grab Bag"},{"not_picked":["hubris:GrandSneckoEye","hubris:VirtuousBlindfold"],"picked":"Cursed Key"},{"not_picked":["Velvet Choker","hubris:RunicObelisk"],"picked":"Philosopher\u0027s Stone"},{"not_picked":["hubris:BlackHole","Empty Cage"],"picked":"Black Star"}],"items_purged_floors":[21],"is_endless":false,"potions_floor_spawned":[1,11,12,13,14,22],"killed_by":"Gremlin Leader","ascension_level":13}}