{"host":"y13egnm4gu4imyrg","time":1611369766,"event":{"mods":["AchievementEnabler","Act Like it!","Aspiration","Astrologer","BaseMod","Beaked The Cultist","Chen","Clockwork Mod","Downfall","Elementarium","Gensokyo","GifTheSpireLib","Hermit","Hubris","Infinite Spire","Jorbs\u0027s Wanderer Trilogy","Koishi","Luminous","Marisa????????","Minty Spire (QoL Compilation)","Prisma Mod","Rare Cards Sparkle","Replay The Spire","Somnambulant","StSLib","Stuff the Spire","Td1madao Mod","The Administrix","The Bladedancer","The Construct","The Disciple","The Hierophant","The Jungle","The Marked","The Mystic","The Necromancer","The Runesmith","The Senshi","The Servant 0.9.4","The Wild Card","Transform Curses"],"gold_per_floor":[115,132,132,132,132,161,179,179,179,194,226,226,246,263,263,263,263],"floor_reached":16,"language":"ENG","playtime":1149,"items_purged":[],"score":112,"play_id":"934e200d-95bc-438c-b74c-ecaf20eceff8","local_time":"20210122184246","is_ascension_mode":false,"campfire_choices":[{"floor":8,"key":"REST"},{"floor":12,"key":"REST"},{"floor":15,"key":"REST"}],"circlet_count":0,"master_deck":["AdministrixMod:Strike_Administrix","AdministrixMod:Strike_Administrix","AdministrixMod:Strike_Administrix","AdministrixMod:Strike_Administrix","AdministrixMod:RedCloak","AdministrixMod:Defend_Administrix","AdministrixMod:Defend_Administrix","AdministrixMod:Defend_Administrix","AdministrixMod:Defend_Administrix","AdministrixMod:BlueCloak","AdministrixMod:RebukeDesires+1","ReplayTheSpireMod:IOU","somnambulantmod: Lucidity","AdministrixMod:ChooseYourEnd","AdministrixMod:FiendishCrimson","AdministrixMod:RebukeDesires","AdministrixMod:StarSwordSoul"],"relics":["AdministrixMod:ConductorRitualBaton","aspiration:Nostalgia","Ring of the Snake","hubris:DisguiseKit","aspiration:DSix","Garlic","hubris:TenFootPole"],"acts_visited":["Exordium"],"potions_floor_usage":[11],"damage_taken":[{"damage":0,"enemies":"Cultist","floor":1,"turns":2},{"damage":0,"enemies":"Small Slimes","floor":2,"turns":3},{"damage":47,"enemies":"Lagavulin","floor":6,"turns":14},{"damage":0,"enemies":"2 Louse","floor":7,"turns":3},{"damage":2,"enemies":"Lots of Slimes","floor":10,"turns":4},{"damage":3,"enemies":"Gremlin Nob","floor":11,"turns":4},{"damage":12,"enemies":"Exordium Thugs","floor":13,"turns":6},{"damage":3,"enemies":"Red Slaver","floor":14,"turns":3},{"damage":70,"enemies":"Hexaghost","floor":16,"turns":8}],"seed_played":"5039502620982274512","potions_obtained":[{"floor":2,"key":"SpeedPotion"},{"floor":10,"key":"ColorlessPotion"},{"floor":11,"key":"hexamod:SoulburnPotion"}],"is_trial":false,"path_per_floor":["M","M","?","?","?","E","M","R","T","M","E","R","M","M","R","B"],"character_chosen":"TheAdministrix","items_purchased":[],"campfire_rested":3,"item_purchase_floors":[],"current_hp_per_floor":[65,65,65,65,65,18,18,37,37,35,32,51,43,44,63,0,0],"gold":263,"neow_bonus":"NOSTALGIA","is_daily":false,"chose_seed":false,"campfire_upgraded":0,"win_rate":0.0,"timestamp":1611369766,"path_taken":["M","?","?","?","?","E","M","R","T","?","E","R","M","M","R","BOSS"],"items_purchased_type":[],"build_version":"2020-12-22","purchased_purges":0,"victory":false,"max_hp_per_floor":[65,65,65,65,65,65,65,65,65,65,65,65,65,65,65,65,65],"card_choices":[{"not_picked":["AdministrixMod:Overdrive","AdministrixMod:PassageOfAges"],"picked":"AdministrixMod:RebukeDesires","floor":1},{"not_picked":["AdministrixMod:TrickOfTheLight","AdministrixMod:Katabasis","AdministrixMod:FuneraryRites"],"picked":"SKIP","floor":2},{"not_picked":["AdministrixMod:CenturiesAscent","AdministrixMod:NoblePath","AdministrixMod:BishamonBlessing"],"picked":"somnambulantmod: Lucidity","floor":6},{"not_picked":["AdministrixMod:TrickOfTheLight","AdministrixMod:GirlsDoItBetter","somnambulantmod: Nosebleed"],"picked":"AdministrixMod:ChooseYourEnd","floor":7},{"not_picked":["AdministrixMod:ShadowPlay","AdministrixMod:HiddenPower","AdministrixMod:SeventeenArticleLaser","somnambulantmod: Repression"],"picked":"SKIP","floor":10},{"not_picked":["AdministrixMod:TenDesires","AdministrixMod:RegentEdict","somnambulantmod: Unknow"],"picked":"AdministrixMod:FiendishCrimson","floor":11},{"not_picked":["AdministrixMod:RegentEdict","AdministrixMod:PassageOfAges","somnambulantmod: Repression"],"picked":"AdministrixMod:RebukeDesires","floor":13},{"not_picked":["AdministrixMod:RebukeDesires","AdministrixMod:Wuji","somnambulantmod: Pinch"],"picked":"AdministrixMod:StarSwordSoul","floor":14}],"player_experience":438788,"relics_obtained":[{"floor":6,"key":"aspiration:DSix"},{"floor":9,"key":"Garlic"},{"floor":11,"key":"hubris:TenFootPole"}],"event_choices":[{"damage_healed":0,"gold_gain":0,"player_choice":"Ignored","damage_taken":0,"max_hp_gain":0,"max_hp_loss":0,"event_name":"Liars Game","floor":4,"gold_loss":0},{"damage_healed":0,"gold_gain":0,"player_choice":"Upgraded","damage_taken":0,"max_hp_gain":0,"max_hp_loss":0,"event_name":"Upgrade Shrine","floor":5,"gold_loss":0,"cards_upgraded":["AdministrixMod:RebukeDesires"]}],"is_beta":false,"boss_relics":[],"items_purged_floors":[],"is_endless":false,"potions_floor_spawned":[2,10,11],"killed_by":"Hexaghost","ascension_level":0}}