{"host":"jvd5k9mqzerszifx","time":1611389432,"event":{"mods":["AchievementEnabler","Act Like it!","BaseMod","Better Note","Better Third Choice","Colored Map","Colored Powertips","Conspire","DeckTracker","Downfall","Gensokyo","GungeonMod","Hallownest","Hermit","Hubris","Infinite Spire","Jorbs\u0027s Wanderer Trilogy","Koishi","Marisa（F雨　魔理沙）","Minty Spire (QoL Compilation)","MostiFishMod","Relic Stats","Reworked Bosses","Spicy Shops","StSLib","The Administrix","The Bug Knight","The Cursed","The Hierophant","The Jungle","The Servant 0.9.4","【功能Mod】聪明的最终Boss"],"gold_per_floor":[130,15,15,15,75,75,168,8,161,293,368,491,491,569,569,866,866,944,1769,1769,882,882,882,969,969,1050,184,184,334,334,334,334,703,703,802,802,802,1006,1117,1153,1282,251,251,305,467,467,467,602,656,656,656,656,15,168,168],"floor_reached":56,"language":"ZHS","playtime":1739,"items_purged":[],"score":2049,"play_id":"49c5987f-90e2-413e-8086-5f1b070e068a","local_time":"20210123161032","is_ascension_mode":true,"campfire_choices":[{"data":"TheCursedMod:Strike_TheCursed","floor":6,"key":"PURGE"},{"data":"TheCursedMod:Strike_TheCursed","floor":6,"key":"PURGE"},{"data":"TheCursedMod:Strike_TheCursed","floor":6,"key":"PURGE"},{"data":"TheCursedMod:Defend_TheCursed","floor":6,"key":"PURGE"},{"data":"TheCursedMod:Defend_TheCursed","floor":6,"key":"PURGE"},{"data":"TheCursedMod:Defend_TheCursed","floor":6,"key":"PURGE"},{"data":"TheCursedMod:Strike_TheCursed","floor":6,"key":"SMITH"},{"data":"TheCursedMod:Defend_TheCursed","floor":6,"key":"SMITH"},{"data":"TheCursedMod:CursedWand","floor":6,"key":"SMITH"},{"data":"TheCursedMod:CleanUpWorkshop","floor":6,"key":"SMITH"},{"data":"TheCursedMod:Stretching","floor":6,"key":"SMITH"},{"data":"TheCursedMod:Stigma","floor":6,"key":"SMITH"},{"floor":6,"key":"REST"},{"data":"TheCursedMod:VitalStrike","floor":15,"key":"SMITH"},{"data":"TheCursedMod:CircleOfFlame","floor":15,"key":"SMITH"},{"data":"TheCursedMod:RapidMovement","floor":15,"key":"SMITH"},{"floor":15,"key":"REST"},{"floor":23,"key":"RECALL"},{"data":"TheCursedMod:Strike_TheCursed+1","floor":25,"key":"PURGE"},{"data":"TheCursedMod:Defend_TheCursed+1","floor":25,"key":"PURGE"},{"floor":25,"key":"REST"},{"data":"TheCursedMod:CursedBlade","floor":32,"key":"SMITH"},{"floor":32,"key":"REST"},{"data":"TheCursedMod:Obscuration","floor":40,"key":"SMITH"},{"floor":40,"key":"REST"},{"floor":44,"key":"REST"},{"data":"TheCursedMod:HellfireBreathing","floor":49,"key":"SMITH"},{"data":"conspire:Banana","floor":49,"key":"SMITH"},{"data":"Panacea","floor":49,"key":"SMITH"},{"data":"Finesse","floor":49,"key":"SMITH"},{"floor":49,"key":"REST"},{"floor":49,"key":"REST"},{"floor":52,"key":"REST"}],"circlet_count":0,"master_deck":["TheCursedMod:CursedWand+1","TheCursedMod:Stretching+1","TheCursedMod:Stigma+1","hubris:DuctTapeCard","TheCursedMod:VitalStrike+1","TheCursedMod:CircleOfFlame+1","TheCursedMod:RapidMovement+1","TheCursedMod:SurpriseAttack+1","TheCursedMod:CursedBlade+1","TheCursedMod:DemonicPact+1","TheCursedMod:Hemoplague+1","TheCursedMod:Obscuration+1","TheCursedMod:CursedBlade+1","TheCursedMod:HellfireBreathing+1","conspire:Banana+1","Panacea+1","Finesse+1","TheCursedMod:FleshFromBone+1","TheCursedMod:SpitefulPray"],"relics":["TheCursedMod:BlackMagic101","Peace Pipe","Ginger","Turnip","Unceasing Top","Omamori","Ice Cream","The Courier","Medical Kit","WingedGreaves","HandDrill","Frozen Eye","Blue Candle","SynthV","DaveBox","hubris:64BitClover","BionicSphere","DemoMod:GlassGuonStoneRelic","PreservedInsect","Gensokyo:NagashiBinaDoll","Mango","hubris:DuctTape","Necronomicon","CeramicFish","conspire:TopHat","Broom","Juzu Bracelet","DemoMod:PoisonVial","hubris:ToyBattleship","Runic Pyramid","Civilization","Singing Bowl","Slimebound:StickyStick","CeramicFish","HollowMod:StagPassRelic","DemoMod:Metronome","Orichalcum","Enchiridion","infinitespire:Satchel","Pear","DemoMod:BlueGuonStone","Shuriken","Boot","DemoMod:VorpalBullet","BrkXgEgg","Anchor","hubris:Icosahedron","DemoMod:AgedBell","MawBank","sneckomod:BlankCard","Strange Spoon","Toolbox","conspire:Boomerang","MealTicket","Dream Catcher","Bird Faced Urn","infinitespire:CheckeredPen","Pen Nib","SynthV:C4","DemoMod:MemoryAlloy","hubris:SlimyHat","ClockworkSouvenir","conspire:DeflatedDodgeball"],"acts_visited":["Gensokyo:Gensokyo","TheCity","TheBeyond","TheEnding"],"potions_floor_usage":[12,29,55,55,55],"damage_taken":[{"damage":8,"enemies":"Gensokyo:2_Kodama","floor":1,"turns":3},{"damage":0,"enemies":"Gensokyo:3_Fairies","floor":5,"turns":4},{"damage":1,"enemies":"Gensokyo:Cirno","floor":7,"turns":4},{"damage":0,"enemies":"Gensokyo:Mamizou","floor":10,"turns":3},{"damage":0,"enemies":"Gensokyo:Cirno","floor":12,"turns":4},{"damage":0,"enemies":"Gensokyo:Yukari","floor":16,"turns":4},{"damage":0,"enemies":"Chosen","floor":18,"turns":2},{"damage":0,"enemies":"Book of Stabbing","floor":24,"turns":2},{"damage":1,"enemies":"conspire:MimicChest","floor":29,"turns":4},{"damage":0,"enemies":"bossMod:newCollector","floor":33,"turns":3},{"damage":0,"enemies":"Orb Walker","floor":35,"turns":2},{"damage":0,"enemies":"Mind Bloom Boss Battle","floor":38,"turns":2},{"damage":0,"enemies":"3 Shapes","floor":39,"turns":1},{"damage":0,"enemies":"HollowMod:StalkingDevout","floor":41,"turns":2},{"damage":4,"enemies":"bossMod:newShapes","floor":50,"turns":4},{"damage":0,"enemies":"Shield and Spear","floor":54,"turns":2},{"damage":0,"enemies":"The Heart","floor":55,"turns":5}],"seed_played":"-199605911113418336","potions_obtained":[{"floor":1,"key":"Dexterity Potion"},{"floor":7,"key":"Explosive Potion"},{"floor":16,"key":"Energy Potion"},{"floor":24,"key":"SpeedPotion"},{"floor":33,"key":"FearPotion"},{"floor":54,"key":"DistilledChaos"}],"is_trial":false,"path_per_floor":["M","$","?","?","M","R","E","?","T","E","T","E","?","T","R","B",null,"M","?","?","$","?","R","E","R","T","$","AVR","?","?","?","R","B",null,"M","?","?","?","M","R","E","$","T","R","?","?","?","T","R","B",null,"R","$","E","B",null],"character_chosen":"THE_CURSED","items_purchased":["PreservedInsect","Civilization","Singing Bowl","Slimebound:StickyStick","CeramicFish","HollowMod:StagPassRelic","DemoMod:Metronome","Orichalcum","Pear","DemoMod:BlueGuonStone","Shuriken","Boot","DemoMod:VorpalBullet","Strange Spoon","Toolbox","conspire:Boomerang","MealTicket","Dream Catcher","Bird Faced Urn","infinitespire:CheckeredPen","Pen Nib","DemoMod:MemoryAlloy","hubris:SlimyHat","ClockworkSouvenir","conspire:DeflatedDodgeball"],"campfire_rested":9,"item_purchase_floors":[2,21,21,21,21,21,21,21,27,27,27,27,27,42,42,42,42,42,42,42,42,53,53,53,53],"current_hp_per_floor":[46,46,46,39,39,65,64,64,64,64,64,64,64,64,89,89,89,89,89,89,89,73,73,76,92,92,102,102,103,103,103,104,107,107,111,111,111,116,121,121,128,128,128,128,118,118,118,118,124,130,131,133,133,140,147],"gold":168,"neow_bonus":"ONE_RARE_RELIC","is_daily":false,"chose_seed":false,"campfire_upgraded":15,"win_rate":0.0,"timestamp":1611389432,"path_taken":["M","?","?","?","?","R","E","?","T","E","?","E","?","?","R","BOSS","M","?","?","?","?","R","E","R","T","$","AVR","?","?","?","R","BOSS","M","?","?","?","M","R","E","$","T","R","?","?","?","?","R","BOSS","R","$","E","BOSS"],"items_purchased_type":["Relic","Relic","Relic","Relic","Relic","Relic","Relic","Relic","Relic","Relic","Relic","Relic","Relic","Relic","Relic","Relic","Relic","Relic","Relic","Relic","Relic","Relic","Relic","Relic","Relic"],"build_version":"2020-12-22","purchased_purges":0,"victory":true,"max_hp_per_floor":[75,75,75,89,89,89,89,89,89,89,89,89,89,89,89,89,89,89,89,89,89,89,89,92,92,92,102,102,104,104,104,104,107,107,111,111,111,116,121,121,128,128,128,128,128,128,122,122,124,131,131,133,133,140,147],"relic_stats":{"Singing Bowl":8,"counters":[17,51],"Blue Candle":[6],"CeramicFish":675,"PreservedInsect":211,"Pen Nib":[3],"Juzu Bracelet":3,"Ginger":[7],"Orichalcum":[6],"Medical Kit":[9],"Boot":[2],"MawBank":108,"Peace Pipe":8,"Strange Spoon":[12],"Dream Catcher":4,"Shuriken":[16],"Bird Faced Urn":[3],"MealTicket":0,"Turnip":[4],"HandDrill":[14],"Necronomicon":[10],"obtain_stats":[{"Ice Cream":0,"DemoMod:BlueGuonStone":27,"DemoMod:AgedBell":38,"DemoMod:PoisonVial":13,"CeramicFish":9,"DemoMod:GlassGuonStoneRelic":1,"Ginger":0,"HollowMod:StagPassRelic":21,"Boot":27,"DemoMod:Metronome":21,"MealTicket":42,"HandDrill":0,"Necronomicon":8,"TheCursedMod:BlackMagic101":0,"Pear":27,"hubris:DuctTape":7,"Blue Candle":0,"Pen Nib":42,"conspire:Boomerang":42,"Shuriken":27,"BionicSphere":0,"Bird Faced Urn":42,"hubris:ToyBattleship":14,"Unceasing Top":0,"DaveBox":0,"Singing Bowl":21,"SynthV":0,"sneckomod:BlankCard":41,"Enchiridion":22,"Mango":4,"Gensokyo:NagashiBinaDoll":3,"Broom":11,"Juzu Bracelet":12,"hubris:SlimyHat":53,"conspire:TopHat":10,"SynthV:C4":48,"ClockworkSouvenir":53,"Frozen Eye":0,"Civilization":21,"Dream Catcher":42,"hubris:Icosahedron":31,"Slimebound:StickyStick":21,"Toolbox":42,"WingedGreaves":0,"Runic Pyramid":17,"hubris:64BitClover":0,"DemoMod:MemoryAlloy":53,"The Courier":0,"PreservedInsect":2,"BrkXgEgg":28,"Omamori":0,"infinitespire:CheckeredPen":42,"Orichalcum":21,"Medical Kit":0,"MawBank":39,"Peace Pipe":0,"Strange Spoon":42,"Anchor":29,"infinitespire:Satchel":26,"Turnip":0,"conspire:DeflatedDodgeball":53,"DemoMod:VorpalBullet":27},{"Ice Cream":0,"DemoMod:BlueGuonStone":8,"DemoMod:AgedBell":12,"DemoMod:PoisonVial":5,"CeramicFish":3,"DemoMod:GlassGuonStoneRelic":1,"Ginger":0,"HollowMod:StagPassRelic":7,"Boot":8,"DemoMod:Metronome":7,"MealTicket":14,"HandDrill":0,"Necronomicon":3,"TheCursedMod:BlackMagic101":0,"Pear":8,"hubris:DuctTape":3,"Blue Candle":0,"Pen Nib":14,"conspire:Boomerang":14,"Shuriken":8,"BionicSphere":0,"Bird Faced Urn":14,"hubris:ToyBattleship":5,"Unceasing Top":0,"DaveBox":0,"Singing Bowl":7,"SynthV":0,"sneckomod:BlankCard":14,"Enchiridion":7,"Mango":1,"Gensokyo:NagashiBinaDoll":1,"Broom":4,"Juzu Bracelet":5,"hubris:SlimyHat":15,"conspire:TopHat":4,"SynthV:C4":14,"ClockworkSouvenir":15,"Frozen Eye":0,"Civilization":7,"Dream Catcher":14,"hubris:Icosahedron":9,"Slimebound:StickyStick":7,"Toolbox":14,"WingedGreaves":0,"Runic Pyramid":6,"hubris:64BitClover":0,"DemoMod:MemoryAlloy":15,"The Courier":0,"PreservedInsect":1,"BrkXgEgg":8,"Omamori":0,"infinitespire:CheckeredPen":14,"Orichalcum":7,"Medical Kit":0,"MawBank":13,"Peace Pipe":0,"Strange Spoon":14,"Anchor":9,"infinitespire:Satchel":8,"Turnip":0,"conspire:DeflatedDodgeball":15,"DemoMod:VorpalBullet":8},{"Ice Cream":0,"DemoMod:BlueGuonStone":26,"DemoMod:AgedBell":37,"DemoMod:PoisonVial":18,"CeramicFish":11,"DemoMod:GlassGuonStoneRelic":3,"Ginger":0,"HollowMod:StagPassRelic":24,"Boot":26,"DemoMod:Metronome":24,"MealTicket":40,"HandDrill":0,"Necronomicon":11,"TheCursedMod:BlackMagic101":0,"Pear":26,"hubris:DuctTape":11,"Blue Candle":0,"Pen Nib":40,"conspire:Boomerang":40,"Shuriken":26,"BionicSphere":0,"Bird Faced Urn":40,"hubris:ToyBattleship":18,"Unceasing Top":0,"DaveBox":0,"Singing Bowl":24,"SynthV":0,"sneckomod:BlankCard":40,"Enchiridion":24,"Mango":3,"Gensokyo:NagashiBinaDoll":3,"Broom":14,"Juzu Bracelet":18,"hubris:SlimyHat":44,"conspire:TopHat":14,"SynthV:C4":40,"ClockworkSouvenir":44,"Frozen Eye":0,"Civilization":24,"Dream Catcher":40,"hubris:Icosahedron":30,"Slimebound:StickyStick":24,"Toolbox":40,"WingedGreaves":0,"Runic Pyramid":22,"hubris:64BitClover":0,"DemoMod:MemoryAlloy":44,"The Courier":0,"PreservedInsect":3,"BrkXgEgg":26,"Omamori":0,"infinitespire:CheckeredPen":40,"Orichalcum":24,"Medical Kit":0,"MawBank":38,"Peace Pipe":0,"Strange Spoon":40,"Anchor":30,"infinitespire:Satchel":26,"Turnip":0,"conspire:DeflatedDodgeball":44,"DemoMod:VorpalBullet":26}],"Unceasing Top":[4]},"card_choices":[{"not_picked":["TheCursedMod:PrepareRite","TheCursedMod:AshesToAshes"],"picked":"TheCursedMod:Stretching","floor":1},{"not_picked":["TheCursedMod:ShockAndAwe","TheCursedMod:CursedAmulet"],"picked":"TheCursedMod:Stigma","floor":5},{"not_picked":["TheCursedMod:CursedMace","TheCursedMod:CircleOfFocus"],"picked":"TheCursedMod:VitalStrike","floor":7},{"not_picked":["TheCursedMod:CursedSpellbook","TheCursedMod:SoulCrush"],"picked":"TheCursedMod:CircleOfFlame","floor":10},{"not_picked":["TheCursedMod:Evocation","TheCursedMod:SoulCrush"],"picked":"TheCursedMod:RapidMovement","floor":12},{"not_picked":["TheCursedMod:Stigma","TheCursedMod:RavingStaff"],"picked":"TheCursedMod:SurpriseAttack","floor":18},{"not_picked":["TheCursedMod:SpitefulPray","TheCursedMod:RapidMovement+1","TheCursedMod:Mangle"],"picked":"Singing Bowl","floor":24},{"not_picked":["TheCursedMod:Evocation","TheCursedMod:Mangle"],"picked":"TheCursedMod:CursedBlade","floor":29},{"not_picked":["TheCursedMod:Neurasthenia+1","TheCursedMod:ParallelWorld+1"],"picked":"TheCursedMod:DemonicPact+1","floor":33},{"not_picked":["TheCursedMod:SoulReap","TheCursedMod:SpreadPlague"],"picked":"TheCursedMod:Hemoplague+1","floor":35},{"not_picked":["TheCursedMod:TroublousMinions+1","TheCursedMod:Wield"],"picked":"TheCursedMod:Obscuration","floor":38},{"not_picked":["TheCursedMod:DoubleShield+1","TheCursedMod:VitalStrike+1"],"picked":"TheCursedMod:CursedBlade+1","floor":39},{"not_picked":["TheCursedMod:Evocation","TheCursedMod:RavingStaff","TheCursedMod:ParallelWorld+1"],"picked":"Singing Bowl","floor":41},{"not_picked":["TheCursedMod:SoulReap+1","TheCursedMod:CursedShiv"],"picked":"TheCursedMod:HellfireBreathing","floor":44},{"not_picked":["hubris:Insight","Bandage Up"],"picked":"conspire:Banana","floor":45},{"not_picked":["Good Instincts","Flash of Steel"],"picked":"Panacea","floor":45},{"not_picked":["PanicButton","DemoMod:Spice"],"picked":"Finesse","floor":45},{"not_picked":["TheCursedMod:SaltUponWound+1","TheCursedMod:RavingStaff+1"],"picked":"TheCursedMod:FleshFromBone+1","floor":49},{"not_picked":["TheCursedMod:CursedBoomerang","TheCursedMod:RavingStaff","TheCursedMod:SurpriseAttack"],"picked":"Singing Bowl","floor":49},{"not_picked":["TheCursedMod:AbyssShockwave","TheCursedMod:VitalStrike","TheCursedMod:BloodBarrier"],"picked":"Singing Bowl","floor":52},{"not_picked":["TheCursedMod:Hemoplague+1","TheCursedMod:CursedAmulet+1"],"picked":"TheCursedMod:SpitefulPray","floor":54}],"player_experience":318293,"relics_obtained":[{"floor":7,"key":"hubris:DuctTape"},{"floor":9,"key":"CeramicFish"},{"floor":10,"key":"conspire:TopHat"},{"floor":11,"key":"Broom"},{"floor":12,"key":"Juzu Bracelet"},{"floor":14,"key":"hubris:ToyBattleship"},{"floor":22,"key":"Enchiridion"},{"floor":26,"key":"infinitespire:Satchel"},{"floor":29,"key":"Anchor"},{"floor":38,"key":"DemoMod:AgedBell"},{"floor":39,"key":"MawBank"},{"floor":41,"key":"sneckomod:BlankCard"},{"floor":48,"key":"SynthV:C4"}],"event_choices":[{"damage_healed":0,"gold_gain":275,"player_choice":"Desecrate","damage_taken":0,"max_hp_gain":0,"max_hp_loss":0,"event_name":"Golden Shrine","floor":19,"gold_loss":0,"cards_obtained":["Regret"]},{"damage_healed":0,"gold_gain":0,"player_choice":"Upgraded","damage_taken":0,"max_hp_gain":0,"max_hp_loss":0,"event_name":"Upgrade Shrine","floor":20,"gold_loss":0,"cards_upgraded":["TheCursedMod:SurpriseAttack"]},{"damage_healed":0,"gold_gain":0,"player_choice":"Obtained Book","damage_taken":16,"max_hp_gain":0,"max_hp_loss":0,"event_name":"Cursed Tome","floor":22,"gold_loss":0},{"cards_removed":["TheCursedMod:Dregs"],"damage_healed":0,"gold_gain":0,"player_choice":"Card Removal","damage_taken":0,"max_hp_gain":0,"max_hp_loss":0,"event_name":"Wheel of Change","floor":36,"gold_loss":0},{"damage_healed":0,"gold_gain":0,"player_choice":"Ignored","damage_taken":0,"max_hp_gain":0,"max_hp_loss":0,"event_name":"Tomb of Lord Red Mask","floor":37,"gold_loss":0},{"damage_healed":0,"gold_gain":0,"player_choice":"Fight","damage_taken":0,"max_hp_gain":0,"max_hp_loss":0,"event_name":"MindBloom","floor":38,"gold_loss":0},{"damage_healed":0,"gold_gain":0,"player_choice":"Memory 3","damage_taken":10,"max_hp_gain":0,"max_hp_loss":0,"event_name":"SensoryStone","floor":45,"gold_loss":0},{"damage_healed":0,"gold_gain":0,"player_choice":"Ignored","damage_taken":0,"max_hp_gain":0,"max_hp_loss":0,"event_name":"OrinTheCat","floor":46,"gold_loss":0},{"damage_healed":0,"gold_gain":0,"player_choice":"Max HP","damage_taken":0,"max_hp_gain":0,"max_hp_loss":6,"event_name":"Winding Halls","floor":47,"gold_loss":0}],"is_beta":false,"boss_relics":[{"not_picked":["Tiny House","MostiFishMod:Hod"],"picked":"Runic Pyramid"},{"not_picked":["BloodWine","MoonlightInvasionPlan","hubris:Stopwatch"]}],"items_purged_floors":[],"is_endless":false,"potions_floor_spawned":[1,7,16,24,33,39,54],"ascension_level":5}}