{"host":"KYO","time":1611376881,"event":{"mods":["ATMod(°¢èªMod)","BaseMod","Minty Spire (QoL Compilation)","Permanent Neow","Replay The Spire","Shop Mod","StSLib","SuperFastMode","TestMod","[IsaacMod]ÒÔÈö¼âËþ","¡¾ÒÅÎï¿¨ÅÆ¡¿REMEMod"],"gold_per_floor":[114,514,598,598,618,651,663,703,767,779,791,834,846,878,890,978,990,1015,692,742,755,770,770,770,770],"floor_reached":24,"language":"ZHS","playtime":1383,"items_purged":["Defend_B"],"score":499,"play_id":"83131a4b-07cd-4d49-a09c-8c1678200d9e","local_time":"20210123124121","is_ascension_mode":true,"campfire_choices":[{"floor":7.0,"key":"REST"},{"data":"BasicCrystalCard","floor":10.0,"key":"SMITH"},{"data":"Loop","floor":15.0,"key":"SMITH"},{"data":"Creative AI","floor":23,"key":"SMITH"}],"circlet_count":0,"master_deck":["AscendersBane","Defend_B+1","Defend_B+1","Zap","Dualcast","SuicideKing","AT_StudyProgram","Coolheaded","BasicCrystalCard+1","Cold Snap","Loop+1","Creative AI+1","Consume","Crystallizer","Double Energy+1"],"relics":["Cracked Core","HushsDoor","AT_ATBox","testmod-TestBox","D6","testmod-CrystalShield","Regal Pillow","MawBank","Omamori","testmod-IndustrialRevolution","Replay:Towering Pillar of Hats","FaceOfCleric","Kintsugi","MerchantsRug"],"acts_visited":["Exordium","TheCity"],"potions_floor_usage":[21,24,24],"damage_taken":[{"damage":0.0,"enemies":"Small Slimes","floor":1.0,"turns":4.0},{"damage":2.0,"enemies":"Jaw Worm","floor":5.0,"turns":4.0},{"damage":18.0,"enemies":"Lagavulin","floor":6.0,"turns":12.0},{"damage":18.0,"enemies":"3 Sentries","floor":8.0,"turns":14.0},{"damage":0.0,"enemies":"Lagavulin","floor":12.0,"turns":11.0},{"damage":0.0,"enemies":"Cultist","floor":14.0,"turns":4.0},{"damage":7.0,"enemies":"Hexaghost","floor":16.0,"turns":9.0},{"damage":20.0,"enemies":"Shell Parasite","floor":18.0,"turns":13.0},{"damage":15,"enemies":"Chosen","floor":21,"turns":7},{"damage":0,"enemies":"Snecko","floor":22,"turns":7},{"damage":36,"enemies":"Slavers","floor":24,"turns":2}],"seed_played":"-6418667944154418608","potions_obtained":[{"floor":1.0,"key":"Flashbang"},{"floor":12.0,"key":"ColorlessPotion"},{"floor":16.0,"key":"Fire Potion"},{"floor":18.0,"key":"testmod-TimePotion"},{"floor":21,"key":"Explosive Potion"}],"is_trial":false,"path_per_floor":["M","?","?","?","M","E","R","E","T","R","$","E","?","M","R","B",null,"M","$","?","M","M","R","E"],"character_chosen":"DEFECT","items_purchased":["MerchantsRug","Consume"],"campfire_rested":1,"item_purchase_floors":[19,19],"current_hp_per_floor":[64,64,49,28,26,8,44,26,26,26,26,26,26,27,27,21,60,41,41,41,27,28,28,0,0],"gold":770,"neow_bonus":"RANDOM_COMMON_RELIC","is_daily":false,"chose_seed":false,"campfire_upgraded":3,"win_rate":0.0,"timestamp":1611376881,"path_taken":["M","?","?","?","M","E","R","E","T","R","?","E","?","M","R","BOSS","M","$","?","?","M","R","E"],"items_purchased_type":["Relic","Card"],"build_version":"2020-12-18","purchased_purges":1,"victory":false,"max_hp_per_floor":[71,71,71,71,71,71,71,71,71,71,71,71,71,72,72,73,73,74,74,74,75,76,76,76,76],"card_choices":[{"not_picked":[],"picked":"SuicideKing","floor":0.0},{"not_picked":["Compile Driver","Sweeping Beam"],"picked":"Coolheaded","floor":1.0},{"not_picked":["Stack","Steam","Rip and Tear"],"picked":"SKIP","floor":5.0},{"not_picked":["Sweeping Beam","BasicCrystalCard","Coolheaded"],"picked":"SKIP","floor":6.0},{"not_picked":["Sweeping Beam","Coolheaded"],"picked":"BasicCrystalCard","floor":6.0},{"not_picked":["ReplaySolidLightProjector","Gash"],"picked":"Cold Snap","floor":8.0},{"not_picked":["REME_Shoggoth","ReplaySort","Steam"],"picked":"SKIP","floor":12.0},{"not_picked":["AT_HeatAcrobatics","Ball Lightning"],"picked":"Loop","floor":14.0},{"not_picked":["Thunder Strike","All For One"],"picked":"Creative AI","floor":16.0},{"not_picked":["Doom and Gloom+1","BasicCrystalCard","Hologram"],"picked":"SKIP","floor":18.0},{"not_picked":["Gash","ReplayTheSpireMod:Repulse+1"],"picked":"Crystallizer","floor":21},{"not_picked":["Beam Cell","ReplayTheSpireMod:System Scan"],"picked":"Double Energy+1","floor":22}],"player_experience":661286,"relics_obtained":[{"floor":6.0,"key":"MawBank"},{"floor":8.0,"key":"Omamori"},{"floor":9.0,"key":"testmod-IndustrialRevolution"},{"floor":12.0,"key":"Replay:Towering Pillar of Hats"}],"event_choices":[{"damage_healed":0.0,"max_hp_gain":0.0,"max_hp_loss":0.0,"gold_gain":400.0,"event_name":"¶÷ÂåË¹µÄÅÌ×Ó","player_choice":"Sell","floor":2.0,"relics_lost":["REME_ComplimentaryCards"],"gold_loss":0.0,"damage_taken":0.0},{"damage_healed":0.0,"max_hp_gain":0.0,"max_hp_loss":0.0,"gold_gain":0.0,"event_name":"Shining Light","player_choice":"Entered Light","floor":4.0,"gold_loss":0.0,"damage_taken":21.0,"cards_upgraded":["Defend_B","Defend_B"]},{"damage_healed":0.0,"max_hp_gain":0.0,"max_hp_loss":0.0,"gold_gain":0.0,"event_name":"FaceTrader","player_choice":"Trade","floor":13.0,"gold_loss":0.0,"damage_taken":0.0,"relics_obtained":["FaceOfCleric"]},{"damage_healed":0.0,"max_hp_gain":0.0,"max_hp_loss":0.0,"gold_gain":50.0,"event_name":"Nest","player_choice":"Stole From Cult","floor":20.0,"gold_loss":0.0,"damage_taken":0.0}],"is_beta":true,"boss_relics":[{"not_picked":["SacredBark","testmod-EnergyCheck"],"picked":"Kintsugi"},{"not_picked":[]}],"items_purged_floors":[19],"is_endless":false,"potions_floor_spawned":[1,12,16,18,21],"killed_by":"Slavers","ascension_level":20}}