{"host":"3asmp5aovk69ekg9","time":1611375013,"event":{"mods":["100% Spire Juice","BaseMod","BetterRewards","Colored Map","Colored Powertips","Dark Map","Hermit","Koishi","Magitek Elite","Minty Spire (QoL Compilation)","Permanent Neow","Remove Card Discount Mod","Shade Mod","StSLib","The Alterego","The Cursed","The Death Knight","The Fake Hero","The IronCluck","The Marked","The Senshi","The Wild Card"],"gold_per_floor":[17,17,30,50,68,100,117,149,227,262,262,262,288,288,288,386,386,406,406,406,172,190,221,233,245,305,336,359,404,430,468,480,592,604,634,696,726,738,768,811,823,865,877,244,244,244,278,332,332,332,332,332,98,132,132],"floor_reached":56,"language":"ENG","playtime":8096,"items_purged":["alterego_mod:Strike","alterego_mod:Strike","alterego_mod:Strike","alterego_mod:Impale","alterego_mod:BigMeatyClaws","Writhe","Shame"],"score":2200,"play_id":"0d4b5fdd-d160-4d40-8931-4333de676a55","local_time":"20210122201012","is_ascension_mode":true,"campfire_choices":[{"data":"alterego_mod:Nekomimi","floor":15.0,"key":"SMITH"},{"data":"theWildCard:Polydeuces","floor":32.0,"key":"SMITH"},{"data":"alterego_mod:Belts","floor":46.0,"key":"SMITH"},{"floor":49.0,"key":"RECALL"},{"data":"alterego_mod:RidiculouslyBig","floor":52.0,"key":"SMITH"}],"circlet_count":0,"master_deck":["alterego_mod:Defend","alterego_mod:Defend","alterego_mod:Defend","alterego_mod:Defend","alterego_mod:BrynhildrsRune+1","alterego_mod:Nekomimi+1","alterego_mod:SakuraFive","alterego_mod:Birthday","alterego_mod:IndependentAction","alterego_mod:MagicResistance","alterego_mod:Bounce","alterego_mod:Cooking","alterego_mod:Cooking","alterego_mod:IndependentAction","alterego_mod:Punishment+1","alterego_mod:SakuraFive","alterego_mod:Santa+1","alterego_mod:Cooking","alterego_mod:Bounce","theWildCard:Polydeuces+1","alterego_mod:Nekomimi+1","alterego_mod:Bounce","alterego_mod:PerceptionDisorder+1","alterego_mod:GoddessCore+1","alterego_mod:Bounce","alterego_mod:AlterEgo+1","alterego_mod:SakuraLabyrinth+1","alterego_mod:RidiculouslyBig+1","alterego_mod:SakuraFive","alterego_mod:Bounce","alterego_mod:Undulate+1","alterego_mod:IdEs","alterego_mod:Belts+1","alterego_mod:Bounce","alterego_mod:IndependentAction","alterego_mod:Bounce+1","alterego_mod:Birthday+1","alterego_mod:Cooking+1","alterego_mod:Birthday","alterego_mod:ChallengeComplete+1","alterego_mod:RidiculouslyBig","alterego_mod:Undulate","alterego_mod:SakuraPetals","alterego_mod:ChallengeComplete+1","alterego_mod:Undulate","Sadistic Nature+1","alterego_mod:Smother+1"],"relics":["alterego_mod:MasochisticConstitution","Toy Ornithopter","Lantern","Ice Cream","Medical Kit","Turnip","theSenshi:SpiralHeartMoonRodRelic","Boot","Kunai","Frozen Egg 2","Prayer Wheel","InkBottle","Juzu Bracelet","Potion Belt","Philosopher\u0027s Stone","Tintinnabulum","White Beast Statue","Chemical X","MawBank","theSenshi:SuperSailorFukuRelic","theSenshi:FeatherClipsRelic","Gem_Box","Bird Faced Urn","Sundial","Mythril_Glove","Pear","Thread and Needle","Blood Vial","Du-Vu Doll","Mercury Hourglass"],"acts_visited":["Exordium","TheCity","TheBeyond","TheEnding"],"potions_floor_usage":[55,55,55,55,55,55,55],"damage_taken":[{"damage":0.0,"enemies":"Small Slimes","floor":1.0,"turns":3.0},{"damage":3.0,"enemies":"Cultist","floor":3.0,"turns":4.0},{"damage":9.0,"enemies":"2 Louse","floor":4.0,"turns":5.0},{"damage":10.0,"enemies":"2 Fungi Beasts","floor":5.0,"turns":5.0},{"damage":54.0,"enemies":"Gremlin Nob","floor":6.0,"turns":6.0},{"damage":26.0,"enemies":"Gremlin Gang","floor":7.0,"turns":7.0},{"damage":31.0,"enemies":"Lagavulin","floor":8.0,"turns":7.0},{"damage":34.0,"enemies":"3 Sentries","floor":10.0,"turns":8.0},{"damage":8.0,"enemies":"Lagavulin","floor":13.0,"turns":7.0},{"damage":30.0,"enemies":"Hexaghost","floor":16.0,"turns":8.0},{"damage":27.0,"enemies":"Shell Parasite","floor":18.0,"turns":8.0},{"damage":0.0,"enemies":"Spheric Guardian","floor":22.0,"turns":3.0},{"damage":31.0,"enemies":"Slavers","floor":23.0,"turns":6.0},{"damage":28.0,"enemies":"Chosen and Byrds","floor":27.0,"turns":5.0},{"damage":0.0,"enemies":"3 Cultists","floor":28.0,"turns":3.0},{"damage":68.0,"enemies":"Gremlin Leader","floor":29.0,"turns":6.0},{"damage":10.0,"enemies":"Sentry and Sphere","floor":30.0,"turns":5.0},{"damage":56.0,"enemies":"Book of Stabbing","floor":31.0,"turns":5.0},{"damage":1.0,"enemies":"Automaton","floor":33.0,"turns":8.0},{"damage":39.0,"enemies":"3 Darklings","floor":35.0,"turns":5.0},{"damage":12.0,"enemies":"Mind Bloom Boss Battle","floor":36.0,"turns":5.0},{"damage":2.0,"enemies":"Orb Walker","floor":37.0,"turns":4.0},{"damage":21.0,"enemies":"Maw","floor":39.0,"turns":3.0},{"damage":16.0,"enemies":"Nemesis","floor":40.0,"turns":5.0},{"damage":50.0,"enemies":"Reptomancer","floor":42.0,"turns":4.0},{"damage":0.0,"enemies":"Nemesis","floor":47.0,"turns":6.0},{"damage":51.0,"enemies":"2 Orb Walkers","floor":48.0,"turns":6.0},{"damage":0.0,"enemies":"Donu and Deca","floor":50.0,"turns":8.0},{"damage":16,"enemies":"Shield and Spear","floor":54,"turns":6},{"damage":77,"enemies":"The Heart","floor":55,"turns":8}],"seed_played":"-3535264707216289976","potions_obtained":[{"floor":1.0,"key":"AttackPotion"},{"floor":3.0,"key":"Fruit Juice"},{"floor":6.0,"key":"SteroidPotion"},{"floor":8.0,"key":"Regen Potion"},{"floor":10.0,"key":"Block Potion"},{"floor":22.0,"key":"Dexterity Potion"},{"floor":23.0,"key":"PowerPotion"},{"floor":27.0,"key":"ColorlessPotion"},{"floor":28.0,"key":"Ancient Potion"},{"floor":29.0,"key":"ColorlessPotion"},{"floor":30.0,"key":"AttackPotion"},{"floor":31.0,"key":"SteroidPotion"},{"floor":33.0,"key":"Block Potion"},{"floor":35.0,"key":"GamblersBrew"},{"floor":36.0,"key":"Energy Potion"},{"floor":37.0,"key":"SpeedPotion"},{"floor":39.0,"key":"FairyPotion"},{"floor":40.0,"key":"LiquidBronze"},{"floor":42.0,"key":"EntropicBrew"},{"floor":54,"key":"BlessingOfTheForge"}],"is_trial":false,"path_per_floor":["M","?","M","M","M","E","M","E","T","E","?","?","E","?","R","B",null,"M","?","?","$","M","E","?","?","T","M","M","E","M","E","R","B",null,"M","?","M","?","M","E","$","E","T","$","?","R","E","?","R","B",null,"R","$","E","B",null],"character_chosen":"The_Alterego","items_purchased":["Toy Ornithopter","alterego_mod:Nekomimi","alterego_mod:SakuraFive","alterego_mod:Birthday","alterego_mod:IndependentAction","alterego_mod:MagicResistance","alterego_mod:Bounce","Lantern","Ice Cream","Medical Kit","Turnip","theSenshi:SpiralHeartMoonRodRelic","alterego_mod:Cooking","alterego_mod:Complex","alterego_mod:Cooking","Boot","alterego_mod:Bounce","Chemical X","alterego_mod:PerceptionDisorder+1","alterego_mod:ChallengeComplete+1","alterego_mod:RidiculouslyBig","Thread and Needle","alterego_mod:Undulate","alterego_mod:SakuraPetals","Ancient Potion","alterego_mod:Undulate","Sadistic Nature+1"],"campfire_rested":0,"item_purchase_floors":[0,0,0,0,0,0,0,0,0,0,0,0,0,0,0,0,21,21,21,44,44,44,44,44,44,53,53],"current_hp_per_floor":[40,40,65,77,78,37,49,39,39,64,64,57,70,75,75,68,80,69,69,70,71,85,86,70,44,45,51,70,55,84,59,60,97,98,99,100,101,101,102,103,103,86,97,98,99,100,114,112,113,115,115,115,115,116,112],"gold":132,"neow_bonus":"","is_daily":false,"chose_seed":false,"campfire_upgraded":4,"win_rate":0.0,"timestamp":1611375012,"path_taken":["M","?","M","M","M","E","?","E","T","E","?","?","E","?","R","BOSS","M","?","?","$","M","E","?","?","T","M","M","E","M","E","R","BOSS","M","?","M","?","M","E","$","E","T","$","?","R","E","?","R","BOSS","R","$","E","BOSS"],"items_purchased_type":["Relic","Card","Card","Card","Card","Card","Card","Relic","Relic","Relic","Relic","Relic","Card","Card","Card","Relic","Card","Relic","Card","Card","Card","Relic","Card","Card","Potion","Card","Card"],"build_version":"2020-12-22","purchased_purges":7,"victory":true,"max_hp_per_floor":[70,70,76,77,78,79,80,81,81,82,82,82,83,83,83,84,84,85,85,85,85,85,88,93,93,93,94,94,95,96,97,97,98,98,99,100,101,101,102,103,103,104,114,114,114,114,114,115,115,115,115,115,115,116,117],"card_choices":[{"not_picked":["alterego_mod:Mirror","alterego_mod:Rip"],"picked":"alterego_mod:IndependentAction","floor":1.0},{"not_picked":["alterego_mod:Complex","alterego_mod:Exercise"],"picked":"alterego_mod:Punishment","floor":3.0},{"not_picked":["alterego_mod:Clap","alterego_mod:SuperDuperMasochism","alterego_mod:PerceptionDisorder"],"picked":"SKIP","floor":4.0},{"not_picked":["alterego_mod:Bunnysuit","alterego_mod:Undulate"],"picked":"alterego_mod:SakuraFive","floor":5.0},{"not_picked":["alterego_mod:Schoolgirl","alterego_mod:Undulate"],"picked":"alterego_mod:Santa","floor":6.0},{"not_picked":["alterego_mod:SuperDuperMasochism","alterego_mod:Swimsuit"],"picked":"alterego_mod:Cooking","floor":7.0},{"not_picked":["alterego_mod:TrashNCrash","alterego_mod:Maid","alterego_mod:Bunnysuit"],"picked":"SKIP","floor":8.0},{"not_picked":["alterego_mod:BiFurious","alterego_mod:Complex"],"picked":"alterego_mod:Bounce","floor":10.0},{"not_picked":["alterego_mod:1TonWallop","alterego_mod:Belts"],"picked":"alterego_mod:Nekomimi+1","floor":13.0},{"not_picked":["alterego_mod:BeGentle","alterego_mod:MagicResistance","alterego_mod:Skirt+1"],"picked":"SKIP","floor":18.0},{"not_picked":["alterego_mod:BustOut+1","alterego_mod:Bunnysuit","alterego_mod:Complex"],"picked":"SKIP","floor":18.0},{"not_picked":["alterego_mod:BiFurious+1","alterego_mod:Birthday"],"picked":"alterego_mod:GoddessCore+1","floor":22.0},{"not_picked":["alterego_mod:Cycle+1","alterego_mod:Jiggle"],"picked":"alterego_mod:Bounce","floor":22.0},{"not_picked":["alterego_mod:Jiggle","alterego_mod:RocketPunch+1"],"picked":"alterego_mod:AlterEgo+1","floor":23.0},{"not_picked":["alterego_mod:DestructionOfProperty+1","alterego_mod:PurpleHair"],"picked":"alterego_mod:SakuraLabyrinth+1","floor":27.0},{"not_picked":["alterego_mod:Rip+1","alterego_mod:DustData","alterego_mod:TrashNCrash"],"picked":"SKIP","floor":27.0},{"not_picked":["alterego_mod:Crossover","alterego_mod:DeftHands+1"],"picked":"alterego_mod:Cooking","floor":28.0},{"not_picked":["alterego_mod:Skirt","alterego_mod:Complex"],"picked":"alterego_mod:RidiculouslyBig","floor":28.0},{"not_picked":["alterego_mod:Table+1","alterego_mod:Clones+1","alterego_mod:Bloomers+1"],"picked":"SKIP","floor":29.0},{"not_picked":["alterego_mod:Cycle","alterego_mod:Exercise"],"picked":"alterego_mod:SakuraFive","floor":30.0},{"not_picked":["alterego_mod:RocketPunch","alterego_mod:Maid"],"picked":"alterego_mod:Bounce","floor":30.0},{"not_picked":["alterego_mod:Jiggle","alterego_mod:Punishment+1"],"picked":"alterego_mod:Undulate+1","floor":31.0},{"not_picked":["alterego_mod:Valkyrie","alterego_mod:SideboobHour"],"picked":"alterego_mod:IdEs","floor":33.0},{"not_picked":["alterego_mod:BustOut+1","alterego_mod:HighServant+1"],"picked":"alterego_mod:Belts","floor":35.0},{"not_picked":["alterego_mod:BoobPocket+1","alterego_mod:GoddessCore"],"picked":"alterego_mod:Bounce","floor":35.0},{"not_picked":["alterego_mod:1TonWallop+1","alterego_mod:Undulate"],"picked":"alterego_mod:IndependentAction","floor":37.0},{"not_picked":["alterego_mod:RingBreak+1","alterego_mod:Belle+1"],"picked":"alterego_mod:Bounce+1","floor":37.0},{"not_picked":["alterego_mod:Rip+1","alterego_mod:Undulate+1"],"picked":"alterego_mod:Birthday+1","floor":39.0},{"not_picked":["alterego_mod:Cushion+1","alterego_mod:Clones","alterego_mod:SideboobHour"],"picked":"SKIP","floor":39.0},{"not_picked":["alterego_mod:1TonWallop","alterego_mod:Mirror+1"],"picked":"alterego_mod:Cooking+1","floor":40.0},{"not_picked":["alterego_mod:DestructionOfProperty+1","alterego_mod:Belle"],"picked":"alterego_mod:Birthday","floor":42.0},{"not_picked":["alterego_mod:DeftHands+1","alterego_mod:Clones+1","alterego_mod:Maid"],"picked":"SKIP","floor":47.0},{"not_picked":["alterego_mod:Exercise","alterego_mod:MaintainEyeContact+1"],"picked":"alterego_mod:ChallengeComplete+1","floor":48.0},{"not_picked":["alterego_mod:Table","alterego_mod:SuperDuperMasochism"],"picked":"alterego_mod:Smother+1","floor":54}],"player_experience":1232852,"relics_obtained":[{"floor":6.0,"key":"Frozen Egg 2"},{"floor":8.0,"key":"Prayer Wheel"},{"floor":9.0,"key":"InkBottle"},{"floor":10.0,"key":"Juzu Bracelet"},{"floor":13.0,"key":"Potion Belt"},{"floor":23.0,"key":"MawBank"},{"floor":29.0,"key":"theSenshi:SuperSailorFukuRelic"},{"floor":31.0,"key":"theSenshi:FeatherClipsRelic"},{"floor":36.0,"key":"Bird Faced Urn"},{"floor":40.0,"key":"Sundial"},{"floor":42.0,"key":"Mythril_Glove"},{"floor":43.0,"key":"Pear"},{"floor":47.0,"key":"Blood Vial"},{"floor":48.0,"key":"Du-Vu Doll"},{"floor":54,"key":"Mercury Hourglass"}],"event_choices":[{"damage_healed":0.0,"max_hp_gain":0.0,"max_hp_loss":0.0,"gold_gain":0.0,"event_name":"WeMeetAgain","player_choice":"Gave Potion","floor":2.0,"gold_loss":0.0,"damage_taken":0.0,"relics_obtained":["Kunai"]},{"cards_removed":["alterego_mod:Strike"],"damage_healed":0.0,"max_hp_gain":0.0,"max_hp_loss":0.0,"gold_gain":0.0,"event_name":"Golden Wing","player_choice":"Card Removal","floor":12.0,"gold_loss":0.0,"damage_taken":7.0},{"cards_removed":["alterego_mod:Complex"],"damage_healed":5.0,"max_hp_gain":0.0,"max_hp_loss":0.0,"gold_gain":0.0,"event_name":"Bonfire Elementals","player_choice":"Offered Common","floor":14.0,"gold_loss":0.0,"damage_taken":0.0},{"cards_removed":["alterego_mod:Complex"],"damage_healed":5.0,"max_hp_gain":0.0,"max_hp_loss":0.0,"gold_gain":0.0,"event_name":"Bonfire Elementals","player_choice":"Offered Special","floor":14.0,"gold_loss":0.0,"damage_taken":0.0},{"damage_healed":0.0,"max_hp_gain":0.0,"max_hp_loss":0.0,"gold_gain":0.0,"event_name":"Addict","player_choice":"Stole Relic","floor":19.0,"gold_loss":0.0,"damage_taken":0.0,"relics_obtained":["Tintinnabulum"],"cards_obtained":["Shame"]},{"damage_healed":0.0,"max_hp_gain":0.0,"max_hp_loss":0.0,"gold_gain":0.0,"event_name":"The Mausoleum","player_choice":"Opened","floor":20.0,"gold_loss":0.0,"damage_taken":0.0,"relics_obtained":["White Beast Statue"],"cards_obtained":["Writhe"]},{"damage_healed":0.0,"max_hp_gain":5.0,"max_hp_loss":0.0,"gold_gain":0.0,"event_name":"Forgotten Altar","player_choice":"Shed Blood","floor":24.0,"gold_loss":0.0,"damage_taken":22.0},{"damage_healed":0.0,"max_hp_gain":0.0,"max_hp_loss":0.0,"gold_gain":0.0,"event_name":"MindBloom","player_choice":"Fight","floor":36.0,"gold_loss":0.0,"damage_taken":0.0},{"damage_healed":0.0,"max_hp_gain":0.0,"max_hp_loss":0.0,"gold_gain":0.0,"event_name":"SecretPortal","player_choice":"Ignored","floor":38.0,"gold_loss":0.0,"damage_taken":0.0},{"cards_removed":["alterego_mod:Cooking"],"damage_healed":0.0,"max_hp_gain":0.0,"max_hp_loss":0.0,"gold_gain":0.0,"event_name":"Falling","player_choice":"Removed Skill","floor":45.0,"gold_loss":0.0,"damage_taken":0.0},{"damage_healed":0.0,"max_hp_gain":0.0,"max_hp_loss":0.0,"gold_gain":0.0,"event_name":"Mysterious Sphere","player_choice":"Fight","floor":48.0,"gold_loss":0.0,"damage_taken":0.0}],"is_beta":false,"boss_relics":[{"not_picked":["Sozu","theSenshi:MoonKaleidoScopeRelic"],"picked":"Philosopher\u0027s Stone"},{"not_picked":["Busted Crown","Snecko Eye"],"picked":"Gem_Box"}],"items_purged_floors":[0,0,0,0,0,21,21],"is_endless":false,"potions_floor_spawned":[1,3,6,8,10,22,23,27,28,29,30,31,33,35,36,37,39,40,42,47,48,54],"ascension_level":6}}