{"host":"sian7qp8a9pc9xwd","time":1611399327,"event":{"mods":["BaseMod","Minty Spire (QoL Compilation)","StSLib","SuperFastMode"],"gold_per_floor":[109,124,52,227,177,177,201,276,276,276,295,80,80,92,92,188,188,206,131,95,110,110,110,25,59,59,76,76,96,112,112,112,211,211,228,242,142,157,171,197,197,232,312,312,328,346,346,2,2,2,2],"floor_reached":50,"language":"ENG","playtime":1627,"items_purged":["Doubt","Strike_B"],"score":921,"play_id":"e61e432d-de1d-4e2e-8ffc-2777799a275c","local_time":"20210123055527","is_ascension_mode":true,"campfire_choices":[{"data":"Defragment","floor":6.0,"key":"SMITH"},{"data":"Zap","floor":10.0,"key":"SMITH"},{"data":"White Noise","floor":15.0,"key":"SMITH"},{"data":"Tempest","floor":23.0,"key":"SMITH"},{"data":"Electrodynamics","floor":28.0,"key":"SMITH"},{"floor":32.0,"key":"REST"},{"floor":41.0,"key":"REST"},{"data":"Biased Cognition","floor":49.0,"key":"SMITH"}],"circlet_count":0,"master_deck":["AscendersBane","Defend_B","Defend_B","Defend_B","Zap+1","Dualcast","Ball Lightning","Coolheaded","Defragment+1","Buffer+1","White Noise+1","Electrodynamics+1","Capacitor","Tempest+1","Conserve Battery","Cold Snap","Capacitor","Consume+1","Buffer","Conserve Battery+1","Machine Learning","Ball Lightning+1","Glacier","Biased Cognition+1","Secret Technique"],"relics":["Cracked Core","Mango","Art of War","Letter Opener","Empty Cage","Omamori","Turnip","Molten Egg 2","MutagenicStrength","Sozu","Matryoshka","Unceasing Top","Smiling Mask"],"acts_visited":["Exordium","TheCity","TheBeyond"],"potions_floor_usage":[],"damage_taken":[{"damage":0.0,"enemies":"Small Slimes","floor":1.0,"turns":3.0},{"damage":6.0,"enemies":"2 Louse","floor":2.0,"turns":3.0},{"damage":12.0,"enemies":"Jaw Worm","floor":11.0,"turns":2.0},{"damage":9.0,"enemies":"3 Louse","floor":14.0,"turns":3.0},{"damage":0.0,"enemies":"Slime Boss","floor":16.0,"turns":6.0},{"damage":18.0,"enemies":"3 Byrds","floor":18.0,"turns":2.0},{"damage":0.0,"enemies":"Spheric Guardian","floor":21.0,"turns":3.0},{"damage":43.0,"enemies":"Slavers","floor":25.0,"turns":4.0},{"damage":0.0,"enemies":"Shelled Parasite and Fungi","floor":27.0,"turns":4.0},{"damage":12.0,"enemies":"Snake Plant","floor":29.0,"turns":2.0},{"damage":0.0,"enemies":"Snecko","floor":30.0,"turns":4.0},{"damage":7.0,"enemies":"Automaton","floor":33.0,"turns":8.0},{"damage":0.0,"enemies":"3 Shapes","floor":35.0,"turns":3.0},{"damage":22.0,"enemies":"Orb Walker","floor":36.0,"turns":4.0},{"damage":11.0,"enemies":"Sphere and 2 Shapes","floor":38.0,"turns":4.0},{"damage":0.0,"enemies":"Jaw Worm Horde","floor":39.0,"turns":3.0},{"damage":27.0,"enemies":"Nemesis","floor":40.0,"turns":7.0},{"damage":3.0,"enemies":"Giant Head","floor":42.0,"turns":8.0},{"damage":15.0,"enemies":"Transient","floor":45.0,"turns":5.0},{"damage":3.0,"enemies":"4 Shapes","floor":46.0,"turns":4.0},{"damage":48,"enemies":"Awakened One","floor":50,"turns":7}],"seed_played":"4249657748619659258","potions_obtained":[{"floor":1.0,"key":"Dexterity Potion"},{"floor":11.0,"key":"LiquidMemories"},{"floor":14.0,"key":"Fruit Juice"},{"floor":16.0,"key":"Regen Potion"},{"floor":21.0,"key":"PowerPotion"},{"floor":25.0,"key":"BlessingOfTheForge"},{"floor":29.0,"key":"Explosive Potion"}],"is_trial":false,"path_per_floor":["M","M","$","?","?","R","T","?","T","R","M","$","?","M","R","B",null,"M","?","$","M","?","R","?","E","T","M","R","M","M","?","R","B",null,"M","M","$","M","M","E","R","E","T","?","M","M","?","$","R","B"],"character_chosen":"DEFECT","items_purchased":["Defragment","Buffer","Capacitor","Biased Cognition","Secret Technique"],"campfire_rested":2,"item_purchase_floors":[3,12,20,48,48],"current_hp_per_floor":[82,76,76,76,76,76,76,65,65,65,53,53,53,49,49,49,83,65,65,65,65,65,65,65,31,31,31,31,19,19,19,47,40,81,81,59,59,48,48,21,49,46,46,46,31,28,52,52,52,4,4],"gold":2,"neow_bonus":"ONE_RARE_RELIC","is_daily":false,"chose_seed":false,"campfire_upgraded":6,"win_rate":0.0,"timestamp":1611399327,"path_taken":["M","M","$","?","?","R","?","?","T","R","?","$","?","M","R","BOSS","M","?","$","M","?","R","?","E","T","?","R","M","M","?","R","BOSS","M","M","$","M","M","E","R","E","T","?","?","M","?","$","R","BOSS"],"items_purchased_type":["Card","Card","Card","Card","Card"],"build_version":"2020-12-22","purchased_purges":2,"victory":false,"max_hp_per_floor":[89,89,89,89,89,89,89,89,89,89,89,89,89,94,94,94,94,94,94,94,94,94,94,94,94,94,94,94,94,94,94,94,94,94,94,94,94,94,94,94,94,94,94,94,94,94,94,94,94,94,94],"card_choices":[{"not_picked":["Beam Cell","Genetic Algorithm"],"picked":"Ball Lightning","floor":1.0},{"not_picked":["Go for the Eyes","Conserve Battery"],"picked":"Coolheaded","floor":2.0},{"not_picked":["Go for the Eyes","Redo","Static Discharge"],"picked":"SKIP","floor":11.0},{"not_picked":["Scrape","Force Field"],"picked":"White Noise","floor":14.0},{"not_picked":["Creative AI","Meteor Strike"],"picked":"Electrodynamics","floor":16.0},{"not_picked":["Sweeping Beam","Recycle","Sunder"],"picked":"SKIP","floor":18.0},{"not_picked":["Heatsinks","Hologram"],"picked":"Tempest","floor":21.0},{"not_picked":["Recycle","Conserve Battery"],"picked":"Cold Snap","floor":25.0},{"not_picked":["Compile Driver+1","Hologram","Turbo"],"picked":"SKIP","floor":27.0},{"not_picked":["Sweeping Beam+1","Fusion"],"picked":"Capacitor","floor":29.0},{"not_picked":["Meteor Strike+1","Stack"],"picked":"Consume+1","floor":30.0},{"not_picked":["Hyperbeam+1","Machine Learning"],"picked":"Buffer","floor":33.0},{"not_picked":["Tempest","Gash+1","Sweeping Beam+1"],"picked":"SKIP","floor":35.0},{"not_picked":["Steam","Gash+1"],"picked":"Conserve Battery+1","floor":36.0},{"not_picked":["Consume","Reprogram"],"picked":"Machine Learning","floor":38.0},{"not_picked":["Conserve Battery","Sweeping Beam+1"],"picked":"Ball Lightning+1","floor":39.0},{"not_picked":["Ball Lightning+1","Force Field","Leap"],"picked":"SKIP","floor":40.0},{"not_picked":["Leap+1","Heatsinks+1","Steam Power+1"],"picked":"SKIP","floor":42.0},{"not_picked":["Electrodynamics","Sweeping Beam+1"],"picked":"Glacier","floor":45.0},{"not_picked":["Rebound+1","Blizzard+1","Double Energy"],"picked":"SKIP","floor":46.0}],"player_experience":752223,"relics_obtained":[{"floor":7.0,"key":"Art of War"},{"floor":9.0,"key":"Letter Opener"},{"floor":25.0,"key":"Turnip"},{"floor":26.0,"key":"Molten Egg 2"},{"floor":40.0,"key":"Matryoshka"},{"floor":42.0,"key":"Unceasing Top"},{"floor":43.0,"key":"Smiling Mask"}],"event_choices":[{"damage_healed":0.0,"max_hp_gain":0.0,"max_hp_loss":0.0,"gold_gain":175.0,"event_name":"Liars Game","player_choice":"AGREE","floor":4.0,"gold_loss":0.0,"damage_taken":0.0,"cards_obtained":["Doubt"]},{"cards_removed":["Normality"],"damage_healed":0.0,"max_hp_gain":0.0,"max_hp_loss":0.0,"gold_gain":0.0,"event_name":"The Cleric","player_choice":"Card Removal","floor":5.0,"gold_loss":50.0,"damage_taken":0.0},{"damage_healed":0.0,"max_hp_gain":0.0,"max_hp_loss":0.0,"gold_gain":75.0,"event_name":"World of Goop","player_choice":"Gather Gold","floor":8.0,"gold_loss":0.0,"damage_taken":11.0},{"damage_healed":0.0,"max_hp_gain":0.0,"max_hp_loss":0.0,"gold_gain":0.0,"event_name":"Living Wall","player_choice":"Grow","floor":13.0,"gold_loss":0.0,"damage_taken":0.0,"cards_upgraded":["Buffer"]},{"cards_removed":["Strike_B"],"damage_healed":0.0,"max_hp_gain":0.0,"max_hp_loss":0.0,"gold_gain":0.0,"event_name":"Beggar","player_choice":"Gave Gold","floor":19.0,"gold_loss":75.0,"damage_taken":0.0},{"damage_healed":0.0,"max_hp_gain":0.0,"max_hp_loss":0.0,"gold_gain":0.0,"event_name":"The Library","player_choice":"Read","floor":22.0,"gold_loss":0.0,"damage_taken":0.0,"cards_obtained":["Conserve Battery"]},{"damage_healed":0.0,"max_hp_gain":0.0,"max_hp_loss":0.0,"gold_gain":0.0,"event_name":"Addict","player_choice":"Obtained Relic","floor":24.0,"gold_loss":85.0,"damage_taken":0.0,"relics_obtained":["Omamori"]},{"damage_healed":0.0,"max_hp_gain":0.0,"max_hp_loss":0.0,"gold_gain":0.0,"event_name":"Drug Dealer","player_choice":"Inject Mutagens","floor":31.0,"gold_loss":0.0,"damage_taken":0.0,"relics_obtained":["MutagenicStrength"]},{"cards_removed":["Defend_B"],"damage_healed":0.0,"max_hp_gain":0.0,"max_hp_loss":0.0,"gold_gain":0.0,"event_name":"Purifier","player_choice":"Purged","floor":44.0,"gold_loss":0.0,"damage_taken":0.0},{"damage_healed":24.0,"max_hp_gain":0.0,"max_hp_loss":0.0,"gold_gain":0.0,"event_name":"Winding Halls","player_choice":"Writhe","floor":47.0,"gold_loss":0.0,"damage_taken":0.0,"cards_obtained":["Writhe"]}],"is_beta":false,"boss_relics":[{"not_picked":["Runic Pyramid","Fusion Hammer"],"picked":"Empty Cage"},{"not_picked":["Tiny House","Coffee Dripper"],"picked":"Sozu"}],"items_purged_floors":[12,37],"is_endless":false,"potions_floor_spawned":[1,11,14,16,21,25,29,36,40,42,45],"killed_by":"Awakened One","ascension_level":12}}