{"host":"309yqw9tjbxpv1z4","time":1611435313,"event":{"mods":["AchievementEnabler","BaseMod","Beaked The Cultist","BetterRewards","Downfall","Duelist Mod","GifTheSpireLib","Infinite Spire","Minty Spire (QoL Compilation)","READ ME - Guardian Mod","StSLib","The Cursed","The Hierophant","The IronCluck","The Necromancer","The Senshi"],"gold_per_floor":[109,126,146,166,185,185,185,185,185,185,35,50,70,70,70,165,165,184,12,25,25,36,36,52,70,93,93,110,110,209,221,221,322,322,337,147,147,199,215,215,254,254,254,254,272,272,272,287,287,287],"floor_reached":51,"language":"SPA","playtime":6771,"items_purged":[],"score":618,"play_id":"30945484-b897-4021-a3e1-c026951c4ba8","local_time":"20210123155513","is_ascension_mode":false,"campfire_choices":[{"floor":6.0,"key":"REST"},{"floor":8.0,"key":"REST"},{"data":"Sunder","floor":10.0,"key":"SMITH"},{"data":"Reinforced Body","floor":15.0,"key":"SMITH"},{"data":"Aggregate","floor":23.0,"key":"SMITH"},{"floor":32.0,"key":"REST"},{"floor":40.0,"key":"REST"},{"floor":42.0,"key":"REST"},{"data":"infinitespire:Oblivion","floor":44.0,"key":"SMITH"},{"floor":49,"key":"REST"}],"circlet_count":0,"master_deck":["Strike_B","Strike_B","Strike_B","Strike_B","Defend_B","Defend_B","Defend_B","Defend_B","Zap","Dualcast","Impatience","Barrage","Glacier","Reinforced Body+1","Sunder+1","Ball Lightning","Aggregate+1","Biased Cognition","Seek","CurseOfTheBell","Blizzard","Rebound","Double Energy+1","Madness","Zap","Ball Lightning","Capacitor","Echo Form","Skim","infinitespire:Oblivion+1","Melter","Coolheaded+1","Electrodynamics","Go for the Eyes+1","Sunder","Aggregate","Loop","The Bomb","HandOfGreed","Beam Cell+1","Force Field+1","Redo","Consume+1","Streamline+1","Rip and Tear+1","infinitespire:FutureSight","Parasite","Self Repair+1","Rebound+1"],"relics":["Cracked Core","WingedGreaves","Blood Vial","Calling Bell","Bag of Marbles","Cables","Pocketwatch","Lee\u0027s Waffle","Orichalcum","Dream Catcher","Runic Pyramid","CaptainsWheel","InkBottle"],"acts_visited":["TheCity","TheBeyond"],"potions_floor_usage":[],"damage_taken":[{"damage":0.0,"enemies":"Cultist","floor":1.0,"turns":4.0},{"damage":12.0,"enemies":"Small Slimes","floor":2.0,"turns":3.0},{"damage":0.0,"enemies":"2 Louse","floor":3.0,"turns":3.0},{"damage":3.0,"enemies":"2 Fungi Beasts","floor":4.0,"turns":4.0},{"damage":20.0,"enemies":"Gremlin Gang","floor":5.0,"turns":5.0},{"damage":0.0,"enemies":"Blue Slaver","floor":12.0,"turns":3.0},{"damage":6.0,"enemies":"3 Louse","floor":13.0,"turns":4.0},{"damage":33.0,"enemies":"Slime Boss","floor":16.0,"turns":13.0},{"damage":24.0,"enemies":"2 Thieves","floor":18.0,"turns":3.0},{"damage":4.0,"enemies":"Chosen","floor":20.0,"turns":4.0},{"damage":7.0,"enemies":"Centurion and Healer","floor":22.0,"turns":5.0},{"damage":0.0,"enemies":"3 Cultists","floor":24.0,"turns":4.0},{"damage":4.0,"enemies":"Snecko","floor":25.0,"turns":3.0},{"damage":25.0,"enemies":"Cultist and Chosen","floor":28.0,"turns":5.0},{"damage":4.0,"enemies":"Chosen and Byrds","floor":31.0,"turns":4.0},{"damage":76.0,"enemies":"Champ","floor":33.0,"turns":9.0},{"damage":5.0,"enemies":"3 Darklings","floor":35.0,"turns":3.0},{"damage":29.0,"enemies":"2 Orb Walkers","floor":38.0,"turns":4.0},{"damage":8.0,"enemies":"3 Shapes","floor":39.0,"turns":3.0},{"damage":11.0,"enemies":"Sphere and 2 Shapes","floor":41.0,"turns":4.0},{"damage":4.0,"enemies":"3 Darklings","floor":45.0,"turns":5.0},{"damage":1,"enemies":"Writhing Mass","floor":48,"turns":5},{"damage":49,"enemies":"Awakened One","floor":50,"turns":13}],"seed_played":"-3810847637384461456","potions_obtained":[{"floor":1.0,"key":"Regen Potion"},{"floor":12.0,"key":"Energy Potion"},{"floor":16.0,"key":"PotionOfCapacity"},{"floor":24.0,"key":"Dexterity Potion"},{"floor":31.0,"key":"champ:CounterPotion"},{"floor":38.0,"key":"EssenceOfDarkness"}],"is_trial":false,"path_per_floor":["M","M","M","M","M","R","?","R","T","R","$","M","M","?","R","B",null,"M","$","M","?","M","R","M","M","T","?","M","AVR","?","M","R","B",null,"M","$","?","?","M","R","M","R","T","R","M","?","?","M","R","B",null],"character_chosen":"DEFECT","items_purchased":["Blood Vial","Lee\u0027s Waffle","Rebound","Sunder","Aggregate","Loop"],"campfire_rested":6,"item_purchase_floors":[11,19,19,36,36,36],"current_hp_per_floor":[75,63,63,60,40,62,62,75,75,75,75,75,69,74,74,58,80,56,87,83,83,78,78,80,78,78,78,55,55,55,53,79,5,87,82,82,77,50,44,70,61,87,87,87,83,83,63,64,87,48],"gold":287,"neow_bonus":"RANDOM_COLORLESS","is_daily":false,"chose_seed":false,"campfire_upgraded":4,"win_rate":0.0,"timestamp":1611435313,"path_taken":["M","M","M","M","?","R","?","R","T","R","$","M","M","?","R","BOSS","M","$","M","?","M","R","?","M","T","?","?","AVR","?","M","R","BOSS","M","$","?","?","M","R","M","R","T","R","?","?","?","?","R","BOSS"],"items_purchased_type":["Relic","Relic","Card","Card","Card","Card"],"build_version":"2020-12-22","purchased_purges":0,"victory":true,"max_hp_per_floor":[75,75,75,75,75,75,75,75,75,75,75,75,75,80,80,80,80,80,87,87,87,87,87,87,87,87,87,87,87,87,87,87,87,87,87,87,87,87,87,87,87,87,87,87,87,87,87,87,87,87],"card_choices":[{"not_picked":["Finesse","Deep Breath"],"picked":"Impatience","floor":0.0},{"not_picked":["Coolheaded","Turbo"],"picked":"Barrage","floor":1.0},{"not_picked":["Chill","Gash"],"picked":"Glacier","floor":2.0},{"not_picked":["Gash","Consume"],"picked":"Reinforced Body","floor":3.0},{"not_picked":["Barrage","Redo"],"picked":"Sunder","floor":4.0},{"not_picked":["Gash","Rebound"],"picked":"Ball Lightning","floor":5.0},{"not_picked":["Gash","Compile Driver"],"picked":"Aggregate","floor":12.0},{"not_picked":["Stack","Coolheaded"],"picked":"Biased Cognition","floor":13.0},{"not_picked":["Thunder Strike","Reboot"],"picked":"Seek","floor":16.0},{"not_picked":["Compile Driver","Gash"],"picked":"Blizzard","floor":18.0},{"not_picked":["Stack","Coolheaded"],"picked":"Double Energy+1","floor":20.0},{"not_picked":["Compile Driver","Gash+1"],"picked":"Ball Lightning","floor":22.0},{"not_picked":["Cold Snap","Compile Driver"],"picked":"Capacitor","floor":24.0},{"not_picked":["Sweeping Beam","Gash"],"picked":"Echo Form","floor":25.0},{"not_picked":["Barrage+1","FTL"],"picked":"Skim","floor":28.0},{"not_picked":["Rebound","Turbo"],"picked":"Melter","floor":31.0},{"not_picked":["Sweeping Beam","Barrage"],"picked":"Coolheaded+1","floor":32.0},{"not_picked":["Creative AI","Fission"],"picked":"Electrodynamics","floor":33.0},{"not_picked":["Streamline","Leap"],"picked":"Go for the Eyes+1","floor":35.0},{"not_picked":["Deep Breath","Dramatic Entrance"],"picked":"The Bomb","floor":37.0},{"not_picked":["Jack Of All Trades","Mayhem"],"picked":"HandOfGreed","floor":37.0},{"not_picked":["Barrage","Undo+1"],"picked":"Beam Cell+1","floor":38.0},{"not_picked":["Gash","Coolheaded+1"],"picked":"Force Field+1","floor":39.0},{"not_picked":["Hologram","Sweeping Beam"],"picked":"Redo","floor":40.0},{"not_picked":["Cold Snap+1","Redo"],"picked":"Consume+1","floor":41.0},{"not_picked":["Coolheaded","Loop+1"],"picked":"Streamline+1","floor":42.0},{"not_picked":["Compile Driver+1","Coolheaded"],"picked":"Rip and Tear+1","floor":45.0},{"not_picked":["infinitespire:Execution","infinitespire:SevenWalls"],"picked":"infinitespire:FutureSight","floor":47.0},{"not_picked":["Rebound+1","Leap"],"picked":"Self Repair+1","floor":48},{"not_picked":["Gash","Doom and Gloom"],"picked":"Rebound+1","floor":49}],"player_experience":131948,"relics_obtained":[{"floor":9.0,"key":"WingedGreaves"},{"floor":17.0,"key":"Bag of Marbles"},{"floor":17.0,"key":"Cables"},{"floor":17.0,"key":"Pocketwatch"},{"floor":26.0,"key":"Orichalcum"},{"floor":38.0,"key":"CaptainsWheel"},{"floor":43.0,"key":"InkBottle"}],"event_choices":[{"damage_healed":0.0,"max_hp_gain":0.0,"max_hp_loss":0.0,"gold_gain":0.0,"event_name":"Shining Light","player_choice":"Ignored","floor":7.0,"gold_loss":0.0,"damage_taken":0.0},{"damage_healed":0.0,"max_hp_gain":5.0,"max_hp_loss":0.0,"gold_gain":0.0,"event_name":"Big Fish","player_choice":"Donut","floor":14.0,"gold_loss":0.0,"damage_taken":0.0},{"damage_healed":0.0,"max_hp_gain":0.0,"max_hp_loss":0.0,"gold_gain":0.0,"event_name":"Match and Keep!","player_choice":"2 cards matched","floor":21.0,"gold_loss":0.0,"damage_taken":0.0,"cards_obtained":["expansioncontent:TimeRipple","Zap"]},{"damage_healed":0.0,"max_hp_gain":0.0,"max_hp_loss":0.0,"gold_gain":0.0,"event_name":"Purifier","player_choice":"Ignored","floor":27.0,"gold_loss":0.0,"damage_taken":0.0},{"damage_healed":0.0,"max_hp_gain":0.0,"max_hp_loss":0.0,"gold_gain":99.0,"event_name":"Nest","player_choice":"Stole From Cult","floor":30.0,"gold_loss":0.0,"damage_taken":0.0},{"damage_healed":0.0,"max_hp_gain":0.0,"max_hp_loss":0.0,"gold_gain":0.0,"event_name":"SensoryStone","player_choice":"Memory 2","floor":37.0,"gold_loss":0.0,"damage_taken":5.0},{"damage_healed":0.0,"max_hp_gain":0.0,"max_hp_loss":0.0,"gold_gain":0.0,"event_name":"Mysterious Sphere","player_choice":"Fight","floor":38.0,"gold_loss":0.0,"damage_taken":0.0}],"is_beta":false,"boss_relics":[{"not_picked":["Velvet Choker","Snecko Eye"],"picked":"Calling Bell"},{"not_picked":["Inserter","Fusion Hammer"],"picked":"Runic Pyramid"}],"items_purged_floors":[],"is_endless":false,"potions_floor_spawned":[1,12,16,24,31,38],"ascension_level":0}}