{"host":"kpklgwyuz86bov3e","time":1611390396,"event":{"mods":["100% Spire Juice","Act Like it!","Aspiration","BaseMod","Better Third Choice","CCEM","Colored Powertips","Conspire","Energized Spire","GifTheSpireLib","Halation","Hallownest","Highlight Path","Hubris","Jedi Mod","Melee Mod","Minty Spire (QoL Compilation)","Rare Cards Sparkle","Relic Sorter","Relic Stats","Replay The Spire","Shedinja","Shop Mod","Spicy Shops","Spikes Relics","StS++","StSLib","Stuff the Spire","The Blue Laboratory","The Poker Player","TheBandit","Waifu the Spire","slay the spire mod where everything is the same but ironclad has a cowboy hat"],"gold_per_floor":[112,124,49,69,69,98,98,98,98,21,21,69,102,122,122,227,227,250,251,251,251],"floor_reached":19,"language":"ENG","playtime":1569,"items_purged":["wariomod:Strike"],"score":175,"play_id":"8c386894-822c-44cf-af40-660c7e758c5a","local_time":"20210123032636","is_ascension_mode":false,"campfire_choices":[{"data":"Outmaneuver","floor":8,"key":"SMITH"},{"floor":11,"key":"REST"},{"floor":15,"key":"REST"}],"circlet_count":0,"master_deck":["wariomod:Strike","wariomod:Strike+1","wariomod:Strike","wariomod:Defend","wariomod:Defend","wariomod:Defend","wariomod:Defend","wariomod:Step","wariomod:Leap","Outmaneuver+1","wariomod:DonateDraw","wariomod:RacingSpeed","Crescendo","wariomod:SpacialMastery","wariomod:BoomBoom"],"relics":["wariomod:TheHat","halation:YellowSoulGem","aspiration:Nostalgia","Replay:M_StaffOfTheSnake","Sundial","Dream Catcher","Regal Pillow","halation:IllGainedPizza","conspire:Dentures","wariomod:PropellerHat"],"acts_visited":["Exordium","TheCity"],"potions_floor_usage":[6,19,19,19],"damage_taken":[{"damage":10,"enemies":"Small Slimes","floor":1,"turns":3},{"damage":8,"enemies":"2 Louse","floor":2,"turns":2},{"damage":0,"enemies":"Cultist","floor":4,"turns":2},{"damage":31,"enemies":"Gremlin Nob","floor":6,"turns":4},{"damage":44,"enemies":"3 Sentries","floor":13,"turns":7},{"damage":10,"enemies":"Looter","floor":14,"turns":4},{"damage":58,"enemies":"Fading Forest","floor":16,"turns":11},{"damage":71,"enemies":"2 Thieves","floor":18,"turns":3},{"damage":10,"enemies":"Spheric Guardian","floor":19,"turns":2}],"seed_played":"7033419837709915777","potions_obtained":[{"floor":2,"key":"StSpp:SecondWindPotion"},{"floor":4,"key":"Fire Potion"},{"floor":6,"key":"blueLaboratory:BottleOfRum"},{"floor":18,"key":"blueLaboratory:LouseDecoction"}],"is_trial":false,"path_per_floor":["M","M","$","M","?","E","?","R","T","$","R","T","E","M","R","B",null,"M","M"],"character_chosen":"THE_BANDIT","items_purchased":["Regal Pillow"],"campfire_rested":2,"item_purchase_floors":[10],"current_hp_per_floor":[70,62,62,62,62,31,31,31,31,31,70,70,26,16,55,27,80,9,0,0,0],"gold":251,"neow_bonus":"NOSTALGIA","is_daily":false,"chose_seed":false,"campfire_upgraded":1,"win_rate":0.0,"timestamp":1611390396,"path_taken":["M","M","$","M","?","E","?","R","T","$","R","?","E","M","R","BOSS","M","M"],"items_purchased_type":["Relic"],"build_version":"2020-12-22","purchased_purges":1,"victory":false,"max_hp_per_floor":[80,80,80,80,80,80,80,80,80,80,80,80,80,80,80,80,80,80,80,80,80],"relic_stats":{"Dream Catcher":2,"Regal Pillow":30,"counters":[9,38],"Sundial":[8],"obtain_stats":[{"halation:YellowSoulGem":7,"conspire:Dentures":13,"Dream Catcher":9,"Regal Pillow":10,"Replay:M_StaffOfTheSnake":0,"aspiration:Nostalgia":0,"Sundial":6,"wariomod:TheHat":0,"wariomod:PropellerHat":17,"halation:IllGainedPizza":12},{"halation:YellowSoulGem":4,"conspire:Dentures":5,"Dream Catcher":4,"Regal Pillow":4,"Replay:M_StaffOfTheSnake":0,"aspiration:Nostalgia":0,"Sundial":4,"wariomod:TheHat":0,"wariomod:PropellerHat":7,"halation:IllGainedPizza":4},{"halation:YellowSoulGem":11,"conspire:Dentures":18,"Dream Catcher":11,"Regal Pillow":11,"Replay:M_StaffOfTheSnake":0,"aspiration:Nostalgia":0,"Sundial":11,"wariomod:TheHat":0,"wariomod:PropellerHat":33,"halation:IllGainedPizza":11}]},"card_choices":[{"not_picked":["wariomod:SmackSlam","wariomod:SpaceSwap"],"picked":"Outmaneuver","floor":1},{"not_picked":["wariomod:EndlessBlast","wariomod:SmackSlam","wariomod:Purify"],"picked":"SKIP","floor":2},{"not_picked":["wariomod:Sidestep","Outmaneuver","wariomod:SpikeSlash"],"picked":"SKIP","floor":4},{"not_picked":["wariomod:DiceyMove","wariomod:BoomForm"],"picked":"wariomod:DonateDraw","floor":6},{"not_picked":["wariomod:SimpleShield","wariomod:Hopshield"],"picked":"wariomod:RacingSpeed","floor":13},{"not_picked":["JustLucky","Flying Knee","wariomod:Smackflip"],"picked":"SKIP","floor":14},{"not_picked":["wariomod:DamnedStrength","wariomod:DropBash"],"picked":"Crescendo","floor":15},{"not_picked":["wariomod:GodlyGift","wariomod:ForbiddenMagic"],"picked":"wariomod:SpacialMastery","floor":16},{"not_picked":["wariomod:Goblast","wariomod:Hopshield"],"picked":"wariomod:BoomBoom","floor":18}],"player_experience":419782,"relics_obtained":[{"floor":6,"key":"Sundial"},{"floor":9,"key":"Dream Catcher"},{"floor":12,"key":"halation:IllGainedPizza"},{"floor":13,"key":"conspire:Dentures"}],"event_choices":[],"is_beta":false,"boss_relics":[{"not_picked":["hubris:VirtuousBlindfold","Coffee Dripper"],"picked":"wariomod:PropellerHat"}],"items_purged_floors":[3],"is_endless":false,"potions_floor_spawned":[2,4,6,18],"killed_by":"Spheric Guardian","ascension_level":0}}