{"host":"yt8tirjpas3zupuf","time":1611438150,"event":{"mods":["Act Like it!","Arknights The Spire","BaseMod","Colored Powertips","Duelist Mod","Gensokyo","Googly Eyes","Lobotomy","Marisa£®ÏF”Í°°ƒß¿Ì…≥£©","Minty Spire (QoL Compilation)","Remilia£®¿Ÿ√◊¿Ú—«£©","Replay The Spire","StSLib","The Bug Knight","The Servant 0.9.4"],"gold_per_floor":[119,132,132,244,293,323,357,390,413,426,451,468,493,526,526,624,624,644,659,659,692,708,740,751,786,823,869,906,951,963,991,1003,1113,1125,1152,1164,991,991,1006,1006,1038,1055,1055,1084,1095,1125,1067,1092,1092,1189,1189,1206,1268,1268,1268],"floor_reached":54,"language":"ZHS","playtime":3365,"items_purged":["Wraith"],"score":1443,"play_id":"9dbb3ce4-c8a7-4ab4-b424-d52d2ac3b13a","local_time":"20210124054230","daily_mods":["Shiny","Heirloom","DeadlyEvents","Elite Swarm"],"is_ascension_mode":false,"campfire_choices":[{"data":"Pot Of Greed","floor":15,"key":"SMITH"},{"data":"ats:Shadow Assault","floor":30,"key":"SMITH"},{"floor":40,"key":"REST"},{"floor":49,"key":"DIG"}],"circlet_count":0,"master_deck":["ats:Rat Pack","ats:Disruption Kick","ats:Roar Of Ursus","ats:Calcification","ats:Ambush","ats:Soul Rend","ats:Nebulous Foxfire","ats:Volcano","ats:Shadow Assault+1","ats:Durian","ats:True Silver Slash","ats:Dogmatic Field","ats:Wolf Pack","ats:Revitalization","ats:Sword Rain","ats:Sword Rain","ats:Hammer On","ats:Rat Pack","ats:Nebulous Foxfire","ats:Shadow Assault","Pot Of Greed+1","Pot Of Greed","ats:Red Shift","ats:Calcification+1","Pot Of Greed","ats:Chain Hook","ats:True Silver Slash","ats:Dogmatic Field","ats:Assault Order","ats:Shadow Assault","ats:Apocalypse+1","ats:Soul Rend","ats:Curse Doll","ats:Shadow Assault","ats:Calcification","ats:True Silver Slash","ats:Healing Drone+1","Pot Of Greed+1","ats:Closed Bolt Burst Fire","ats:True Silver Slash","ats:Poison Spread","ats:Soul Rend+1","ats:Soul Rend+1","Discovery","ReplayTheSpireMod:Necrogeddon","ReplayTheSpireMod:Private Reserves","ats:Steam Pump+1","ats:Defend Order+1","ats:Shadow Assault","Pot Of Greed","ats:Blood Oath","ats:Soul Rend","ats:Shell Defense+1","ats:Rat Pack","ats:Healing Strengthening+1","ats:Revitalization+1","ats:True Silver Slash","ats:Apocalypse","ats:Hammer On"],"relics":["Snecko Eye","Unceasing Top","MealTicket","Ancient Tea Set","ats:Originium","HollowMod:StagPassRelic","Lizard Tail","Dream Catcher","Grinning Jar","Replay:Rubber Ducky","Replay:Baseball","Blue Doll","Empty Cage","ats:Industrial Water Cannon","Potion Belt","Akabeko","MawBank","Replay:Mystery Machine","Bronze Scales","Toy Ornithopter","Bottled Lightning","Philosopher\u0027s Stone","ats:Ability Aura","War Paint","AntiCross","Meat on the Bone","Centennial Puzzle","Pet Ghost","Coffee Dripper","ats:Rhine Circuitry"],"acts_visited":["Exordium","TheCity","TheBeyond","Exordium"],"potions_floor_usage":[24],"damage_taken":[{"damage":0,"enemies":"Cultist","floor":1,"turns":4},{"damage":0,"enemies":"2 Louse","floor":2,"turns":1},{"damage":9,"enemies":"3 Sentries","floor":6,"turns":3},{"damage":31,"enemies":"Lagavulin","floor":7,"turns":5},{"damage":3,"enemies":"3 Sentries","floor":8,"turns":3},{"damage":5,"enemies":"Small Slimes","floor":10,"turns":2},{"damage":0,"enemies":"Gremlin Nob","floor":11,"turns":3},{"damage":0,"enemies":"Exordium Wildlife","floor":12,"turns":1},{"damage":24,"enemies":"3 Sentries","floor":13,"turns":4},{"damage":17,"enemies":"Lagavulin","floor":14,"turns":5},{"damage":77,"enemies":"The Guardian","floor":16,"turns":10},{"damage":20,"enemies":"2 Thieves","floor":18,"turns":3},{"damage":0,"enemies":"Chosen","floor":19,"turns":2},{"damage":21,"enemies":"theDuelist:KaibaA2","floor":21,"turns":4},{"damage":0,"enemies":"Snake Plant","floor":22,"turns":4},{"damage":36,"enemies":"Replay:Snechameleon","floor":23,"turns":7},{"damage":0,"enemies":"3 Cultists","floor":24,"turns":2},{"damage":0,"enemies":"Gremlin Leader","floor":25,"turns":4},{"damage":0,"enemies":"Slavers","floor":27,"turns":2},{"damage":0,"enemies":"theDuelist:KaibaA2","floor":28,"turns":2},{"damage":29,"enemies":"Gremlin Leader","floor":29,"turns":6},{"damage":3,"enemies":"Chosen and Byrds","floor":31,"turns":2},{"damage":27,"enemies":"Automaton","floor":33,"turns":9},{"damage":40,"enemies":"Orb Walker","floor":35,"turns":5},{"damage":0,"enemies":"3 Shapes","floor":39,"turns":1},{"damage":0,"enemies":"HollowMod:StalkingDevout","floor":41,"turns":5},{"damage":0,"enemies":"Jaw Worm Horde","floor":42,"turns":2},{"damage":34,"enemies":"Giant Head","floor":44,"turns":7},{"damage":22,"enemies":"Sphere and 2 Shapes","floor":45,"turns":3},{"damage":11,"enemies":"Reptomancer","floor":46,"turns":3},{"damage":51,"enemies":"Donu and Deca","floor":50,"turns":6},{"damage":0,"enemies":"Cultist","floor":52,"turns":1},{"damage":0,"enemies":"3 Sentries","floor":53,"turns":2},{"damage":0,"enemies":"Small Slimes","floor":54,"turns":1}],"seed_played":"8070601463208792135","potions_obtained":[{"floor":6,"key":"Elixir"},{"floor":7,"key":"SkillPotion"},{"floor":8,"key":"AttackPotion"},{"floor":23,"key":"LiquidBronze"},{"floor":24,"key":"Weak Potion"},{"floor":27,"key":"Energy Potion"},{"floor":28,"key":"SneckoOil"},{"floor":44,"key":"ats:Emergency Sanity Potion"}],"is_trial":true,"path_per_floor":["M","M","$","?","T","E","E","E","T","M","E","M","E","E","R","B",null,"M","M","?","E","M","E","M","E","T","E","E","E","R","M","R","B",null,"M","?","$","?","M","R","E","M","T","E","M","E","$","T","R","B",null,"M","?","M"],"character_chosen":"DOCTOR_CLASS","items_purchased":["ats:Soul Rend","ats:Healing Strengthening+1","ats:Revitalization"],"campfire_rested":1,"item_purchase_floors":[37,47,47],"current_hp_per_floor":[72,72,72,72,72,72,46,60,60,57,61,61,51,59,59,54,72,52,54,54,37,38,38,38,67,67,67,67,60,60,58,72,69,72,46,46,61,51,51,72,72,72,72,72,63,57,72,72,72,53,72,72,72,72,72],"gold":1268,"neow_bonus":"","is_daily":false,"chose_seed":false,"campfire_upgraded":2,"win_rate":0.0,"timestamp":1611438150,"path_taken":["M","?","$","?","?","E","?","E","T","?","E","M","?","E","R","BOSS","M","M","?","?","?","E","M","E","T","E","?","E","R","?","R","BOSS","M","?","$","?","?","R","E","M","T","E","M","E","$","?","R","BOSS","M","?","?"],"items_purchased_type":["Card","Card","Card"],"build_version":"2020-12-22","purchased_purges":1,"victory":false,"max_hp_per_floor":[72,72,72,72,72,72,72,72,72,72,72,72,72,72,72,72,72,72,72,72,72,72,72,72,72,72,72,72,72,72,72,72,72,72,72,72,72,72,72,72,72,72,72,72,72,72,72,72,72,72,72,72,72,72,72],"card_choices":[{"not_picked":["ats:Closed Bolt Burst Fire","ats:Directed Diagnosis"],"picked":"ats:Revitalization","floor":1},{"not_picked":["ats:Blood Oath","ats:Red Shift"],"picked":"ats:Sword Rain","floor":2},{"not_picked":["ats:Poison Spread","ats:LN2 Cannon"],"picked":"ats:Sword Rain","floor":4},{"not_picked":["ats:Song Of Battle","ats:Poison Spread"],"picked":"ats:Hammer On","floor":4},{"not_picked":["ats:Disruption Kick","ats:Roar Of Ursus"],"picked":"ats:Rat Pack","floor":6},{"not_picked":["ats:Roar Of Ursus","ats:Durian"],"picked":"ats:Nebulous Foxfire","floor":7},{"not_picked":["ats:Volcano","ats:Fractured Body"],"picked":"ats:Shadow Assault","floor":8},{"not_picked":["ats:Shadow Raid","ats:Cat Scratch"],"picked":"ats:Red Shift","floor":10},{"not_picked":["ats:Echo Reverb","ats:Fractured Body"],"picked":"ats:Calcification","floor":11},{"not_picked":["ats:Consecutive Shot Auto","ats:Very Hot Blade"],"picked":"ats:Chain Hook","floor":12},{"not_picked":["ats:Nebulous Foxfire","ats:Roar Of Ursus"],"picked":"ats:True Silver Slash","floor":13},{"not_picked":["ats:Ambush","ats:Nebulous Foxfire","ats:Echo Reverb"],"picked":"SKIP","floor":14},{"not_picked":["ats:Ambush","ats:Volcano"],"picked":"ats:Dogmatic Field","floor":16},{"not_picked":["ats:Burning Ground+1","ats:Red Shift","ats:Cat Scratch+1"],"picked":"SKIP","floor":18},{"not_picked":["ats:Thermite Blade+1","ats:Burning Ground"],"picked":"ats:Assault Order","floor":19},{"not_picked":["ats:Nebulous Foxfire","ats:Disruption Kick"],"picked":"ats:Shadow Assault","floor":21},{"not_picked":["ats:Leaping Hammer","ats:Defend Order"],"picked":"ats:Apocalypse+1","floor":22},{"not_picked":["ats:Ambush","ats:Calcification"],"picked":"ats:Soul Rend","floor":23},{"not_picked":["ats:Cat Scratch","ats:Revitalization"],"picked":"ats:Curse Doll","floor":24},{"not_picked":["ats:Durian","ats:Roar Of Ursus"],"picked":"ats:Shadow Assault","floor":25},{"not_picked":["ats:Nebulous Foxfire","ats:Ambush","ats:Disruption Kick"],"picked":"SKIP","floor":27},{"not_picked":["ats:Wolf Pack","ats:Roar Of Ursus"],"picked":"ats:Calcification","floor":28},{"not_picked":["ats:Durian","ats:Ambush"],"picked":"ats:True Silver Slash","floor":29},{"not_picked":["ats:Revitalization+1","ats:LN2 Cannon"],"picked":"ats:Healing Drone","floor":31},{"not_picked":["ats:Revitalization","ats:Directed Diagnosis"],"picked":"ats:Closed Bolt Burst Fire","floor":32},{"not_picked":["ats:Ambush","ats:Rat Pack"],"picked":"ats:True Silver Slash","floor":33},{"not_picked":["ats:Very Hot Blade+1","ats:Rapid Magazine"],"picked":"ats:Poison Spread","floor":35},{"not_picked":["Flash of Steel","Dark Shackles"],"picked":"Discovery","floor":38},{"not_picked":["Finesse","Trip"],"picked":"ReplayTheSpireMod:Necrogeddon","floor":38},{"not_picked":["PanicButton","Violence"],"picked":"ReplayTheSpireMod:Private Reserves","floor":38},{"not_picked":["ats:Healing Drone+1","ats:Blood Oath"],"picked":"ats:Steam Pump+1","floor":39},{"not_picked":["ats:Chain Hook","ats:Assault Order"],"picked":"ats:Defend Order+1","floor":40},{"not_picked":["ats:Wolf Pack","ats:Rat Pack"],"picked":"ats:Shadow Assault","floor":41},{"not_picked":["ats:Rapid Magazine+1","ats:Encircling Forest+1"],"picked":"ats:Blood Oath","floor":42},{"not_picked":["ats:Disruption Kick","ats:Fractured Body"],"picked":"ats:Soul Rend","floor":44},{"not_picked":["ats:Red Shift","ats:Healing Drone+1"],"picked":"ats:Shell Defense+1","floor":45},{"not_picked":["ats:Calcification","ats:Echo Reverb"],"picked":"ats:Rat Pack","floor":46},{"not_picked":["ats:Soul Rend","ats:Dogmatic Field"],"picked":"ats:True Silver Slash","floor":50},{"not_picked":["ats:Cat Scratch","ats:Shell Defense"],"picked":"ats:Apocalypse","floor":52},{"not_picked":["ats:Leaping Hammer","ats:Ignite"],"picked":"ats:Hammer On","floor":53}],"player_experience":128025,"relics_obtained":[{"floor":4,"key":"MealTicket"},{"floor":5,"key":"Ancient Tea Set"},{"floor":6,"key":"ats:Originium"},{"floor":6,"key":"HollowMod:StagPassRelic"},{"floor":7,"key":"ats:Originium"},{"floor":7,"key":"Lizard Tail"},{"floor":8,"key":"ats:Originium"},{"floor":8,"key":"Dream Catcher"},{"floor":9,"key":"Grinning Jar"},{"floor":11,"key":"ats:Originium"},{"floor":11,"key":"Replay:Rubber Ducky"},{"floor":13,"key":"Replay:Baseball"},{"floor":14,"key":"Blue Doll"},{"floor":20,"key":"ats:Industrial Water Cannon"},{"floor":21,"key":"Potion Belt"},{"floor":23,"key":"Akabeko"},{"floor":25,"key":"MawBank"},{"floor":26,"key":"Replay:Mystery Machine"},{"floor":27,"key":"Bronze Scales"},{"floor":28,"key":"Toy Ornithopter"},{"floor":29,"key":"Bottled Lightning"},{"floor":41,"key":"ats:Ability Aura"},{"floor":43,"key":"War Paint"},{"floor":44,"key":"AntiCross"},{"floor":46,"key":"Meat on the Bone"},{"floor":48,"key":"Centennial Puzzle"},{"floor":49,"key":"Pet Ghost"},{"floor":53,"key":"ats:Rhine Circuitry"}],"event_choices":[{"damage_healed":0,"gold_gain":0,"player_choice":"Relic","damage_taken":0,"max_hp_gain":0,"max_hp_loss":0,"event_name":"Wheel of Change","floor":20,"gold_loss":0},{"damage_healed":0,"gold_gain":0,"player_choice":"Ignored","damage_taken":0,"max_hp_gain":0,"max_hp_loss":0,"event_name":"OrinTheCat","floor":36,"gold_loss":0},{"damage_healed":0,"gold_gain":0,"player_choice":"Memory 3","damage_taken":10,"max_hp_gain":0,"max_hp_loss":0,"event_name":"SensoryStone","floor":38,"gold_loss":0},{"damage_healed":0,"gold_gain":0,"player_choice":"Searched \u00271\u0027 times","damage_taken":0,"max_hp_gain":0,"max_hp_loss":0,"event_name":"Dead Adventurer","floor":53,"gold_loss":0}],"is_beta":false,"boss_relics":[{"not_picked":["Replay:Drink Me","Runic Dome"],"picked":"Empty Cage"},{"not_picked":["Painkiller Herb","Velvet Choker"],"picked":"Philosopher\u0027s Stone"},{"not_picked":["SlaversCollar","ats:Tactical Delivery"],"picked":"Coffee Dripper"}],"items_purged_floors":[37],"is_endless":true,"potions_floor_spawned":[6,7,8,11,12,14,18,23,24,27,28,35,42,44,46,53],"killed_by":"Small Slimes","ascension_level":0}}