{"host":"ydujlihd8f5px9gp","time":1611417356,"event":{"mods":["AchievementEnabler","BaseMod","Block Reminder","Colored Map","Minty Spire (QoL Compilation)","ojb\u0027s Info Mod"],"gold_per_floor":[113,35,47,47,63,63,90,90,161,161,189,209,224,238,238,238,238],"floor_reached":16,"language":"ENG","playtime":5334,"items_purged":[],"score":123,"play_id":"3b68d6ee-0b87-4543-b7a5-47c1aae5a91d","local_time":"20210123135556","is_ascension_mode":true,"campfire_choices":[{"data":"Fusion","floor":6,"key":"SMITH"},{"data":"Defragment","floor":8,"key":"SMITH"},{"data":"Streamline","floor":15,"key":"SMITH"}],"circlet_count":0,"master_deck":["Strike_B","Strike_B","Strike_B","Strike_B","Defend_B","Defend_B","Defend_B","Zap","Dualcast","Streamline+1","Defragment+1","Streamline","Fusion+1","Self Repair","Clumsy","Heatsinks","Lockon+1","Rebound+1","Gash+1"],"relics":["Cursed Key","Toy Ornithopter","Sundial","Singing Bowl","Molten Egg 2"],"acts_visited":["Exordium"],"potions_floor_usage":[11,11,14,16,16],"damage_taken":[{"damage":2,"enemies":"Small Slimes","floor":1,"turns":4},{"damage":0,"enemies":"Cultist","floor":3,"turns":3},{"damage":1,"enemies":"2 Louse","floor":5,"turns":2},{"damage":32,"enemies":"3 Sentries","floor":7,"turns":8},{"damage":14,"enemies":"Lagavulin","floor":11,"turns":7},{"damage":11,"enemies":"Blue Slaver","floor":12,"turns":3},{"damage":19,"enemies":"Exordium Thugs","floor":13,"turns":4},{"damage":0,"enemies":"3 Louse","floor":14,"turns":3},{"damage":35,"enemies":"The Guardian","floor":16,"turns":8}],"seed_played":"6308922388652551603","potions_obtained":[{"floor":3,"key":"Block Potion"},{"floor":5,"key":"Block Potion"},{"floor":7,"key":"SkillPotion"},{"floor":12,"key":"AttackPotion"},{"floor":14,"key":"DistilledChaos"}],"is_trial":false,"path_per_floor":["M","$","M","?","M","R","E","R","T","?","E","M","M","M","R","B"],"character_chosen":"DEFECT","items_purchased":["Defragment"],"campfire_rested":0,"item_purchase_floors":[2],"current_hp_per_floor":[73,73,73,61,60,60,28,28,28,28,31,29,17,22,22,0,0],"gold":238,"neow_bonus":"BOSS_RELIC","is_daily":false,"chose_seed":false,"campfire_upgraded":3,"win_rate":0.0,"timestamp":1611417356,"path_taken":["M","$","M","?","M","R","E","R","T","?","E","M","?","M","R","BOSS"],"items_purchased_type":["Card"],"build_version":"2020-12-22","purchased_purges":0,"victory":false,"max_hp_per_floor":[75,75,75,75,75,75,75,75,75,75,75,77,77,77,77,77,77],"card_choices":[{"not_picked":["Capacitor","Leap"],"picked":"Streamline","floor":1},{"not_picked":["Redo","Tempest"],"picked":"Streamline","floor":3},{"not_picked":["Undo","Compile Driver"],"picked":"Fusion","floor":5},{"not_picked":["Go for the Eyes","Compile Driver"],"picked":"Self Repair","floor":7},{"not_picked":["Reinforced Body","Gash+1"],"picked":"Lockon+1","floor":11},{"not_picked":["Beam Cell+1","Aggregate","Stack"],"picked":"Singing Bowl","floor":12},{"not_picked":["Aggregate","Compile Driver+1"],"picked":"Rebound+1","floor":13},{"not_picked":["BootSequence","Beam Cell+1"],"picked":"Gash+1","floor":14}],"player_experience":141158,"relics_obtained":[{"floor":7,"key":"Sundial"},{"floor":9,"key":"Singing Bowl"},{"floor":11,"key":"Molten Egg 2"}],"event_choices":[{"damage_healed":0,"gold_gain":0,"player_choice":"Success","damage_taken":12,"relics_obtained":["Toy Ornithopter"],"max_hp_gain":0,"max_hp_loss":0,"event_name":"Scrap Ooze","floor":4,"gold_loss":0},{"damage_healed":0,"gold_gain":0,"cards_transformed":["Defend_B"],"player_choice":"Transformed","damage_taken":0,"max_hp_gain":0,"max_hp_loss":0,"event_name":"Transmorgrifier","floor":10,"gold_loss":0,"cards_obtained":["Heatsinks"]}],"is_beta":false,"boss_relics":[],"items_purged_floors":[],"is_endless":false,"potions_floor_spawned":[3,5,7,12,14],"killed_by":"The Guardian","ascension_level":2}}