{"host":"w3q5ijqu8eoknil3","time":1611427339,"event":{"mods":["AchievementEnabler","BaseMod","Block Reminder","Colored Map","Colored Powertips","Curses Come First","Dark Map","Minty Spire (QoL Compilation)","Quick Restart","Relic Stats","StSLib","ojb\u0027s Better Paths Mod","ojb\u0027s Info Mod","slay the spire mod where everything is the same but ironclad has a cowboy hat"],"gold_per_floor":[363,33,48,58,74,74,85,110,110,130,130,150,168,238,238,316,316,336,399,24,74,124,124,174,174,174,209,224,258,27,38,38,113,113,125,200,220,220,220],"floor_reached":38,"language":"ENG","playtime":1877,"items_purged":["Strike_G","Strike_G"],"score":823,"play_id":"92e247a0-e037-4283-baa6-df3e7c2bb97a","local_time":"20210123184219","is_ascension_mode":true,"campfire_choices":[{"data":"Blade Dance","floor":6,"key":"SMITH"},{"floor":15,"key":"REST"},{"floor":23,"key":"REST"},{"data":"Phantasmal Killer","floor":25,"key":"SMITH"},{"floor":32,"key":"REST"}],"circlet_count":0,"master_deck":["AscendersBane","Defend_G","Defend_G","Defend_G","Defend_G","Defend_G","Survivor","Neutralize","Dagger Spray","Blade Dance+1","Finisher","PiercingWail","Leg Sweep","Sucker Punch","Poisoned Stab","After Image","Acrobatics","Calculated Gamble","Phantasmal Killer+1","Masterful Stab","Deflect+1","Blade Dance","Bullet Time","Choke","Infinite Blades+1","Phantasmal Killer+1","Acrobatics","Wraith Form v2+1","Skewer","Outmaneuver"],"relics":["Ring of the Snake","Frozen Eye","Sundial","Shuriken","SsserpentHead","Empty Cage","Ninja Scroll","Mango","InkBottle","Frozen Egg 2","DollysMirror","Philosopher\u0027s Stone","Unceasing Top"],"acts_visited":["Exordium","TheCity","TheBeyond"],"potions_floor_usage":[7,10,13,16,18,28,33,37,37],"damage_taken":[{"damage":1,"enemies":"Small Slimes","floor":1,"turns":4},{"damage":0,"enemies":"Cultist","floor":3,"turns":3},{"damage":0,"enemies":"Jaw Worm","floor":4,"turns":5},{"damage":0,"enemies":"Large Slime","floor":5,"turns":6},{"damage":17,"enemies":"Exordium Thugs","floor":7,"turns":6},{"damage":31,"enemies":"Lagavulin","floor":8,"turns":8},{"damage":8,"enemies":"3 Louse","floor":10,"turns":3},{"damage":0,"enemies":"Blue Slaver","floor":12,"turns":2},{"damage":1,"enemies":"Exordium Wildlife","floor":13,"turns":6},{"damage":0,"enemies":"Looter","floor":14,"turns":5},{"damage":11,"enemies":"The Guardian","floor":16,"turns":12},{"damage":7,"enemies":"2 Thieves","floor":18,"turns":5},{"damage":5,"enemies":"3 Byrds","floor":19,"turns":5},{"damage":17,"enemies":"Slavers","floor":27,"turns":6},{"damage":3,"enemies":"Snecko","floor":28,"turns":4},{"damage":10,"enemies":"Book of Stabbing","floor":29,"turns":2},{"damage":0,"enemies":"Snake Plant","floor":31,"turns":1},{"damage":22,"enemies":"Collector","floor":33,"turns":7},{"damage":21,"enemies":"Orb Walker","floor":35,"turns":4},{"damage":0,"enemies":"Mind Bloom Boss Battle","floor":36,"turns":5},{"damage":41,"enemies":"3 Shapes","floor":37,"turns":8},{"damage":13,"enemies":"Spire Growth","floor":38,"turns":2}],"seed_played":"7849923219358823963","potions_obtained":[{"floor":4,"key":"Strength Potion"},{"floor":8,"key":"LiquidBronze"},{"floor":12,"key":"DistilledChaos"},{"floor":13,"key":"Swift Potion"},{"floor":16,"key":"Fire Potion"},{"floor":27,"key":"EssenceOfSteel"},{"floor":28,"key":"PowerPotion"},{"floor":33,"key":"LiquidBronze"},{"floor":36,"key":"Explosive Potion"}],"is_trial":false,"path_per_floor":["M","$","M","M","M","R","M","E","T","M","?","M","M","M","R","B",null,"M","M","$","?","?","R","?","R","T","E","M","E","$","M","R","B",null,"M","?","M","M"],"character_chosen":"THE_SILENT","items_purchased":["Frozen Eye","Blade Dance","Finisher","Ninja Scroll","Infinite Blades+1","DollysMirror"],"campfire_rested":3,"item_purchase_floors":[2,2,2,20,30,30],"current_hp_per_floor":[58,58,58,58,58,58,41,10,10,2,2,2,1,1,19,8,47,40,35,35,35,19,38,38,38,52,35,32,22,22,22,45,23,65,44,44,3,0,0],"gold":220,"neow_bonus":"TWO_FIFTY_GOLD","is_daily":false,"chose_seed":false,"campfire_upgraded":2,"win_rate":0.0,"timestamp":1611427339,"path_taken":["M","$","M","M","M","R","M","E","T","M","?","M","M","?","R","BOSS","M","?","$","?","?","R","?","R","T","E","M","E","$","M","R","BOSS","M","?","M","M"],"items_purchased_type":["Relic","Card","Card","Relic","Card","Relic"],"build_version":"2020-12-22","purchased_purges":2,"victory":false,"max_hp_per_floor":[60,60,60,60,60,60,60,60,60,60,60,60,60,60,60,60,60,60,60,60,60,65,65,65,65,79,79,79,79,79,79,79,79,79,79,79,79,79,79],"relic_stats":{"SsserpentHead":300,"counters":[22,109],"Sundial":[8],"Shuriken":[51],"obtain_stats":[{"Mango":26,"Frozen Egg 2":29,"Empty Cage":17,"Frozen Eye":2,"SsserpentHead":11,"Sundial":8,"Shuriken":9,"Ninja Scroll":20,"DollysMirror":30,"Philosopher\u0027s Stone":34,"InkBottle":27,"Unceasing Top":36,"Ring of the Snake":0},{"Mango":13,"Frozen Egg 2":16,"Empty Cage":11,"Frozen Eye":1,"SsserpentHead":7,"Sundial":6,"Shuriken":6,"Ninja Scroll":13,"DollysMirror":16,"Philosopher\u0027s Stone":18,"InkBottle":14,"Unceasing Top":20,"Ring of the Snake":0},{"Mango":70,"Frozen Egg 2":82,"Empty Cage":60,"Frozen Eye":4,"SsserpentHead":35,"Sundial":32,"Shuriken":32,"Ninja Scroll":70,"DollysMirror":82,"Philosopher\u0027s Stone":90,"InkBottle":76,"Unceasing Top":99,"Ring of the Snake":0}],"InkBottle":[19],"Unceasing Top":[2],"Ring of the Snake":[44]},"card_choices":[{"not_picked":["Deadly Poison","Bane"],"picked":"Dagger Spray","floor":1},{"not_picked":["Escape Plan","Slice"],"picked":"PiercingWail","floor":3},{"not_picked":["Cloak And Dagger","Slice"],"picked":"Leg Sweep","floor":4},{"not_picked":["Backflip","Underhanded Strike"],"picked":"Sucker Punch","floor":5},{"not_picked":["Escape Plan","Finisher"],"picked":"Poisoned Stab","floor":7},{"not_picked":["Catalyst","Poisoned Stab","Reflex"],"picked":"SKIP","floor":8},{"not_picked":["Poisoned Stab","Footwork"],"picked":"After Image","floor":10},{"not_picked":["Heel Hook","Bouncing Flask"],"picked":"Acrobatics","floor":12},{"not_picked":["Bane","Prepared","Dodge and Roll"],"picked":"SKIP","floor":13},{"not_picked":["Eviscerate","Prepared"],"picked":"Calculated Gamble","floor":14},{"not_picked":["Malaise","Envenom"],"picked":"Phantasmal Killer","floor":16},{"not_picked":["Prepared","Backflip"],"picked":"Masterful Stab","floor":18},{"not_picked":["Deadly Poison","Backflip"],"picked":"Deflect+1","floor":19},{"not_picked":["Flying Knee+1","Dagger Spray"],"picked":"Blade Dance","floor":27},{"not_picked":["Catalyst","All Out Attack"],"picked":"Bullet Time","floor":28},{"not_picked":["Predator","Masterful Stab"],"picked":"Choke","floor":29},{"not_picked":["Deadly Poison","Reflex"],"picked":"Acrobatics","floor":31},{"not_picked":["Doppelganger","Grand Finale"],"picked":"Wraith Form v2+1","floor":33},{"not_picked":["Concentrate","Dagger Throw"],"picked":"Skewer","floor":35},{"not_picked":["Setup+1","Flechettes"],"picked":"Outmaneuver","floor":36},{"not_picked":["Dagger Throw","Cloak And Dagger","Deadly Poison"],"picked":"SKIP","floor":37}],"player_experience":1013604,"relics_obtained":[{"floor":8,"key":"Sundial"},{"floor":9,"key":"Shuriken"},{"floor":26,"key":"Mango"},{"floor":27,"key":"InkBottle"},{"floor":29,"key":"Frozen Egg 2"},{"floor":36,"key":"Unceasing Top"}],"event_choices":[{"damage_healed":0,"gold_gain":0,"player_choice":"Trade","damage_taken":0,"relics_obtained":["SsserpentHead"],"max_hp_gain":0,"max_hp_loss":0,"event_name":"FaceTrader","floor":11,"gold_loss":0},{"damage_healed":0,"gold_gain":0,"player_choice":"Shed Blood","damage_taken":21,"max_hp_gain":5,"max_hp_loss":0,"event_name":"Forgotten Altar","floor":22,"gold_loss":0},{"cards_removed":["Strike_G"],"damage_healed":0,"gold_gain":0,"player_choice":"Offered Basic","damage_taken":0,"max_hp_gain":0,"max_hp_loss":0,"event_name":"Bonfire Elementals","floor":24,"gold_loss":0},{"damage_healed":0,"gold_gain":0,"player_choice":"Fight","damage_taken":0,"max_hp_gain":0,"max_hp_loss":0,"event_name":"MindBloom","floor":36,"gold_loss":0}],"is_beta":false,"boss_relics":[{"not_picked":["Cursed Key","Black Star"],"picked":"Empty Cage"},{"not_picked":["Sozu","Calling Bell"],"picked":"Philosopher\u0027s Stone"}],"items_purged_floors":[2,20],"is_endless":false,"potions_floor_spawned":[4,8,12,13,16,27,28,33,36],"killed_by":"Spire Growth","ascension_level":18}}