{"host":"ordk2y2ebcetabk6","time":1611383466,"event":{"mods":["AlwaysNeverKeys","Astrologer","Bard","BaseMod","Better Debug","Colored Map","Colored Powertips","Dark Map","Hermit","Highlight Path","Minty Spire (QoL Compilation)","Permanent Neow","Rare Cards Sparkle","Spire Arcade","StSLib","The Explorer","The Hydrologist"],"gold_per_floor":[112,187,204,217,292,292,302,302,326,326,326,326,342,366,366,495,495,509,509,509,434,453,498,498,523,523,536,536,289,313,332,332,452,452,477,477,540,540,560,560,593,616,616,616,635,660,674,674,674,674],"floor_reached":51,"language":"ENG","playtime":3230,"items_purged":["hydrologistmod:PersonalRaincloud","hydrologistmod:ReleaseValve"],"score":696,"play_id":"3eb5431f-3d0d-4554-b0c4-85a10384bc1c","local_time":"20210122233106","is_ascension_mode":false,"campfire_choices":[{"data":"hydrologistmod:PressureBuildup","floor":6.0,"key":"SMITH"},{"data":"hydrologistmod:BracedForm","floor":8.0,"key":"SMITH"},{"data":"hydrologistmod:Drench","floor":11.0,"key":"SMITH"},{"data":"hydrologistmod:DimensionalIcicles","floor":15.0,"key":"SMITH"},{"data":"hydrologistmod:FrostWhip","floor":24.0,"key":"SMITH"},{"data":"hydrologistmod:Evaporation","floor":28.0,"key":"SMITH"},{"data":"hydrologistmod:Ripcurrent","floor":32.0,"key":"SMITH"},{"data":"hydrologistmod:Defrost","floor":40.0,"key":"PURGE"},{"data":"hydrologistmod:Hydraulics","floor":44,"key":"PURGE"},{"floor":49,"key":"REST"}],"circlet_count":0,"master_deck":["hydrologistmod:FrostWhip+1","hydrologistmod:UnstableDefend","hydrologistmod:UnstableDefend","hydrologistmod:Reservoir","hydrologistmod:PressureBuildup+1","hydrologistmod:GhostlyMist","hydrologistmod:Drench+1","hydrologistmod:BracedForm+1","hydrologistmod:Evaporation+1","hydrologistmod:DimensionalIcicles+1","hydrologistmod:AmalgamateWaters","hydrologistmod:PressureCycle","hydrologistmod:FreezeDry","hydrologistmod:PressureCycle","hydrologistmod:Ripcurrent+1","hydrologistmod:SoggySynthesis","Bandage Up","hydrologistmod:Dehydrate+1","hydrologistmod:PressureBuildup+1","hydrologistmod:StagnantCloak+1","hydrologistmod:HotSprings","hydrologistmod:Debilitate+1"],"relics":["hydrologistmod:WaterPouch","Tiny Chest","Anchor","Golden Idol","Pandora\u0027s Box","Happy Flower","Molten Egg 2","Boot","Nunchaku","Fusion Hammer","Peace Pipe","Bronze Scales","Pear","Potion Belt"],"acts_visited":["Exordium","TheCity","TheBeyond"],"potions_floor_usage":[45,47,50,50],"damage_taken":[{"damage":0.0,"enemies":"Small Slimes","floor":1.0,"turns":3.0},{"damage":0.0,"enemies":"Cultist","floor":3.0,"turns":4.0},{"damage":1.0,"enemies":"2 Louse","floor":4.0,"turns":2.0},{"damage":3.0,"enemies":"Large Slime","floor":7.0,"turns":5.0},{"damage":0.0,"enemies":"Exordium Wildlife","floor":13.0,"turns":3.0},{"damage":9.0,"enemies":"Exordium Thugs","floor":14.0,"turns":5.0},{"damage":46.0,"enemies":"The Guardian","floor":16.0,"turns":12.0},{"damage":3.0,"enemies":"Chosen","floor":18.0,"turns":5.0},{"damage":19.0,"enemies":"3 Byrds","floor":22.0,"turns":5.0},{"damage":13.0,"enemies":"Centurion and Healer","floor":23.0,"turns":6.0},{"damage":2.0,"enemies":"3 Cultists","floor":25.0,"turns":4.0},{"damage":8.0,"enemies":"Shelled Parasite and Fungi","floor":27.0,"turns":4.0},{"damage":0.0,"enemies":"Snecko","floor":31.0,"turns":4.0},{"damage":28.0,"enemies":"Collector","floor":33.0,"turns":8.0},{"damage":13.0,"enemies":"3 Darklings","floor":35.0,"turns":4.0},{"damage":0.0,"enemies":"Mind Bloom Boss Battle","floor":37.0,"turns":4.0},{"damage":0.0,"enemies":"Orb Walker","floor":39.0,"turns":3.0},{"damage":6.0,"enemies":"Nemesis","floor":41.0,"turns":9.0},{"damage":19,"enemies":"Spire Growth","floor":42,"turns":5},{"damage":18,"enemies":"Transient","floor":45,"turns":5},{"damage":19,"enemies":"Sphere and 2 Shapes","floor":46,"turns":4},{"damage":26,"enemies":"Spire Growth","floor":47,"turns":4},{"damage":51,"enemies":"Awakened One","floor":50,"turns":11}],"seed_played":"2181101922369200354","potions_obtained":[{"floor":1.0,"key":"Fruit Juice"},{"floor":3.0,"key":"Swift Potion"},{"floor":7.0,"key":"SkillPotion"},{"floor":13.0,"key":"GamblersBrew"},{"floor":18.0,"key":"ColorlessPotion"},{"floor":23.0,"key":"Dexterity Potion"},{"floor":27.0,"key":"SkillPotion"},{"floor":37.0,"key":"SkillPotion"},{"floor":42,"key":"Weak Potion"},{"floor":45,"key":"hydrologistmod:FilteredWater"},{"floor":47,"key":"AttackPotion"}],"is_trial":false,"path_per_floor":["M","?","M","M","?","R","M","R","T","?","R","?","M","M","R","B",null,"M","T","?","$","M","M","R","M","T","M","R","$","T","M","R","B",null,"M","?","?","?","M","R","E","M","T","R","M","M","M","T","R","B",null],"character_chosen":"HYDROLOGIST_CLASS","items_purchased":["Boot"],"campfire_rested":1,"item_purchase_floors":[29],"current_hp_per_floor":[82,74,74,73,62,62,59,59,59,52,52,52,52,43,43,12,76,73,73,73,73,57,48,48,46,46,38,38,38,38,42,42,18,76,67,67,71,71,75,75,71,56,66,66,52,37,15,15,40,14],"gold":674,"neow_bonus":"ONE_RANDOM_RARE_CARD","is_daily":false,"chose_seed":false,"campfire_upgraded":7,"win_rate":0.0,"timestamp":1611383466,"path_taken":["M","?","?","M","?","R","M","R","T","?","R","?","?","M","R","BOSS","M","?","?","$","M","?","R","M","T","M","R","?","?","M","R","BOSS","M","?","?","?","M","R","E","M","T","R","M","M","M","?","R","BOSS"],"items_purchased_type":["Relic"],"build_version":"2020-12-22","purchased_purges":2,"victory":true,"max_hp_per_floor":[82,82,82,82,82,82,82,82,82,82,82,76,76,76,76,76,76,76,76,76,76,76,76,76,76,76,76,76,76,76,76,76,76,76,76,76,76,76,76,76,76,76,86,86,86,86,86,86,86,86],"card_choices":[{"not_picked":["hydrologistmod:DimensionalIcicles","hydrologistmod:Upstream"],"picked":"hydrologistmod:PressureBuildup","floor":1.0},{"not_picked":["hydrologistmod:Debilitate","hydrologistmod:GlacialSynthesis"],"picked":"hydrologistmod:GhostlyMist","floor":3.0},{"not_picked":["hydrologistmod:Crystallization","hydrologistmod:PureSteam"],"picked":"hydrologistmod:Drench","floor":4.0},{"not_picked":["hydrologistmod:PressureCycle","hydrologistmod:HighTide"],"picked":"hydrologistmod:BracedForm","floor":7.0},{"not_picked":["hydrologistmod:GlacialStrike","hydrologistmod:GhostlyMist"],"picked":"hydrologistmod:Evaporation","floor":13.0},{"not_picked":["hydrologistmod:JetPropulsion","hydrologistmod:FreezeDry"],"picked":"hydrologistmod:DimensionalIcicles","floor":14.0},{"not_picked":["hydrologistmod:CrystalSpear","hydrologistmod:PressureBlast"],"picked":"hydrologistmod:AmalgamateWaters","floor":16.0},{"not_picked":["hydrologistmod:Drench","hydrologistmod:ViscousShell+1"],"picked":"hydrologistmod:Defrost","floor":18.0},{"not_picked":["hydrologistmod:GlacialSynthesis","hydrologistmod:ViscousShell","hydrologistmod:SoggySynthesis+1"],"picked":"SKIP","floor":22.0},{"not_picked":["hydrologistmod:TidalWave","hydrologistmod:GlacialSynthesis","hydrologistmod:PressureCycle"],"picked":"SKIP","floor":23.0},{"not_picked":["hydrologistmod:ViscousShell","hydrologistmod:Crystallization","hydrologistmod:SoggySynthesis+1"],"picked":"SKIP","floor":25.0},{"not_picked":["hydrologistmod:SearingSynthesis+1","hydrologistmod:HotSprings","hydrologistmod:MirageMist"],"picked":"SKIP","floor":27.0},{"not_picked":["hydrologistmod:GlacialSynthesis","hydrologistmod:CrystalSpear+1"],"picked":"hydrologistmod:Dehydrate+1","floor":31.0},{"not_picked":["hydrologistmod:PressureCycle+1","hydrologistmod:SwelteringStrike+1","hydrologistmod:DimensionalIcicles+1"],"picked":"SKIP","floor":35.0},{"not_picked":["hydrologistmod:StormFront+1","hydrologistmod:OccludingMist+1","hydrologistmod:Pneumatics+1"],"picked":"SKIP","floor":39.0},{"not_picked":["hydrologistmod:AmalgamateWaters+1","hydrologistmod:SwelteringStrike+1"],"picked":"hydrologistmod:StagnantCloak+1","floor":41},{"not_picked":["hydrologistmod:LayeredShell+1","hydrologistmod:TidalWave+1","hydrologistmod:GhostlyMist+1"],"picked":"SKIP","floor":42},{"not_picked":["hydrologistmod:SwelteringStrike+1","hydrologistmod:OccludingMist+1","hydrologistmod:Evaporation"],"picked":"SKIP","floor":45},{"not_picked":["hydrologistmod:HighTide+1","hydrologistmod:Cascade+1"],"picked":"hydrologistmod:HotSprings","floor":46},{"not_picked":["hydrologistmod:Aqueducts","hydrologistmod:GlacialStrike+1"],"picked":"hydrologistmod:Debilitate+1","floor":47}],"player_experience":1045231,"relics_obtained":[{"floor":9.0,"key":"Tiny Chest"},{"floor":19.0,"key":"Happy Flower"},{"floor":26.0,"key":"Molten Egg 2"},{"floor":30.0,"key":"Nunchaku"},{"floor":37.0,"key":"Peace Pipe"},{"floor":41,"key":"Bronze Scales"},{"floor":43,"key":"Pear"},{"floor":48,"key":"Potion Belt"}],"event_choices":[{"damage_healed":0.0,"max_hp_gain":0.0,"max_hp_loss":0.0,"gold_gain":75.0,"event_name":"FaceTrader","player_choice":"Touch","floor":2.0,"gold_loss":0.0,"damage_taken":8.0},{"damage_healed":0.0,"max_hp_gain":0.0,"max_hp_loss":0.0,"gold_gain":75.0,"event_name":"World of Goop","player_choice":"Gather Gold","floor":5.0,"gold_loss":0.0,"damage_taken":11.0},{"damage_healed":0.0,"max_hp_gain":0.0,"max_hp_loss":0.0,"gold_gain":0.0,"event_name":"Scrap Ooze","player_choice":"Success","floor":10.0,"gold_loss":0.0,"damage_taken":7.0,"relics_obtained":["Anchor"]},{"damage_healed":0.0,"max_hp_gain":0.0,"max_hp_loss":6.0,"gold_gain":0.0,"event_name":"Golden Idol","player_choice":"Lose Max HP","floor":12.0,"gold_loss":0.0,"damage_taken":0.0,"relics_obtained":["Golden Idol"]},{"damage_healed":0.0,"max_hp_gain":0.0,"max_hp_loss":0.0,"gold_gain":0.0,"event_name":"Match and Keep!","player_choice":"2 cards matched","floor":20.0,"gold_loss":0.0,"damage_taken":0.0,"cards_obtained":["hydrologistmod:SoggySynthesis","Bandage Up"]},{"damage_healed":0.0,"max_hp_gain":0.0,"max_hp_loss":0.0,"gold_gain":0.0,"event_name":"Mysterious Sphere","player_choice":"Ignored","floor":36.0,"gold_loss":0.0,"damage_taken":0.0},{"damage_healed":0.0,"max_hp_gain":0.0,"max_hp_loss":0.0,"gold_gain":0.0,"event_name":"MindBloom","player_choice":"Fight","floor":37.0,"gold_loss":0.0,"damage_taken":0.0},{"damage_healed":0.0,"max_hp_gain":0.0,"max_hp_loss":0.0,"gold_gain":0.0,"event_name":"Duplicator","player_choice":"Copied","floor":38.0,"gold_loss":0.0,"damage_taken":0.0,"cards_obtained":["hydrologistmod:PressureBuildup"]}],"is_beta":false,"boss_relics":[{"not_picked":["hydrologistmod:TranquilTeacup","Velvet Choker"],"picked":"Pandora\u0027s Box"},{"not_picked":["Runic Pyramid","Philosopher\u0027s Stone"],"picked":"Fusion Hammer"}],"items_purged_floors":[21,29],"is_endless":false,"potions_floor_spawned":[1,3,7,13,18,23,27,37,42,45,47],"ascension_level":0}}