{"host":"ufl0k2so27eic2iy","time":1611420967,"event":{"mods":["BaseMod","Downfall","Minty Spire (QoL Compilation)","StSLib","The Animator"],"gold_per_floor":[99,118,28,28,42,27,27,56,206,206,206,221,256,20,37,136,136,36,48,66,66,51,80,80,80,105,124,24,52,52,64,81,180,180,80,92,105,160,108,108,108,122,147,163,163,174,174,204,221,221,221,255,40,40,40,40],"floor_reached":57,"language":"ENG","playtime":4117,"items_purged":["bronze:Strike","bronze:Strike"],"score":1431,"play_id":"53a0f823-c84c-4078-9d0e-e6cb8cc034d2","local_time":"20210123165607","is_ascension_mode":true,"campfire_choices":[{"data":"bronze:Replicate","floor":1.0,"key":"SMITH"},{"data":"bronze:InfiniteBeams","floor":10,"key":"SMITH"},{"floor":18,"key":"RECALL"},{"data":"bronze:Repulsor","floor":25,"key":"SMITH"},{"data":"bronze:AlphaBuild","floor":28,"key":"SMITH"},{"data":"bronze:Goto","floor":30,"key":"SMITH"},{"data":"bronze:FollowUp","floor":35,"key":"SMITH"},{"data":"bronze:Flail","floor":45,"key":"SMITH"},{"floor":47,"key":"REST"},{"data":"bronze:Repulsor","floor":54,"key":"SMITH"}],"circlet_count":0,"master_deck":["bronze:Strike","bronze:Strike","bronze:Defend","bronze:Defend","bronze:Defend","bronze:Defend","bronze:Replicate+1","bronze:Goto+1","bronze:ChosenStrike","bronze:Branch","bronze:InfiniteBeams+1","bronze:ChildClass","downfall:Icky","bronze:BitShift+1","bronze:Frontload+1","bronze:FollowUp+1","bronze:ChildClass+1","bronze:Shell+1","bronze:FunctionCard","bronze:Repulsor+1","bronze:AlphaBuild+1","bronze:FineTuning+1","bronze:Iterate+1","bronze:Frontload+1","bronze:ForceShield+1","bronze:Assembly+1","bronze:Shield+1","bronze:ItsAFeature","bronze:Flail+1","bronze:Library+1","expansioncontent:QuickStudy+1","bronze:ClassDefault","bronze:Repair+1","bronze:ForceShield+1","bronze:Repulsor+1"],"relics":["bronze:BronzeCore","hexamod:CandleOfCauterizing","Toxic Egg 2","PreservedInsect","bronze:MakeshiftBattery","downfall:HeartBlessingGreen","Ancient Tea Set","Happy Flower","downfall:HeartBlessingRed","Gambling Chip","Sozu","downfall:HeartBlessingBlue","Bird Faced Urn","Vajra","Sundial","hexamod:BolsterEngine","OrangePellets"],"acts_visited":["Exordium","TheCity","TheBeyond","TheEnding"],"potions_floor_usage":[50,56],"damage_taken":[{"damage":0,"enemies":"2 Louse","floor":2,"turns":4},{"damage":0,"enemies":"downfall:FleeingMerchant","floor":3,"turns":4},{"damage":3,"enemies":"Small Slimes","floor":5,"turns":3},{"damage":2,"enemies":"downfall:FleeingMerchant","floor":6,"turns":4},{"damage":5,"enemies":"3 Sentries","floor":8,"turns":6},{"damage":0,"enemies":"Cultist","floor":11,"turns":1},{"damage":0,"enemies":"Blue Slaver","floor":12,"turns":3},{"damage":13,"enemies":"Lagavulin","floor":13,"turns":6},{"damage":0,"enemies":"downfall:FleeingMerchant","floor":14,"turns":4},{"damage":12,"enemies":"Gremlin Gang","floor":15,"turns":10},{"damage":17,"enemies":"SI_SHIV_ARCHETYPE","floor":16,"turns":10},{"damage":0,"enemies":"Chosen","floor":19,"turns":3},{"damage":0,"enemies":"3 Byrds","floor":20,"turns":8},{"damage":0,"enemies":"downfall:FleeingMerchant","floor":22,"turns":4},{"damage":0,"enemies":"Book of Stabbing","floor":23,"turns":6},{"damage":14,"enemies":"Gremlin Leader","floor":26,"turns":9},{"damage":0,"enemies":"3 Cultists","floor":27,"turns":5},{"damage":19,"enemies":"Book of Stabbing","floor":29,"turns":4},{"damage":0,"enemies":"Snecko","floor":31,"turns":5},{"damage":0,"enemies":"Chosen and Byrds","floor":32,"turns":5},{"damage":18,"enemies":"DF_ARCHETYPE_CLAW","floor":33,"turns":14},{"damage":0,"enemies":"Orb Walker","floor":36,"turns":2},{"damage":16,"enemies":"3 Darklings","floor":37,"turns":7},{"damage":6,"enemies":"2 Orb Walkers","floor":38,"turns":7},{"damage":3,"enemies":"downfall:FleeingMerchant","floor":39,"turns":4},{"damage":12,"enemies":"Sphere and 2 Shapes","floor":42,"turns":4},{"damage":14,"enemies":"Reptomancer","floor":43,"turns":6},{"damage":10,"enemies":"4 Shapes","floor":44,"turns":6},{"damage":20,"enemies":"3 Darklings","floor":46,"turns":5},{"damage":0,"enemies":"Nemesis","floor":48,"turns":5},{"damage":2,"enemies":"Maw","floor":49,"turns":6},{"damage":43,"enemies":"IC_BLOCK_ARCHETYPE","floor":50,"turns":11},{"damage":14,"enemies":"downfall:CharBossMerchant","floor":52,"turns":7},{"damage":13,"enemies":"downfall:NeowBoss","floor":55,"turns":11},{"damage":12,"enemies":"downfall:NeowBossFinal","floor":56,"turns":11}],"seed_played":"-3297639166221292991","potions_obtained":[{"floor":8,"key":"Ancient Potion"},{"floor":12,"key":"GamblersBrew"},{"floor":15,"key":"EssenceOfSteel"},{"floor":31,"key":"LiquidMemories"}],"is_trial":false,"path_per_floor":["R","M","$","?","M","$","T","E","?","R","M","M","E","$","M","B",null,"R","M","M","?","$","E","T","R","E","M","R","E","R","M","M","B",null,"R","M","M","?","$","?","T","M","E","M","R","M","R","E","M","B",null,"E","$","R","B","B",null],"character_chosen":"THE_AUTOMATON","items_purchased":["bronze:Hardcode","bronze:Shell+1","bronze:Library","expansioncontent:QuickStudy","bronze:Repulsor","OrangePellets"],"campfire_rested":1,"item_purchase_floors":[14,14,39,39,53,53],"current_hp_per_floor":[77,77,77,77,74,72,72,67,67,67,67,67,54,54,42,25,77,77,77,77,77,77,77,77,77,63,63,63,44,44,44,44,26,77,87,87,71,65,66,66,66,60,52,48,48,45,71,85,87,52,87,79,79,79,74,78],"gold":40,"neow_bonus":"TEN_PERCENT_HP_BONUS","is_daily":false,"chose_seed":false,"campfire_upgraded":8,"win_rate":0.0,"timestamp":1611420967,"path_taken":["R","M","$","?","M","$","T","E","?","R","M","M","E","$","M","BOSS","R","M","M","?","$","E","T","R","E","M","R","E","R","M","M","BOSS","R","M","M","?","$","?","T","M","E","?","R","M","R","E","M","BOSS","E","$","R","BOSS","BOSS"],"items_purchased_type":["Card","Card","Card","Card","Card","Relic"],"build_version":"2020-12-22","purchased_purges":2,"victory":true,"max_hp_per_floor":[77,77,77,77,77,77,77,77,77,77,77,77,77,77,77,77,77,77,77,77,77,77,77,77,77,77,77,77,77,77,77,77,77,77,87,87,87,87,87,87,87,87,87,87,87,87,87,87,87,87,87,87,87,87,87,87],"card_choices":[{"not_picked":["bronze:FineTuning","bronze:Frontload"],"picked":"bronze:ChosenStrike","floor":2},{"not_picked":["bronze:DelayedSlice","bronze:DarkDash"],"picked":"bronze:Branch","floor":3},{"not_picked":["bronze:WhirlingStrike","bronze:Overload"],"picked":"bronze:InfiniteBeams","floor":5},{"not_picked":["bronze:Safeguard","bronze:BugBarrage"],"picked":"bronze:ChildClass","floor":6},{"not_picked":["bronze:HyperBeam","bronze:CloningBeam","bronze:Turbo+1"],"picked":"SKIP","floor":8},{"not_picked":["bronze:Turbo+1","bronze:Separator"],"picked":"bronze:BitShift+1","floor":11},{"not_picked":["bronze:Branch","bronze:Invalidate+1"],"picked":"bronze:Frontload+1","floor":12},{"not_picked":["bronze:DarkDash","bronze:Separator"],"picked":"bronze:FollowUp","floor":13},{"not_picked":["bronze:Separator","bronze:Deprecate+1"],"picked":"bronze:ChildClass+1","floor":14},{"not_picked":["bronze:WildBeam","bronze:WhirlingStrike"],"picked":"bronze:Repulsor","floor":15},{"not_picked":["bronze:Break","bronze:Assembly+1"],"picked":"bronze:AlphaBuild","floor":16},{"not_picked":["bronze:Fortify+1","bronze:OilSpill"],"picked":"bronze:FineTuning+1","floor":19},{"not_picked":["bronze:WildBeam","bronze:Overheat","bronze:Repulsor+1"],"picked":"SKIP","floor":20},{"not_picked":["bronze:Branch","bronze:BurnOut"],"picked":"bronze:Iterate+1","floor":22},{"not_picked":["bronze:WildBeam+1","bronze:BugBarrage","bronze:Turbo+1"],"picked":"SKIP","floor":23},{"not_picked":["bronze:DelayedSlice","bronze:Branch","bronze:Invalidate+1"],"picked":"SKIP","floor":26},{"not_picked":["bronze:BugBarrage","bronze:DelayedSlice"],"picked":"bronze:Frontload+1","floor":27},{"not_picked":["bronze:TinkerersToolbox+1","bronze:Frontload+1"],"picked":"bronze:ForceShield+1","floor":29},{"not_picked":["bronze:ChosenStrike","bronze:WhirlingStrike","bronze:Constructor+1"],"picked":"SKIP","floor":31},{"not_picked":["bronze:MaxOutput","bronze:CutThrough","bronze:BuggyMess+1"],"picked":"SKIP","floor":32},{"not_picked":["bronze:Format+1","bronze:Verify"],"picked":"bronze:Assembly+1","floor":33},{"not_picked":["bronze:FineTuning+1","bronze:CloningBeam","bronze:Separator"],"picked":"SKIP","floor":36},{"not_picked":["bronze:Branch","bronze:WildBeam"],"picked":"bronze:Shield+1","floor":37},{"not_picked":["bronze:Overheat","bronze:Shield+1"],"picked":"bronze:ItsAFeature","floor":38},{"not_picked":["bronze:Separator+1","bronze:Turbo+1"],"picked":"bronze:Flail","floor":39},{"not_picked":["bronze:Iterate+1","bronze:Terminator+1","bronze:Overheat"],"picked":"SKIP","floor":42},{"not_picked":["bronze:BurnOut","bronze:Terminator+1"],"picked":"bronze:ClassDefault","floor":43},{"not_picked":["bronze:ChosenStrike+1","bronze:Branch"],"picked":"bronze:Repair+1","floor":44},{"not_picked":["bronze:Overheat+1","bronze:Frontload+1"],"picked":"bronze:ForceShield+1","floor":46},{"not_picked":["bronze:NullPointer","bronze:Separator+1","bronze:WhirlingStrike"],"picked":"SKIP","floor":48},{"not_picked":["bronze:OilSpill+1","bronze:BugBarrage+1","bronze:WildBeam+1"],"picked":"SKIP","floor":49},{"not_picked":["bronze:RecursiveStrike","bronze:WhirlingStrike","bronze:Shield+1"],"picked":"SKIP","floor":52}],"player_experience":2757340,"relics_obtained":[{"floor":7,"key":"hexamod:CandleOfCauterizing"},{"floor":8,"key":"Toxic Egg 2"},{"floor":13,"key":"PreservedInsect"},{"floor":23,"key":"Ancient Tea Set"},{"floor":26,"key":"Happy Flower"},{"floor":29,"key":"Gambling Chip"},{"floor":38,"key":"Bird Faced Urn"},{"floor":43,"key":"Vajra"},{"floor":48,"key":"Sundial"},{"floor":52,"key":"hexamod:BolsterEngine"}],"event_choices":[{"damage_healed":0,"gold_gain":0,"player_choice":"Fight","damage_taken":0,"max_hp_gain":0,"max_hp_loss":0,"event_name":"Mysterious Sphere","floor":38,"gold_loss":0}],"is_beta":false,"boss_relics":[{"not_picked":["bronze:PlatinumCore","Black Star"],"picked":"bronze:MakeshiftBattery"},{"not_picked":["Cursed Key","Busted Crown"],"picked":"Sozu"}],"items_purged_floors":[3,39],"is_endless":false,"potions_floor_spawned":[8,12,15,16,20,27,31,37,38,46,48,49],"ascension_level":2}}