{"host":"h77azxdx0evtsxw5","time":1611381054,"event":{"mods":["AchievementEnabler","BaseMod","Better Vampires","Minty Spire (QoL Compilation)","Quick Restart","Rare Cards Sparkle","Relic Stats"],"gold_per_floor":[110,285,205,222,247,277,277,21,98,98,98,98,98,113,113,242,242,266,191,181,181,0,0,0,0,0,40,55,55,55,55,55,55,55],"floor_reached":33,"language":"ENG","playtime":4105,"items_purged":["Doubt","Strike_G"],"score":296,"play_id":"4d313e95-28ac-4d1a-8c61-ee9548795566","local_time":"20210123005054","is_ascension_mode":true,"campfire_choices":[{"data":"Poisoned Stab","floor":7,"key":"SMITH"},{"data":"Poisoned Stab","floor":10,"key":"SMITH"},{"data":"Footwork","floor":13,"key":"SMITH"},{"data":"Bane","floor":15,"key":"SMITH"},{"data":"Envenom","floor":23,"key":"SMITH"},{"data":"Survivor","floor":25,"key":"SMITH"},{"floor":30,"key":"REST"},{"data":"Defend_G","floor":32,"key":"SMITH"}],"circlet_count":0,"master_deck":["Strike_G","Strike_G","Strike_G","Defend_G","Defend_G+1","Defend_G","Defend_G","Defend_G","Survivor+1","Neutralize","Poisoned Stab+1","Poisoned Stab+1","Footwork+1","Injury","Bane+1","Envenom+1","Flying Knee+1","Blade Dance+1","Noxious Fumes+1","Caltrops+1"],"relics":["Ring of the Snake","Sundial","Strawberry","Tingsha","Bag of Preparation","Golden Idol","Sozu","Mummified Hand","Singing Bowl","Nloth\u0027s Gift"],"acts_visited":["Exordium","TheCity"],"potions_floor_usage":[13,27],"damage_taken":[{"damage":0,"enemies":"Jaw Worm","floor":1,"turns":1},{"damage":0,"enemies":"Cultist","floor":4,"turns":1},{"damage":0,"enemies":"3 Sentries","floor":6,"turns":1},{"damage":0,"enemies":"2 Louse","floor":14,"turns":2},{"damage":21,"enemies":"The Guardian","floor":16,"turns":11},{"damage":0,"enemies":"Chosen","floor":18,"turns":4},{"damage":18,"enemies":"2 Thieves","floor":20,"turns":4},{"damage":16,"enemies":"Slavers","floor":27,"turns":5},{"damage":7,"enemies":"Snecko","floor":28,"turns":4},{"damage":77,"enemies":"Collector","floor":33,"turns":7}],"seed_played":"7243905894594242491","potions_obtained":[{"floor":6,"key":"Energy Potion"}],"is_trial":false,"path_per_floor":["M","?","?","M","T","E","R","$","T","R","?","?","R","M","R","B",null,"M","?","M","?","$","R","?","R","T","E","M","?","R","$","R","B"],"character_chosen":"THE_SILENT","items_purchased":["Fruit Juice","Poisoned Stab","Footwork","Noxious Fumes"],"campfire_rested":1,"item_purchase_floors":[8,8,8,22],"current_hp_per_floor":[70,70,70,70,77,77,77,77,77,77,59,59,64,64,64,43,82,82,82,64,55,55,55,55,55,55,39,34,34,59,59,59,0,0],"gold":55,"neow_bonus":"THREE_ENEMY_KILL","is_daily":false,"chose_seed":false,"campfire_upgraded":7,"win_rate":0.0,"timestamp":1611381054,"path_taken":["M","?","?","?","?","E","R","$","T","R","?","?","R","M","R","BOSS","M","?","M","?","$","R","?","R","T","E","?","?","R","?","R","BOSS"],"items_purchased_type":["Potion","Card","Card","Card"],"build_version":"2020-12-22","purchased_purges":2,"victory":false,"max_hp_per_floor":[70,70,70,70,77,77,77,77,77,77,77,77,82,82,82,82,82,82,82,82,82,82,82,82,82,82,82,84,84,84,84,84,84,84],"relic_stats":{"Sozu":1,"Singing Bowl":2,"counters":[10,40],"Sundial":[6],"Golden Idol":49,"Mummified Hand":[11],"Tingsha":[30],"Bag of Preparation":[14],"Nloth\u0027s Gift":0,"obtain_stats":[{"Sozu":17,"NeowsBlessing":0,"Singing Bowl":27,"Sundial":3,"Golden Idol":12,"Mummified Hand":26,"Strawberry":5,"Tingsha":6,"Bag of Preparation":11,"Nloth\u0027s Gift":29,"Ring of the Snake":0},{"Sozu":5,"NeowsBlessing":0,"Singing Bowl":8,"Sundial":1,"Golden Idol":3,"Mummified Hand":7,"Strawberry":2,"Tingsha":3,"Bag of Preparation":3,"Nloth\u0027s Gift":9,"Ring of the Snake":0},{"Sozu":16,"NeowsBlessing":0,"Singing Bowl":29,"Sundial":1,"Golden Idol":3,"Mummified Hand":24,"Strawberry":2,"Tingsha":3,"Bag of Preparation":3,"Nloth\u0027s Gift":33,"Ring of the Snake":0}],"Ring of the Snake":[20]},"card_choices":[{"not_picked":["Expertise","PiercingWail"],"picked":"Poisoned Stab","floor":1},{"not_picked":["Underhanded Strike","Dagger Throw","Sucker Punch"],"picked":"SKIP","floor":4},{"not_picked":["Calculated Gamble","PiercingWail","Quick Slash"],"picked":"SKIP","floor":6},{"not_picked":["Poisoned Stab","Concentrate"],"picked":"Bane","floor":14},{"not_picked":["Phantasmal Killer","Wraith Form v2"],"picked":"Envenom","floor":16},{"not_picked":["Slice","Deflect"],"picked":"Flying Knee+1","floor":18},{"not_picked":["Flechettes","Sucker Punch"],"picked":"Blade Dance+1","floor":20},{"not_picked":["Catalyst","Outmaneuver"],"picked":"Caltrops+1","floor":27},{"not_picked":["Footwork","Predator","Flying Knee+1"],"picked":"Singing Bowl","floor":28}],"player_experience":274765,"relics_obtained":[{"floor":5,"key":"Strawberry"},{"floor":6,"key":"Tingsha"},{"floor":26,"key":"Mummified Hand"},{"floor":27,"key":"Singing Bowl"}],"event_choices":[{"damage_healed":0,"gold_gain":175,"player_choice":"AGREE","damage_taken":0,"max_hp_gain":0,"max_hp_loss":0,"event_name":"Liars Game","floor":2,"gold_loss":0,"cards_obtained":["Doubt"]},{"damage_healed":0,"gold_gain":0,"player_choice":"Paid Gold","damage_taken":0,"relics_obtained":["Sundial"],"max_hp_gain":0,"max_hp_loss":0,"event_name":"WeMeetAgain","floor":3,"gold_loss":80},{"damage_healed":0,"gold_gain":0,"player_choice":"Success","damage_taken":18,"relics_obtained":["Bag of Preparation"],"max_hp_gain":0,"max_hp_loss":0,"event_name":"Scrap Ooze","floor":11,"gold_loss":0},{"damage_healed":0,"gold_gain":0,"player_choice":"Take Wound","damage_taken":0,"relics_obtained":["Golden Idol"],"max_hp_gain":0,"max_hp_loss":0,"event_name":"Golden Idol","floor":12,"gold_loss":0,"cards_obtained":["Injury"]},{"cards_removed":["Strike_G"],"damage_healed":0,"gold_gain":0,"player_choice":"Gave Gold","damage_taken":0,"max_hp_gain":0,"max_hp_loss":0,"event_name":"Beggar","floor":19,"gold_loss":75},{"damage_healed":0,"gold_gain":0,"player_choice":"Stopped","damage_taken":9,"max_hp_gain":0,"max_hp_loss":0,"event_name":"Cursed Tome","floor":21,"gold_loss":0},{"damage_healed":0,"gold_gain":0,"player_choice":"Forge","damage_taken":0,"max_hp_gain":0,"max_hp_loss":0,"event_name":"Accursed Blacksmith","floor":24,"gold_loss":0,"cards_upgraded":["Noxious Fumes"]},{"damage_healed":0,"gold_gain":0,"player_choice":"Traded Relic","damage_taken":0,"relics_obtained":["Nloth\u0027s Gift"],"max_hp_gain":0,"max_hp_loss":0,"event_name":"N\u0027loth","floor":29,"relics_lost":["NeowsBlessing"],"gold_loss":0}],"is_beta":false,"boss_relics":[{"not_picked":["Coffee Dripper","Busted Crown"],"picked":"Sozu"}],"items_purged_floors":[8,22],"is_endless":false,"potions_floor_spawned":[6,28],"killed_by":"Collector","ascension_level":1}}