{"host":"89iuq2p5kwriuwfq","time":1611427532,"event":{"mods":["BaseMod","Curses Come First","Minty Spire (QoL Compilation)","Permanent Neow","StSLib"],"gold_per_floor":[110,125,125,137,38,72,72,97,97,97,20,40,72,89,89,193,193,209,119,134,134,59,118,130,190,190,216,216,234,253,263,263,395,395,467,467,467,367,413,429,429,429],"floor_reached":41,"language":"ENG","playtime":2297,"items_purged":["Regret","Defend_P"],"score":805,"play_id":"f95f95a1-6160-45ec-b108-35aa0f85aa67","local_time":"20210123184532","is_ascension_mode":true,"campfire_choices":[{"data":"Judgement","floor":7.0,"key":"SMITH"},{"data":"Eruption","floor":10.0,"key":"SMITH"},{"data":"CrushJoints","floor":15.0,"key":"SMITH"},{"data":"Wish","floor":32.0,"key":"SMITH"}],"circlet_count":0,"master_deck":["Strike_P","Strike_P","Strike_P","Defend_P+1","Defend_P","Eruption+1","Vigilance+1","CrushJoints","CutThroughFate","JustLucky","Evaluate","Judgement+1","FollowUp","Halt+1","CrushJoints+1","EmptyFist","MasterReality+1","Wish+1","Vengeance","Halt+1","CarveReality","FollowUp+1","Adaptation","CarveReality+1","Blasphemy","DeusExMachina","InnerPeace"],"relics":["PureWater","Pen Nib","Gambling Chip","StrikeDummy","Singing Bowl","Ice Cream","War Paint","SlaversCollar","Nilry\u0027s Codex","Omamori","Pantograph","Toy Ornithopter","Lizard Tail","Sozu","Shuriken"],"acts_visited":["Exordium","TheCity","TheBeyond"],"potions_floor_usage":[36],"damage_taken":[{"damage":0.0,"enemies":"2 Louse","floor":1.0,"turns":2.0},{"damage":0.0,"enemies":"Cultist","floor":2.0,"turns":4.0},{"damage":0.0,"enemies":"Jaw Worm","floor":4.0,"turns":1.0},{"damage":0.0,"enemies":"Lagavulin","floor":6.0,"turns":3.0},{"damage":5.0,"enemies":"3 Sentries","floor":8.0,"turns":4.0},{"damage":0.0,"enemies":"2 Fungi Beasts","floor":12.0,"turns":1.0},{"damage":0.0,"enemies":"Gremlin Nob","floor":13.0,"turns":2.0},{"damage":0.0,"enemies":"Red Slaver","floor":14.0,"turns":1.0},{"damage":0.0,"enemies":"Slime Boss","floor":16.0,"turns":3.0},{"damage":4.0,"enemies":"2 Thieves","floor":18.0,"turns":3.0},{"damage":5.0,"enemies":"Shell Parasite","floor":20.0,"turns":3.0},{"damage":7.0,"enemies":"Slavers","floor":23.0,"turns":3.0},{"damage":21.0,"enemies":"Centurion and Healer","floor":24.0,"turns":7.0},{"damage":4.0,"enemies":"Book of Stabbing","floor":25.0,"turns":4.0},{"damage":3.0,"enemies":"Gremlin Leader","floor":27.0,"turns":3.0},{"damage":0.0,"enemies":"Snake Plant","floor":29.0,"turns":4.0},{"damage":0.0,"enemies":"Snecko","floor":30.0,"turns":2.0},{"damage":0.0,"enemies":"Sentry and Sphere","floor":31.0,"turns":2.0},{"damage":63.0,"enemies":"Collector","floor":33.0,"turns":7.0},{"damage":16.0,"enemies":"3 Shapes","floor":35.0,"turns":6.0},{"damage":0,"enemies":"3 Darklings","floor":36,"turns":2},{"damage":21,"enemies":"Maw","floor":39,"turns":6},{"damage":15,"enemies":"Writhing Mass","floor":40,"turns":2},{"damage":32,"enemies":"Reptomancer","floor":41,"turns":2}],"seed_played":"4564856075226541728","potions_obtained":[{"floor":4.0,"key":"DuplicationPotion"},{"floor":6.0,"key":"GamblersBrew"},{"floor":8.0,"key":"Explosive Potion"},{"floor":14.0,"key":"LiquidBronze"},{"floor":23.0,"key":"BlessingOfTheForge"},{"floor":25.0,"key":"Block Potion"},{"floor":29.0,"key":"PowerPotion"},{"floor":31.0,"key":"SmokeBomb"}],"is_trial":false,"path_per_floor":["M","M","?","M","$","E","R","E","T","R","$","M","E","M","R","B",null,"M","?","M","?","?","E","M","E","T","E","?","M","M","M","R","B",null,"M","M","T","$","M","M","E"],"character_chosen":"WATCHER","items_purchased":["Evaluate","Halt","CrushJoints"],"campfire_rested":0,"item_purchase_floors":[5,11,11],"current_hp_per_floor":[65,65,65,65,65,65,65,60,60,60,60,60,60,62,62,62,71,67,67,62,46,46,41,20,18,18,15,15,20,20,22,22,40,70,56,61,61,61,40,25,0,0],"gold":429,"neow_bonus":"RANDOM_COMMON_RELIC","is_daily":false,"chose_seed":false,"campfire_upgraded":4,"win_rate":0.0,"timestamp":1611427532,"path_taken":["M","M","?","M","$","E","R","E","T","R","$","M","E","M","R","BOSS","M","?","?","?","?","E","M","E","T","E","?","M","M","M","R","BOSS","M","M","?","$","M","M","E"],"items_purchased_type":["Card","Card","Card"],"build_version":"2020-12-22","purchased_purges":2,"victory":false,"max_hp_per_floor":[72,72,72,72,72,72,72,72,72,72,72,72,72,74,74,74,74,74,74,74,74,74,76,76,78,78,78,78,78,78,80,80,80,80,82,82,82,82,82,82,82,82],"card_choices":[{"not_picked":["Perseverance","EmptyFist"],"picked":"CrushJoints","floor":1.0},{"not_picked":["CrushJoints","Prostrate"],"picked":"CutThroughFate","floor":2.0},{"not_picked":["DeceiveReality","BowlingBash"],"picked":"JustLucky","floor":4.0},{"not_picked":["Worship","PathToVictory"],"picked":"Judgement","floor":6.0},{"not_picked":["Swivel","MentalFortress"],"picked":"FollowUp","floor":8.0},{"not_picked":["Prostrate","BattleHymn"],"picked":"EmptyFist","floor":12.0},{"not_picked":["ThirdEye","ForeignInfluence"],"picked":"MasterReality","floor":13.0},{"not_picked":["EmptyBody","CutThroughFate","BattleHymn"],"picked":"Singing Bowl","floor":14.0},{"not_picked":["SpiritShield","Judgement"],"picked":"Wish","floor":16.0},{"not_picked":["Crescendo","Protect"],"picked":"Vengeance","floor":18.0},{"not_picked":["TalkToTheHand","Crescendo"],"picked":"Halt+1","floor":20.0},{"not_picked":["EmptyFist","Vengeance","SashWhip"],"picked":"Singing Bowl","floor":23.0},{"not_picked":["Evaluate","ThirdEye"],"picked":"CarveReality","floor":24.0},{"not_picked":["SignatureMove","WheelKick","SashWhip"],"picked":"Singing Bowl","floor":25.0},{"not_picked":["SignatureMove","EmptyBody"],"picked":"FollowUp+1","floor":27.0},{"not_picked":["CrushJoints","Worship"],"picked":"Adaptation","floor":29.0},{"not_picked":["DevaForm","EmptyFist"],"picked":"CarveReality+1","floor":30.0},{"not_picked":["Consecrate+1","FlyingSleeves","WheelKick+1"],"picked":"Singing Bowl","floor":31.0},{"not_picked":["Establishment","Wish"],"picked":"Blasphemy","floor":33.0},{"not_picked":["FlurryOfBlows+1","EmptyFist+1","EmptyBody"],"picked":"Singing Bowl","floor":35.0},{"not_picked":["FlyingSleeves+1","CrushJoints"],"picked":"DeusExMachina","floor":39},{"not_picked":["Protect+1","CutThroughFate"],"picked":"InnerPeace","floor":40}],"player_experience":554338,"relics_obtained":[{"floor":6.0,"key":"StrikeDummy"},{"floor":8.0,"key":"Singing Bowl"},{"floor":9.0,"key":"Ice Cream"},{"floor":13.0,"key":"War Paint"},{"floor":21.0,"key":"Nilry\u0027s Codex"},{"floor":23.0,"key":"Omamori"},{"floor":25.0,"key":"Pantograph"},{"floor":26.0,"key":"Toy Ornithopter"},{"floor":27.0,"key":"Lizard Tail"},{"floor":37,"key":"Shuriken"}],"event_choices":[{"damage_healed":0.0,"max_hp_gain":0.0,"max_hp_loss":0.0,"gold_gain":0.0,"event_name":"Big Fish","player_choice":"Box","floor":3.0,"gold_loss":0.0,"damage_taken":0.0,"relics_obtained":["Gambling Chip"],"cards_obtained":["Regret"]},{"cards_removed":["Strike_P"],"damage_healed":0.0,"max_hp_gain":0.0,"max_hp_loss":0.0,"gold_gain":0.0,"event_name":"Designer","player_choice":"Upgrade and Remove","floor":19.0,"gold_loss":90.0,"damage_taken":0.0,"cards_upgraded":["Halt"]},{"damage_healed":0.0,"max_hp_gain":0.0,"max_hp_loss":0.0,"gold_gain":0.0,"event_name":"Cursed Tome","player_choice":"Obtained Book","floor":21.0,"gold_loss":0.0,"damage_taken":16.0},{"cards_removed":["Defend_P"],"damage_healed":0.0,"max_hp_gain":0.0,"max_hp_loss":0.0,"gold_gain":0.0,"event_name":"Beggar","player_choice":"Gave Gold","floor":22.0,"gold_loss":75.0,"damage_taken":0.0},{"damage_healed":0.0,"max_hp_gain":0.0,"max_hp_loss":0.0,"gold_gain":0.0,"event_name":"Accursed Blacksmith","player_choice":"Forge","floor":28.0,"gold_loss":0.0,"damage_taken":0.0,"cards_upgraded":["MasterReality"]}],"is_beta":false,"boss_relics":[{"not_picked":["Ectoplasm","Cursed Key"],"picked":"SlaversCollar"},{"not_picked":["Calling Bell","SacredBark"],"picked":"Sozu"}],"items_purged_floors":[5,38],"is_endless":false,"potions_floor_spawned":[4,6,8,14,23,25,29,31,35,36,39],"killed_by":"Reptomancer","ascension_level":8}}