{"host":"zxd7sxkt31l2m2hb","time":1611407784,"event":{"mods":["AchievementEnabler","BaseMod","BetterRewards","Colored Map","Colored Powertips","Highlight Path","Minty Spire (QoL Compilation)","StSLib","SuperFastMode","The Jungle","slay the spire mod where everything is the same but ironclad has a cowboy hat"],"gold_per_floor":[110,21,21,21,37,37,64,78,78,78,28,39,39,58,58,158,158,168,178,93,18,18,18,18,18,18,18,51,51,51,51,51,151,151,171,98,98,114,126,126,26,39,39,39,39,39,39,92,92,92,92,92,17,49,49,49],"floor_reached":55,"language":"DEU","playtime":5818,"items_purged":["Strike_G","Strike_G+1"],"score":677,"play_id":"b13f1cb8-c2fe-4d23-bcd6-6013c9396522","local_time":"20210123141624","is_ascension_mode":false,"campfire_choices":[{"floor":10,"key":"RECALL"},{"data":"Calculated Gamble","floor":13,"key":"SMITH"},{"data":"Survivor","floor":15,"key":"SMITH"},{"floor":25,"key":"REST"},{"floor":27,"key":"REST"},{"data":"Envenom","floor":30,"key":"SMITH"},{"floor":32,"key":"REST"},{"data":"Catalyst","floor":40,"key":"SMITH"},{"data":"Backflip","floor":44,"key":"SMITH"},{"data":"Catalyst","floor":49,"key":"SMITH"},{"data":"Deadly Poison","floor":52,"key":"SMITH"}],"circlet_count":0,"master_deck":["Defend_G+1","Defend_G+1","Defend_G+1","Defend_G+1","Defend_G+1","Survivor+1","Neutralize","Deadly Poison+1","Bane","Calculated Gamble+1","Poisoned Stab","Prepared","Backflip+1","Envenom+1","CurseOfTheBell","Poisoned Stab+1","Escape Plan+1","Reflex","Catalyst+1","Envenom+1","Underhanded Strike+1","Catalyst+1","Blur+1","Underhanded Strike+1","Acrobatics+1","Blur","Deflect+1"],"relics":["Ring of the Snake","NeowsBlessing","Juzu Bracelet","Calling Bell","Happy Flower","Question Card","Gambling Chip","FossilizedHelix","Mercury Hourglass","Frozen Egg 2","Sundial","Sozu","Gremlin Horn","Boot","White Beast Statue"],"acts_visited":["Exordium","TheCity","TheBeyond","TheEnding"],"potions_floor_usage":[19,28,33,50],"damage_taken":[{"damage":0,"enemies":"2 Louse","floor":1,"turns":1},{"damage":0,"enemies":"Jaw Worm","floor":5,"turns":1},{"damage":0,"enemies":"Lagavulin","floor":7,"turns":1},{"damage":2,"enemies":"Small Slimes","floor":8,"turns":4},{"damage":3,"enemies":"Blue Slaver","floor":12,"turns":3},{"damage":0,"enemies":"2 Fungi Beasts","floor":14,"turns":4},{"damage":30,"enemies":"Hexaghost","floor":16,"turns":10},{"damage":18,"enemies":"Spheric Guardian","floor":18,"turns":6},{"damage":20,"enemies":"3 Byrds","floor":19,"turns":7},{"damage":28,"enemies":"Book of Stabbing","floor":28,"turns":6},{"damage":37,"enemies":"Champ","floor":33,"turns":14},{"damage":7,"enemies":"Orb Walker","floor":35,"turns":4},{"damage":0,"enemies":"3 Shapes","floor":38,"turns":5},{"damage":10,"enemies":"Spire Growth","floor":39,"turns":5},{"damage":1,"enemies":"Jaw Worm Horde","floor":42,"turns":6},{"damage":41,"enemies":"Donu and Deca","floor":50,"turns":12},{"damage":34,"enemies":"Shield and Spear","floor":54,"turns":8},{"damage":71,"enemies":"The Heart","floor":55,"turns":3}],"seed_played":"-8994731800921143823","potions_obtained":[{"floor":5,"key":"SneckoOil"},{"floor":7,"key":"DuplicationPotion"},{"floor":16,"key":"AttackPotion"},{"floor":28,"key":"DistilledChaos"},{"floor":33,"key":"Weak Potion"}],"is_trial":false,"path_per_floor":["M","$","?","?","M","?","E","M","T","R","?","M","R","M","R","B",null,"M","M","?","$","?","?","?","R","T","R","E","$","R","T","R","B",null,"M","$","?","M","M","R","$","M","T","R","?","?","$","T","R","B",null,"R","$","E","B"],"character_chosen":"THE_SILENT","items_purchased":["Bane","Calculated Gamble","Catalyst","Blur"],"campfire_rested":3,"item_purchase_floors":[2,2,36,53],"current_hp_per_floor":[70,70,63,63,63,63,63,61,61,61,61,58,58,58,58,28,70,52,32,32,32,32,32,19,41,41,63,35,35,35,35,57,20,75,68,68,75,75,65,65,65,64,64,64,64,64,64,64,64,23,75,75,75,41,0,0],"gold":49,"neow_bonus":"THREE_ENEMY_KILL","is_daily":false,"chose_seed":false,"campfire_upgraded":7,"win_rate":0.0,"timestamp":1611407784,"path_taken":["M","$","?","?","M","?","E","M","T","R","?","M","R","M","R","BOSS","M","M","?","$","?","?","?","R","T","R","E","$","R","?","R","BOSS","M","$","?","M","M","R","$","M","T","R","?","?","?","?","R","BOSS","R","$","E","BOSS"],"items_purchased_type":["Card","Card","Card","Card"],"build_version":"2020-12-22","purchased_purges":2,"victory":false,"max_hp_per_floor":[70,70,70,70,70,70,70,70,70,70,70,70,70,70,70,70,70,70,70,70,70,70,70,75,75,75,75,75,75,75,75,75,75,75,75,75,75,75,75,75,75,75,75,75,75,75,75,75,75,75,75,75,75,75,75,75],"card_choices":[{"not_picked":["Underhanded Strike","Slice"],"picked":"Deadly Poison","floor":1},{"not_picked":["Poisoned Stab","Backflip","Flechettes"],"picked":"SKIP","floor":5},{"not_picked":["Backflip","Flechettes"],"picked":"Poisoned Stab","floor":5},{"not_picked":["Acrobatics","Infinite Blades"],"picked":"Prepared","floor":7},{"not_picked":["Dagger Throw","Finisher"],"picked":"All Out Attack","floor":8},{"not_picked":["Riddle With Holes","Blade Dance","Flying Knee"],"picked":"SKIP","floor":12},{"not_picked":["Unload","Outmaneuver"],"picked":"Backflip","floor":14},{"not_picked":["A Thousand Cuts","Unload"],"picked":"Envenom","floor":16},{"not_picked":["Masterful Stab","Noxious Fumes","Acrobatics"],"picked":"Poisoned Stab+1","floor":18},{"not_picked":["Predator","Prepared","Dodge and Roll"],"picked":"Escape Plan+1","floor":19},{"not_picked":["Glass Knife","Blade Dance","Dagger Throw"],"picked":"Catalyst","floor":28},{"not_picked":["Phantasmal Killer","Venomology","Doppelganger"],"picked":"Envenom+1","floor":33},{"not_picked":["Deflect+1","Dagger Throw+1","Prepared"],"picked":"Underhanded Strike+1","floor":35},{"not_picked":["Underhanded Strike","Blade Dance+1","Distraction+1"],"picked":"Blur+1","floor":38},{"not_picked":["Dagger Spray","After Image+1","Deflect"],"picked":"Underhanded Strike+1","floor":39},{"not_picked":["Prepared","Dagger Throw","Sucker Punch+1"],"picked":"Acrobatics+1","floor":42},{"not_picked":["Slice+1","Flying Knee","Choke+1"],"picked":"Deflect+1","floor":54}],"player_experience":72832,"relics_obtained":[{"floor":7,"key":"Juzu Bracelet"},{"floor":17,"key":"Happy Flower"},{"floor":17,"key":"Question Card"},{"floor":17,"key":"Gambling Chip"},{"floor":26,"key":"Mercury Hourglass"},{"floor":28,"key":"Frozen Egg 2"},{"floor":31,"key":"Sundial"},{"floor":43,"key":"Gremlin Horn"},{"floor":48,"key":"Boot"},{"floor":54,"key":"White Beast Statue"}],"event_choices":[{"cards_removed":["Strike_G"],"damage_healed":0,"gold_gain":0,"player_choice":"Card Removal","damage_taken":7,"max_hp_gain":0,"max_hp_loss":0,"event_name":"Golden Wing","floor":3,"gold_loss":0},{"damage_healed":0,"gold_gain":0,"player_choice":"Ignored","damage_taken":0,"max_hp_gain":0,"max_hp_loss":0,"event_name":"Liars Game","floor":4,"gold_loss":0},{"damage_healed":0,"gold_gain":0,"cards_transformed":["Strike_G"],"player_choice":"Transformed","damage_taken":0,"max_hp_gain":0,"max_hp_loss":0,"event_name":"Transmorgrifier","floor":6,"gold_loss":0,"cards_obtained":["Wraith Form v2"]},{"cards_removed":["Wraith Form v2"],"damage_healed":0,"gold_gain":0,"player_choice":"Card Removal","damage_taken":0,"max_hp_gain":0,"max_hp_loss":0,"event_name":"The Cleric","floor":11,"gold_loss":50},{"damage_healed":0,"gold_gain":0,"player_choice":"Obtained Relic","damage_taken":0,"relics_obtained":["FossilizedHelix"],"max_hp_gain":0,"max_hp_loss":0,"event_name":"Addict","floor":20,"gold_loss":85},{"damage_healed":0,"gold_gain":0,"player_choice":"Read","damage_taken":0,"max_hp_gain":0,"max_hp_loss":0,"event_name":"The Library","floor":22,"gold_loss":0,"cards_obtained":["Reflex"]},{"damage_healed":0,"gold_gain":0,"player_choice":"Simplicity","damage_taken":0,"max_hp_gain":0,"max_hp_loss":0,"event_name":"Back to Basics","floor":23,"gold_loss":0,"cards_upgraded":["Strike_G","Strike_G","Defend_G","Defend_G","Defend_G","Defend_G","Defend_G"]},{"damage_healed":0,"gold_gain":0,"player_choice":"Shed Blood","damage_taken":18,"max_hp_gain":5,"max_hp_loss":0,"event_name":"Forgotten Altar","floor":24,"gold_loss":0},{"cards_removed":["All Out Attack"],"damage_healed":7,"gold_gain":0,"player_choice":"Offered Uncommon","damage_taken":0,"max_hp_gain":0,"max_hp_loss":0,"event_name":"Bonfire Elementals","floor":37,"gold_loss":0},{"cards_removed":["Strike_G"],"damage_healed":0,"gold_gain":0,"player_choice":"Purged","damage_taken":0,"max_hp_gain":0,"max_hp_loss":0,"event_name":"Purifier","floor":45,"gold_loss":0},{"damage_healed":0,"gold_gain":0,"player_choice":"Ignored","damage_taken":0,"max_hp_gain":0,"max_hp_loss":0,"event_name":"Transmorgrifier","floor":46,"gold_loss":0}],"is_beta":false,"boss_relics":[{"not_picked":["Philosopher\u0027s Stone","SacredBark"],"picked":"Calling Bell"},{"not_picked":["Astrolabe","Runic Pyramid"],"picked":"Sozu"}],"items_purged_floors":[21,41],"is_endless":false,"potions_floor_spawned":[5,7,16,28,33,54],"killed_by":"The Heart","ascension_level":0}}