{"host":"ppir7fmwqxhicm8z","time":1611414898,"event":{"mods":["Act Like it!","BaseMod","Colored Map","Gensokyo","Minty Spire (QoL Compilation)","Quick Restart","StSLib"],"gold_per_floor":[115,115,132,14,14,48,1,1,27,37,37,47,61,61,61,159,159,172,36,56,367,247,247,475,493,517,530,530,530,565,577,577,679,679,692,32,32,32,32,61,61,81,381,381,397,407,433,447,447,447,447,447,24,50,50],"floor_reached":56,"language":"ZHS","playtime":5742,"items_purged":[],"score":1419,"play_id":"dd9dfc63-dab9-4fae-a207-be3d6283f572","local_time":"20210123231458","is_ascension_mode":true,"campfire_choices":[{"data":"ThirdEye","floor":8.0,"key":"SMITH"},{"data":"Crescendo","floor":15.0,"key":"SMITH"},{"data":"PathToVictory","floor":23.0,"key":"SMITH"},{"data":"BattleHymn","floor":29.0,"key":"SMITH"},{"data":"TalkToTheHand","floor":32.0,"key":"SMITH"},{"data":"Gensokyo:MissMary","floor":41.0,"key":"SMITH"},{"floor":49.0,"key":"RECALL"},{"data":"ConjureBlade","floor":52.0,"key":"SMITH"}],"circlet_count":0,"master_deck":["Strike_P","Strike_P","Strike_P","Defend_P","Vigilance","EmptyFist","PathToVictory+1","ThirdEye+1","SpiritShield","Crescendo+1","InnerPeace","Tantrum","JustLucky+1","BattleHymn+1","JustLucky+1","Adaptation+1","DeusExMachina","FlurryOfBlows+1","Gensokyo:MissMary+1","ConjureBlade+1","MentalFortress+1","Swivel+1","Nirvana+1","ThirdEye"],"relics":["PureWater","Happy Flower","Dead Branch","Ice Cream","Gensokyo:OccultBall","Thread and Needle","Philosopher\u0027s Stone","Gensokyo:LionMask","FossilizedHelix","Torii","Ancient Tea Set","Frozen Egg 2","Du-Vu Doll","Black Star","Bottled Flame","ClockworkSouvenir","Question Card","Akabeko","MealTicket","Old Coin","Ginger","Darkstone Periapt","Pear","Yang","Bag of Preparation","Calipers","Gremlin Horn"],"acts_visited":["Exordium","Gensokyo:Gensokyo","Gensokyo:Gensokyoer","TheEnding"],"potions_floor_usage":[55,55],"damage_taken":[{"damage":0.0,"enemies":"Gensokyo:3_Fairies","floor":1.0,"turns":4.0},{"damage":4.0,"enemies":"Gensokyo:Gryphon","floor":3.0,"turns":4.0},{"damage":14.0,"enemies":"Gensokyo:Mamizou","floor":6.0,"turns":9.0},{"damage":0.0,"enemies":"Gensokyo:Python","floor":10.0,"turns":2.0},{"damage":6.0,"enemies":"Gensokyo:2_Rabbits","floor":12.0,"turns":6.0},{"damage":0.0,"enemies":"Gensokyo:LivingMonolith","floor":13.0,"turns":3.0},{"damage":2.0,"enemies":"Gensokyo:Kokoro","floor":16.0,"turns":13.0},{"damage":0.0,"enemies":"Gensokyo:Chomper","floor":18.0,"turns":3.0},{"damage":10.0,"enemies":"Gensokyo:2_Gloops","floor":20.0,"turns":5.0},{"damage":12.0,"enemies":"Gensokyo:Mirror_and_Dog","floor":21.0,"turns":9.0},{"damage":3.0,"enemies":"Gensokyo:Tenshi","floor":24.0,"turns":5.0},{"damage":0.0,"enemies":"Gensokyo:Swordslinger","floor":25.0,"turns":3.0},{"damage":0.0,"enemies":"Gensokyo:Slime_Group","floor":27.0,"turns":3.0},{"damage":0.0,"enemies":"Gensokyo:Koishi","floor":30.0,"turns":4.0},{"damage":7.0,"enemies":"Gensokyo:Wraith","floor":31.0,"turns":5.0},{"damage":13.0,"enemies":"Gensokyo:Eiki","floor":33.0,"turns":5.0},{"damage":0.0,"enemies":"Gensokyo:AncientGuardian","floor":35.0,"turns":4.0},{"damage":0.0,"enemies":"Gensokyo:Doremy","floor":40.0,"turns":5.0},{"damage":0.0,"enemies":"Gensokyo:3_Bats","floor":42.0,"turns":2.0},{"damage":0.0,"enemies":"Gensokyo:3_Boulders","floor":45.0,"turns":2.0},{"damage":0.0,"enemies":"Gensokyo:Sharpion","floor":46.0,"turns":4.0},{"damage":0.0,"enemies":"Gensokyo:Marisa","floor":47.0,"turns":4.0},{"damage":0.0,"enemies":"Gensokyo:4_Bats","floor":48.0,"turns":1.0},{"damage":0.0,"enemies":"Gensokyo:Yuyuko","floor":50.0,"turns":4.0},{"damage":13,"enemies":"Shield and Spear","floor":54,"turns":4},{"damage":56,"enemies":"The Heart","floor":55,"turns":9}],"seed_played":"7948049756570014808","potions_obtained":[{"floor":6.0,"key":"ColorlessPotion"},{"floor":12.0,"key":"PowerPotion"},{"floor":16.0,"key":"Explosive Potion"},{"floor":18.0,"key":"LiquidMemories"},{"floor":30.0,"key":"SneckoOil"},{"floor":33.0,"key":"EssenceOfSteel"},{"floor":40.0,"key":"BottledMiracle"},{"floor":46.0,"key":"Swift Potion"},{"floor":47.0,"key":"Energy Potion"},{"floor":48.0,"key":"Energy Potion"},{"floor":54,"key":"Explosive Potion"}],"is_trial":false,"path_per_floor":["M","?","M","COS","?","E","$","R","T","M","?","M","M","?","R","B",null,"M","COS","M","M","?","R","E","M","T","M","T","R","E","M","R","B",null,"M","COS","?","$","?","E","R","M","T","?","M","M","E","M","R","B",null,"R","$","E","B",null],"character_chosen":"WATCHER","items_purchased":["ThirdEye","Yang","Bag of Preparation","ThirdEye"],"campfire_rested":0,"item_purchase_floors":[7,53,53,53],"current_hp_per_floor":[72,72,68,68,54,40,40,40,40,40,40,34,34,34,34,32,72,72,72,62,50,50,50,47,47,47,47,47,47,47,40,40,27,72,72,72,72,72,72,72,72,72,72,44,44,44,54,54,54,54,82,82,82,69,13],"gold":50,"neow_bonus":"REMOVE_CARD","is_daily":false,"chose_seed":false,"campfire_upgraded":7,"win_rate":0.0,"timestamp":1611414898,"path_taken":["M","?","?","COS","?","E","$","R","T","M","?","M","M","?","R","BOSS","M","COS","M","?","?","R","E","M","T","M","?","R","E","?","R","BOSS","M","COS","?","$","?","E","R","M","T","?","M","M","E","M","R","BOSS","R","$","E","BOSS"],"items_purchased_type":["Card","Relic","Relic","Card"],"build_version":"2020-12-22","purchased_purges":0,"victory":true,"max_hp_per_floor":[72,72,72,72,72,72,72,72,72,72,72,72,72,72,72,72,72,72,72,72,72,72,72,72,72,72,72,72,72,72,72,72,72,72,72,72,72,72,72,72,72,72,72,72,72,72,82,82,82,82,82,82,82,82,82],"card_choices":[{"not_picked":["Prostrate","Study"],"picked":"EmptyFist","floor":1.0},{"not_picked":["EmptyBody","Wireheading"],"picked":"PathToVictory","floor":3.0},{"not_picked":["ClearTheMind","Wish"],"picked":"EmptyMind","floor":6.0},{"not_picked":["WreathOfFlame","SandsOfTime","Consecrate"],"picked":"SKIP","floor":10.0},{"not_picked":["Scrawl","Alpha"],"picked":"SpiritShield","floor":12.0},{"not_picked":["CrushJoints","Halt"],"picked":"Crescendo","floor":12.0},{"not_picked":["SandsOfTime","FlyingSleeves"],"picked":"InnerPeace","floor":13.0},{"not_picked":["ForeignInfluence","FlurryOfBlows+1"],"picked":"Tantrum","floor":18.0},{"not_picked":["DeceiveReality","CrushJoints"],"picked":"TalkToTheHand","floor":20.0},{"not_picked":["Nirvana","Vengeance"],"picked":"JustLucky+1","floor":21.0},{"not_picked":["Collect+1","Consecrate"],"picked":"BattleHymn","floor":24.0},{"not_picked":["ThirdEye","BattleHymn","SandsOfTime"],"picked":"SKIP","floor":25.0},{"not_picked":["Meditate","SignatureMove"],"picked":"JustLucky+1","floor":27.0},{"not_picked":["CrushJoints","FearNoEvil"],"picked":"Adaptation+1","floor":30.0},{"not_picked":["Pray+1","InnerPeace","Tantrum"],"picked":"SKIP","floor":31.0},{"not_picked":["Scrawl","ConjureBlade"],"picked":"DeusExMachina","floor":33.0},{"not_picked":["Halt","Wallop+1"],"picked":"FlurryOfBlows+1","floor":35.0},{"not_picked":["JustLucky","FlyingSleeves","Crescendo"],"picked":"SKIP","floor":40.0},{"not_picked":["WaveOfTheHand","ClearTheMind+1","Protect"],"picked":"MentalFortress+1","floor":42.0},{"not_picked":["WindmillStrike+1","Evaluate+1","BowlingBash+1","ConjureBlade"],"picked":"SKIP","floor":45.0},{"not_picked":["InnerPeace+1","CutThroughFate","Evaluate"],"picked":"Swivel+1","floor":46.0},{"not_picked":["Alpha","WheelKick+1","EmptyBody+1"],"picked":"Nirvana+1","floor":47.0},{"not_picked":["Collect","WindmillStrike+1","ForeignInfluence","Consecrate"],"picked":"SKIP","floor":48.0},{"not_picked":["BowlingBash+1","JustLucky","Consecrate+1","CrushJoints+1"],"picked":"SKIP","floor":54}],"player_experience":393507,"relics_obtained":[{"floor":6.0,"key":"Ice Cream"},{"floor":16.0,"key":"Gensokyo:OccultBall"},{"floor":24.0,"key":"FossilizedHelix"},{"floor":26.0,"key":"Ancient Tea Set"},{"floor":27.0,"key":"Gensokyo:OccultBall"},{"floor":28.0,"key":"Frozen Egg 2"},{"floor":30.0,"key":"Du-Vu Doll"},{"floor":33.0,"key":"Gensokyo:OccultBall"},{"floor":40.0,"key":"Gensokyo:OccultBall"},{"floor":40.0,"key":"Question Card"},{"floor":40.0,"key":"Akabeko"},{"floor":43.0,"key":"Old Coin"},{"floor":46.0,"key":"Gensokyo:OccultBall"},{"floor":47.0,"key":"Darkstone Periapt"},{"floor":47.0,"key":"Pear"},{"floor":54,"key":"Calipers"},{"floor":54,"key":"Gremlin Horn"}],"event_choices":[],"is_beta":false,"boss_relics":[{"not_picked":["Astrolabe","Cursed Key"],"picked":"Philosopher\u0027s Stone"},{"not_picked":["Sozu","Runic Pyramid"],"picked":"Black Star"}],"items_purged_floors":[],"is_endless":false,"potions_floor_spawned":[6,12,16,18,27,30,33,40,46,47,48,54],"ascension_level":1}}