{"host":"m4py67fg3gq1tfno","time":1611407477,"event":{"mods":["100% Spire Juice","ATMod(阿瑾Mod)","Act Like it!","Arknights The Spire","BaseMod","Decade(王小明)","Dota2Spire","Gensokyo","GifTheSpireLib","GungeonMod","Hallownest","Highlight Path","Hunter 猎人","KinomotoSakuraMod(木之本樱)","LagranYue(拉格朗・月)","Luminous","Marisa（F雨　魔理沙）","Marked Mod","Minty Spire (QoL Compilation)","Nova Terra(诺娃・泰拉)","Red Circlet Mod","Reimu（博丽灵梦）","Remilia（蕾米莉亚）","Replay The Spire","SIMod","SOS（斯巴达之子）","StSLib","The Administrix","The Bug Knight","The Cursed","The Gatherer","The Hierophant","The Invoker Mod","The Mystic","The Poker Player","The Servant 0.9.4","Waifu the Spire","WarShipGirlsR/战舰少女R mod","Youmu（魂魄妖梦）","Yuyuko","【遗物卡牌】REMEMod"],"gold_per_floor":[116,116,131,148,22,47,63,338,364,77,94,128,128,145,145,271,271,281,299,315,315,333,360,300,406,430,467,467,530,640,677,677,900,900,992,468,603,704,614,678,771,909,960,960,1049,1100,1196,1306,1306,1431],"floor_reached":51,"language":"ZHS","playtime":11552,"items_purged":["LagranYue:BaseAttackCard","Regret","LagranYue:BaseAttackCard"],"score":1216,"play_id":"1afc0021-c5dc-4b21-8f15-bb3b96c27ede","local_time":"20210123211116","is_ascension_mode":false,"campfire_choices":[{"data":"LagranYue:AttackWaltzCard","floor":13.0,"key":"SMITH"},{"data":"DeusExMachina","floor":15.0,"key":"SMITH"},{"floor":28.0,"key":"REST"},{"floor":44.0,"key":"REST"},{"data":"LagranYue:AttackTopazCard","floor":49,"key":"SMITH"}],"circlet_count":0,"master_deck":["LagranYue:BaseAttackCard","LagranYue:BaseDefendCard","LagranYue:BaseDefendCard","LagranYue:BaseDefendCard","LagranYue:AttackTopazCard+1","LagranYue:SkillBrokenSwordCard+1","LagranYue:BaseDefendCard","LagranYue:RoseCard","DeusExMachina+1","LagranYue:SkillGanJiangMoYeSwordCard","LagranYue:AttackWaltzCard","LagranYue:AttackWaltzCard+1","LagranYue:SkillIncompleteArchCard+1","LagranYue:EatTigerCard","LagranYue:AttackBetterCard+1","LagranYue:MagicSkyrocketCard","LagranYue:SkillCocoonEvolutionCard","LagranYue:SkillLegendPaladinCard","CurseOfTheBell","LagranYue:SkillExplosiveArmorCard","LagranYue:AttackBetterCard+1","LagranYue:AttackCellGodCard+1","LagranYue:PowerDarkTempleCard","LagranYue:SkillChiharaHoundCard+1","LagranYue:GoldForgingCard","LagranYue:PowerDreamCard","LagranYue:GoldForgingCard+1","LagranYue:MagicSkyrocketCard+1","LagranYue:AttackKillerCard+1","LagranYue:MagicSkyrocketCard+1","LagranYue:AttackGodSpearCard+1"],"relics":["LagranYue:ArmsProficiencyRelics","AT_ATBox","REME_ComplimentaryCards","LagranYue:RandomDrawCardRelic","Pantograph","Pen Nib","AT_SunfireAegis","Lantern","Calling Bell","Dota2Spire:ArmletOfMordiggian","Molten Egg 2","AT_RabadonDeathcap","REME_PuzzleBoxRelic","Uniform","AT_MibuBalloonWealth","Iron Hammer","Dota2Spire:ShadowBlade","StoneCalendar","ReplayTheSpireMod:Lightbulb","DemoMod:Relodestone","LagranYue:DarkRelics","Red Mask","Dota2Spire:ArcaneBoots","Dota2Spire:RefresherOrb","ReplayFunnel","AT_RedNoBalance","OrangePellets","Simple Rune","DemoMod:PoisonVial","AT_EbonyIvory","Boot","Happy Flower","LagranYue:GungnirRelics","DemoMod:GlassGuonStoneRelic","Blood Vial","ReplayTheSpireMod:TigerMarble","Dota2Spire:Mjollnir","Centennial Puzzle","LagranYue:MagicReflectiveArmorRelic","DemoMod:Orange"],"acts_visited":["Exordium","TheCity","TheBeyond"],"potions_floor_usage":[46],"damage_taken":[{"damage":10.0,"enemies":"Cultist","floor":1.0,"turns":4.0},{"damage":0.0,"enemies":"Jaw Worm","floor":3.0,"turns":4.0},{"damage":4.0,"enemies":"2 Louse","floor":4.0,"turns":2.0},{"damage":1.0,"enemies":"3 Sentries","floor":6.0,"turns":5.0},{"damage":0.0,"enemies":"Large Slime","floor":7.0,"turns":4.0},{"damage":0.0,"enemies":"Exordium Thugs","floor":11.0,"turns":2.0},{"damage":0.0,"enemies":"Gremlin Nob","floor":12.0,"turns":1.0},{"damage":0.0,"enemies":"3 Louse","floor":14.0,"turns":2.0},{"damage":31.0,"enemies":"Hexaghost","floor":16.0,"turns":6.0},{"damage":10.0,"enemies":"Chosen","floor":18.0,"turns":4.0},{"damage":0.0,"enemies":"Shell Parasite","floor":19.0,"turns":1.0},{"damage":0.0,"enemies":"Cultist and Chosen","floor":20.0,"turns":3.0},{"damage":2.0,"enemies":"Centurion and Healer","floor":22.0,"turns":3.0},{"damage":23.0,"enemies":"REME_1_Revenger","floor":23.0,"turns":3.0},{"damage":4.0,"enemies":"Slavers","floor":25.0,"turns":4.0},{"damage":10.0,"enemies":"Shelled Parasite and Fungi","floor":29.0,"turns":5.0},{"damage":0.0,"enemies":"Masked Bandits","floor":30.0,"turns":3.0},{"damage":0.0,"enemies":"Snake Plant","floor":31.0,"turns":1.0},{"damage":11.0,"enemies":"Pondfish","floor":33.0,"turns":5.0},{"damage":3.0,"enemies":"3 Shapes","floor":35.0,"turns":3.0},{"damage":0.0,"enemies":"3 Darklings","floor":37.0,"turns":4.0},{"damage":0.0,"enemies":"Jaw Worm Horde","floor":38.0,"turns":2.0},{"damage":0.0,"enemies":"R_Hoarder","floor":40.0,"turns":3.0},{"damage":2.0,"enemies":"Sphere and 2 Shapes","floor":41.0,"turns":3.0},{"damage":0.0,"enemies":"3 Darklings","floor":42.0,"turns":3.0},{"damage":0,"enemies":"Jaw Worm Horde","floor":45,"turns":1},{"damage":0,"enemies":"Giant Head","floor":46,"turns":4},{"damage":0,"enemies":"2 Orb Walkers","floor":47,"turns":3},{"damage":2,"enemies":"HollowMod:StalkingDevout","floor":48,"turns":2},{"damage":0,"enemies":"Awakened One","floor":50,"turns":5}],"seed_played":"503935879382991599","potions_obtained":[{"floor":1.0,"key":"DemoMod:LeadSkinPotion"},{"floor":2.0,"key":"Block Potion"},{"floor":2.0,"key":"DuplicationPotion"},{"floor":3.0,"key":"PowerPotion"},{"floor":4.0,"key":"LifebloodPotion"},{"floor":12.0,"key":"REME_GoldPotion"},{"floor":20.0,"key":"Languid Potion"},{"floor":25.0,"key":"Fire Potion"},{"floor":29.0,"key":"ColorlessPotion"},{"floor":31.0,"key":"SpeedPotion"},{"floor":33.0,"key":"Ancient Potion"},{"floor":37.0,"key":"AttackPotion"},{"floor":38.0,"key":"DistilledChaos"},{"floor":42.0,"key":"Dota2Spire:HealingSalve"},{"floor":46,"key":"Adrenaline Potion"}],"is_trial":false,"path_per_floor":["M","?","M","M","$","E","M","?","T","$","M","E","R","M","R","B",null,"M","M","M","?","M","E","?","E","T","?","R","M","?","M","R","B",null,"M","$","M","M","?","E","M","M","T","R","M","E","?","E","R","B",null],"character_chosen":"LagranYueCharacter","items_purchased":["LagranYue:AttackWaltzCard","AT_SunfireAegis","LagranYue:AttackBetterCard+1","AT_SilverBalance","OrangePellets"],"campfire_rested":2,"item_purchase_floors":[5,10,10,36,36],"current_hp_per_floor":[72,72,72,68,68,67,67,67,67,67,67,67,67,67,67,51,82,72,72,72,72,70,47,47,43,43,23,47,37,38,38,62,74,82,79,79,41,41,41,41,39,42,42,66,42,61,63,75,75,107],"gold":1431,"neow_bonus":"TEN_PERCENT_HP_BONUS","is_daily":false,"chose_seed":false,"campfire_upgraded":3,"win_rate":0.0,"timestamp":1611407476,"path_taken":["M","?","?","?","?","E","M","?","T","$","?","E","R","M","R","BOSS","M","?","M","?","M","E","?","E","T","?","R","M","?","M","R","BOSS","M","$","M","M","?","E","M","?","T","R","M","E","?","E","R","BOSS"],"items_purchased_type":["Card","Relic","Card","Relic","Relic"],"build_version":"2020-12-22","purchased_purges":3,"victory":true,"max_hp_per_floor":[82,82,82,82,82,82,82,82,82,82,82,82,82,82,82,82,82,82,82,82,82,82,82,82,82,82,82,82,82,82,82,82,82,82,82,82,82,82,82,82,82,83,83,83,84,94,94,106,106,107],"card_choices":[{"not_picked":["LagranYue:AttackCrowCrossbowCard","LagranYue:AttackDegenerateCard"],"picked":"LagranYue:RoseCard","floor":1.0},{"not_picked":["LagranYue:AttackRavagedCard","LagranYue:AttackRubyCard","LagranYue:AttackBetterCard"],"picked":"SKIP","floor":3.0},{"not_picked":["LagranYue:AttackWaltzCard","LagranYue:MultipleThornsCard"],"picked":"LagranYue:SkillGanJiangMoYeSwordCard","floor":4.0},{"not_picked":["LagranYue:AttackIceCard","LagranYue:SkillTestamentCard"],"picked":"LagranYue:SkillIncompleteArchCard","floor":6.0},{"not_picked":["LagranYue:SkillBrokenSwordCard","LagranYue:AttackGoldCard"],"picked":"LagranYue:EatTigerCard","floor":7.0},{"not_picked":["LagranYue:SapphirePrayerCard","LagranYue:ForgingCard"],"picked":"LagranYue:MagicSkyrocketCard","floor":11.0},{"not_picked":["LagranYue:MultipleThornsCard","LagranYue:AttackGoldCard"],"picked":"LagranYue:SkillCocoonEvolutionCard","floor":12.0},{"not_picked":["LagranYue:LifeForgingCard","LagranYue:AttackSapphireCard","LagranYue:AttackRubyCard"],"picked":"SKIP","floor":14.0},{"not_picked":["LagranYue:PowerFurnaceCard","LagranYue:AttackMagicSwordCard"],"picked":"LagranYue:SkillLegendPaladinCard","floor":16.0},{"not_picked":["LagranYue:SkillFalseAerialAceCard+1","LagranYue:AttackCrowCrossbowCard+1"],"picked":"LagranYue:SkillExplosiveArmorCard","floor":18.0},{"not_picked":["LagranYue:EmeraldRemorseCard","LagranYue:AttackCrowCrossbowCard+1"],"picked":"LagranYue:AttackBetterCard+1","floor":19.0},{"not_picked":["LagranYue:SkillFalseAerialAceCard","LagranYue:EmeraldRemorseCard+1","LagranYue:AttackTopazCard+1"],"picked":"SKIP","floor":20.0},{"not_picked":["LagranYue:EmeraldRemorseCard","LagranYue:AttackFireCard+1"],"picked":"LagranYue:AttackCellGodCard+1","floor":22.0},{"not_picked":["LagranYue:AttackTopazCard+1","LagranYue:AttackDegenerateCard+1","LagranYue:EmeraldRemorseCard+1"],"picked":"SKIP","floor":23.0},{"not_picked":["LagranYue:AttackIceCard+1","LagranYue:AttackGodSwordCard+1"],"picked":"LagranYue:PowerDarkTempleCard","floor":25.0},{"not_picked":["LagranYue:AttackCrowCrossbowCard+1","LagranYue:AttackFaithCard+1"],"picked":"LagranYue:SkillChiharaHoundCard+1","floor":27.0},{"not_picked":["LagranYue:AttackIceCard+1","LagranYue:AttackDevilCard+1"],"picked":"LagranYue:GoldForgingCard","floor":29.0},{"not_picked":["LagranYue:SkillDistortionCard+1","LagranYue:ForgingCard","LagranYue:SkillChiharaHoundCard+1"],"picked":"SKIP","floor":31.0},{"not_picked":["LagranYue:AttackGodSpearCard+1","LagranYue:SkillGanJiangMoYeSwordCard+1"],"picked":"LagranYue:PowerDreamCard","floor":33.0},{"not_picked":["LagranYue:AttackTopazCard+1","LagranYue:PowerDarkTempleCard"],"picked":"LagranYue:GoldForgingCard+1","floor":35.0},{"not_picked":["LagranYue:MultipleThornsCard+1","LagranYue:SkillFalseAerialAceCard"],"picked":"LagranYue:MagicSkyrocketCard+1","floor":37.0},{"not_picked":["LagranYue:SkillEightFeetJadeCard","LagranYue:PowerDarkTempleCard"],"picked":"LagranYue:AttackKillerCard+1","floor":38.0},{"not_picked":["LagranYue:SkillWoodSpearCard+1","LagranYue:SkillDeadlyBloomCard","LagranYue:SkillBrokenShieldCard"],"picked":"SKIP","floor":40.0},{"not_picked":["LagranYue:SkillTestamentCard","LagranYue:EmeraldRemorseCard"],"picked":"LagranYue:MagicSkyrocketCard+1","floor":41.0},{"not_picked":["LagranYue:SkillDeathBolgCard+1","LagranYue:AttackKingCard+1","LagranYue:PrematureBurialCard"],"picked":"SKIP","floor":42.0},{"not_picked":["LagranYue:AttackWaltzCard+1","LagranYue:SkillDeadlyBloomCard","LagranYue:RubyDefendCard"],"picked":"SKIP","floor":45},{"not_picked":["LagranYue:SapphirePrayerCard+1","LagranYue:AttackEngravingRoseCard+1"],"picked":"LagranYue:AttackGodSpearCard+1","floor":46},{"not_picked":["LagranYue:PurpleNightmareCard+1","LagranYue:ForgingCard+1","LagranYue:MagicSkyrocketCard+1"],"picked":"SKIP","floor":48}],"player_experience":58020,"relics_obtained":[{"floor":6.0,"key":"Pantograph"},{"floor":9.0,"key":"Pen Nib"},{"floor":12.0,"key":"Lantern"},{"floor":17.0,"key":"Dota2Spire:ArmletOfMordiggian"},{"floor":17.0,"key":"Molten Egg 2"},{"floor":17.0,"key":"AT_RabadonDeathcap"},{"floor":18.0,"key":"REME_PuzzleBoxRelic"},{"floor":23.0,"key":"AT_MibuBalloonWealth"},{"floor":23.0,"key":"Iron Hammer"},{"floor":25.0,"key":"Dota2Spire:ShadowBlade"},{"floor":25.0,"key":"StoneCalendar"},{"floor":26.0,"key":"ReplayTheSpireMod:Lightbulb"},{"floor":27.0,"key":"DemoMod:Relodestone"},{"floor":29.0,"key":"LagranYue:DarkRelics"},{"floor":30.0,"key":"Red Mask"},{"floor":33.0,"key":"Dota2Spire:ArcaneBoots"},{"floor":35.0,"key":"ReplayFunnel"},{"floor":37.0,"key":"Simple Rune"},{"floor":38.0,"key":"DemoMod:PoisonVial"},{"floor":40.0,"key":"AT_EbonyIvory"},{"floor":40.0,"key":"Boot"},{"floor":42.0,"key":"Happy Flower"},{"floor":43.0,"key":"LagranYue:GungnirRelics"},{"floor":46,"key":"Blood Vial"},{"floor":46,"key":"ReplayTheSpireMod:TigerMarble"},{"floor":47,"key":"Dota2Spire:Mjollnir"},{"floor":47,"key":"Centennial Puzzle"},{"floor":48,"key":"LagranYue:MagicReflectiveArmorRelic"},{"floor":48,"key":"DemoMod:Orange"}],"event_choices":[{"damage_healed":0.0,"max_hp_gain":0.0,"max_hp_loss":0.0,"gold_gain":0.0,"event_name":"Lab","player_choice":"Got Potions","floor":2.0,"gold_loss":0.0,"damage_taken":0.0},{"damage_healed":0.0,"max_hp_gain":0.0,"max_hp_loss":0.0,"gold_gain":275.0,"event_name":"Golden Shrine","player_choice":"Desecrate","floor":8.0,"gold_loss":0.0,"damage_taken":0.0,"cards_obtained":["Regret"]},{"damage_healed":0.0,"max_hp_gain":0.0,"max_hp_loss":0.0,"gold_gain":0.0,"event_name":"Masked Bandits","player_choice":"Fought Bandits","floor":30.0,"gold_loss":0.0,"damage_taken":0.0},{"cards_removed":["LagranYue:BaseAttackCard"],"damage_healed":0.0,"max_hp_gain":0.0,"max_hp_loss":0.0,"gold_gain":0.0,"event_name":"Designer","player_choice":"Upgrade and Remove","floor":39.0,"gold_loss":90.0,"damage_taken":0.0,"cards_upgraded":["LagranYue:SkillIncompleteArchCard"]},{"damage_healed":0,"gold_gain":0,"player_choice":"Fight","damage_taken":0,"max_hp_gain":0,"max_hp_loss":0,"event_name":"Mysterious Sphere","floor":47,"gold_loss":0}],"is_beta":false,"boss_relics":[{"not_picked":["Runic Pyramid","SlaversCollar"],"picked":"Calling Bell"},{"not_picked":["Ring of Chaos","Busted Crown"],"picked":"Dota2Spire:RefresherOrb"}],"items_purged_floors":[5,10,36],"is_endless":false,"potions_floor_spawned":[1,3,4,12,14,20,25,29,31,33,37,38,42,46],"ascension_level":0}}