{"host":"gobyjzz6xbwq9f9i","time":1611433583,"event":{"mods":["AchievementEnabler","BaseMod","Bestiary","Colored Map","Minty Spire (QoL Compilation)"],"gold_per_floor":[211,211,231,250,237,237,268,268,268,268,286,302,337,353,353,449,449,464,430,35,54,68,68,68],"floor_reached":23,"language":"ENG","playtime":1496,"items_purged":[],"score":311,"play_id":"2476c81c-8700-4e09-bc54-964de5d992ad","local_time":"20210123122623","is_ascension_mode":true,"campfire_choices":[{"data":"Sucker Punch","floor":6,"key":"SMITH"},{"data":"Bouncing Flask","floor":8,"key":"SMITH"},{"floor":10,"key":"REST"},{"data":"Footwork","floor":15,"key":"SMITH"}],"circlet_count":0,"master_deck":["AscendersBane","Strike_G","Strike_G","Strike_G","Strike_G","Strike_G","Defend_G","Defend_G","Defend_G","Defend_G","Defend_G","Survivor","Neutralize","Sucker Punch+1","Backstab","Dagger Spray","Bouncing Flask+1","Backflip","Masterful Stab","Calculated Gamble","Footwork+1","After Image","PiercingWail","Deadly Poison+1","Tactician"],"relics":["Ring of the Snake","Mango","Darkstone Periapt","Question Card","Runic Pyramid","OrangePellets","White Beast Statue"],"acts_visited":["Exordium","TheCity"],"potions_floor_usage":[7,13,16],"damage_taken":[{"damage":12.0,"enemies":"Jaw Worm","floor":1.0,"turns":7.0},{"damage":10.0,"enemies":"Cultist","floor":3.0,"turns":5.0},{"damage":0.0,"enemies":"Small Slimes","floor":4.0,"turns":4.0},{"damage":3.0,"enemies":"Exordium Thugs","floor":5.0,"turns":4.0},{"damage":28,"enemies":"Lagavulin","floor":7,"turns":8},{"damage":1,"enemies":"Red Slaver","floor":11,"turns":3},{"damage":4,"enemies":"3 Louse","floor":12,"turns":2},{"damage":7,"enemies":"Gremlin Nob","floor":13,"turns":3},{"damage":8,"enemies":"Blue Slaver","floor":14,"turns":3},{"damage":19,"enemies":"Hexaghost","floor":16,"turns":11},{"damage":1,"enemies":"Shell Parasite","floor":18,"turns":6},{"damage":20,"enemies":"2 Thieves","floor":19,"turns":5},{"damage":9,"enemies":"Shelled Parasite and Fungi","floor":21,"turns":8},{"damage":6,"enemies":"Centurion and Healer","floor":22,"turns":11},{"damage":41,"enemies":"Gremlin Leader","floor":23,"turns":6}],"seed_played":"4796390647958854126","potions_obtained":[{"floor":5,"key":"SneckoOil"},{"floor":11,"key":"Energy Potion"},{"floor":12,"key":"LiquidMemories"},{"floor":18,"key":"GamblersBrew"},{"floor":21,"key":"Dexterity Potion"},{"floor":22,"key":"LiquidMemories"}],"is_trial":false,"path_per_floor":["M","?","M","M","M","R","E","R","T","R","M","M","E","M","R","B",null,"M","M","$","M","M","E"],"character_chosen":"THE_SILENT","items_purchased":["OrangePellets","White Beast Statue"],"campfire_rested":1,"item_purchase_floors":[20,20],"current_hp_per_floor":[51,51,41,41,38,38,24,24,24,49,48,44,37,29,29,10,66,65,45,45,36,30,0,0],"gold":68,"neow_bonus":"HUNDRED_GOLD","is_daily":false,"chose_seed":false,"campfire_upgraded":3,"win_rate":0.0,"timestamp":1611433583,"path_taken":["M","?","M","M","?","R","E","R","T","R","M","M","E","M","R","BOSS","M","M","$","M","M","E"],"items_purchased_type":["Relic","Relic"],"build_version":"2020-12-22","purchased_purges":0,"victory":false,"max_hp_per_floor":[70,70,70,70,70,70,84,84,84,84,84,84,84,84,84,84,84,84,84,84,84,84,84,84],"card_choices":[{"not_picked":["Cloak And Dagger","Bane"],"picked":"Sucker Punch","floor":1.0},{"not_picked":["Burst","PiercingWail"],"picked":"Backstab","floor":3.0},{"not_picked":["Prepared","Slice"],"picked":"Dagger Spray","floor":4.0},{"not_picked":["Backflip","Underhanded Strike"],"picked":"Bouncing Flask","floor":5},{"not_picked":["Flying Knee","Underhanded Strike"],"picked":"Backflip","floor":7},{"not_picked":["Finisher","Bouncing Flask"],"picked":"Masterful Stab","floor":11},{"not_picked":["Infinite Blades","Poisoned Stab","Endless Agony"],"picked":"SKIP","floor":12},{"not_picked":["Underhanded Strike","Choke"],"picked":"Calculated Gamble","floor":13},{"not_picked":["Deadly Poison","Distraction","Dagger Spray"],"picked":"Footwork","floor":14},{"not_picked":["Glass Knife","Unload","Die Die Die"],"picked":"After Image","floor":16},{"not_picked":["Deflect","Deadly Poison","Bane+1"],"picked":"PiercingWail","floor":18},{"not_picked":["Acrobatics","Sucker Punch","Terror"],"picked":"Deadly Poison+1","floor":19},{"not_picked":["Dash+1","Dagger Spray","Unload","Blade Dance"],"picked":"SKIP","floor":21},{"not_picked":["Outmaneuver","Dagger Spray","Slice+1"],"picked":"Tactician","floor":22}],"player_experience":1134888,"relics_obtained":[{"floor":7,"key":"Mango"},{"floor":9,"key":"Darkstone Periapt"},{"floor":13,"key":"Question Card"}],"event_choices":[{"damage_healed":0.0,"max_hp_gain":0.0,"max_hp_loss":0.0,"gold_gain":0.0,"event_name":"NoteForYourself","player_choice":"Ignored","floor":2.0,"gold_loss":0.0,"damage_taken":0.0}],"is_beta":false,"boss_relics":[{"not_picked":["Velvet Choker","Tiny House"],"picked":"Runic Pyramid"}],"items_purged_floors":[],"is_endless":false,"potions_floor_spawned":[5,11,12,18,21,22],"killed_by":"Gremlin Leader","ascension_level":10}}