{"host":"April","time":1611380414,"event":{"mods":["BaseMod","Minty Spire (QoL Compilation)"],"gold_per_floor":[18,36,96,96,96,127,150,150,173,217,217,236,279,297,297,416,416,441,460,137,236,250,250,250,250,250],"floor_reached":25,"language":"ENG","playtime":1679,"items_purged":[],"score":300,"play_id":"c22a04f3-36da-4023-9e02-8d4437604c4a","local_time":"20210122214014","is_ascension_mode":true,"campfire_choices":[{"floor":8.0,"key":"REST"},{"data":"Worship","floor":11.0,"key":"SMITH"},{"data":"SashWhip","floor":15.0,"key":"SMITH"},{"floor":24.0,"key":"REST"}],"circlet_count":0,"master_deck":["Strike_P+1","Strike_P","Strike_P","Strike_P+1","Defend_P","Defend_P","Defend_P","Defend_P","Eruption+1","Vigilance","Conclude","SashWhip+1","MasterReality","Worship+1","CutThroughFate","WheelKick","Halt","ThirdEye","ConjureBlade","Pray","Wireheading","ClearTheMind+1"],"relics":["PureWater","Torii","Golden Idol","Orichalcum","Ancient Tea Set","Whetstone","Art of War","Philosopher\u0027s Stone","Letter Opener"],"acts_visited":["Exordium","TheCity"],"potions_floor_usage":[],"damage_taken":[{"damage":7.0,"enemies":"Small Slimes","floor":1.0,"turns":3.0},{"damage":1.0,"enemies":"Cultist","floor":2.0,"turns":3.0},{"damage":10.0,"enemies":"Gremlin Nob","floor":6.0,"turns":3.0},{"damage":1.0,"enemies":"Jaw Worm","floor":7.0,"turns":2.0},{"damage":3.0,"enemies":"3 Sentries","floor":10.0,"turns":4.0},{"damage":0.0,"enemies":"Exordium Thugs","floor":12.0,"turns":4.0},{"damage":0.0,"enemies":"Lagavulin","floor":13.0,"turns":4.0},{"damage":2.0,"enemies":"Red Slaver","floor":14.0,"turns":3.0},{"damage":2.0,"enemies":"Hexaghost","floor":16.0,"turns":7.0},{"damage":1.0,"enemies":"Chosen","floor":18.0,"turns":4.0},{"damage":16.0,"enemies":"3 Byrds","floor":19.0,"turns":5.0},{"damage":2.0,"enemies":"Cultist and Chosen","floor":22.0,"turns":4.0},{"damage":1.0,"enemies":"Gremlin Leader","floor":23.0,"turns":2.0},{"damage":40.0,"enemies":"Slavers","floor":25.0,"turns":4.0}],"seed_played":"-6050096563229788181","potions_obtained":[{"floor":1.0,"key":"BottledMiracle"},{"floor":2.0,"key":"AttackPotion"},{"floor":7.0,"key":"Dexterity Potion"},{"floor":10.0,"key":"Explosive Potion"},{"floor":16.0,"key":"AttackPotion"},{"floor":22.0,"key":"SmokeBomb"}],"is_trial":false,"path_per_floor":["M","M","?","?","?","E","M","R","T","E","R","M","E","M","R","B",null,"M","M","$","?","M","E","R","E"],"character_chosen":"WATCHER","items_purchased":["Letter Opener","Wireheading"],"campfire_rested":2,"item_purchase_floors":[20,20],"current_hp_per_floor":[65,64,64,46,46,36,35,56,56,53,53,53,53,51,51,49,72,71,55,55,55,53,52,72,32,32],"gold":250,"neow_bonus":"ONE_RARE_RELIC","is_daily":false,"chose_seed":false,"campfire_upgraded":2,"win_rate":0.0,"timestamp":1611380414,"path_taken":["M","M","?","?","?","E","M","R","T","E","R","?","E","M","R","BOSS","M","M","$","?","M","E","R","E"],"items_purchased_type":["Relic","Card"],"build_version":"2020-12-18","purchased_purges":0,"victory":false,"max_hp_per_floor":[72,72,72,72,72,72,72,72,72,72,72,72,72,72,72,72,72,72,72,72,72,72,72,72,72,72],"card_choices":[{"not_picked":["Weave","Swivel"],"picked":"Conclude","floor":1.0},{"not_picked":["Weave","CutThroughFate"],"picked":"SashWhip","floor":2.0},{"not_picked":["ThirdEye","FollowUp"],"picked":"MasterReality","floor":6.0},{"not_picked":["FlurryOfBlows","ClearTheMind"],"picked":"Worship","floor":7.0},{"not_picked":["Evaluate","Conclude"],"picked":"CutThroughFate","floor":10.0},{"not_picked":["CutThroughFate","PathToVictory"],"picked":"WheelKick","floor":12.0},{"not_picked":["Vengeance","FollowUp"],"picked":"Halt","floor":13.0},{"not_picked":["Nirvana","FlyingSleeves"],"picked":"ThirdEye","floor":14.0},{"not_picked":["MasterReality","Judgement"],"picked":"ConjureBlade","floor":16.0},{"not_picked":["Nirvana","CrushJoints"],"picked":"Pray","floor":18.0},{"not_picked":["SashWhip","CrushJoints","Conclude"],"picked":"SKIP","floor":19.0},{"not_picked":["FlyingSleeves","MasterReality"],"picked":"ClearTheMind+1","floor":22.0}],"player_experience":2590290,"relics_obtained":[{"floor":6.0,"key":"Orichalcum"},{"floor":9.0,"key":"Ancient Tea Set"},{"floor":10.0,"key":"Whetstone"},{"floor":13.0,"key":"Art of War"}],"event_choices":[{"damage_healed":0.0,"max_hp_gain":0.0,"max_hp_loss":0.0,"gold_gain":60.0,"event_name":"Golden Wing","player_choice":"Gained Gold","floor":3.0,"gold_loss":0.0,"damage_taken":0.0},{"damage_healed":0.0,"max_hp_gain":0.0,"max_hp_loss":0.0,"gold_gain":0.0,"event_name":"Golden Idol","player_choice":"Take Damage","floor":4.0,"gold_loss":0.0,"damage_taken":18.0,"relics_obtained":["Golden Idol"]},{"damage_healed":0.0,"max_hp_gain":0.0,"max_hp_loss":0.0,"gold_gain":0.0,"event_name":"Upgrade Shrine","player_choice":"Upgraded","floor":5.0,"gold_loss":0.0,"damage_taken":0.0,"cards_upgraded":["Eruption"]},{"damage_healed":0.0,"max_hp_gain":0.0,"max_hp_loss":0.0,"gold_gain":99.0,"event_name":"Nest","player_choice":"Stole From Cult","floor":21.0,"gold_loss":0.0,"damage_taken":0.0}],"is_beta":true,"boss_relics":[{"not_picked":["Empty Cage","VioletLotus"],"picked":"Philosopher\u0027s Stone"}],"items_purged_floors":[],"is_endless":false,"potions_floor_spawned":[1,2,7,10,16,22],"killed_by":"Slavers","ascension_level":1}}