{"host":"w9399nasro87w70m","time":1611365021,"event":{"mods":["AchievementEnabler","BaseMod","Bestiary","Colored Map","Colored Powertips","Downfall","Highlight Path","Luminous","Minty Spire (QoL Compilation)","Rare Cards Sparkle","Relic Stats","Replay The Spire","StSLib"],"gold_per_floor":[118,136,148,43,55,55,88,88,88,88,102,133,133,149,149,245,245,260,280,159,176,194,194,222,222,222,222,222],"floor_reached":27,"language":"ENG","playtime":2744,"items_purged":["Strike_R"],"score":311,"play_id":"79c19734-f64e-46e0-be38-18a1f3b76e87","local_time":"20210122202341","is_ascension_mode":true,"campfire_choices":[{"data":"Shrug It Off","floor":6,"key":"SMITH"},{"floor":8,"key":"REST"},{"data":"Demon Form","floor":13,"key":"SMITH"},{"floor":15,"key":"REST"},{"data":"Pommel Strike","floor":23,"key":"SMITH"}],"circlet_count":0,"master_deck":["Strike_R+1","Strike_R+1","Strike_R+1","Strike_R+1","Defend_R+1","Defend_R+1","Defend_R+1","Defend_R+1","Bash","Rampage","Ghostly Armor","Barricade+1","Shrug It Off+1","Shrug It Off","Demon Form+1","Entrench","Reaper","Heavy Blade","ReplayReversal","Pommel Strike+1","Armaments","Metallicize","Body Slam"],"relics":["Replay:Bronze Core","Replay:WaspNest","Replay:Bottled Flurry","Bag of Marbles","Replay:Towering Pillar of Hats","Replay:Grab Bag","Cursed Key","Painkiller Herb","SlaversCollar","Strawberry"],"acts_visited":["Exordium","TheCity"],"potions_floor_usage":[8,16,16,16,21,24,27],"damage_taken":[{"damage":0,"enemies":"Cultist","floor":1,"turns":2},{"damage":12,"enemies":"Jaw Worm","floor":2,"turns":2},{"damage":3,"enemies":"Small Slimes","floor":3,"turns":3},{"damage":6,"enemies":"Looter","floor":5,"turns":4},{"damage":51,"enemies":"Gremlin Nob","floor":7,"turns":5},{"damage":7,"enemies":"Exordium Thugs","floor":11,"turns":4},{"damage":0,"enemies":"Lagavulin","floor":12,"turns":8},{"damage":2,"enemies":"2 Fungi Beasts","floor":14,"turns":4},{"damage":11,"enemies":"Hexaghost","floor":16,"turns":8},{"damage":25,"enemies":"Spheric Guardian","floor":18,"turns":8},{"damage":25,"enemies":"2 Thieves","floor":19,"turns":4},{"damage":3,"enemies":"Centurion and Healer","floor":21,"turns":7},{"damage":19,"enemies":"Snake Plant","floor":22,"turns":6},{"damage":15,"enemies":"Book of Stabbing","floor":24,"turns":7},{"damage":38,"enemies":"Chosen and Byrds","floor":27,"turns":5}],"seed_played":"-6859569574376014821","potions_obtained":[{"floor":1,"key":"LifebloodPotion"},{"floor":5,"key":"BloodPotion"},{"floor":7,"key":"LiquidBronze"},{"floor":11,"key":"SmokeBomb"},{"floor":14,"key":"BloodPotion"},{"floor":18,"key":"Energy Potion"},{"floor":19,"key":"sneckomod:MuddlingPotion"},{"floor":24,"key":"Fruit Juice"}],"is_trial":false,"path_per_floor":["M","M","M","$","M","R","E","R","T","?","M","E","R","M","R","B",null,"?","?","T","?","?","T","E","?","T","?"],"character_chosen":"IRONCLAD","items_purchased":["Barricade+1","Pommel Strike"],"campfire_rested":2,"item_purchase_floors":[4,20],"current_hp_per_floor":[80,68,65,65,59,59,8,48,48,30,23,23,23,21,45,50,80,55,30,30,39,32,32,29,29,29,0,0],"gold":222,"neow_bonus":"BOSS_RELIC","is_daily":false,"chose_seed":false,"campfire_upgraded":3,"win_rate":0.0,"timestamp":1611365021,"path_taken":["M","?","M","$","M","R","E","R","T","?","M","E","R","M","R","BOSS","?","?","T","?","?","T","E","?","T","?"],"items_purchased_type":["Card","Card"],"build_version":"2020-12-22","purchased_purges":1,"victory":false,"max_hp_per_floor":[80,80,80,80,80,80,80,80,80,80,80,80,80,80,80,80,80,80,80,80,80,80,80,92,92,92,92,92],"relic_stats":{"counters":[15,77],"Cursed Key":0,"obtain_stats":[{"SlaversCollar":17,"Replay:Towering Pillar of Hats":12,"Replay:Bronze Core":0,"Replay:Grab Bag":17,"Strawberry":24,"Painkiller Herb":17,"Replay:WaspNest":7,"Replay:Bottled Flurry":9,"Bag of Marbles":10,"Cursed Key":17,"Burning Blood":0},{"SlaversCollar":9,"Replay:Towering Pillar of Hats":7,"Replay:Bronze Core":0,"Replay:Grab Bag":9,"Strawberry":14,"Painkiller Herb":9,"Replay:WaspNest":5,"Replay:Bottled Flurry":5,"Bag of Marbles":5,"Cursed Key":9,"Burning Blood":0},{"SlaversCollar":40,"Replay:Towering Pillar of Hats":28,"Replay:Bronze Core":0,"Replay:Grab Bag":40,"Strawberry":72,"Painkiller Herb":40,"Replay:WaspNest":16,"Replay:Bottled Flurry":16,"Bag of Marbles":16,"Cursed Key":40,"Burning Blood":0}]},"card_choices":[{"not_picked":["Clothesline","Headbutt","Run Through"],"picked":"SKIP","floor":1},{"not_picked":["Clothesline","Twin Strike"],"picked":"Rampage","floor":2},{"not_picked":["Run Through","Massacre"],"picked":"Ghostly Armor","floor":3},{"not_picked":["Juggernaut","Second Wind"],"picked":"Shrug It Off","floor":5},{"not_picked":["Fire Breathing","Life Link"],"picked":"Shrug It Off","floor":7},{"not_picked":["Anger","Dual Wield","Defy Death"],"picked":"SKIP","floor":11},{"not_picked":["Berserk","Cleave"],"picked":"Demon Form","floor":12},{"not_picked":["Headbutt","Clash"],"picked":"Entrench","floor":14},{"not_picked":["Eclipse","Berserk"],"picked":"Reaper","floor":16},{"not_picked":["Rage+1","Flex+1"],"picked":"Heavy Blade","floor":18},{"not_picked":["Thunderclap","Headbutt+1"],"picked":"ReplayReversal","floor":19},{"not_picked":["Flex","Anger"],"picked":"Armaments","floor":21},{"not_picked":["Twin Strike+1","Fire Breathing"],"picked":"Metallicize","floor":22},{"not_picked":["Blood for Blood","Metallicize"],"picked":"Body Slam","floor":24}],"player_experience":95946,"relics_obtained":[{"floor":7,"key":"Replay:WaspNest"},{"floor":9,"key":"Replay:Bottled Flurry"},{"floor":12,"key":"Replay:Towering Pillar of Hats"},{"floor":24,"key":"Strawberry"}],"event_choices":[{"damage_healed":0,"gold_gain":0,"player_choice":"Success","damage_taken":18,"relics_obtained":["Bag of Marbles"],"max_hp_gain":0,"max_hp_loss":0,"event_name":"Scrap Ooze","floor":10,"gold_loss":0},{"damage_healed":0,"gold_gain":0,"player_choice":"Simplicity","damage_taken":0,"max_hp_gain":0,"max_hp_loss":0,"event_name":"Back to Basics","floor":25,"gold_loss":0,"cards_upgraded":["Strike_R","Strike_R","Strike_R","Strike_R","Defend_R","Defend_R","Defend_R","Defend_R"]}],"is_beta":false,"boss_relics":[{"not_picked":["Empty Cage","Ectoplasm"],"picked":"Replay:Grab Bag"},{"not_picked":["Ooze Armor","Velvet Choker"],"picked":"Cursed Key"},{"not_picked":["ReplayTheSpireMod:DimensionalGlitch","Fusion Hammer"],"picked":"Painkiller Herb"},{"not_picked":["Runic Cube","Replay:Drink Me"],"picked":"SlaversCollar"}],"items_purged_floors":[20],"is_endless":false,"potions_floor_spawned":[1,5,7,11,14,18,19,24],"killed_by":"Chosen and Byrds","ascension_level":3}}