{"host":"uwn09o5xwhkruua3","time":1611367450,"event":{"mods":["BaseMod","Colored Map","Colored Powertips","Conspire","Downfall","Gold Saver","Highlight Path","Hubris","Minty Spire (QoL Compilation)","Replay The Spire","StSLib"],"gold_per_floor":[1154,571,646,659,676,676,694,694,721,748,761,761,787,30,30,30,30],"floor_reached":16,"language":"ENG","playtime":632,"items_purged":["Strike_R","Strike_R"],"score":165,"play_id":"9f30629f-9c41-4a1a-baf0-1c24ec71d08a","local_time":"20210122200410","is_ascension_mode":true,"campfire_choices":[{"floor":6,"key":"DIG"},{"floor":8,"key":"DIG"},{"floor":15,"key":"REST"}],"circlet_count":0,"master_deck":["AscendersBane","Strike_R","Strike_R","Strike_R","Defend_R","Defend_R","Defend_R","Defend_R","Bash","Bludgeon","Metallicize","Cleave","Bloodletting","Clothesline+1","Inflame","Flex"],"relics":["Burning Blood","HandDrill","Shovel","Pear","Boot","Centennial Puzzle","Bottled Tornado","PreservedInsect","Replay:Multitool","Letter Opener"],"acts_visited":["Exordium"],"potions_floor_usage":[10,10,13,13,16],"damage_taken":[{"damage":12,"enemies":"Jaw Worm","floor":1,"turns":2},{"damage":3,"enemies":"Cultist","floor":4,"turns":3},{"damage":6,"enemies":"conspire:RoseBush","floor":5,"turns":4},{"damage":15,"enemies":"Red Slaver","floor":7,"turns":3},{"damage":36,"enemies":"3 Sentries","floor":10,"turns":7},{"damage":13,"enemies":"2 Fungi Beasts","floor":11,"turns":4},{"damage":14,"enemies":"Replay:BlueRogue","floor":13,"turns":4},{"damage":42,"enemies":"The Guardian","floor":16,"turns":10}],"seed_played":"-5164816967346275067","potions_obtained":[{"floor":5,"key":"Strength Potion"},{"floor":7,"key":"bronze:BurnAndBuffPotion"},{"floor":11,"key":"sneckomod:MuddlingPotion"}],"is_trial":false,"path_per_floor":["M","$","?","M","M","R","M","R","T","E","M","?","E","$","R","B"],"character_chosen":"IRONCLAD","items_purchased":["HandDrill","Shovel","Fire Potion","Replay:Multitool","SteroidPotion","Flex","Letter Opener"],"campfire_rested":1,"item_purchase_floors":[2,2,2,14,14,14,14],"current_hp_per_floor":[66,66,59,62,62,72,63,63,63,33,26,26,18,18,42,0,0],"gold":30,"neow_bonus":"THREE_RARE_CARDS","is_daily":false,"chose_seed":false,"campfire_upgraded":0,"win_rate":0.0,"timestamp":1611367450,"path_taken":["M","$","?","M","M","R","?","R","T","E","M","?","E","$","R","BOSS"],"items_purchased_type":["Relic","Relic","Potion","Relic","Potion","Card","Relic"],"build_version":"2020-12-22","purchased_purges":2,"victory":false,"max_hp_per_floor":[72,72,72,72,72,82,82,82,82,82,82,82,82,82,82,82,82],"card_choices":[{"not_picked":["Demonic Infusion","Hemogenesis"],"picked":"Bludgeon","floor":0},{"not_picked":["Havoc","Flex"],"picked":"Metallicize","floor":1},{"not_picked":["Havoc","Burning Pact"],"picked":"Cleave","floor":4},{"not_picked":["Body Slam","Cleave"],"picked":"Bloodletting","floor":5},{"not_picked":["Iron Wave","Feel No Pain"],"picked":"Clothesline","floor":7},{"not_picked":["Dark Embrace","Rupture","Battle Trance"],"picked":"SKIP","floor":10},{"not_picked":["Juggernaut","Combust","Wild Strike"],"picked":"SKIP","floor":11},{"not_picked":["Combust","ReplayTheSpireMod:Strike From Hell"],"picked":"Inflame","floor":13}],"player_experience":191013,"relics_obtained":[{"floor":6,"key":"Pear"},{"floor":8,"key":"Boot"},{"floor":9,"key":"Centennial Puzzle"},{"floor":10,"key":"Bottled Tornado"},{"floor":13,"key":"PreservedInsect"}],"event_choices":[{"damage_healed":0,"gold_gain":75,"player_choice":"Touch","damage_taken":7,"max_hp_gain":0,"max_hp_loss":0,"event_name":"FaceTrader","floor":3,"gold_loss":0},{"damage_healed":0,"gold_gain":0,"player_choice":"Upgraded","damage_taken":0,"max_hp_gain":0,"max_hp_loss":0,"event_name":"Upgrade Shrine","floor":12,"gold_loss":0,"cards_upgraded":["Clothesline"]}],"is_beta":false,"boss_relics":[],"items_purged_floors":[2,14],"is_endless":false,"potions_floor_spawned":[5,7,11],"killed_by":"The Guardian","ascension_level":10}}