{"host":"jpzdg3po3tjxdjri","time":1611439425,"event":{"mods":["BaseMod","Better Third Choice","Colored Map","Colored Powertips","Minty Spire (QoL Compilation)","StSLib"],"gold_per_floor":[115,115,130,149,162,190,44,76,76,76,86,97,128,1,1,103,103,122,132,132,132,150,150,161,4,4,21,21,40,40,40,40],"floor_reached":31,"language":"ENG","playtime":1205,"items_purged":["Strike_P"],"score":376,"play_id":"f0970132-7001-4c21-bbd9-f42c88f6c545","local_time":"20210123220345","is_ascension_mode":true,"campfire_choices":[{"floor":10.0,"key":"REST"},{"floor":15.0,"key":"REST"},{"floor":23,"key":"REST"},{"floor":30,"key":"REST"}],"circlet_count":0,"master_deck":["Strike_P","Strike_P","Strike_P+1","Defend_P","Defend_P","Defend_P+1","Defend_P","Eruption+1","Vigilance","FlurryOfBlows","PathToVictory","Protect","WindmillStrike","MentalFortress","LessonLearned","Swivel+1","Wireheading","PathToVictory","EmptyBody","Establishment","Consecrate","PathToVictory","Adaptation","Alpha","Doubt","Consecrate+1","EmptyBody"],"relics":["PureWater","NeowsBlessing","Incense Burner","Pen Nib","Vajra","Bottled Lightning","Eternal Feather","Cursed Key","Blood Vial","Gambling Chip"],"acts_visited":["Exordium","TheCity"],"potions_floor_usage":[27,29],"damage_taken":[{"damage":0.0,"enemies":"2 Louse","floor":1.0,"turns":2.0},{"damage":0.0,"enemies":"Cultist","floor":3.0,"turns":1.0},{"damage":0.0,"enemies":"Jaw Worm","floor":4.0,"turns":1.0},{"damage":0.0,"enemies":"3 Louse","floor":5.0,"turns":3.0},{"damage":42.0,"enemies":"Gremlin Nob","floor":6.0,"turns":4.0},{"damage":19.0,"enemies":"Lagavulin","floor":8.0,"turns":7.0},{"damage":12.0,"enemies":"Lots of Slimes","floor":11.0,"turns":4.0},{"damage":4.0,"enemies":"Looter","floor":12.0,"turns":5.0},{"damage":1.0,"enemies":"Gremlin Nob","floor":13.0,"turns":3.0},{"damage":19.0,"enemies":"Hexaghost","floor":16.0,"turns":8.0},{"damage":23.0,"enemies":"3 Byrds","floor":18.0,"turns":7.0},{"damage":10.0,"enemies":"Shell Parasite","floor":19.0,"turns":6.0},{"damage":6,"enemies":"Centurion and Healer","floor":22,"turns":5},{"damage":1,"enemies":"Chosen and Byrds","floor":24,"turns":4},{"damage":35,"enemies":"Snake Plant","floor":27,"turns":3},{"damage":8,"enemies":"Shelled Parasite and Fungi","floor":29,"turns":5},{"damage":47,"enemies":"Chosen and Byrds","floor":31,"turns":6}],"seed_played":"-6009324562872919648","potions_obtained":[{"floor":3.0,"key":"PowerPotion"},{"floor":5.0,"key":"BottledMiracle"},{"floor":8.0,"key":"Block Potion"},{"floor":11.0,"key":"GamblersBrew"},{"floor":12.0,"key":"Ancient Potion"},{"floor":13.0,"key":"Block Potion"},{"floor":18.0,"key":"AttackPotion"},{"floor":27,"key":"Explosive Potion"}],"is_trial":false,"path_per_floor":["M","?","M","M","M","E","$","E","T","R","M","M","E","$","R","B",null,"M","M","?","?","M","R","M","$","T","M","$","M","R","M"],"character_chosen":"WATCHER","items_purchased":["Pen Nib","EmptyBody","Blood Vial"],"campfire_rested":4,"item_purchase_floors":[7,14,25],"current_hp_per_floor":[65,65,65,65,65,23,23,4,4,25,13,9,8,8,38,19,59,36,26,13,13,7,42,41,41,41,8,8,2,40,0,0],"gold":40,"neow_bonus":"THREE_ENEMY_KILL","is_daily":false,"chose_seed":false,"campfire_upgraded":0,"win_rate":0.0,"timestamp":1611439425,"path_taken":["M","?","M","?","M","E","$","E","T","R","M","M","E","?","R","BOSS","M","M","?","?","M","R","M","$","T","M","?","M","R","M"],"items_purchased_type":["Relic","Card","Relic"],"build_version":"2020-12-22","purchased_purges":1,"victory":false,"max_hp_per_floor":[72,72,72,72,72,72,72,72,72,72,72,72,72,72,72,72,72,72,72,77,77,77,77,77,77,77,77,77,77,77,77,77],"card_choices":[{"not_picked":["InnerPeace","JustLucky"],"picked":"FlurryOfBlows","floor":1.0},{"not_picked":["Consecrate","Crescendo"],"picked":"PathToVictory","floor":3.0},{"not_picked":["Wireheading","BowlingBash"],"picked":"Protect","floor":4.0},{"not_picked":["SandsOfTime","Protect"],"picked":"WindmillStrike","floor":5.0},{"not_picked":["EmptyFist","FlyingSleeves"],"picked":"MentalFortress","floor":6.0},{"not_picked":["Tantrum","FlurryOfBlows"],"picked":"LessonLearned","floor":8.0},{"not_picked":["JustLucky","Weave"],"picked":"Swivel","floor":11.0},{"not_picked":["InnerPeace","Evaluate"],"picked":"Wireheading","floor":12.0},{"not_picked":["Weave","ClearTheMind"],"picked":"PathToVictory","floor":13.0},{"not_picked":["Brilliance","MasterReality"],"picked":"Establishment","floor":16.0},{"not_picked":["FlyingSleeves","FollowUp"],"picked":"Consecrate","floor":18.0},{"not_picked":["CarveReality+1","BowlingBash+1"],"picked":"PathToVictory","floor":19},{"not_picked":["FlyingSleeves","Protect"],"picked":"Adaptation","floor":22},{"not_picked":["Crescendo","ThirdEye"],"picked":"Alpha","floor":24},{"not_picked":["Fasting2","Worship"],"picked":"Consecrate+1","floor":27},{"not_picked":["Weave","SashWhip"],"picked":"EmptyBody","floor":29}],"player_experience":854202,"relics_obtained":[{"floor":6.0,"key":"Incense Burner"},{"floor":8.0,"key":"Vajra"},{"floor":9.0,"key":"Bottled Lightning"},{"floor":13.0,"key":"Eternal Feather"},{"floor":26,"key":"Gambling Chip"}],"event_choices":[{"damage_healed":0.0,"max_hp_gain":0.0,"max_hp_loss":0.0,"gold_gain":0.0,"event_name":"Accursed Blacksmith","player_choice":"Forge","floor":2.0,"gold_loss":0.0,"damage_taken":0.0,"cards_upgraded":["Eruption"]},{"damage_healed":0,"gold_gain":0,"player_choice":"Shed Blood","damage_taken":18,"max_hp_gain":5,"max_hp_loss":0,"event_name":"Forgotten Altar","floor":20,"gold_loss":0},{"damage_healed":0,"gold_gain":0,"player_choice":"Ignored","damage_taken":0,"max_hp_gain":0,"max_hp_loss":0,"event_name":"Cursed Tome","floor":21,"gold_loss":0}],"is_beta":false,"boss_relics":[{"not_picked":["Coffee Dripper","Black Star"],"picked":"Cursed Key"}],"items_purged_floors":[14],"is_endless":false,"potions_floor_spawned":[3,5,8,11,12,13,18,27],"killed_by":"Chosen and Byrds","ascension_level":9}}