{"host":"l5xpox9cbdko122s","time":1611434829,"event":{"mods":["AchievementEnabler","BaseMod","Better Skull","Colored Map","Colored Powertips","Curses Come First","Displayed Cursed Tome","Hermit","Highlight Path","Minty Spire (QoL Compilation)","Quick Restart","Shop Mod","StSLib"],"gold_per_floor":[215,215,215,215,234,265,62,62,115,115,128,152,6,68,68,191,191,216,176,195,221,221,221,242,242,242],"floor_reached":25,"language":"ENG","playtime":1057,"items_purged":[],"score":249,"play_id":"728b3b9f-39f1-44c4-a74e-66624d94ebe4","local_time":"20210123154709","is_ascension_mode":false,"campfire_choices":[{"floor":8,"key":"RECALL"},{"floor":10,"key":"REST"},{"data":"Fire Breathing","floor":15,"key":"SMITH"},{"floor":23,"key":"REST"}],"circlet_count":0,"master_deck":["Strike_R+1","Strike_R","Strike_R+1","Strike_R+1","Strike_R","Defend_R","Defend_R","Defend_R","Defend_R","Bash+1","Injury","Cleave","Fire Breathing+1","Thunderclap","Fire Breathing","Bash","Disarm","Dual Wield"],"relics":["Black Blood","Golden Idol","MerchantsRug","Lantern","Sling"],"acts_visited":["Exordium","TheCity"],"potions_floor_usage":[6,16,20,24,24],"damage_taken":[{"damage":3,"enemies":"Small Slimes","floor":1,"turns":4},{"damage":1,"enemies":"Jaw Worm","floor":5,"turns":3},{"damage":56,"enemies":"Lagavulin","floor":6,"turns":7},{"damage":0,"enemies":"Cultist","floor":11,"turns":3},{"damage":6,"enemies":"3 Louse","floor":12,"turns":2},{"damage":0,"enemies":"Slime Boss","floor":16,"turns":5},{"damage":14,"enemies":"Chosen","floor":18,"turns":5},{"damage":46,"enemies":"Spheric Guardian","floor":20,"turns":6},{"damage":50,"enemies":"Centurion and Healer","floor":24,"turns":9},{"damage":35,"enemies":"Snake Plant","floor":25,"turns":4}],"seed_played":"-6151941164039539350","potions_obtained":[{"floor":1,"key":"FearPotion"},{"floor":6,"key":"FearPotion"},{"floor":12,"key":"SteroidPotion"},{"floor":18,"key":"Swift Potion"},{"floor":20,"key":"PowerPotion"}],"is_trial":false,"path_per_floor":["M","?","?","?","M","E","$","R","T","R","M","M","$","?","R","B",null,"M","?","M","T","?","R","M","M"],"character_chosen":"IRONCLAD","items_purchased":["MerchantsRug","Thunderclap","Sling"],"campfire_rested":2,"item_purchase_floors":[7,7,13],"current_hp_per_floor":[80,80,80,80,80,30,30,30,30,54,60,60,60,60,60,66,80,78,78,44,44,44,68,30,0,0],"gold":242,"neow_bonus":"HUNDRED_GOLD","is_daily":false,"chose_seed":false,"campfire_upgraded":1,"win_rate":0.0,"timestamp":1611434829,"path_taken":["M","?","?","?","?","E","$","R","T","R","M","M","$","?","R","BOSS","M","?","?","?","?","R","M","M"],"items_purchased_type":["Relic","Card","Relic"],"build_version":"2020-12-22","purchased_purges":0,"victory":false,"max_hp_per_floor":[80,80,80,80,80,80,80,80,80,80,80,80,80,80,80,80,80,80,80,80,80,80,80,80,80,80],"card_choices":[{"not_picked":["Bloodletting","Sword Boomerang","Metallicize"],"picked":"SKIP","floor":1},{"not_picked":["Pommel Strike","Clothesline"],"picked":"Cleave","floor":5},{"not_picked":["Heavy Blade","Sever Soul"],"picked":"Fire Breathing","floor":6},{"not_picked":["Sentinel","Intimidate","Warcry"],"picked":"SKIP","floor":11},{"not_picked":["Headbutt","Impervious","Thunderclap"],"picked":"SKIP","floor":12},{"not_picked":["Flex","Bloodletting","Heavy Blade"],"picked":"SKIP","floor":18},{"not_picked":["Warcry","Pommel Strike"],"picked":"Fire Breathing","floor":20},{"not_picked":["True Grit+1","Sever Soul"],"picked":"Dual Wield","floor":24}],"player_experience":183745,"relics_obtained":[{"floor":6,"key":"Whetstone"},{"floor":9,"key":"Lantern"}],"event_choices":[{"damage_healed":0,"gold_gain":0,"player_choice":"Take Wound","damage_taken":0,"relics_obtained":["Golden Idol"],"max_hp_gain":0,"max_hp_loss":0,"event_name":"Golden Idol","floor":2,"gold_loss":0,"cards_obtained":["Injury"]},{"damage_healed":0,"gold_gain":0,"player_choice":"Ignored","damage_taken":0,"max_hp_gain":0,"max_hp_loss":0,"event_name":"Shining Light","floor":3,"gold_loss":0},{"damage_healed":0,"gold_gain":0,"player_choice":"Ignored","damage_taken":0,"max_hp_gain":0,"max_hp_loss":0,"event_name":"Transmorgrifier","floor":4,"gold_loss":0},{"damage_healed":0,"gold_gain":62,"player_choice":"Gained Gold","damage_taken":0,"max_hp_gain":0,"max_hp_loss":0,"event_name":"Golden Wing","floor":14,"gold_loss":0},{"damage_healed":0,"gold_gain":0,"player_choice":"Upgraded Two","damage_taken":0,"max_hp_gain":0,"max_hp_loss":0,"event_name":"Designer","floor":19,"gold_loss":40,"cards_upgraded":["Strike_R","Strike_R"]},{"damage_healed":0,"gold_gain":0,"player_choice":"2 cards matched","damage_taken":0,"max_hp_gain":0,"max_hp_loss":0,"event_name":"Match and Keep!","floor":22,"gold_loss":0,"cards_obtained":["Bash","Disarm"]}],"is_beta":false,"boss_relics":[{"not_picked":["Coffee Dripper","Snecko Eye"],"picked":"Black Blood"}],"items_purged_floors":[],"is_endless":false,"potions_floor_spawned":[1,6,12,18,20],"killed_by":"Snake Plant","ascension_level":0}}