{"host":"szzymzkf8nw8othj","time":1611391327,"event":{"mods":["AchievementEnabler","BaseMod","Downfall","Minty Spire (QoL Compilation)","Replay The Spire","StSLib","The Animator"],"gold_per_floor":[99,109,124,134,134,134,158,58,90,90,123,140,76,76,91,91,91,91],"floor_reached":16,"language":"ENG","playtime":1153,"items_purged":[],"score":110,"play_id":"570e7cfd-c936-4d06-8c7e-dae074cb803f","local_time":"20210123034207","is_ascension_mode":false,"campfire_choices":[{"data":"champ:Taunt","floor":1,"key":"SMITH"},{"floor":6,"key":"RECALL"},{"data":"champ:FanOfKnives","floor":8,"key":"SMITH"}],"circlet_count":0,"master_deck":["champ:Strike","champ:Strike","champ:Strike","champ:Strike","champ:Defend","champ:Defend","champ:Defend","champ:Defend","champ:Execute","champ:Taunt+1","champ:BringItOn","champ:FanOfKnives+1","champ:SteelEdge","champ:PreemptiveStrike","champ:RapidStrikes","champ:AdrenalArmor","champ:DefensiveShout","champ:FanOfKnives+1","champ:FlashCut"],"relics":["champ:ChampionCrown","hexamod:BolsterEngine","downfall:HeartBlessingRed","Ancient Tea Set","Meat on the Bone"],"acts_visited":[],"potions_floor_usage":[0,9,11,12,15,16],"damage_taken":[{"damage":15,"enemies":"Small Slimes","floor":2,"turns":3},{"damage":0,"enemies":"2 Louse","floor":3,"turns":2},{"damage":0,"enemies":"Cultist","floor":4,"turns":3},{"damage":29,"enemies":"3 Sentries","floor":9,"turns":4},{"damage":24,"enemies":"Replay:BlueRogue","floor":11,"turns":4},{"damage":0,"enemies":"Blue Slaver","floor":12,"turns":4},{"damage":10,"enemies":"downfall:FleeingMerchant","floor":13,"turns":4},{"damage":10,"enemies":"Exordium Thugs","floor":15,"turns":4},{"damage":82,"enemies":"IC_STATUS_ARCHETYPE","floor":16,"turns":8}],"seed_played":"6056128463791717264","potions_obtained":[{"floor":0,"key":"Flashbang"},{"floor":0,"key":"ColorlessPotion"},{"floor":0,"key":"Fruit Juice"},{"floor":2,"key":"Adrenaline Potion"},{"floor":3,"key":"Elixir"},{"floor":9,"key":"AttackPotion"}],"is_trial":false,"path_per_floor":["R","M","M","M","?","R","T","R","E","?","E","M","$","?","M","B"],"character_chosen":"THE_CHAMP","items_purchased":["Block Potion"],"campfire_rested":0,"item_purchase_floors":[13],"current_hp_per_floor":[95,90,90,90,87,87,87,87,78,83,69,69,69,69,69,0,0,0],"gold":91,"neow_bonus":"THREE_SMALL_POTIONS","is_daily":false,"chose_seed":false,"campfire_upgraded":2,"win_rate":0.0,"timestamp":1611391327,"path_taken":["R","M","M","M","?","R","T","R","E","?","E","M","$","?","M","BOSS"],"items_purchased_type":["Potion"],"build_version":"2020-12-22","purchased_purges":0,"victory":false,"max_hp_per_floor":[95,95,95,95,95,95,95,95,95,100,100,100,100,100,100,100,100,100],"card_choices":[{"not_picked":["champ:BladeFlurry","champ:TornadoPunch"],"picked":"champ:BringItOn","floor":2},{"not_picked":["champ:BringItOn","champ:EnragedBash"],"picked":"champ:FanOfKnives","floor":3},{"not_picked":["champ:DefensiveShout","champ:PreemptiveStrike"],"picked":"champ:SteelEdge","floor":4},{"not_picked":["champ:Shatter","champ:HeartStrike"],"picked":"champ:PreemptiveStrike","floor":9},{"not_picked":["champ:Circumvent","champ:CalledShot"],"picked":"champ:RapidStrikes","floor":11},{"not_picked":["champ:BerserkerStyle","champ:FalseCounter"],"picked":"champ:AdrenalArmor","floor":12},{"not_picked":["champ:StanceDance","champ:CrownThrow"],"picked":"champ:DefensiveShout","floor":13},{"not_picked":["champ:FancyFootwork","champ:StanceDance"],"picked":"champ:FlashCut","floor":15}],"player_experience":770543,"relics_obtained":[{"floor":9,"key":"Ancient Tea Set"},{"floor":11,"key":"Meat on the Bone"}],"event_choices":[{"damage_healed":0,"gold_gain":0,"player_choice":"Success","damage_taken":3,"relics_obtained":["hexamod:BolsterEngine"],"max_hp_gain":0,"max_hp_loss":0,"event_name":"Scrap Ooze","floor":5,"gold_loss":0},{"damage_healed":0,"gold_gain":0,"player_choice":"Donut","damage_taken":0,"max_hp_gain":5,"max_hp_loss":0,"event_name":"Big Fish","floor":10,"gold_loss":0}],"is_beta":false,"boss_relics":[],"items_purged_floors":[],"is_endless":false,"potions_floor_spawned":[2,3,9],"killed_by":"IC_STATUS_ARCHETYPE","ascension_level":0}}