{"host":"yvb207ks1sg3cxef","time":1611400329,"event":{"mods":["2.2 Compatiblity","BaseMod","Bestiary","Colored Powertips","Minty Spire (QoL Compilation)","Permanent Neow","Quick Restart","Relic Stats","StSLib"],"gold_per_floor":[13,13,31,48,48,48,86,110,137,137,162,205,205,243,243,243,243],"floor_reached":16,"language":"ENG","playtime":574,"items_purged":[],"score":290,"play_id":"9bbc3472-ecb7-44ab-a3e5-d3b92f0711fb","local_time":"20210123164209","is_ascension_mode":true,"campfire_choices":[{"data":"Quick Slash","floor":6.0,"key":"SMITH"},{"floor":13.0,"key":"REST"},{"data":"Bouncing Flask","floor":15.0,"key":"SMITH"}],"circlet_count":0,"master_deck":["AscendersBane","Strike_G","Strike_G","Strike_G","Strike_G","Strike_G","Defend_G","Defend_G","Defend_G","Defend_G","Defend_G","Survivor","Neutralize+1","Master of Strategy+1","Masterful Stab","Quick Slash+1","Underhanded Strike","Underhanded Strike","Adrenaline","Bouncing Flask+1"],"relics":["Ring of the Snake","Golden Idol","Smiling Mask","Happy Flower","Vajra","Matryoshka"],"acts_visited":["Exordium"],"potions_floor_usage":[16],"damage_taken":[{"damage":1.0,"enemies":"Jaw Worm","floor":1.0,"turns":4.0},{"damage":0.0,"enemies":"2 Louse","floor":3.0,"turns":2.0},{"damage":0.0,"enemies":"Cultist","floor":4.0,"turns":3.0},{"damage":37.0,"enemies":"3 Sentries","floor":7.0,"turns":11.0},{"damage":0.0,"enemies":"Exordium Thugs","floor":8.0,"turns":4.0},{"damage":8.0,"enemies":"Large Slime","floor":11.0,"turns":6.0},{"damage":0.0,"enemies":"Lagavulin","floor":12.0,"turns":3.0},{"damage":7.0,"enemies":"3 Sentries","floor":14.0,"turns":5.0},{"damage":41,"enemies":"Slime Boss","floor":16,"turns":6}],"seed_played":"610550212792367183","potions_obtained":[{"floor":8.0,"key":"AttackPotion"},{"floor":11.0,"key":"Poison Potion"},{"floor":14.0,"key":"LiquidMemories"}],"is_trial":false,"path_per_floor":["M","?","M","M","?","R","E","M","T","?","M","E","R","E","R","B"],"character_chosen":"THE_SILENT","items_purchased":[],"campfire_rested":1,"item_purchase_floors":[],"current_hp_per_floor":[58,58,58,58,58,58,21,21,21,21,13,13,31,24,24,0,0],"gold":243,"neow_bonus":"RANDOM_COLORLESS_2","is_daily":false,"chose_seed":false,"campfire_upgraded":2,"win_rate":0.0,"timestamp":1611400329,"path_taken":["M","?","M","M","?","R","E","M","T","?","M","E","R","E","R","BOSS"],"items_purchased_type":[],"build_version":"2020-12-22","purchased_purges":0,"victory":false,"max_hp_per_floor":[66,66,66,66,60,60,60,60,60,60,60,60,60,60,60,60,60],"relic_stats":{"Happy Flower":[6],"counters":[9,44],"Golden Idol":35,"Smiling Mask":0,"obtain_stats":[{"Matryoshka":14,"Happy Flower":9,"Golden Idol":5,"Vajra":12,"Smiling Mask":7,"Ring of the Snake":0},{"Matryoshka":8,"Happy Flower":5,"Golden Idol":3,"Vajra":7,"Smiling Mask":4,"Ring of the Snake":0},{"Matryoshka":38,"Happy Flower":24,"Golden Idol":9,"Vajra":33,"Smiling Mask":20,"Ring of the Snake":0}],"Ring of the Snake":[18]},"card_choices":[{"not_picked":["Transmutation","Violence"],"picked":"Master of Strategy","floor":0.0},{"not_picked":["Slice","Poisoned Stab"],"picked":"Masterful Stab","floor":1.0},{"not_picked":["Riddle With Holes","Flying Knee"],"picked":"Quick Slash","floor":3.0},{"not_picked":["PiercingWail","Setup","Flying Knee"],"picked":"SKIP","floor":4.0},{"not_picked":["Acrobatics","Bane"],"picked":"Underhanded Strike","floor":7.0},{"not_picked":["Blade Dance","Bane"],"picked":"Underhanded Strike","floor":8.0},{"not_picked":["Deadly Poison","Dagger Throw"],"picked":"Adrenaline","floor":11.0},{"not_picked":["Poisoned Stab","PiercingWail"],"picked":"Bouncing Flask","floor":12.0},{"not_picked":["Slice","Expertise","Quick Slash"],"picked":"SKIP","floor":14.0}],"player_experience":418283,"relics_obtained":[{"floor":7.0,"key":"Smiling Mask"},{"floor":9.0,"key":"Happy Flower"},{"floor":12.0,"key":"Vajra"},{"floor":14.0,"key":"Matryoshka"}],"event_choices":[{"damage_healed":0.0,"max_hp_gain":0.0,"max_hp_loss":0.0,"gold_gain":0.0,"event_name":"Living Wall","player_choice":"Grow","floor":2.0,"gold_loss":0.0,"damage_taken":0.0,"cards_upgraded":["Neutralize"]},{"damage_healed":0.0,"max_hp_gain":0.0,"max_hp_loss":6.0,"gold_gain":0.0,"event_name":"Golden Idol","player_choice":"Lose Max HP","floor":5.0,"gold_loss":0.0,"damage_taken":0.0,"relics_obtained":["Golden Idol"]},{"damage_healed":0.0,"max_hp_gain":0.0,"max_hp_loss":0.0,"gold_gain":0.0,"event_name":"Upgrade Shrine","player_choice":"Upgraded","floor":10.0,"gold_loss":0.0,"damage_taken":0.0,"cards_upgraded":["Master of Strategy"]}],"is_beta":false,"boss_relics":[],"items_purged_floors":[],"is_endless":false,"potions_floor_spawned":[8,11,14],"killed_by":"Slime Boss","ascension_level":20}}