{"host":"7vyuhf36gh5rmcz2","time":1611425011,"event":{"mods":["AchievementEnabler","BaseMod","Highlight Path","Minty Spire (QoL Compilation)","StSLib"],"gold_per_floor":[109,109,284,284,299,343,343,357,381,381,415,133,151,223,223,352,352,372,415,8,8,8,8,51,65,65,99,117,117,117],"floor_reached":29,"language":"ENG","playtime":1622,"items_purged":["Doubt","Strike_R"],"score":440,"play_id":"cef477ae-fac5-414b-9d41-921b29454503","local_time":"20210123180331","is_ascension_mode":true,"campfire_choices":[{"data":"Bash","floor":7,"key":"SMITH"},{"data":"Clash","floor":10,"key":"SMITH"},{"data":"Barricade","floor":15,"key":"SMITH"},{"data":"Entrench","floor":23,"key":"SMITH"}],"circlet_count":0,"master_deck":["AscendersBane","Strike_R","Strike_R","Strike_R+1","Strike_R","Defend_R","Defend_R","Defend_R","Defend_R","Bash+1","Clash+1","Burning Pact+1","Battle Trance+1","Clash+1","Cleave","Flex","Barricade+1","Impervious","Entrench+1","Rage","Anger"],"relics":["Black Blood","NeowsBlessing","Golden Idol","War Paint","Bronze Scales","Odd Mushroom","Membership Card","PreservedInsect","Bottled Flame","Red Mask","Sling","Mango","HornCleat","MutagenicStrength","Ancient Tea Set","Toxic Egg 2","Nunchaku"],"acts_visited":["Exordium","TheCity"],"potions_floor_usage":[11,16,19,24,24,25,27,29],"damage_taken":[{"damage":0,"enemies":"Small Slimes","floor":1,"turns":1},{"damage":0,"enemies":"Jaw Worm","floor":5,"turns":1},{"damage":0,"enemies":"3 Sentries","floor":6,"turns":2},{"damage":5,"enemies":"2 Louse","floor":8,"turns":4},{"damage":11,"enemies":"The Mushroom Lair","floor":11,"turns":4},{"damage":6,"enemies":"Exordium Wildlife","floor":13,"turns":2},{"damage":36,"enemies":"The Guardian","floor":16,"turns":10},{"damage":7,"enemies":"Chosen","floor":18,"turns":5},{"damage":53,"enemies":"Masked Bandits","floor":19,"turns":7},{"damage":17,"enemies":"Slavers","floor":24,"turns":5},{"damage":41,"enemies":"Spheric Guardian","floor":25,"turns":6},{"damage":5,"enemies":"Book of Stabbing","floor":27,"turns":3},{"damage":14,"enemies":"Shelled Parasite and Fungi","floor":28,"turns":6},{"damage":47,"enemies":"Cultist and Chosen","floor":29,"turns":8}],"seed_played":"1011789057226288648","potions_obtained":[{"floor":5,"key":"ElixirPotion"},{"floor":6,"key":"Dexterity Potion"},{"floor":11,"key":"Fire Potion"},{"floor":19,"key":"EntropicBrew"},{"floor":24,"key":"Explosive Potion"},{"floor":25,"key":"LiquidBronze"},{"floor":27,"key":"HeartOfIron"}],"is_trial":false,"path_per_floor":["M","?","?","?","M","E","R","M","T","R","?","$","M","T","R","B",null,"M","?","$","?","?","R","E","M","T","E","M","M"],"character_chosen":"IRONCLAD","items_purchased":["Membership Card","PreservedInsect","Flex","Sling","Mango","HornCleat"],"campfire_rested":0,"item_purchase_floors":[12,12,12,20,20,20],"current_hp_per_floor":[78,62,62,42,48,54,54,55,55,55,50,50,50,50,50,20,65,70,29,43,74,74,74,69,40,40,47,45,0,0],"gold":117,"neow_bonus":"THREE_ENEMY_KILL","is_daily":false,"chose_seed":false,"campfire_upgraded":4,"win_rate":0.0,"timestamp":1611425011,"path_taken":["M","?","?","?","M","E","R","M","T","R","?","$","M","?","R","BOSS","M","?","$","?","?","R","E","M","T","E","M","M"],"items_purchased_type":["Relic","Relic","Card","Relic","Relic","Relic"],"build_version":"2020-12-22","purchased_purges":2,"victory":false,"max_hp_per_floor":[80,80,80,80,80,80,80,80,80,80,80,80,80,80,80,80,80,80,80,94,94,94,94,94,94,94,94,94,94,94],"card_choices":[{"not_picked":["Heavy Blade","Dark Embrace"],"picked":"Clash","floor":1},{"not_picked":["Second Wind","Rage"],"picked":"Burning Pact","floor":5},{"not_picked":["Perfected Strike","Armaments"],"picked":"Battle Trance","floor":6},{"not_picked":["Rupture","Heavy Blade"],"picked":"Clash","floor":8},{"not_picked":["Havoc","Metallicize"],"picked":"Cleave","floor":11},{"not_picked":["Metallicize","Shrug It Off"],"picked":"Barricade","floor":13},{"not_picked":["Brutality","Bludgeon"],"picked":"Impervious","floor":16},{"not_picked":["Heavy Blade","Flex"],"picked":"Entrench","floor":18},{"not_picked":["Sentinel","Perfected Strike+1","Heavy Blade"],"picked":"SKIP","floor":24},{"not_picked":["Sentinel","Perfected Strike+1","Heavy Blade"],"picked":"SKIP","floor":24},{"not_picked":["Reckless Charge","Cleave+1"],"picked":"Rage","floor":25},{"not_picked":["Twin Strike+1","Cleave"],"picked":"Anger","floor":27},{"not_picked":["Rupture","Sword Boomerang","Pommel Strike"],"picked":"SKIP","floor":28}],"player_experience":541787,"relics_obtained":[{"floor":6,"key":"War Paint"},{"floor":9,"key":"Bronze Scales"},{"floor":11,"key":"Odd Mushroom"},{"floor":14,"key":"Bottled Flame"},{"floor":19,"key":"Red Mask"},{"floor":24,"key":"Ancient Tea Set"},{"floor":26,"key":"Toxic Egg 2"},{"floor":27,"key":"Nunchaku"}],"event_choices":[{"damage_healed":0,"gold_gain":0,"player_choice":"Entered Light","damage_taken":16,"max_hp_gain":0,"max_hp_loss":0,"event_name":"Shining Light","floor":2,"gold_loss":0,"cards_upgraded":["Clash","Strike_R"]},{"damage_healed":0,"gold_gain":175,"player_choice":"AGREE","damage_taken":0,"max_hp_gain":0,"max_hp_loss":0,"event_name":"Liars Game","floor":3,"gold_loss":0,"cards_obtained":["Doubt"]},{"damage_healed":0,"gold_gain":0,"player_choice":"Take Damage","damage_taken":20,"relics_obtained":["Golden Idol"],"max_hp_gain":0,"max_hp_loss":0,"event_name":"Golden Idol","floor":4,"gold_loss":0},{"damage_healed":0,"gold_gain":0,"player_choice":"Fought Mushrooms","damage_taken":0,"max_hp_gain":0,"max_hp_loss":0,"event_name":"Mushrooms","floor":11,"gold_loss":0},{"damage_healed":0,"gold_gain":0,"player_choice":"Fought Bandits","damage_taken":0,"max_hp_gain":0,"max_hp_loss":0,"event_name":"Masked Bandits","floor":19,"gold_loss":0},{"damage_healed":31,"gold_gain":0,"player_choice":"Heal","damage_taken":0,"max_hp_gain":0,"max_hp_loss":0,"event_name":"The Library","floor":21,"gold_loss":0},{"damage_healed":0,"gold_gain":0,"player_choice":"Inject Mutagens","damage_taken":0,"relics_obtained":["MutagenicStrength"],"max_hp_gain":0,"max_hp_loss":0,"event_name":"Drug Dealer","floor":22,"gold_loss":0}],"is_beta":false,"boss_relics":[{"not_picked":["Velvet Choker","SacredBark"],"picked":"Black Blood"}],"items_purged_floors":[12,20],"is_endless":false,"potions_floor_spawned":[5,6,11,19,24,25,27],"killed_by":"Cultist and Chosen","ascension_level":11}}