{"host":"3a1ypf1irl30q4k8","time":1611422671,"event":{"mods":["AchievementEnabler","BaseMod","Bestiary","Colored Map","Minty Spire (QoL Compilation)","Relic Stats"],"gold_per_floor":[20,30,30,44,63,99,99,134,203,203,244,268,268,281,281,401,401,415,436,436,436,436,470,470,470,470,470,440,479,479,518,518,518,518],"floor_reached":33,"language":"ENG","playtime":1769,"items_purged":[],"score":452,"play_id":"5390e931-822e-4507-b12e-f1364d386ff9","local_time":"20210123172431","is_ascension_mode":true,"campfire_choices":[{"data":"Scrawl","floor":7.0,"key":"SMITH"},{"data":"ThirdEye","floor":10.0,"key":"SMITH"},{"data":"EmptyFist","floor":13.0,"key":"SMITH"},{"data":"Vigilance","floor":15.0,"key":"SMITH"},{"data":"Vault","floor":24,"key":"SMITH"},{"data":"Eruption","floor":27,"key":"SMITH"},{"floor":32,"key":"REST"}],"circlet_count":0,"master_deck":["Defend_P","Defend_P","Defend_P","Defend_P","Eruption+1","Vigilance+1","BowlingBash","Tantrum","ThirdEye","CutThroughFate","Scrawl+1","ThirdEye+1","Vault+1","EmptyFist+1","Weave","Ragnarok","Indignation","TalkToTheHand","Bite","Bite","Bite","Bite","Bite","J.A.X.","Necronomicurse","Fasting2+1","FlurryOfBlows","Nirvana"],"relics":["PureWater","Golden Idol","Yang","Ginger","Pantograph","Juzu Bracelet","VioletLotus","Necronomicon","Bag of Marbles","Omamori","Mummified Hand","Tiny Chest","Singing Bowl"],"acts_visited":["Exordium","TheCity"],"potions_floor_usage":[23,23,29,29],"damage_taken":[{"damage":2.0,"enemies":"Cultist","floor":1.0,"turns":3.0},{"damage":0.0,"enemies":"2 Louse","floor":2.0,"turns":1.0},{"damage":0.0,"enemies":"Small Slimes","floor":4.0,"turns":2.0},{"damage":3.0,"enemies":"Looter","floor":5.0,"turns":4.0},{"damage":5.0,"enemies":"3 Sentries","floor":6.0,"turns":3.0},{"damage":18.0,"enemies":"Lagavulin","floor":8.0,"turns":7.0},{"damage":0.0,"enemies":"Gremlin Nob","floor":11.0,"turns":2.0},{"damage":0.0,"enemies":"Blue Slaver","floor":12.0,"turns":4.0},{"damage":5.0,"enemies":"Gremlin Gang","floor":14.0,"turns":2.0},{"damage":38.0,"enemies":"Hexaghost","floor":16.0,"turns":8.0},{"damage":0.0,"enemies":"2 Thieves","floor":18.0,"turns":3.0},{"damage":22,"enemies":"Shell Parasite","floor":19,"turns":5},{"damage":3,"enemies":"Slavers","floor":23,"turns":4},{"damage":4,"enemies":"Gremlin Leader","floor":29,"turns":4},{"damage":20,"enemies":"Slavers","floor":31,"turns":4},{"damage":78,"enemies":"Automaton","floor":33,"turns":7}],"seed_played":"951748795068486497","potions_obtained":[{"floor":2.0,"key":"Energy Potion"},{"floor":8.0,"key":"FearPotion"},{"floor":11.0,"key":"Explosive Potion"},{"floor":14.0,"key":"Ancient Potion"},{"floor":18,"key":"BottledMiracle"},{"floor":19,"key":"EssenceOfSteel"},{"floor":23,"key":"AttackPotion"},{"floor":28,"key":"FearPotion"}],"is_trial":false,"path_per_floor":["M","M","?","M","M","E","R","E","T","R","E","M","R","M","R","B",null,"M","M","?","?","?","E","R","T","T","R","?","E","?","E","R","B"],"character_chosen":"WATCHER","items_purchased":[],"campfire_rested":1,"item_purchase_floors":[],"current_hp_per_floor":[84,84,80,80,77,72,72,54,54,54,54,54,54,49,49,36,80,80,58,56,56,40,45,45,45,45,45,45,45,45,31,47,0,0],"gold":518,"neow_bonus":"TWENTY_PERCENT_HP_BONUS","is_daily":false,"chose_seed":false,"campfire_upgraded":6,"win_rate":0.0,"timestamp":1611422671,"path_taken":["M","M","?","M","M","E","R","E","T","R","E","M","R","M","R","BOSS","M","M","?","?","?","E","R","?","T","R","?","E","?","E","R","BOSS"],"items_purchased_type":[],"build_version":"2020-12-22","purchased_purges":0,"victory":false,"max_hp_per_floor":[86,86,80,80,80,80,80,80,80,80,80,80,80,80,80,80,80,80,80,56,56,56,56,56,56,56,56,56,56,56,56,56,56,56],"relic_stats":{"Singing Bowl":0,"counters":[16,63],"Golden Idol":94,"Mummified Hand":[0],"Pantograph":34,"Yang":[118],"Tiny Chest":0,"VioletLotus":[6],"Juzu Bracelet":2,"Necronomicon":[3],"Ginger":[3],"obtain_stats":[{"Singing Bowl":31,"Golden Idol":3,"Yang":6,"Juzu Bracelet":11,"Omamori":25,"Ginger":8,"Mummified Hand":26,"Pantograph":9,"Tiny Chest":29,"VioletLotus":17,"Necronomicon":22,"Bag of Marbles":23,"PureWater":0},{"Singing Bowl":15,"Golden Idol":2,"Yang":5,"Juzu Bracelet":7,"Omamori":13,"Ginger":6,"Mummified Hand":13,"Pantograph":6,"Tiny Chest":14,"VioletLotus":10,"Necronomicon":12,"Bag of Marbles":13,"PureWater":0},{"Singing Bowl":56,"Golden Idol":4,"Yang":13,"Juzu Bracelet":22,"Omamori":48,"Ginger":20,"Mummified Hand":48,"Pantograph":20,"Tiny Chest":52,"VioletLotus":36,"Necronomicon":44,"Bag of Marbles":48,"PureWater":0}]},"card_choices":[{"not_picked":["Halt","Evaluate"],"picked":"BowlingBash","floor":1.0},{"not_picked":["FlyingSleeves","Crescendo"],"picked":"Tantrum","floor":2.0},{"not_picked":["FlyingSleeves","JustLucky"],"picked":"ThirdEye","floor":4.0},{"not_picked":["ThirdEye","FollowUp"],"picked":"CutThroughFate","floor":5.0},{"not_picked":["SpiritShield","Wireheading"],"picked":"Scrawl","floor":6.0},{"not_picked":["Prostrate","MasterReality"],"picked":"ThirdEye","floor":8.0},{"not_picked":["Protect","FollowUp"],"picked":"Vault","floor":11.0},{"not_picked":["CrushJoints","Protect"],"picked":"EmptyFist","floor":12.0},{"not_picked":["JustLucky","Protect"],"picked":"Weave","floor":14.0},{"not_picked":["MasterReality","Devotion"],"picked":"Ragnarok","floor":16.0},{"not_picked":["SashWhip","CutThroughFate"],"picked":"Indignation","floor":18},{"not_picked":["Evaluate+1","Indignation+1"],"picked":"TalkToTheHand","floor":19},{"not_picked":["FollowUp","Vengeance"],"picked":"Fasting2+1","floor":23},{"not_picked":["Wish","ReachHeaven"],"picked":"FlurryOfBlows","floor":29},{"not_picked":["EmptyFist+1","Perseverance"],"picked":"Nirvana","floor":31}],"player_experience":1177515,"relics_obtained":[{"floor":6.0,"key":"Yang"},{"floor":8.0,"key":"Ginger"},{"floor":9.0,"key":"Pantograph"},{"floor":11.0,"key":"Juzu Bracelet"},{"floor":22,"key":"Necronomicon"},{"floor":23,"key":"Bag of Marbles"},{"floor":25,"key":"Omamori"},{"floor":26,"key":"Mummified Hand"},{"floor":29,"key":"Tiny Chest"},{"floor":31,"key":"Singing Bowl"}],"event_choices":[{"damage_healed":0.0,"max_hp_gain":0.0,"max_hp_loss":6.0,"gold_gain":0.0,"event_name":"Golden Idol","player_choice":"Lose Max HP","floor":3.0,"gold_loss":0.0,"damage_taken":0.0,"relics_obtained":["Golden Idol"]},{"damage_healed":0,"gold_gain":0,"player_choice":"Became a vampire","damage_taken":0,"max_hp_gain":0,"max_hp_loss":24,"event_name":"Vampires","floor":20,"gold_loss":0,"cards_obtained":["Bite","Bite","Bite","Bite","Bite"]},{"damage_healed":0,"gold_gain":0,"player_choice":"Obtain J.A.X.","damage_taken":0,"max_hp_gain":0,"max_hp_loss":0,"event_name":"Drug Dealer","floor":21,"gold_loss":0,"cards_obtained":["J.A.X."]},{"damage_healed":0,"gold_gain":0,"player_choice":"Obtained Book","damage_taken":16,"max_hp_gain":0,"max_hp_loss":0,"event_name":"Cursed Tome","floor":22,"gold_loss":0},{"damage_healed":0,"gold_gain":0,"player_choice":"Bought 2 Potions","damage_taken":0,"max_hp_gain":0,"max_hp_loss":0,"event_name":"The Woman in Blue","floor":28,"gold_loss":0},{"damage_healed":0,"gold_gain":0,"player_choice":"Ignored","damage_taken":0,"max_hp_gain":0,"max_hp_loss":0,"event_name":"Ghosts","floor":30,"gold_loss":0}],"is_beta":false,"boss_relics":[{"not_picked":["Fusion Hammer","Busted Crown"],"picked":"VioletLotus"}],"items_purged_floors":[],"is_endless":false,"potions_floor_spawned":[2,8,11,14,18,19,23],"killed_by":"Automaton","ascension_level":3}}