{"host":"n6qxj7a4gnapjcui","time":1611425936,"event":{"mods":["2.2 Compatiblity","AchievementEnabler","BaseMod","Colored Map","Minty Spire (QoL Compilation)"],"gold_per_floor":[116,132,145,162,173,199,199,227,227,239,1,20,20,48,48,149,149,167,180,105,123,173,173,208,227,253,282,302,312,312,346,346,444,444,455,141,191,191,191,224,237,261,286,37,48,48,77,77,77,77],"floor_reached":51,"language":"POL","playtime":2704,"items_purged":["Strike_R","Strike_R"],"score":1073,"play_id":"146daf47-0311-454e-aa3d-358318033bde","local_time":"20210123191856","is_ascension_mode":true,"campfire_choices":[{"data":"Inflame","floor":13.0,"key":"SMITH"},{"data":"Armaments","floor":15.0,"key":"SMITH"},{"data":"Spot Weakness","floor":23.0,"key":"SMITH"},{"floor":30.0,"key":"REST"},{"data":"Berserk","floor":32.0,"key":"SMITH"},{"floor":46.0,"key":"REST"},{"floor":49.0,"key":"REST"}],"circlet_count":0,"master_deck":["Strike_R","Strike_R","Defend_R","Defend_R","Defend_R","Defend_R","Bash","Power Through","Anger","Double Tap","Spot Weakness+1","Inflame+1","Carnage","Armaments+1","Apotheosis+1","Shrug It Off+1","Disarm+1","Immolate","Ghostly Armor+1","Seeing Red+1","Warcry+1","True Grit+1","Berserk+1","Headbutt+1","Feed","True Grit+1","Bloodletting+1","Power Through+1","Trip+1","Spot Weakness+1","Intimidate+1","Bloodletting+1","Limit Break+1","Metallicize+1","Feel No Pain+1","Madness+1","Madness+1"],"relics":["Burning Blood","Centennial Puzzle","Bottled Tornado","Eternal Feather","Toxic Egg 2","Gremlin Horn","SlaversCollar","Bottled Lightning","Bag of Marbles","Juzu Bracelet","Tiny Chest","Black Star","TungstenRod","Thread and Needle","Lantern","Oddly Smooth Stone","Potion Belt","Orichalcum","Self Forming Clay","Bag of Preparation"],"acts_visited":["Exordium","TheCity","TheBeyond"],"potions_floor_usage":[50,50,50],"damage_taken":[{"damage":1.0,"enemies":"Cultist","floor":1.0,"turns":3.0},{"damage":1.0,"enemies":"Small Slimes","floor":2.0,"turns":4.0},{"damage":11.0,"enemies":"2 Louse","floor":3.0,"turns":2.0},{"damage":8.0,"enemies":"Blue Slaver","floor":4.0,"turns":3.0},{"damage":11.0,"enemies":"Exordium Thugs","floor":5.0,"turns":4.0},{"damage":8.0,"enemies":"Gremlin Nob","floor":6.0,"turns":3.0},{"damage":15.0,"enemies":"Lagavulin","floor":8.0,"turns":5.0},{"damage":1.0,"enemies":"2 Fungi Beasts","floor":10.0,"turns":3.0},{"damage":8.0,"enemies":"Blue Slaver","floor":12.0,"turns":2.0},{"damage":10.0,"enemies":"3 Sentries","floor":14.0,"turns":5.0},{"damage":16.0,"enemies":"Slime Boss","floor":16.0,"turns":6.0},{"damage":27.0,"enemies":"Spheric Guardian","floor":18.0,"turns":7.0},{"damage":22.0,"enemies":"2 Thieves","floor":19.0,"turns":4.0},{"damage":0.0,"enemies":"3 Cultists","floor":21.0,"turns":4.0},{"damage":0.0,"enemies":"Gremlin Leader","floor":24.0,"turns":7.0},{"damage":0.0,"enemies":"Centurion and Healer","floor":25.0,"turns":4.0},{"damage":8.0,"enemies":"Book of Stabbing","floor":27.0,"turns":4.0},{"damage":16.0,"enemies":"Snecko","floor":28.0,"turns":6.0},{"damage":18.0,"enemies":"Cultist and Chosen","floor":29.0,"turns":6.0},{"damage":19.0,"enemies":"Gremlin Leader","floor":31.0,"turns":3.0},{"damage":11.0,"enemies":"Automaton","floor":33.0,"turns":6.0},{"damage":17.0,"enemies":"3 Shapes","floor":35.0,"turns":4.0},{"damage":0.0,"enemies":"Mind Bloom Boss Battle","floor":37.0,"turns":9.0},{"damage":53.0,"enemies":"Nemesis","floor":40.0,"turns":9.0},{"damage":23.0,"enemies":"3 Darklings","floor":41.0,"turns":4.0},{"damage":17.0,"enemies":"Maw","floor":45.0,"turns":6.0},{"damage":0.0,"enemies":"Reptomancer","floor":47.0,"turns":3.0},{"damage":9,"enemies":"Donu and Deca","floor":50,"turns":7}],"seed_played":"7791683784879025663","potions_obtained":[{"floor":2.0,"key":"SneckoOil"},{"floor":3.0,"key":"Block Potion"},{"floor":4.0,"key":"BlessingOfTheForge"},{"floor":5.0,"key":"ColorlessPotion"},{"floor":8.0,"key":"AttackPotion"},{"floor":16.0,"key":"SmokeBomb"},{"floor":19.0,"key":"Regen Potion"},{"floor":24.0,"key":"AttackPotion"},{"floor":25.0,"key":"AttackPotion"},{"floor":28.0,"key":"Fire Potion"},{"floor":29.0,"key":"Strength Potion"},{"floor":33.0,"key":"SkillPotion"},{"floor":40.0,"key":"BlessingOfTheForge"},{"floor":41.0,"key":"EntropicBrew"},{"floor":47.0,"key":"HeartOfIron"}],"is_trial":false,"path_per_floor":["M","M","M","M","M","E","?","E","T","M","$","M","R","E","R","B",null,"M","M","?","M","?","R","E","M","T","E","M","M","R","E","R","B",null,"M","$","?","?","T","E","M","T","T","$","M","R","E","?","R","B",null],"character_chosen":"IRONCLAD","items_purchased":["Apotheosis+1","Shrug It Off+1","Bloodletting+1","SteroidPotion","Power Through+1","Trip+1","Limit Break+1"],"campfire_rested":3,"item_purchase_floors":[11,11,36,36,36,36,44],"current_hp_per_floor":[77,80,75,73,68,66,66,57,57,62,62,60,72,68,80,70,78,57,41,41,47,47,59,65,71,71,69,59,47,80,67,80,75,79,72,72,78,78,78,35,30,30,30,30,19,63,69,59,88,85],"gold":77,"neow_bonus":"RANDOM_COMMON_RELIC","is_daily":false,"chose_seed":false,"campfire_upgraded":4,"win_rate":0.0,"timestamp":1611425936,"path_taken":["M","M","?","M","M","E","?","E","T","?","$","M","R","E","R","BOSS","M","M","?","M","?","R","E","M","T","E","M","M","R","E","R","BOSS","M","$","?","?","?","E","M","?","T","?","M","R","E","?","R","BOSS"],"items_purchased_type":["Card","Card","Card","Potion","Card","Card","Card"],"build_version":"2020-12-22","purchased_purges":2,"victory":true,"max_hp_per_floor":[80,80,80,80,80,80,80,80,80,80,80,80,80,80,80,80,80,80,80,80,80,80,80,80,80,80,80,80,80,80,80,80,80,80,84,84,84,84,84,88,88,88,88,88,88,88,88,88,88,88],"card_choices":[{"not_picked":["Twin Strike","Clash"],"picked":"Power Through","floor":1.0},{"not_picked":["Fire Breathing","Intimidate"],"picked":"Anger","floor":2.0},{"not_picked":["Whirlwind","Evolve"],"picked":"Double Tap","floor":3.0},{"not_picked":["True Grit","Anger"],"picked":"Spot Weakness","floor":4.0},{"not_picked":["Intimidate","Metallicize"],"picked":"Inflame","floor":5.0},{"not_picked":["Iron Wave","Pummel"],"picked":"Carnage","floor":6.0},{"not_picked":["Flex","Wild Strike"],"picked":"Armaments","floor":8.0},{"not_picked":["Wild Strike","Anger"],"picked":"Whirlwind","floor":10.0},{"not_picked":["True Grit+1","Ghostly Armor+1"],"picked":"Disarm+1","floor":12.0},{"not_picked":["Brutality","Hemokinesis"],"picked":"Immolate","floor":14.0},{"not_picked":["Searing Blow","Shrug It Off+1","Heavy Blade"],"picked":"SKIP","floor":18.0},{"not_picked":["Havoc+1","Feel No Pain+1"],"picked":"Ghostly Armor+1","floor":19.0},{"not_picked":["Whirlwind","Intimidate+1"],"picked":"Seeing Red+1","floor":21.0},{"not_picked":["Pommel Strike","Clash"],"picked":"Warcry+1","floor":24.0},{"not_picked":["Heavy Blade+1","Inflame"],"picked":"True Grit+1","floor":25.0},{"not_picked":["Feel No Pain","Heavy Blade"],"picked":"Berserk","floor":27.0},{"not_picked":["Iron Wave","Thunderclap"],"picked":"Headbutt+1","floor":28.0},{"not_picked":["Blood for Blood","Cleave","Sword Boomerang"],"picked":"SKIP","floor":29.0},{"not_picked":["Armaments+1","Evolve","Cleave"],"picked":"SKIP","floor":31.0},{"not_picked":["Corruption","Demon Form"],"picked":"Feed","floor":33.0},{"not_picked":["Shrug It Off+1","Clash"],"picked":"True Grit+1","floor":35.0},{"not_picked":["Fire Breathing","Sword Boomerang+1"],"picked":"Spot Weakness+1","floor":37.0},{"not_picked":["Pommel Strike","Heavy Blade+1"],"picked":"Intimidate+1","floor":40.0},{"not_picked":["Anger","Fire Breathing+1"],"picked":"Bloodletting+1","floor":41.0},{"not_picked":["Hemokinesis+1","Iron Wave"],"picked":"Metallicize+1","floor":45.0},{"not_picked":["Havoc+1","Sentinel+1"],"picked":"Feel No Pain+1","floor":47.0}],"player_experience":305225,"relics_obtained":[{"floor":6.0,"key":"Bottled Tornado"},{"floor":8.0,"key":"Eternal Feather"},{"floor":9.0,"key":"Toxic Egg 2"},{"floor":14.0,"key":"Gremlin Horn"},{"floor":24.0,"key":"Bottled Lightning"},{"floor":26.0,"key":"Bag of Marbles"},{"floor":27.0,"key":"Juzu Bracelet"},{"floor":31.0,"key":"Tiny Chest"},{"floor":37.0,"key":"TungstenRod"},{"floor":39.0,"key":"Thread and Needle"},{"floor":40.0,"key":"Lantern"},{"floor":40.0,"key":"Oddly Smooth Stone"},{"floor":42.0,"key":"Potion Belt"},{"floor":43.0,"key":"Orichalcum"},{"floor":47.0,"key":"Self Forming Clay"},{"floor":47.0,"key":"Bag of Preparation"}],"event_choices":[{"damage_healed":0.0,"max_hp_gain":0.0,"max_hp_loss":0.0,"gold_gain":0.0,"event_name":"FaceTrader","player_choice":"Leave","floor":7.0,"gold_loss":0.0,"damage_taken":0.0},{"cards_removed":["Strike_R"],"damage_healed":0.0,"max_hp_gain":0.0,"max_hp_loss":0.0,"gold_gain":0.0,"event_name":"Beggar","player_choice":"Gave Gold","floor":20.0,"gold_loss":75.0,"damage_taken":0.0},{"damage_healed":0.0,"max_hp_gain":0.0,"max_hp_loss":0.0,"gold_gain":100.0,"event_name":"The Joust","player_choice":"Bet on Murderer","floor":22.0,"gold_loss":50.0,"damage_taken":0.0},{"damage_healed":0.0,"max_hp_gain":0.0,"max_hp_loss":0.0,"gold_gain":0.0,"event_name":"MindBloom","player_choice":"Fight","floor":37.0,"gold_loss":0.0,"damage_taken":0.0},{"cards_removed":["Whirlwind"],"damage_healed":0.0,"max_hp_gain":0.0,"max_hp_loss":0.0,"gold_gain":0.0,"event_name":"Falling","player_choice":"Removed Attack","floor":38.0,"gold_loss":0.0,"damage_taken":0.0},{"damage_healed":0.0,"max_hp_gain":0.0,"max_hp_loss":0.0,"gold_gain":0.0,"event_name":"Winding Halls","player_choice":"Embrace Madness","floor":48.0,"gold_loss":0.0,"damage_taken":11.0,"cards_obtained":["Madness","Madness"]}],"is_beta":false,"boss_relics":[{"not_picked":["Coffee Dripper","Sozu"],"picked":"SlaversCollar"},{"not_picked":["Black Blood","Velvet Choker"],"picked":"Black Star"}],"items_purged_floors":[36,44],"is_endless":false,"potions_floor_spawned":[2,3,4,5,8,16,19,24,25,28,29,33,40,41,47],"ascension_level":6}}