{"host":"fmb9x04chdot191d","time":1611381211,"event":{"mods":["2.2 Compatiblity","AchievementEnabler","BaseMod","BetterRewards","Colored Map","Downfall","Hermit","Highlight Path","Marisa（霧雨　魔理沙）","Minty Spire (QoL Compilation)","Permanent Neow","Quick Restart","Rare Cards Sparkle","StSLib","The Servant 0.9.4","[IsaacMod]以撒尖塔"],"gold_per_floor":[118,68,143,67,67,67,102,102,102,115,0,0,0,13,13,117,117,136,153,153,169,187,187,216,68,68,68,101,101,134,150,150,254,254,266,266,281,281,291,291,318,132,132,132,163,176,203,215,215,215],"floor_reached":51,"language":"ENG","playtime":2666,"items_purged":["Defend_B","Defend_B"],"score":1012,"play_id":"ab7e06ad-c5a5-4498-aa24-18316d78b698","local_time":"20210123185331","is_ascension_mode":true,"campfire_choices":[{"data":"Fission","floor":6.0,"key":"SMITH"},{"floor":8.0,"key":"REST"},{"floor":13.0,"key":"REST"},{"data":"Scrape","floor":15.0,"key":"SMITH"},{"data":"Zap","floor":23.0,"key":"SMITH"},{"data":"Go for the Eyes","floor":27.0,"key":"SMITH"},{"data":"FTL","floor":29.0,"key":"SMITH"},{"data":"FTL","floor":32.0,"key":"SMITH"},{"data":"Seek","floor":40.0,"key":"SMITH"},{"data":"All For One","floor":44.0,"key":"SMITH"},{"floor":49,"key":"REST"}],"circlet_count":0,"master_deck":["Strike_B","Strike_B","Defend_B","Defend_B+1","Zap+1","Dualcast+1","Go for the Eyes+1","Heatsinks","Fission+1","Chill","FTL+1","Scrape+1","Seek+1","CurseOfTheBell","Heatsinks","Reprogram+1","Steam+1","Go for the Eyes","Conserve Battery+1","FTL+1","Amplify+1","All For One+1","Reboot+1","Capacitor","Beam Cell+1","Turbo+1","Trip+1","Heatsinks+1","Parasite","Turbo+1","Skim+1"],"relics":["Cracked Core","HushsDoor","BelialBook","BookOfRevelations","Pantograph","DeathBook","Calling Bell","MealTicket","Toxic Egg 2","Shuriken","Sling","InkBottle","Blood Vial","CaptainsWheel","Sozu","Happy Flower","AnarchistCookbook","Pear","War Paint"],"acts_visited":["Exordium","TheBeyond"],"potions_floor_usage":[],"damage_taken":[{"damage":0.0,"enemies":"Small Slimes","floor":1.0,"turns":3.0},{"damage":46.0,"enemies":"Gremlin Nob","floor":7.0,"turns":5.0},{"damage":0.0,"enemies":"2 Louse","floor":10.0,"turns":2.0},{"damage":3.0,"enemies":"Jaw Worm","floor":14.0,"turns":2.0},{"damage":6.0,"enemies":"Slime Boss","floor":16.0,"turns":6.0},{"damage":0.0,"enemies":"Chosen","floor":18.0,"turns":3.0},{"damage":23.0,"enemies":"2 Thieves","floor":19.0,"turns":5.0},{"damage":18.0,"enemies":"Snake Plant","floor":21.0,"turns":5.0},{"damage":0.0,"enemies":"Shelled Parasite and Fungi","floor":22.0,"turns":2.0},{"damage":5.0,"enemies":"Gremlin Leader","floor":24.0,"turns":4.0},{"damage":0.0,"enemies":"Book of Stabbing","floor":28.0,"turns":3.0},{"damage":0.0,"enemies":"Slavers","floor":30.0,"turns":2.0},{"damage":0.0,"enemies":"Sentry and Sphere","floor":31.0,"turns":3.0},{"damage":0.0,"enemies":"Champ","floor":33.0,"turns":7.0},{"damage":1.0,"enemies":"Orb Walker","floor":35.0,"turns":3.0},{"damage":1.0,"enemies":"3 Darklings","floor":37.0,"turns":3.0},{"damage":6.0,"enemies":"4 Shapes","floor":39.0,"turns":1.0},{"damage":0.0,"enemies":"Giant Head","floor":41.0,"turns":3.0},{"damage":0,"enemies":"Reptomancer","floor":45,"turns":2},{"damage":7,"enemies":"Writhing Mass","floor":46,"turns":5},{"damage":23,"enemies":"Nemesis","floor":47,"turns":5},{"damage":0,"enemies":"Transient","floor":48,"turns":5},{"damage":52,"enemies":"Time Eater","floor":50,"turns":8}],"seed_played":"-648958963171097382","potions_obtained":[{"floor":10.0,"key":"Fire Potion"},{"floor":14.0,"key":"BlessingOfTheForge"},{"floor":21.0,"key":"bronze:BurnAndBuffPotion"},{"floor":24.0,"key":"FairyPotion"},{"floor":28.0,"key":"Ancient Potion"},{"floor":30.0,"key":"Dexterity Potion"}],"is_trial":false,"path_per_floor":["M","?","?","$","?","R","E","R","T","M","$","?","R","M","R","B",null,"M","M","?","M","M","R","E","$","T","R","E","R","E","M","R","B",null,"M","?","M","?","M","R","E","$","T","R","E","M","E","M","R","B",null],"character_chosen":"DEFECT","items_purchased":["Fission","Scrape","Sling","All For One","Reboot+1","Trip+1"],"campfire_rested":3,"item_purchase_floors":[4,11,25,34,34,42],"current_hp_per_floor":[75,75,64,64,64,64,18,40,40,40,40,28,50,47,47,66,75,75,52,75,57,57,57,52,67,67,67,67,67,69,71,71,75,67,66,66,66,66,61,61,63,67,67,67,77,70,49,51,74,25],"gold":215,"neow_bonus":"THREE_CARDS","is_daily":false,"chose_seed":false,"campfire_upgraded":8,"win_rate":0.0,"timestamp":1611381211,"path_taken":["M","?","?","?","?","R","E","R","T","M","$","?","R","?","R","BOSS","M","M","?","M","M","R","E","?","T","R","E","R","E","M","R","BOSS","M","?","?","?","M","R","E","?","T","R","E","M","E","M","R","BOSS"],"items_purchased_type":["Card","Card","Relic","Card","Card","Card"],"build_version":"2020-12-22","purchased_purges":2,"victory":true,"max_hp_per_floor":[75,75,75,75,75,75,75,75,75,75,75,75,75,75,75,75,75,75,75,75,75,75,75,75,75,75,75,75,75,75,75,75,75,67,67,67,67,67,67,67,67,67,67,67,77,77,77,77,77,77],"card_choices":[{"not_picked":["Coolheaded","Stack"],"picked":"Go for the Eyes","floor":0.0},{"not_picked":["Hologram","Redo"],"picked":"Heatsinks","floor":1.0},{"not_picked":["Hologram","Coolheaded"],"picked":"Chill","floor":7.0},{"not_picked":["Go for the Eyes","Sweeping Beam"],"picked":"FTL","floor":10.0},{"not_picked":["Loop","Fusion","Streamline"],"picked":"SKIP","floor":14.0},{"not_picked":["Echo Form","Biased Cognition"],"picked":"Seek","floor":16.0},{"not_picked":["Blizzard","Redo+1"],"picked":"Heatsinks","floor":18.0},{"not_picked":["Barrage","Streamline"],"picked":"Reprogram+1","floor":19.0},{"not_picked":["Self Repair","Coolheaded+1","Cold Snap"],"picked":"SKIP","floor":21.0},{"not_picked":["Rip and Tear+1","Sweeping Beam+1","Cold Snap"],"picked":"SKIP","floor":22.0},{"not_picked":["Fan+1","Compile Driver"],"picked":"Steam+1","floor":24.0},{"not_picked":["Barrage","Redo+1"],"picked":"Go for the Eyes","floor":28.0},{"not_picked":["Multi-Cast+1","Aggregate+1"],"picked":"Conserve Battery+1","floor":30.0},{"not_picked":["Streamline","Rebound"],"picked":"FTL","floor":31.0},{"not_picked":["Buffer","ElectricPowerLearning"],"picked":"Amplify+1","floor":33.0},{"not_picked":["Fan+1","Sweeping Beam+1","Hello World"],"picked":"SKIP","floor":35.0},{"not_picked":["Conserve Battery+1","Go for the Eyes+1"],"picked":"Beam Cell+1","floor":37.0},{"not_picked":["Ball Lightning+1","Sweeping Beam+1"],"picked":"Turbo+1","floor":39.0},{"not_picked":["Conserve Battery+1","Consume+1","Coolheaded+1"],"picked":"SKIP","floor":41.0},{"not_picked":["Static Discharge","Streamline+1"],"picked":"Heatsinks+1","floor":45},{"not_picked":["Melter","Coolheaded+1"],"picked":"Turbo+1","floor":46},{"not_picked":["Buffer","Beam Cell"],"picked":"Skim+1","floor":47},{"not_picked":["Ball Lightning","Distribution+1","Coolheaded+1"],"picked":"SKIP","floor":48}],"player_experience":40919,"relics_obtained":[{"floor":7.0,"key":"BookOfRevelations"},{"floor":9.0,"key":"Pantograph"},{"floor":17.0,"key":"MealTicket"},{"floor":17.0,"key":"ForgetMeNow"},{"floor":17.0,"key":"Toxic Egg 2"},{"floor":24.0,"key":"Shuriken"},{"floor":26.0,"key":"InkBottle"},{"floor":28.0,"key":"Blood Vial"},{"floor":30.0,"key":"CaptainsWheel"},{"floor":41.0,"key":"Happy Flower"},{"floor":43.0,"key":"AnarchistCookbook"},{"floor":45,"key":"Pear"},{"floor":47,"key":"War Paint"}],"event_choices":[{"cards_removed":["Strike_B"],"damage_healed":0.0,"max_hp_gain":0.0,"max_hp_loss":0.0,"gold_gain":0.0,"event_name":"The Cleric","player_choice":"Card Removal","floor":2.0,"gold_loss":50.0,"damage_taken":0.0},{"damage_healed":0.0,"max_hp_gain":0.0,"max_hp_loss":0.0,"gold_gain":75.0,"event_name":"World of Goop","player_choice":"Gather Gold","floor":3.0,"gold_loss":0.0,"damage_taken":11.0},{"damage_healed":0.0,"max_hp_gain":0.0,"max_hp_loss":0.0,"gold_gain":0.0,"event_name":"Liars Game","player_choice":"Ignored","floor":5.0,"gold_loss":0.0,"damage_taken":0.0},{"damage_healed":0.0,"max_hp_gain":0.0,"max_hp_loss":0.0,"gold_gain":0.0,"event_name":"Scrap Ooze","player_choice":"Success","floor":12.0,"gold_loss":0.0,"damage_taken":12.0,"relics_obtained":["DeathBook"]},{"damage_healed":25.0,"max_hp_gain":0.0,"max_hp_loss":0.0,"gold_gain":0.0,"event_name":"The Library","player_choice":"Heal","floor":20.0,"gold_loss":0.0,"damage_taken":0.0},{"damage_healed":0.0,"max_hp_gain":0.0,"max_hp_loss":0.0,"gold_gain":0.0,"cards_transformed":["Strike_B"],"event_name":"Transmorgrifier","player_choice":"Transformed","floor":36.0,"gold_loss":0.0,"damage_taken":0.0,"cards_obtained":["Capacitor"]},{"damage_healed":0.0,"max_hp_gain":0.0,"max_hp_loss":0.0,"gold_gain":0.0,"event_name":"Tomb of Lord Red Mask","player_choice":"Ignored","floor":38.0,"gold_loss":0.0,"damage_taken":0.0}],"is_beta":false,"boss_relics":[{"not_picked":["Busted Crown","Velvet Choker"],"picked":"Calling Bell"},{"not_picked":["Cursed Key","bronze:MakeshiftBattery"],"picked":"Sozu"},{"not_picked":[]}],"items_purged_floors":[11,42],"is_endless":false,"potions_floor_spawned":[10,14,21,24,28,30,31,37,41,45,48],"ascension_level":1}}