{"host":"mydft8i2zzydgggw","time":1611445387,"event":{"mods":["AchievementEnabler","BaseMod","BetterRewards","Colored Map","Colored Powertips","DeckTracker","Keyboard Shortcuts","Minty Spire (QoL Compilation)","Rare Cards Sparkle","StSLib","SuperFastMode","everything is the same but u backflip on backflip"],"gold_per_floor":[110,60,60,78,11,41,41,41,41,61,90,114,138,160,172,282,294,317,329,13,13,112,112,112,112],"floor_reached":24,"language":"KOR","playtime":477,"items_purged":[],"score":366,"play_id":"c822fcf7-7035-476d-8811-d64a7ac63ea5","local_time":"20210124084307","is_ascension_mode":true,"campfire_choices":[{"data":"Recycle","floor":7,"key":"SMITH"},{"floor":15,"key":"REST"},{"data":"Shame","floor":23,"key":"PURGE"}],"circlet_count":0,"master_deck":["AscendersBane","Strike_B","Strike_B","Strike_B","Defend_B","Defend_B","Defend_B","Defend_B","Zap","Dualcast","Go for the Eyes","Skim","Loop","Recycle+1","Echo Form","FTL","Undo","Coolheaded","Biased Cognition","Electrodynamics","Defragment"],"relics":["Cracked Core","NeowsBlessing","Bottled Tornado","Question Card","MawBank","Fusion Hammer","Peace Pipe"],"acts_visited":["Exordium","TheCity"],"potions_floor_usage":[16,16,24],"damage_taken":[{"damage":0,"enemies":"Cultist","floor":1,"turns":1},{"damage":0,"enemies":"2 Louse","floor":4,"turns":1},{"damage":0,"enemies":"3 Sentries","floor":6,"turns":1},{"damage":10,"enemies":"Small Slimes","floor":10,"turns":4},{"damage":28,"enemies":"Gremlin Nob","floor":11,"turns":4},{"damage":34,"enemies":"Gremlin Gang","floor":12,"turns":5},{"damage":7,"enemies":"2 Fungi Beasts","floor":13,"turns":5},{"damage":5,"enemies":"Exordium Wildlife","floor":14,"turns":4},{"damage":17,"enemies":"The Guardian","floor":16,"turns":11},{"damage":15,"enemies":"Shell Parasite","floor":18,"turns":5},{"damage":31,"enemies":"Slavers","floor":24,"turns":2}],"seed_played":"-8708538315985486418","potions_obtained":[{"floor":3,"key":"FairyPotion"},{"floor":3,"key":"Block Potion"},{"floor":10,"key":"Swift Potion"},{"floor":14,"key":"LiquidBronze"},{"floor":18,"key":"PotionOfCapacity"}],"is_trial":false,"path_per_floor":["M","?","?","M","$","E","R","?","T","M","E","M","M","M","R","B",null,"M","?","$","?","?","R","E"],"character_chosen":"DEFECT","items_purchased":["Loop","Peace Pipe","Defragment"],"campfire_rested":1,"item_purchase_floors":[5,20,20],"current_hp_per_floor":[68,68,68,68,68,68,68,68,68,58,30,22,15,10,32,15,60,45,31,31,31,31,31,0,0],"gold":112,"neow_bonus":"THREE_ENEMY_KILL","is_daily":false,"chose_seed":false,"campfire_upgraded":1,"win_rate":0.0,"timestamp":1611445387,"path_taken":["M","?","?","?","$","E","R","?","T","M","E","M","?","?","R","BOSS","M","?","$","?","?","R","E"],"items_purchased_type":["Card","Relic","Card"],"build_version":"2020-12-22","purchased_purges":0,"victory":false,"max_hp_per_floor":[75,75,75,75,75,75,75,75,75,75,75,75,75,75,75,75,75,75,80,80,80,80,80,80,80],"card_choices":[{"not_picked":["Leap","Stack"],"picked":"Go for the Eyes","floor":1},{"not_picked":["Chill","Turbo"],"picked":"Skim","floor":4},{"not_picked":["Leap","Go for the Eyes"],"picked":"Recycle","floor":6},{"not_picked":["Multi-Cast","Turbo","Go for the Eyes"],"picked":"FTL","floor":10},{"not_picked":["Aggregate","Gash","Sweeping Beam"],"picked":"Undo","floor":11},{"not_picked":["Go for the Eyes","Beam Cell","Conserve Battery"],"picked":"Coolheaded","floor":12},{"not_picked":["Capacitor","Sunder","Storm"],"picked":"Biased Cognition","floor":13},{"not_picked":["Beam Cell","Reprogram","Go for the Eyes","Gash"],"picked":"SKIP","floor":14},{"not_picked":["Hyperbeam","Rainbow","Buffer"],"picked":"Electrodynamics","floor":16},{"not_picked":["Blizzard","Storm","Sweeping Beam","Gash"],"picked":"SKIP","floor":18}],"player_experience":200400,"relics_obtained":[{"floor":6,"key":"Bottled Tornado"},{"floor":9,"key":"Question Card"},{"floor":11,"key":"MawBank"}],"event_choices":[{"cards_removed":["Strike_B"],"damage_healed":0,"gold_gain":0,"player_choice":"Card Removal","damage_taken":0,"max_hp_gain":0,"max_hp_loss":0,"event_name":"The Cleric","floor":2,"gold_loss":50},{"damage_healed":0,"gold_gain":0,"player_choice":"Got Potions","damage_taken":0,"max_hp_gain":0,"max_hp_loss":0,"event_name":"Lab","floor":3,"gold_loss":0},{"damage_healed":0,"gold_gain":0,"player_choice":"2 cards matched","damage_taken":0,"max_hp_gain":0,"max_hp_loss":0,"event_name":"Match and Keep!","floor":8,"gold_loss":0,"cards_obtained":["Shame","Echo Form"]},{"damage_healed":0,"gold_gain":0,"player_choice":"Shed Blood","damage_taken":19,"max_hp_gain":5,"max_hp_loss":0,"event_name":"Forgotten Altar","floor":19,"gold_loss":0},{"damage_healed":0,"gold_gain":99,"player_choice":"Stole From Cult","damage_taken":0,"max_hp_gain":0,"max_hp_loss":0,"event_name":"Nest","floor":22,"gold_loss":0}],"is_beta":false,"boss_relics":[{"not_picked":["Philosopher\u0027s Stone","Cursed Key"],"picked":"Fusion Hammer"}],"items_purged_floors":[],"is_endless":false,"potions_floor_spawned":[4,10,11,14,18],"killed_by":"Slavers","ascension_level":12}}