{"host":"9j3ghh26vbket12t","time":1611394704,"event":{"mods":["AchievementEnabler","BaseMod","Colored Powertips","Hermit","Marisa????????","Minty Spire (QoL Compilation)","StSLib","The Servant 0.9.4"],"gold_per_floor":[109,128,2,177,77,77,105,26,26,26,37,55,88,106,106,204,204,217,233,233,233,36,36,135,161,209,12,32,32,32,62,62,162,162,180,34,45,60,10,10,27,27,51,63,74,74,99,115,115,115,115,115,14,42,42],"floor_reached":56,"language":"ENG","playtime":8111,"items_purged":["Defend_S","Doubt","Defend_S","Strike_S","Strike_S","Ricochet"],"score":1200,"play_id":"9087903c-0924-4e27-92dc-732aea9f94f5","local_time":"20210123043824","is_ascension_mode":false,"campfire_choices":[{"data":"SilverBlades","floor":6.0,"key":"SMITH"},{"data":"KidneyShot","floor":15.0,"key":"SMITH"},{"data":"Foresight","floor":23.0,"key":"SMITH"},{"floor":30.0,"key":"REST"},{"data":"InstantArmor","floor":32.0,"key":"SMITH"},{"floor":40.0,"key":"RECALL"},{"floor":42.0,"key":"REST"},{"floor":49,"key":"REST"},{"data":"Moonlight","floor":52,"key":"SMITH"}],"circlet_count":0,"master_deck":["Defend_S","KidneyShot+1","Exchange","SilverBlades+1","FastForward","InstantArmor+1","Foresight+1","BottledTime","Initiator","Ricochet+1","InstantArmor+1","SilverBlades+1","Starlight+1","Moonlight+1","Read+1","Solidify","SilverBlades+1","Defy+1","Sunlight","Reset+1","Madness","Madness","Barrier"],"relics":["Uniform","NeowsBlessing","Omamori","Pantograph","Potion Belt","Smiling Mask","Astrolabe","Nilry\u0027s Codex","Membership Card","InkBottle","Pen Nib","HandDrill","Centennial Puzzle","Question Card","SlaversCollar","Ice Cream","Ancient Tea Set","Bag of Marbles","Anchor"],"acts_visited":["Exordium","TheCity","TheBeyond","TheEnding"],"potions_floor_usage":[54,54,55,55],"damage_taken":[{"damage":0.0,"enemies":"2 Louse","floor":1.0,"turns":1.0},{"damage":0.0,"enemies":"Jaw Worm","floor":2.0,"turns":1.0},{"damage":0.0,"enemies":"3 Sentries","floor":7.0,"turns":1.0},{"damage":0.0,"enemies":"Small Slimes","floor":11.0,"turns":3.0},{"damage":0.0,"enemies":"Exordium Thugs","floor":12.0,"turns":4.0},{"damage":22.0,"enemies":"Lagavulin","floor":13.0,"turns":7.0},{"damage":0.0,"enemies":"Exordium Wildlife","floor":14.0,"turns":2.0},{"damage":35.0,"enemies":"The Guardian","floor":16.0,"turns":12.0},{"damage":22.0,"enemies":"2 Thieves","floor":18.0,"turns":5.0},{"damage":0.0,"enemies":"Chosen","floor":19.0,"turns":4.0},{"damage":1.0,"enemies":"Book of Stabbing","floor":25.0,"turns":4.0},{"damage":10.0,"enemies":"Shelled Parasite and Fungi","floor":28.0,"turns":4.0},{"damage":8.0,"enemies":"Slavers","floor":31.0,"turns":5.0},{"damage":29.0,"enemies":"Collector","floor":33.0,"turns":8.0},{"damage":6.0,"enemies":"Orb Walker","floor":35.0,"turns":4.0},{"damage":13.0,"enemies":"3 Shapes","floor":37.0,"turns":3.0},{"damage":20.0,"enemies":"3 Darklings","floor":38.0,"turns":4.0},{"damage":0.0,"enemies":"Transient","floor":41.0,"turns":5.0},{"damage":0.0,"enemies":"Spire Growth","floor":44.0,"turns":3.0},{"damage":10.0,"enemies":"Writhing Mass","floor":45.0,"turns":5.0},{"damage":11.0,"enemies":"Nemesis","floor":47.0,"turns":5.0},{"damage":0,"enemies":"4 Shapes","floor":48,"turns":5},{"damage":53,"enemies":"Awakened One","floor":50,"turns":10},{"damage":19,"enemies":"Shield and Spear","floor":54,"turns":5},{"damage":64,"enemies":"The Heart","floor":55,"turns":7}],"seed_played":"-2133120011534017481","potions_obtained":[{"floor":2.0,"key":"Block Potion"},{"floor":7.0,"key":"SmokeBomb"},{"floor":14.0,"key":"PowerPotion"},{"floor":18.0,"key":"DistilledChaos"},{"floor":33.0,"key":"Ancient Potion"},{"floor":38.0,"key":"SteroidPotion"},{"floor":41.0,"key":"Energy Potion"},{"floor":44.0,"key":"Regen Potion"},{"floor":48,"key":"Block Potion"}],"is_trial":false,"path_per_floor":["M","M","$","?","$","R","E","$","T","?","M","M","E","M","R","B",null,"M","M","?","?","$","R","?","E","T","$","M","T","R","E","R","B",null,"M","$","M","M","$","R","M","R","T","M","M","?","E","M","R","B",null,"R","$","E","B",null],"character_chosen":"THE_SERVANT","items_purchased":["Ricochet","Foresight","Membership Card","HandDrill","Centennial Puzzle","Ice Cream","ColorlessPotion","AttackPotion"],"campfire_rested":3,"item_purchase_floors":[3,8,22,27,27,36,53,53],"current_hp_per_floor":[65,65,65,65,65,65,65,65,65,65,65,65,43,43,43,30,65,43,43,27,48,48,48,48,47,47,47,37,37,56,48,48,36,65,59,59,46,26,26,26,26,45,45,45,44,36,25,25,44,12,65,65,65,46,1],"gold":42,"neow_bonus":"THREE_ENEMY_KILL","is_daily":false,"chose_seed":false,"campfire_upgraded":5,"win_rate":0.0,"timestamp":1611394704,"path_taken":["M","M","$","?","?","R","E","$","T","?","M","?","E","M","R","BOSS","M","M","?","?","$","R","?","E","T","?","M","?","R","E","R","BOSS","M","$","M","M","$","R","M","R","T","M","M","?","E","M","R","BOSS","R","$","E","BOSS"],"items_purchased_type":["Card","Card","Relic","Relic","Relic","Relic","Potion","Potion"],"build_version":"2020-12-22","purchased_purges":6,"victory":true,"max_hp_per_floor":[65,65,65,65,65,65,65,65,65,65,65,65,65,65,65,65,65,65,65,65,65,65,65,65,65,65,65,65,65,65,65,65,65,65,65,65,65,65,65,65,65,65,65,65,65,65,65,65,65,65,65,65,65,65,65],"card_choices":[{"not_picked":["BottledTime","DoubleEdge"],"picked":"SilverBlades","floor":1.0},{"not_picked":["Foresight","RealityMarble"],"picked":"FastForward","floor":2.0},{"not_picked":["GearUp","SpecialFormula"],"picked":"InstantArmor","floor":7.0},{"not_picked":["Read","Comet"],"picked":"BottledTime","floor":11.0},{"not_picked":["TimeWarp","Shuttle","DoubleEdge"],"picked":"SKIP","floor":12.0},{"not_picked":["MoonPhase","Rearm","Misdirection"],"picked":"SKIP","floor":13.0},{"not_picked":["BottledTime","Shuttle","Advance"],"picked":"SKIP","floor":14.0},{"not_picked":["FlawlessForm","ForgedInTime"],"picked":"Initiator","floor":16.0},{"not_picked":["MoonPhase","Alleviate"],"picked":"Starlight+1","floor":18.0},{"not_picked":["Starlight","Alleviate","Ricochet+1"],"picked":"SKIP","floor":19.0},{"not_picked":["Advance","Revamp"],"picked":"Moonlight","floor":25.0},{"not_picked":["Ricochet+1","Moonlight+1"],"picked":"Read+1","floor":28.0},{"not_picked":["Alleviate+1","Starlight+1","Revamp"],"picked":"SKIP","floor":31.0},{"not_picked":["PendulumOfEternity","ForgedInTime","Deny"],"picked":"Solidify","floor":33.0},{"not_picked":["Defy+1","Rewind","DualDimension"],"picked":"SilverBlades+1","floor":35.0},{"not_picked":["SpecialFormula","Moonlight+1","WasteNot+1","Misdirection"],"picked":"SKIP","floor":37.0},{"not_picked":["Collapse+1","Potential","Misdirection"],"picked":"Defy+1","floor":38.0},{"not_picked":["MoonPhase+1","Rewind+1","Potential+1","Rearm+1"],"picked":"SKIP","floor":41.0},{"not_picked":["Potential+1","Revamp+1","RealityMarble"],"picked":"Sunlight","floor":44.0},{"not_picked":["Revamp","Rearm+1","ShatteredReality"],"picked":"Reset+1","floor":45.0},{"not_picked":["WasteNot+1","Desolation","ForgedInTime","Defy"],"picked":"SKIP","floor":47.0},{"not_picked":["BottledTime+1","Ricochet","Defy+1","TimeWarp+1"],"picked":"SKIP","floor":48},{"not_picked":["DualDimension+1","BottledTime+1","Starlight+1"],"picked":"Barrier","floor":54}],"player_experience":99830,"relics_obtained":[{"floor":7.0,"key":"Omamori"},{"floor":9.0,"key":"Pantograph"},{"floor":13.0,"key":"Smiling Mask"},{"floor":20.0,"key":"Nilry\u0027s Codex"},{"floor":25.0,"key":"InkBottle"},{"floor":26.0,"key":"Pen Nib"},{"floor":31.0,"key":"Question Card"},{"floor":43.0,"key":"Ancient Tea Set"},{"floor":47.0,"key":"Bag of Marbles"},{"floor":54,"key":"Anchor"}],"event_choices":[{"damage_healed":0.0,"max_hp_gain":0.0,"max_hp_loss":0.0,"gold_gain":175.0,"event_name":"Liars Game","player_choice":"AGREE","floor":4.0,"gold_loss":0.0,"damage_taken":0.0,"cards_obtained":["Doubt"]},{"damage_healed":0.0,"max_hp_gain":0.0,"max_hp_loss":0.0,"gold_gain":0.0,"event_name":"WeMeetAgain","player_choice":"Gave Potion","floor":10.0,"gold_loss":0.0,"damage_taken":0.0,"relics_obtained":["Potion Belt"]},{"damage_healed":0.0,"max_hp_gain":0.0,"max_hp_loss":0.0,"gold_gain":0.0,"event_name":"Cursed Tome","player_choice":"Obtained Book","floor":20.0,"gold_loss":0.0,"damage_taken":16.0},{"damage_healed":21.0,"max_hp_gain":0.0,"max_hp_loss":0.0,"gold_gain":0.0,"event_name":"The Library","player_choice":"Heal","floor":21.0,"gold_loss":0.0,"damage_taken":0.0},{"damage_healed":0.0,"max_hp_gain":0.0,"max_hp_loss":0.0,"gold_gain":99.0,"event_name":"Nest","player_choice":"Stole From Cult","floor":24.0,"gold_loss":0.0,"damage_taken":0.0},{"damage_healed":0.0,"max_hp_gain":0.0,"max_hp_loss":0.0,"gold_gain":0.0,"event_name":"Winding Halls","player_choice":"Embrace Madness","floor":46.0,"gold_loss":0.0,"damage_taken":8.0,"cards_obtained":["Madness","Madness"]}],"is_beta":false,"boss_relics":[{"not_picked":["Snecko Eye","Coffee Dripper"],"picked":"Astrolabe"},{"not_picked":["Runic Pyramid","SacredBark"],"picked":"SlaversCollar"}],"items_purged_floors":[3,5,22,27,39,53],"is_endless":false,"potions_floor_spawned":[2,7,14,18,33,38,41,44,48],"ascension_level":0}}