{"host":"u0qetpmu4y58k1tf","time":1611372971,"event":{"mods":["AchievementEnabler","BaseMod","Colored Map","Colored Powertips","Hermit","Marisa£¨Ùöéë¡¡Øª×âÞÞ£©","Minty Spire (QoL Compilation)","Replay The Spire","StSLib","SuperFastMode","The Bug Knight","The Cursed","The Hierophant","The Runesmith"],"gold_per_floor":[109,3,19,19,40,71,71,71,71,90,15,39,63,104,104,224,224,239,179,94,94,119,119,155,155,155,194,94,117,153,169,169,299,299,323,381,442,17,32,46,46,65,65,90,125,125,160,160,160,160,160,160,7,45,45],"floor_reached":56,"language":"KOR","playtime":3736,"items_purged":["Strike_B","Strike_B","Defend_B"],"score":1323,"play_id":"000f884a-7a0a-44d8-9f84-17af1eb47945","local_time":"20210123123611","is_ascension_mode":true,"campfire_choices":[{"data":"Zap","floor":7.0,"key":"SMITH"},{"floor":15.0,"key":"REST"},{"data":"Blizzard","floor":23.0,"key":"SMITH"},{"data":"Blizzard","floor":25.0,"key":"SMITH"},{"floor":32.0,"key":"REST"},{"floor":41.0,"key":"RECALL"},{"data":"White Noise","floor":46.0,"key":"SMITH"},{"floor":49.0,"key":"REST"},{"data":"ReplayTheSpireMod:Calculation Training","floor":52.0,"key":"SMITH"}],"circlet_count":0,"master_deck":["Defend_B+1","Defend_B","Zap+1","Dualcast+1","Defragment","Blizzard+1","Panic Button","Chill","Force Field","Cold Snap","Coolheaded","Turbo","Coolheaded","Defragment","Steam","Machine Learning","Conserve Battery","Cold Snap+1","Capacitor","Crystallizer","Fusion+1","Heatsinks","Blizzard+1","Echo Form","White Noise+1","ReplayTheSpireMod:Calculation Training+1","Storm","Blizzard","Seek","Self Repair","Redo+1","BootSequence+1","Redo+1","Seek","Storm","Coolheaded+1","BasicCrystalCard+1","Double Energy+1","Mirror Shield","BasicCrystalCard+1"],"relics":["FrozenCore","NeowsBlessing","Prayer Wheel","Golden Idol","Pet Ghost","Question Card","War Paint","Replay:Ringing Soul","PreservedInsect","Iron Hammer","Toy Ornithopter","White Beast Statue","Empty Cage","Runesmith:Locket","CatCart","CaptainsWheel","Orichalcum","Garlic","Medical Kit","HollowMod:LifeEnderRelic"],"acts_visited":["Exordium","TheCity","TheBeyond","TheEnding"],"potions_floor_usage":[55,55,55],"damage_taken":[{"damage":0.0,"enemies":"Jaw Worm","floor":1.0,"turns":1.0},{"damage":0.0,"enemies":"Cultist","floor":3.0,"turns":1.0},{"damage":0.0,"enemies":"2 Louse","floor":5.0,"turns":1.0},{"damage":22.0,"enemies":"HollowMod:MossKnight","floor":6.0,"turns":11.0},{"damage":0.0,"enemies":"Exordium Thugs","floor":10.0,"turns":4.0},{"damage":7.0,"enemies":"Large Slime","floor":12.0,"turns":7.0},{"damage":16.0,"enemies":"Exordium Wildlife","floor":13.0,"turns":5.0},{"damage":25.0,"enemies":"Gremlin Nob","floor":14.0,"turns":6.0},{"damage":6.0,"enemies":"Slime Boss","floor":16.0,"turns":11.0},{"damage":0.0,"enemies":"Spheric Guardian","floor":18.0,"turns":6.0},{"damage":16.0,"enemies":"2 Thieves","floor":19.0,"turns":4.0},{"damage":10.0,"enemies":"Centurion and Healer","floor":22.0,"turns":12.0},{"damage":22.0,"enemies":"Slavers","floor":24.0,"turns":8.0},{"damage":7.0,"enemies":"Book of Stabbing","floor":27.0,"turns":8.0},{"damage":0.0,"enemies":"Snake Plant","floor":29.0,"turns":6.0},{"damage":15.0,"enemies":"Gremlin Leader","floor":30.0,"turns":4.0},{"damage":0.0,"enemies":"3 Cultists","floor":31.0,"turns":5.0},{"damage":19.0,"enemies":"Champ","floor":33.0,"turns":9.0},{"damage":0.0,"enemies":"Orb Walker","floor":35.0,"turns":5.0},{"damage":34.0,"enemies":"2 Orb Walkers","floor":36.0,"turns":5.0},{"damage":29.0,"enemies":"Orin","floor":37.0,"turns":6.0},{"damage":19.0,"enemies":"3 Darklings","floor":39.0,"turns":5.0},{"damage":26.0,"enemies":"Sphere and 2 Shapes","floor":40.0,"turns":8.0},{"damage":24.0,"enemies":"Jaw Worm Horde","floor":42.0,"turns":3.0},{"damage":18.0,"enemies":"Spire Growth","floor":44.0,"turns":5.0},{"damage":5.0,"enemies":"Nemesis","floor":45.0,"turns":6.0},{"damage":3.0,"enemies":"R_Hoarder","floor":47.0,"turns":6.0},{"damage":28.0,"enemies":"Awakened One","floor":50.0,"turns":11.0},{"damage":56.0,"enemies":"Shield and Spear","floor":54.0,"turns":7.0},{"damage":63,"enemies":"The Heart","floor":55,"turns":8}],"seed_played":"-5305943118805272304","potions_obtained":[{"floor":5.0,"key":"Elixir"},{"floor":8.0,"key":"LiquidMemories"},{"floor":8.0,"key":"FairyPotion"},{"floor":8.0,"key":"Languid Potion"},{"floor":14.0,"key":"LiquidBronze"},{"floor":18.0,"key":"Energy Potion"},{"floor":22.0,"key":"AttackPotion"},{"floor":27.0,"key":"FocusPotion"},{"floor":31.0,"key":"Energy Potion"},{"floor":33.0,"key":"Dexterity Potion"},{"floor":35.0,"key":"Block Potion"},{"floor":36.0,"key":"Death Potion"},{"floor":37.0,"key":"Explosive Potion"},{"floor":39.0,"key":"Fruit Juice"},{"floor":40.0,"key":"Languid Potion"},{"floor":42.0,"key":"PowerPotion"},{"floor":44.0,"key":"AttackPotion"},{"floor":45.0,"key":"LiquidBronze"},{"floor":47.0,"key":"Venom Potion"},{"floor":54.0,"key":"BlessingOfTheForge"}],"is_trial":false,"path_per_floor":["M","?","M","?","M","E","R","?","T","M","$","M","M","E","R","B",null,"M","M","?","?","M","R","E","R","T","E","$","M","E","M","R","B",null,"M","?","?","$","M","M","R","M","T","M","E","R","E","?","R","B",null,"R","$","E","B",null],"character_chosen":"DEFECT","items_purchased":["CaptainsWheel","Medical Kit"],"campfire_rested":3,"item_purchase_floors":[38,53],"current_hp_per_floor":[75,75,75,57,57,35,35,35,35,35,35,28,12,22,44,38,75,75,59,59,59,52,52,33,33,33,29,29,32,17,25,52,41,93,96,69,68,68,71,68,68,52,52,49,59,59,66,66,102,86,122,122,122,79,38],"gold":45,"neow_bonus":"THREE_ENEMY_KILL","is_daily":false,"chose_seed":false,"campfire_upgraded":5,"win_rate":0.0,"timestamp":1611372971,"path_taken":["M","?","?","?","M","E","R","?","T","M","$","?","M","E","R","BOSS","M","M","?","?","M","R","E","R","T","E","?","?","E","?","R","BOSS","M","?","?","$","M","M","R","M","T","M","E","R","E","?","R","BOSS","R","$","E","BOSS"],"items_purchased_type":["Relic","Relic"],"build_version":"2020-12-22","purchased_purges":3,"victory":true,"max_hp_per_floor":[75,75,75,75,75,75,75,75,75,75,75,75,75,75,75,75,75,75,75,75,75,78,78,81,81,81,84,84,87,87,90,90,93,93,96,96,99,99,102,110,110,113,113,116,119,119,122,122,122,122,122,122,122,125,125],"card_choices":[{"not_picked":["Cold Snap","Scrape"],"picked":"Defragment","floor":1.0},{"not_picked":["Coolheaded","Turbo"],"picked":"Blizzard","floor":3.0},{"not_picked":["Streamline","BasicCrystalCard"],"picked":"Panic Button","floor":3.0},{"not_picked":["Buffer","ReplayGash"],"picked":"Chill","floor":5.0},{"not_picked":["Streamline","Gash"],"picked":"Force Field","floor":5.0},{"not_picked":["Go for the Eyes","Barrage"],"picked":"Cold Snap","floor":6.0},{"not_picked":["Ball Lightning","Redo","Barrage"],"picked":"Coolheaded","floor":10.0},{"not_picked":["Ball Lightning","Compile Driver","Gash"],"picked":"Turbo","floor":10.0},{"not_picked":["Cold Snap","Darkness","Fission"],"picked":"Coolheaded","floor":12.0},{"not_picked":["Barrage","Gash","Ball Lightning","Beam Cell"],"picked":"SKIP","floor":12.0},{"not_picked":["Tempest","Gash","Beam Cell"],"picked":"Defragment","floor":13.0},{"not_picked":["Rebound","Leap","Chaos","Gash"],"picked":"SKIP","floor":13.0},{"not_picked":["Streamline","Fusion","ReplayTheSpireMod:System Scan"],"picked":"Steam","floor":14.0},{"not_picked":["Hyperbeam","Electrodynamics","Rainbow"],"picked":"Machine Learning","floor":16.0},{"not_picked":["Leap","Ball Lightning+1","Sweeping Beam"],"picked":"Conserve Battery","floor":18.0},{"not_picked":["Barrage+1","Redo","Hello World"],"picked":"Cold Snap+1","floor":18.0},{"not_picked":["Steam","Stack","Ball Lightning"],"picked":"Capacitor","floor":19.0},{"not_picked":["Rebound","Fusion","Rip and Tear"],"picked":"Crystallizer","floor":19.0},{"not_picked":["Cold Snap","Time Bomb+1","ReplaySort"],"picked":"Fusion+1","floor":22.0},{"not_picked":["Panic Button+1","Turbo","Storm"],"picked":"Heatsinks","floor":22.0},{"not_picked":["Cold Snap","ReplayTheSpireMod:Calculation Training","ReplayTheSpireMod:GoodbyeWorld+1"],"picked":"Blizzard","floor":24.0},{"not_picked":["Turbo+1","Gash+1","Skim"],"picked":"Echo Form","floor":27.0},{"not_picked":["Streamline","Rebound","FIFO Queue"],"picked":"White Noise","floor":29.0},{"not_picked":["Leap","Sweeping Beam","FTL"],"picked":"ReplayTheSpireMod:Calculation Training","floor":29.0},{"not_picked":["ReplayGash","Multi-Cast","Compile Driver","Reprogram"],"picked":"SKIP","floor":30.0},{"not_picked":["BasicCrystalCard","Panic Button","Gash"],"picked":"Storm","floor":31.0},{"not_picked":["Sweeping Beam+1","Compile Driver","Go for the Eyes"],"picked":"Blizzard","floor":31.0},{"not_picked":["Multi-Cast","Buffer","Thunder Strike"],"picked":"Seek","floor":33.0},{"not_picked":["BasicCrystalCard","Sweeping Beam","Gash"],"picked":"Self Repair","floor":35.0},{"not_picked":["Auto Shields","Ball Lightning","Coolheaded","Rebound+1"],"picked":"SKIP","floor":35.0},{"not_picked":["BasicCrystalCard","Go for the Eyes","Turbo"],"picked":"Redo+1","floor":37.0},{"not_picked":["Steam","Rebound","Self Repair"],"picked":"BootSequence+1","floor":39.0},{"not_picked":["Static Discharge","Beam Cell+1","Hello World+1"],"picked":"Redo+1","floor":39.0},{"not_picked":["Streamline+1","Go for the Eyes+1","Rebound"],"picked":"Seek","floor":40.0},{"not_picked":["Redo+1","Conserve Battery","Streamline+1"],"picked":"Storm","floor":40.0},{"not_picked":["Steam","Beam Cell","Leap"],"picked":"BasicCrystalCard","floor":42.0},{"not_picked":["Streamline+1","Redo","Sweeping Beam","ReplayTheSpireMod:GoodbyeWorld+1"],"picked":"SKIP","floor":42.0},{"not_picked":["Redo+1","Buffer","Rebound+1"],"picked":"Coolheaded+1","floor":44.0},{"not_picked":["Beam Cell","Sunder","Streamline"],"picked":"BasicCrystalCard+1","floor":44.0},{"not_picked":["Coolheaded","Ball Lightning+1","Darkness"],"picked":"Double Energy+1","floor":45.0},{"not_picked":["Melter+1","Beam Cell","Rebound"],"picked":"Mirror Shield","floor":47.0},{"not_picked":["Rebound","Barrage","Electrodynamics"],"picked":"BasicCrystalCard+1","floor":54.0}],"player_experience":39659,"relics_obtained":[{"floor":6.0,"key":"Pet Ghost"},{"floor":9.0,"key":"Question Card"},{"floor":14.0,"key":"War Paint"},{"floor":24.0,"key":"PreservedInsect"},{"floor":26.0,"key":"Iron Hammer"},{"floor":27.0,"key":"Toy Ornithopter"},{"floor":30.0,"key":"White Beast Statue"},{"floor":36.0,"key":"Runesmith:Locket"},{"floor":37.0,"key":"CatCart"},{"floor":45.0,"key":"Orichalcum"},{"floor":47.0,"key":"Garlic"},{"floor":54.0,"key":"HollowMod:LifeEnderRelic"}],"event_choices":[{"damage_healed":0.0,"max_hp_gain":0.0,"max_hp_loss":0.0,"gold_gain":0.0,"event_name":"WeMeetAgain","player_choice":"Paid Gold","floor":2.0,"gold_loss":106.0,"damage_taken":0.0,"relics_obtained":["Prayer Wheel"]},{"damage_healed":0.0,"max_hp_gain":0.0,"max_hp_loss":0.0,"gold_gain":0.0,"event_name":"Golden Idol","player_choice":"Take Damage","floor":4.0,"gold_loss":0.0,"damage_taken":18.0,"relics_obtained":["Golden Idol"]},{"damage_healed":0.0,"max_hp_gain":0.0,"max_hp_loss":0.0,"gold_gain":0.0,"event_name":"Lab","player_choice":"Got Potions","floor":8.0,"gold_loss":0.0,"damage_taken":0.0},{"damage_healed":0.0,"max_hp_gain":0.0,"max_hp_loss":0.0,"gold_gain":0.0,"event_name":"Addict","player_choice":"Obtained Relic","floor":20.0,"gold_loss":85.0,"damage_taken":0.0,"relics_obtained":["Replay:Ringing Soul"]},{"cards_removed":["Strike_B"],"damage_healed":0.0,"max_hp_gain":0.0,"max_hp_loss":0.0,"gold_gain":0.0,"event_name":"Back to Basics","player_choice":"Elegance","floor":21.0,"gold_loss":0.0,"damage_taken":0.0},{"damage_healed":0.0,"max_hp_gain":0.0,"max_hp_loss":0.0,"gold_gain":0.0,"event_name":"Mysterious Sphere","player_choice":"Fight","floor":36.0,"gold_loss":0.0,"damage_taken":0.0},{"damage_healed":0.0,"max_hp_gain":0.0,"max_hp_loss":0.0,"gold_gain":0.0,"event_name":"OrinTheCat","player_choice":"Fight","floor":37.0,"gold_loss":0.0,"damage_taken":0.0},{"cards_removed":["BasicCrystalCard"],"damage_healed":0.0,"max_hp_gain":0.0,"max_hp_loss":0.0,"gold_gain":0.0,"event_name":"Falling","player_choice":"Removed Skill","floor":48.0,"gold_loss":0.0,"damage_taken":0.0}],"is_beta":false,"boss_relics":[{"not_picked":["Snecko Eye","Cursed Key"],"picked":"FrozenCore"},{"not_picked":["Black Star","Sozu"],"picked":"Empty Cage"}],"items_purged_floors":[11,28,38],"is_endless":false,"potions_floor_spawned":[5,10,12,14,18,22,27,31,33,35,36,37,39,40,42,44,45,47,54],"ascension_level":1}}