{"host":"9tzam4717zt8ei1o","time":1611412503,"event":{"mods":["BaseMod","Colored Map","Keyboard Shortcuts","Minty Spire (QoL Compilation)","Quick Restart","StSLib","SuperFastMode"],"gold_per_floor":[115,128,53,3,22,22,22,39,110,143,43,78,90,106,106,208,208,221,29,40,73,73,73,91,91,91,91,109,109,124,153,153,153,153],"floor_reached":33,"language":"KOR","playtime":703,"items_purged":["Strike_G","Strike_G","Strike_G"],"score":523,"play_id":"e9a64c2c-5180-47a4-adfe-58ae446b54ae","local_time":"20210123233503","is_ascension_mode":true,"campfire_choices":[{"data":"Glass Knife","floor":6.0,"key":"SMITH"},{"data":"Neutralize","floor":15.0,"key":"SMITH"},{"data":"Calculated Gamble","floor":23.0,"key":"SMITH"},{"data":"A Thousand Cuts","floor":25.0,"key":"SMITH"},{"data":"Tactician","floor":27.0,"key":"SMITH"},{"data":"Phantasmal Killer","floor":32.0,"key":"SMITH"}],"circlet_count":0,"master_deck":["AscendersBane","Strike_G","Defend_G+1","Defend_G","Defend_G","Defend_G","Survivor","Neutralize+1","Glass Knife+1","Underhanded Strike+1","Escape Plan","Heel Hook","Heel Hook","Calculated Gamble+1","Dagger Throw","A Thousand Cuts+1","Tactician+1","Blur+1","Phantasmal Killer+1","Escape Plan"],"relics":["Ring of the Snake","White Beast Statue","Ancient Tea Set","Ice Cream","Black Star","Red Mask","Question Card","Happy Flower","Vajra"],"acts_visited":["Exordium","TheCity"],"potions_floor_usage":[33],"damage_taken":[{"damage":0.0,"enemies":"Cultist","floor":1.0,"turns":4.0},{"damage":0.0,"enemies":"Jaw Worm","floor":2.0,"turns":3.0},{"damage":0.0,"enemies":"2 Louse","floor":5.0,"turns":2.0},{"damage":3.0,"enemies":"Looter","floor":8.0,"turns":2.0},{"damage":11.0,"enemies":"Lagavulin","floor":10.0,"turns":6.0},{"damage":21.0,"enemies":"Gremlin Nob","floor":12.0,"turns":5.0},{"damage":2.0,"enemies":"Large Slime","floor":13.0,"turns":6.0},{"damage":8.0,"enemies":"Exordium Thugs","floor":14.0,"turns":4.0},{"damage":0.0,"enemies":"Slime Boss","floor":16.0,"turns":6.0},{"damage":6.0,"enemies":"3 Byrds","floor":18.0,"turns":4.0},{"damage":4.0,"enemies":"Chosen","floor":20.0,"turns":4.0},{"damage":12.0,"enemies":"Masked Bandits","floor":21.0,"turns":5.0},{"damage":9.0,"enemies":"Centurion and Healer","floor":24.0,"turns":5.0},{"damage":6.0,"enemies":"3 Cultists","floor":28.0,"turns":4.0},{"damage":4.0,"enemies":"Snecko","floor":30.0,"turns":5.0},{"damage":9.0,"enemies":"Slavers","floor":31.0,"turns":4.0},{"damage":4,"enemies":"Automaton","floor":33,"turns":2}],"seed_played":"5646249907292262496","potions_obtained":[{"floor":8.0,"key":"DistilledChaos"},{"floor":10.0,"key":"SteroidPotion"},{"floor":12.0,"key":"DuplicationPotion"},{"floor":16.0,"key":"GhostInAJar"},{"floor":20.0,"key":"DistilledChaos"},{"floor":21.0,"key":"SneckoOil"},{"floor":24.0,"key":"Block Potion"},{"floor":28.0,"key":"Strength Potion"},{"floor":31.0,"key":"EssenceOfSteel"}],"is_trial":false,"path_per_floor":["M","M","$","?","M","R","?","M","T","E","$","E","M","M","R","B",null,"M","$","M","?","?","R","M","R","T","R","M","$","M","E","R","B"],"character_chosen":"THE_SILENT","items_purchased":["Tactician"],"campfire_rested":0,"item_purchase_floors":[19],"current_hp_per_floor":[63,63,63,63,63,63,49,46,46,35,35,14,12,4,4,4,54,48,48,44,32,32,32,23,23,23,23,17,17,13,4,4,0,0],"gold":153,"neow_bonus":"TRANSFORM_CARD","is_daily":false,"chose_seed":false,"campfire_upgraded":6,"win_rate":0.0,"timestamp":1611412503,"path_taken":["M","M","$","?","M","R","?","M","T","E","$","E","M","M","R","BOSS","M","$","M","?","?","R","M","R","T","R","M","$","M","E","R","BOSS"],"items_purchased_type":["Card"],"build_version":"2020-12-22","purchased_purges":3,"victory":false,"max_hp_per_floor":[70,70,70,70,70,70,70,70,70,70,70,70,70,70,70,70,70,70,70,70,70,70,70,70,70,70,70,70,70,70,70,70,70,70],"card_choices":[{"not_picked":["Quick Slash","Dagger Spray"],"picked":"Underhanded Strike","floor":1.0},{"not_picked":["Dodge and Roll","Quick Slash","Deadly Poison"],"picked":"SKIP","floor":2.0},{"not_picked":["Cloak And Dagger","Slice"],"picked":"Escape Plan","floor":5.0},{"not_picked":["Dodge and Roll","Blade Dance","Poisoned Stab"],"picked":"SKIP","floor":8.0},{"not_picked":["Glass Knife","Accuracy"],"picked":"Heel Hook","floor":10.0},{"not_picked":["Setup","Finisher"],"picked":"Heel Hook","floor":12.0},{"not_picked":["Backflip","Poisoned Stab"],"picked":"Calculated Gamble","floor":13.0},{"not_picked":["Outmaneuver","Accuracy"],"picked":"Dagger Throw","floor":14.0},{"not_picked":["Tools of the Trade","Wraith Form v2"],"picked":"A Thousand Cuts","floor":16.0},{"not_picked":["Crippling Poison","Expertise","Underhanded Strike"],"picked":"SKIP","floor":18.0},{"not_picked":["Accuracy","Well Laid Plans","Cloak And Dagger"],"picked":"SKIP","floor":20.0},{"not_picked":["Skewer","Well Laid Plans","Caltrops"],"picked":"SKIP","floor":24.0},{"not_picked":["Footwork","All Out Attack","Well Laid Plans"],"picked":"Blur+1","floor":28.0},{"not_picked":["Predator","Blade Dance","Dagger Spray"],"picked":"Phantasmal Killer","floor":30.0},{"not_picked":["Accuracy","Bouncing Flask","Blade Dance"],"picked":"Escape Plan","floor":31.0}],"player_experience":102503,"relics_obtained":[{"floor":9.0,"key":"White Beast Statue"},{"floor":10.0,"key":"Ancient Tea Set"},{"floor":12.0,"key":"Ice Cream"},{"floor":21.0,"key":"Red Mask"},{"floor":26.0,"key":"Question Card"},{"floor":31.0,"key":"Happy Flower"},{"floor":31.0,"key":"Vajra"}],"event_choices":[{"cards_removed":["Defend_G"],"damage_healed":0.0,"max_hp_gain":0.0,"max_hp_loss":0.0,"gold_gain":0.0,"event_name":"The Cleric","player_choice":"Card Removal","floor":4.0,"gold_loss":50.0,"damage_taken":0.0},{"damage_healed":0.0,"max_hp_gain":0.0,"max_hp_loss":0.0,"gold_gain":0.0,"event_name":"Shining Light","player_choice":"Entered Light","floor":7.0,"gold_loss":0.0,"damage_taken":14.0,"cards_upgraded":["Defend_G","Underhanded Strike"]},{"damage_healed":0.0,"max_hp_gain":0.0,"max_hp_loss":0.0,"gold_gain":0.0,"event_name":"Masked Bandits","player_choice":"Fought Bandits","floor":21.0,"gold_loss":0.0,"damage_taken":0.0},{"damage_healed":0.0,"max_hp_gain":0.0,"max_hp_loss":0.0,"gold_gain":0.0,"event_name":"Vampires","player_choice":"Ignored","floor":22.0,"gold_loss":0.0,"damage_taken":0.0}],"is_beta":false,"boss_relics":[{"not_picked":["Philosopher\u0027s Stone","SlaversCollar"],"picked":"Black Star"}],"items_purged_floors":[3,11,19],"is_endless":false,"potions_floor_spawned":[8,10,12,13,14,16,18,20,21,24,28,30,31],"killed_by":"Automaton","ascension_level":12}}