{"host":"ci7ivtocgfxh0ueo","time":1611360882,"event":{"mods":["BaseMod","GifTheSpireLib","Minty Spire (QoL Compilation)","StSLib"],"gold_per_floor":[116,127,202,202,202,231,251,251,275,275,11,26,46,61,61,134,134,148,148,148,165,182,208,208,219,219,236,256,41,41,55,55,127,127,146,169,180,0,34,34,34,34],"floor_reached":41,"language":"ZHT","playtime":1137,"items_purged":[],"score":789,"play_id":"fa83946e-843b-4982-89ef-3ffd7baca266","local_time":"20210123081442","is_ascension_mode":true,"campfire_choices":[{"data":"Heavy Blade","floor":8,"key":"SMITH"},{"floor":10,"key":"REST"},{"floor":15,"key":"REST"},{"floor":24,"key":"REST"},{"floor":30,"key":"REST"},{"floor":32,"key":"REST"},{"floor":40,"key":"REST"}],"circlet_count":0,"master_deck":["AscendersBane","Strike_R","Strike_R","Defend_R+1","Defend_R","Defend_R","Defend_R","Bash","Hemokinesis","Armaments+1","Inflame","Heavy Blade+1","Infernal Blade","Mayhem","Spot Weakness","Ghostly Armor+1","Immolate","Flame Barrier+1","Pommel Strike+1","Cleave+1","Inflame","Rupture","Reaper","Clash","Clash+1","Reaper","Inflame+1","Flex+1"],"relics":["Burning Blood","Lizard Tail","Bag of Marbles","Regal Pillow","Astrolabe","Vajra","War Paint","Matryoshka","Oddly Smooth Stone","CeramicFish","Happy Flower","Red Mask","Incense Burner"],"acts_visited":["Exordium","TheCity","TheBeyond"],"potions_floor_usage":[6,16,16,21,23,28,31,33,37],"damage_taken":[{"damage":10,"enemies":"Small Slimes","floor":1,"turns":3},{"damage":14,"enemies":"Cultist","floor":2,"turns":4},{"damage":15,"enemies":"3 Sentries","floor":6,"turns":8},{"damage":0,"enemies":"Jaw Worm","floor":7,"turns":5},{"damage":14,"enemies":"Red Slaver","floor":12,"turns":2},{"damage":28,"enemies":"Gremlin Gang","floor":13,"turns":5},{"damage":15,"enemies":"Blue Slaver","floor":14,"turns":2},{"damage":50,"enemies":"Hexaghost","floor":16,"turns":8},{"damage":28,"enemies":"2 Thieves","floor":18,"turns":4},{"damage":46,"enemies":"3 Byrds","floor":21,"turns":5},{"damage":19,"enemies":"Sentry and Sphere","floor":22,"turns":4},{"damage":74,"enemies":"Gremlin Leader","floor":23,"turns":7},{"damage":17,"enemies":"Cultist and Chosen","floor":25,"turns":5},{"damage":32,"enemies":"Snake Plant","floor":27,"turns":4},{"damage":9,"enemies":"Chosen and Byrds","floor":28,"turns":4},{"damage":22,"enemies":"Snecko","floor":31,"turns":5},{"damage":96,"enemies":"Automaton","floor":33,"turns":10},{"damage":24,"enemies":"Orb Walker","floor":35,"turns":4},{"damage":61,"enemies":"3 Shapes","floor":37,"turns":7},{"damage":29,"enemies":"Mind Bloom Boss Battle","floor":39,"turns":8},{"damage":94,"enemies":"Reptomancer","floor":41,"turns":2}],"seed_played":"-4324780967166300139","potions_obtained":[{"floor":1,"key":"Dexterity Potion"},{"floor":2,"key":"AttackPotion"},{"floor":6,"key":"Dexterity Potion"},{"floor":18,"key":"BloodPotion"},{"floor":21,"key":"Weak Potion"},{"floor":27,"key":"Fire Potion"},{"floor":28,"key":"AttackPotion"},{"floor":35,"key":"Regen Potion"}],"is_trial":false,"path_per_floor":["M","M","?","?","?","E","M","R","T","R","$","M","M","M","R","B",null,"M","T","?","M","M","E","R","M","T","M","M","$","R","M","R","B",null,"M","T","M","?","?","R","E"],"character_chosen":"IRONCLAD","items_purchased":["Infernal Blade","Mayhem","Oddly Smooth Stone","BloodPotion"],"campfire_rested":6,"item_purchase_floors":[11,11,29,29],"current_hp_per_floor":[64,56,45,38,38,29,35,35,35,72,72,64,42,33,70,26,63,41,41,56,31,18,21,58,47,47,21,18,18,55,52,75,16,60,42,42,32,32,41,75,0,0],"gold":34,"neow_bonus":"ONE_RARE_RELIC","is_daily":false,"chose_seed":false,"campfire_upgraded":1,"win_rate":0.0,"timestamp":1611360882,"path_taken":["M","M","?","?","?","E","M","R","T","R","$","M","?","M","R","BOSS","M","?","?","?","M","E","R","M","T","M","M","$","R","M","R","BOSS","M","?","?","?","?","R","E"],"items_purchased_type":["Card","Card","Relic","Potion"],"build_version":"2020-12-22","purchased_purges":0,"victory":false,"max_hp_per_floor":[75,75,75,75,75,75,75,75,75,75,75,75,75,75,75,75,75,75,75,75,75,75,75,75,75,75,75,75,75,75,75,75,75,75,75,75,75,75,75,75,75,75],"card_choices":[{"not_picked":["Havoc","Heavy Blade"],"picked":"Hemokinesis","floor":1},{"not_picked":["Iron Wave","Cleave"],"picked":"Armaments","floor":2},{"not_picked":["Clothesline","Anger"],"picked":"Inflame","floor":6},{"not_picked":["Pommel Strike","Anger"],"picked":"Heavy Blade","floor":7},{"not_picked":["Hemokinesis","Sentinel"],"picked":"Spot Weakness","floor":12},{"not_picked":["Thunderclap","Warcry"],"picked":"Ghostly Armor","floor":13},{"not_picked":["Perfected Strike","Evolve","Headbutt"],"picked":"SKIP","floor":14},{"not_picked":["Double Tap","Impervious"],"picked":"Immolate","floor":16},{"not_picked":["Sword Boomerang","Havoc+1"],"picked":"Inflame","floor":18},{"not_picked":["True Grit","Searing Blow"],"picked":"Rupture","floor":21},{"not_picked":["Iron Wave","Perfected Strike+1"],"picked":"Reaper","floor":22},{"not_picked":["Thunderclap","Pommel Strike"],"picked":"Clash","floor":23},{"not_picked":["Perfected Strike+1","Bloodletting","Fire Breathing"],"picked":"SKIP","floor":25},{"not_picked":["Sever Soul","Headbutt","Ghostly Armor"],"picked":"SKIP","floor":27},{"not_picked":["Iron Wave","Shrug It Off"],"picked":"Clash+1","floor":28},{"not_picked":["Searing Blow","Power Through","Sword Boomerang+1"],"picked":"SKIP","floor":31},{"not_picked":["Juggernaut","Impervious"],"picked":"Reaper","floor":33},{"not_picked":["Wild Strike","Whirlwind"],"picked":"Inflame+1","floor":35},{"not_picked":["Perfected Strike","Entrench","Pommel Strike+1"],"picked":"SKIP","floor":37},{"not_picked":["Carnage","True Grit"],"picked":"Flex+1","floor":39}],"player_experience":1346788,"relics_obtained":[{"floor":6,"key":"Bag of Marbles"},{"floor":9,"key":"Regal Pillow"},{"floor":19,"key":"Vajra"},{"floor":23,"key":"War Paint"},{"floor":26,"key":"Matryoshka"},{"floor":36,"key":"CeramicFish"},{"floor":36,"key":"Happy Flower"},{"floor":39,"key":"Incense Burner"}],"event_choices":[{"damage_healed":0,"gold_gain":75,"player_choice":"Gather Gold","damage_taken":11,"max_hp_gain":0,"max_hp_loss":0,"event_name":"World of Goop","floor":3,"gold_loss":0},{"cards_removed":["Writhe"],"damage_healed":0,"gold_gain":0,"player_choice":"Card Removal","damage_taken":7,"max_hp_gain":0,"max_hp_loss":0,"event_name":"Golden Wing","floor":4,"gold_loss":0},{"damage_healed":0,"gold_gain":0,"player_choice":"Forge","damage_taken":0,"max_hp_gain":0,"max_hp_loss":0,"event_name":"Accursed Blacksmith","floor":5,"gold_loss":0,"cards_upgraded":["Armaments"]},{"damage_healed":15,"gold_gain":0,"player_choice":"Heal","damage_taken":0,"max_hp_gain":0,"max_hp_loss":0,"event_name":"The Library","floor":20,"gold_loss":0},{"damage_healed":0,"gold_gain":0,"player_choice":"Paid","damage_taken":0,"relics_obtained":["Red Mask"],"max_hp_gain":0,"max_hp_loss":0,"event_name":"Tomb of Lord Red Mask","floor":38,"gold_loss":180},{"damage_healed":0,"gold_gain":0,"player_choice":"Fight","damage_taken":0,"max_hp_gain":0,"max_hp_loss":0,"event_name":"MindBloom","floor":39,"gold_loss":0}],"is_beta":false,"boss_relics":[{"not_picked":["Busted Crown","SacredBark"],"picked":"Astrolabe"},{"not_picked":["Mark of Pain","Fusion Hammer","Cursed Key"]}],"items_purged_floors":[],"is_endless":false,"potions_floor_spawned":[1,2,6,18,21,27,28,35],"killed_by":"Reptomancer","ascension_level":18}}