{"host":"tjq6rykv202u6iqx","time":1611369332,"event":{"mods":["AchievementEnabler","BaseMod","Minty Spire (QoL Compilation)","Rare Cards Sparkle","Relic Stats"],"gold_per_floor":[113,130,142,142,142,174,174,186,186,186,214,214,35,55,55,154,154,171,446,461,461,461],"floor_reached":21,"language":"ENG","playtime":3295,"items_purged":["Strike_R"],"score":214,"play_id":"15a9d7f6-2c67-4a1b-856b-d40b3ef5ee9e","local_time":"20210122203532","is_ascension_mode":false,"campfire_choices":[{"data":"Bash","floor":7.0,"key":"SMITH"},{"data":"Demon Form","floor":10.0,"key":"SMITH"},{"data":"Second Wind","floor":12.0,"key":"SMITH"},{"data":"True Grit","floor":15.0,"key":"SMITH"}],"circlet_count":0,"master_deck":["Strike_R","Strike_R","Strike_R","Strike_R","Defend_R","Defend_R","Defend_R","Defend_R","Bash+1","Spot Weakness","Heavy Blade+1","Headbutt","Demon Form+1","Second Wind+1","Shrug It Off","Hemokinesis","True Grit+1","Brutality","Anger+1","Regret","Flame Barrier"],"relics":["Runic Cube"],"acts_visited":["Exordium","TheCity"],"potions_floor_usage":[21],"damage_taken":[{"damage":1.0,"enemies":"Cultist","floor":1.0,"turns":3.0},{"damage":7.0,"enemies":"2 Louse","floor":2.0,"turns":3.0},{"damage":3.0,"enemies":"Small Slimes","floor":3.0,"turns":3.0},{"damage":8.0,"enemies":"Gremlin Nob","floor":6.0,"turns":3.0},{"damage":6.0,"enemies":"Exordium Thugs","floor":8.0,"turns":5.0},{"damage":27.0,"enemies":"3 Sentries","floor":11.0,"turns":6.0},{"damage":4.0,"enemies":"Gremlin Gang","floor":14.0,"turns":5.0},{"damage":16,"enemies":"Hexaghost","floor":16,"turns":7},{"damage":13,"enemies":"Chosen","floor":18,"turns":4},{"damage":27,"enemies":"3 Byrds","floor":20,"turns":6},{"damage":52,"enemies":"Centurion and Healer","floor":21,"turns":5}],"seed_played":"8193681967407335655","potions_obtained":[{"floor":2.0,"key":"BlessingOfTheForge"},{"floor":6.0,"key":"GamblersBrew"},{"floor":11.0,"key":"Ancient Potion"},{"floor":16,"key":"Strength Potion"}],"is_trial":false,"path_per_floor":["M","M","M","?","?","E","R","M","T","R","E","R","$","M","R","B",null,"M","?","M","M"],"character_chosen":"IRONCLAD","items_purchased":["Hemokinesis","True Grit"],"campfire_rested":0,"item_purchase_floors":[13,13],"current_hp_per_floor":[79,72,69,69,69,61,61,55,55,55,28,28,28,24,24,8,80,67,67,40,0,0],"gold":461,"neow_bonus":"BOSS_RELIC","is_daily":false,"chose_seed":false,"campfire_upgraded":4,"win_rate":0.0,"timestamp":1611369332,"path_taken":["M","M","M","?","?","E","R","?","T","R","E","R","$","M","R","BOSS","M","?","M","M"],"items_purchased_type":["Card","Card"],"build_version":"2020-12-22","purchased_purges":1,"victory":false,"max_hp_per_floor":[80,80,80,80,80,80,80,80,80,80,80,80,80,80,80,80,80,80,80,80,80,80],"relic_stats":{"counters":[11,50],"obtain_stats":[{"Burning Blood":0,"Runic Cube":0},{"Burning Blood":0,"Runic Cube":0},{"Burning Blood":0,"Runic Cube":0}],"Runic Cube":[49]},"card_choices":[{"not_picked":["Armaments","Warcry"],"picked":"Spot Weakness","floor":1.0},{"not_picked":["Perfected Strike","Warcry"],"picked":"Heavy Blade","floor":2.0},{"not_picked":["Body Slam","Metallicize"],"picked":"Headbutt","floor":3.0},{"not_picked":["Fire Breathing","Wild Strike"],"picked":"Demon Form","floor":6.0},{"not_picked":["Flex","Wild Strike"],"picked":"Second Wind","floor":8.0},{"not_picked":["Seeing Red","Demon Form"],"picked":"Shrug It Off","floor":11.0},{"not_picked":["Warcry","Entrench","Shrug It Off"],"picked":"SKIP","floor":14.0},{"not_picked":["Juggernaut","Demon Form"],"picked":"Brutality","floor":16},{"not_picked":["Cleave","Reckless Charge"],"picked":"Anger+1","floor":18},{"not_picked":["Rage","Shrug It Off"],"picked":"Flame Barrier","floor":20}],"player_experience":864613,"relics_obtained":[],"event_choices":[{"damage_healed":0.0,"max_hp_gain":0.0,"max_hp_loss":0.0,"gold_gain":0.0,"event_name":"Golden Idol","player_choice":"Ignored","floor":4.0,"gold_loss":0.0,"damage_taken":0.0},{"damage_healed":0.0,"max_hp_gain":0.0,"max_hp_loss":0.0,"gold_gain":0.0,"event_name":"Accursed Blacksmith","player_choice":"Forge","floor":5.0,"gold_loss":0.0,"damage_taken":0.0,"cards_upgraded":["Heavy Blade"]},{"damage_healed":0,"gold_gain":275,"player_choice":"Desecrate","damage_taken":0,"max_hp_gain":0,"max_hp_loss":0,"event_name":"Golden Shrine","floor":19,"gold_loss":0,"cards_obtained":["Regret"]}],"is_beta":false,"boss_relics":[{"not_picked":["Velvet Choker","Mark of Pain","Astrolabe"]}],"items_purged_floors":[13],"is_endless":false,"potions_floor_spawned":[2,6,11,16],"killed_by":"Centurion and Healer","ascension_level":0}}