{"host":"t7mx8yfj1no5p62f","time":1611435455,"event":{"mods":["BaseMod","Bestiary","Colored Map","Colored Powertips","Minty Spire (QoL Compilation)","Relic Stats","StSLib","ojb\u0027s Info Mod"],"gold_per_floor":[11,28,43,57,57,57,57,57,57,57,88,88,113,78,78,157,157,170,186,186,10,29,29,62,62,140,140,168,184,197,209,209,283,283,294,294,294,304,14,46,46,76,76,76,101,1,11,44,44,44,44],"floor_reached":52,"language":"ENG","playtime":2560,"items_purged":["Defend_P","Strike_P","Defend_P"],"score":2122,"play_id":"c6f08b30-9ab0-4e0d-82c5-ec459e877e6d","local_time":"20210123155735","is_ascension_mode":true,"campfire_choices":[{"data":"Eruption","floor":6.0,"key":"SMITH"},{"data":"Wireheading","floor":8.0,"key":"SMITH"},{"data":"EmptyFist","floor":10.0,"key":"SMITH"},{"data":"ThirdEye","floor":15.0,"key":"SMITH"},{"data":"Fasting2","floor":23.0,"key":"SMITH"},{"data":"InnerPeace","floor":25.0,"key":"SMITH"},{"data":"Halt","floor":27.0,"key":"SMITH"},{"data":"EmptyMind","floor":32.0,"key":"SMITH"},{"data":"SpiritShield","floor":44.0,"key":"SMITH"},{"data":"Omniscience","floor":49.0,"key":"SMITH"}],"circlet_count":0,"master_deck":["AscendersBane","Strike_P+1","Strike_P+1","Defend_P+1","Defend_P+1","Eruption+1","Vigilance+1","Consecrate","EmptyFist+1","BowlingBash+1","Wireheading+1","ThirdEye+1","Tantrum+1","LessonLearned+1","Halt+1","Fasting2+1","InnerPeace+1","Evaluate+1","EmptyMind+1","ClearTheMind+1","TalkToTheHand+1","SpiritShield+1","Halt+1","CutThroughFate+1","CutThroughFate+1","CutThroughFate+1","Omniscience+1","Injury","InnerPeace","Wallop+1","JustLucky+1"],"relics":["PureWater","Du-Vu Doll","Unceasing Top","The Courier","Bottled Tornado","HornCleat","Coffee Dripper","Nunchaku","Mercury Hourglass","Happy Flower","Cursed Key","Regal Pillow","Pear","Calipers","Ice Cream"],"acts_visited":["Exordium","TheCity","TheBeyond"],"potions_floor_usage":[51],"damage_taken":[{"damage":2.0,"enemies":"2 Louse","floor":1.0,"turns":3.0},{"damage":4.0,"enemies":"Small Slimes","floor":2.0,"turns":3.0},{"damage":0.0,"enemies":"Jaw Worm","floor":3.0,"turns":5.0},{"damage":6.0,"enemies":"Exordium Thugs","floor":4.0,"turns":4.0},{"damage":2.0,"enemies":"Lagavulin","floor":11.0,"turns":5.0},{"damage":0.0,"enemies":"Gremlin Nob","floor":13.0,"turns":2.0},{"damage":15.0,"enemies":"The Guardian","floor":16.0,"turns":14.0},{"damage":7.0,"enemies":"Chosen","floor":18.0,"turns":6.0},{"damage":29.0,"enemies":"Shell Parasite","floor":19.0,"turns":6.0},{"damage":0.0,"enemies":"Centurion and Healer","floor":22.0,"turns":5.0},{"damage":0.0,"enemies":"Gremlin Leader","floor":24.0,"turns":4.0},{"damage":0.0,"enemies":"Book of Stabbing","floor":28.0,"turns":5.0},{"damage":0.0,"enemies":"Snecko","floor":29.0,"turns":4.0},{"damage":0.0,"enemies":"3 Cultists","floor":30.0,"turns":3.0},{"damage":0.0,"enemies":"Centurion and Healer","floor":31.0,"turns":5.0},{"damage":13.0,"enemies":"Collector","floor":33.0,"turns":9.0},{"damage":7.0,"enemies":"3 Darklings","floor":35.0,"turns":5.0},{"damage":0.0,"enemies":"3 Shapes","floor":38.0,"turns":5.0},{"damage":8.0,"enemies":"Reptomancer","floor":40.0,"turns":2.0},{"damage":2.0,"enemies":"Nemesis","floor":42.0,"turns":7.0},{"damage":0.0,"enemies":"Mind Bloom Boss Battle","floor":45.0,"turns":5.0},{"damage":0.0,"enemies":"Writhing Mass","floor":47.0,"turns":5.0},{"damage":0.0,"enemies":"Giant Head","floor":48.0,"turns":7.0},{"damage":9.0,"enemies":"Time Eater","floor":50.0,"turns":9.0},{"damage":7,"enemies":"Donu and Deca","floor":51,"turns":9}],"seed_played":"6375012187737736494","potions_obtained":[{"floor":2.0,"key":"SneckoOil"},{"floor":13.0,"key":"Swift Potion"},{"floor":19.0,"key":"Block Potion"},{"floor":29.0,"key":"ColorlessPotion"},{"floor":33.0,"key":"Weak Potion"}],"is_trial":false,"path_per_floor":["M","M","M","M","?","R","?","R","T","R","E","?","E","?","R","B",null,"M","M","?","$","M","R","E","R","T","R","E","M","M","M","R","B",null,"M","?","?","M","$","E","?","E","T","R","?","$","M","E","R","B","B",null],"character_chosen":"WATCHER","items_purchased":["AttackPotion","Fasting2","CutThroughFate","CutThroughFate","CutThroughFate","CultistPotion"],"campfire_rested":0,"item_purchase_floors":[21,21,39,39,39,39],"current_hp_per_floor":[59,55,55,49,42,42,24,24,24,24,22,22,22,39,39,24,57,50,21,21,21,21,21,21,21,21,21,21,21,21,21,21,8,53,46,46,46,46,46,38,38,46,46,46,46,46,46,46,46,37,30],"gold":44,"neow_bonus":"ONE_RARE_RELIC","is_daily":false,"chose_seed":false,"campfire_upgraded":10,"win_rate":0.0,"timestamp":1611435455,"path_taken":["M","M","M","M","?","R","?","R","T","R","E","?","E","?","R","BOSS","M","M","?","$","M","R","E","R","T","R","E","M","M","M","R","BOSS","M","?","?","M","$","E","?","E","T","R","?","?","M","E","R","BOSS","BOSS"],"items_purchased_type":["Potion","Card","Card","Card","Card","Potion"],"build_version":"2020-12-22","purchased_purges":3,"victory":true,"max_hp_per_floor":[68,68,68,68,68,68,68,68,68,68,68,68,68,68,68,68,68,68,68,68,68,68,68,68,68,68,68,68,68,68,68,68,68,68,68,65,65,65,65,65,65,75,75,75,75,75,75,75,75,75,75],"relic_stats":{"Nunchaku":[17],"Regal Pillow":0,"Happy Flower":[25],"counters":[25,136],"Cursed Key":1,"obtain_stats":[{"Ice Cream":48,"Regal Pillow":40,"Pear":42,"Calipers":45,"Happy Flower":28,"The Courier":9,"Bottled Tornado":11,"Cursed Key":34,"Mercury Hourglass":26,"Du-Vu Doll":0,"Nunchaku":24,"HornCleat":13,"Coffee Dripper":17,"PureWater":0,"Unceasing Top":7},{"Ice Cream":23,"Regal Pillow":19,"Pear":20,"Calipers":21,"Happy Flower":12,"The Courier":4,"Bottled Tornado":5,"Cursed Key":16,"Mercury Hourglass":11,"Du-Vu Doll":0,"Nunchaku":11,"HornCleat":6,"Coffee Dripper":7,"PureWater":0,"Unceasing Top":4},{"Ice Cream":118,"Regal Pillow":94,"Pear":101,"Calipers":106,"Happy Flower":62,"The Courier":15,"Bottled Tornado":20,"Cursed Key":83,"Mercury Hourglass":57,"Du-Vu Doll":0,"Nunchaku":57,"HornCleat":22,"Coffee Dripper":36,"PureWater":0,"Unceasing Top":15}],"Unceasing Top":[3],"Mercury Hourglass":[275]},"card_choices":[{"not_picked":["ClearTheMind","EmptyFist"],"picked":"Consecrate","floor":1.0},{"not_picked":["SignatureMove","Evaluate"],"picked":"EmptyFist","floor":2.0},{"not_picked":["WreathOfFlame","Protect"],"picked":"BowlingBash","floor":3.0},{"not_picked":["Pray","ClearTheMind"],"picked":"Wireheading","floor":4.0},{"not_picked":["Pray","PathToVictory"],"picked":"ThirdEye","floor":11.0},{"not_picked":["Worship","Ragnarok"],"picked":"Tantrum","floor":13.0},{"not_picked":["Alpha","ConjureBlade"],"picked":"LessonLearned","floor":16.0},{"not_picked":["InnerPeace","FlurryOfBlows"],"picked":"Adaptation+1","floor":18.0},{"not_picked":["EmptyMind","Wireheading"],"picked":"Halt","floor":19.0},{"not_picked":["FlyingSleeves","MentalFortress","WindmillStrike+1"],"picked":"SKIP","floor":22.0},{"not_picked":["ForeignInfluence","Halt"],"picked":"InnerPeace","floor":24.0},{"not_picked":["Establishment","Pray"],"picked":"Evaluate","floor":28.0},{"not_picked":["Halt","EmptyBody"],"picked":"EmptyMind","floor":29.0},{"not_picked":["FlyingSleeves+1","Halt"],"picked":"ClearTheMind","floor":30.0},{"not_picked":["Establishment","CarveReality+1"],"picked":"TalkToTheHand+1","floor":31.0},{"not_picked":["Ragnarok","DevaForm"],"picked":"SpiritShield","floor":33.0},{"not_picked":["BowlingBash","SandsOfTime"],"picked":"Halt","floor":35.0},{"not_picked":["Evaluate","BattleHymn+1","ThirdEye"],"picked":"SKIP","floor":38.0},{"not_picked":["BowlingBash+1","WreathOfFlame","SandsOfTime+1"],"picked":"SKIP","floor":40.0},{"not_picked":["BowlingBash+1","EmptyBody"],"picked":"Omniscience","floor":42.0},{"not_picked":["CutThroughFate","Protect"],"picked":"InnerPeace","floor":45.0},{"not_picked":["ThirdEye","Swivel"],"picked":"Wallop+1","floor":47.0},{"not_picked":["WindmillStrike+1","DeceiveReality"],"picked":"JustLucky","floor":48.0}],"player_experience":1837570,"relics_obtained":[{"floor":9.0,"key":"The Courier"},{"floor":11.0,"key":"Bottled Tornado"},{"floor":13.0,"key":"HornCleat"},{"floor":24.0,"key":"Nunchaku"},{"floor":26.0,"key":"Mercury Hourglass"},{"floor":28.0,"key":"Happy Flower"},{"floor":40.0,"key":"Regal Pillow"},{"floor":42.0,"key":"Pear"},{"floor":45.0,"key":"Calipers"},{"floor":48.0,"key":"Ice Cream"}],"event_choices":[{"cards_removed":["Strike_P"],"damage_healed":0.0,"max_hp_gain":0.0,"max_hp_loss":0.0,"gold_gain":0.0,"event_name":"Golden Wing","player_choice":"Card Removal","floor":5.0,"gold_loss":0.0,"damage_taken":7.0},{"damage_healed":0.0,"max_hp_gain":0.0,"max_hp_loss":0.0,"gold_gain":0.0,"event_name":"Scrap Ooze","player_choice":"Success","floor":7.0,"gold_loss":0.0,"damage_taken":18.0,"relics_obtained":["Unceasing Top"]},{"damage_healed":0.0,"max_hp_gain":0.0,"max_hp_loss":0.0,"gold_gain":0.0,"event_name":"Shining Light","player_choice":"Ignored","floor":12.0,"gold_loss":0.0,"damage_taken":0.0},{"damage_healed":17.0,"max_hp_gain":0.0,"max_hp_loss":0.0,"gold_gain":0.0,"event_name":"The Cleric","player_choice":"Healed","floor":14.0,"gold_loss":35.0,"damage_taken":0.0},{"damage_healed":0.0,"max_hp_gain":0.0,"max_hp_loss":0.0,"gold_gain":0.0,"event_name":"The Mausoleum","player_choice":"Ignored","floor":20.0,"gold_loss":0.0,"damage_taken":0.0},{"damage_healed":0.0,"max_hp_gain":0.0,"max_hp_loss":3.0,"gold_gain":0.0,"event_name":"Winding Halls","player_choice":"Max HP","floor":36.0,"gold_loss":0.0,"damage_taken":0.0},{"cards_removed":["Adaptation"],"damage_healed":0.0,"max_hp_gain":0.0,"max_hp_loss":0.0,"gold_gain":0.0,"event_name":"Falling","player_choice":"Removed Power","floor":37.0,"gold_loss":0.0,"damage_taken":0.0},{"damage_healed":0.0,"max_hp_gain":0.0,"max_hp_loss":0.0,"gold_gain":0.0,"event_name":"Mysterious Sphere","player_choice":"Ignored","floor":41.0,"gold_loss":0.0,"damage_taken":0.0},{"damage_healed":0.0,"max_hp_gain":0.0,"max_hp_loss":0.0,"gold_gain":0.0,"event_name":"MindBloom","player_choice":"Fight","floor":45.0,"gold_loss":0.0,"damage_taken":0.0}],"is_beta":false,"boss_relics":[{"not_picked":["Runic Dome","Sozu"],"picked":"Coffee Dripper"},{"not_picked":["Busted Crown","SacredBark"],"picked":"Cursed Key"}],"items_purged_floors":[21,39,46],"is_endless":false,"potions_floor_spawned":[2,13,19,29,33,40,42,45,48],"ascension_level":20}}