{"host":"agbyy69nq62afhwx","time":1611421678,"event":{"mods":["BaseMod","Colored Map","DeckTracker","Highlight Path","Keyboard Shortcuts","Minty Spire (QoL Compilation)","Quick Restart","StSLib","SuperFastMode","everything is the same but u backflip on backflip"],"gold_per_floor":[114,128,53,128,139,172,189,189,189,189,255,287,287,299,299,376,376,390,403,403,403],"floor_reached":20,"language":"KOR","playtime":413,"items_purged":["Strike_B"],"score":350,"play_id":"22cd9df2-31f2-4dc6-9b88-3ada373c999a","local_time":"20210124020758","is_ascension_mode":true,"campfire_choices":[{"data":"Genetic Algorithm","floor":8.0,"key":"SMITH"},{"floor":10.0,"key":"REST"},{"floor":15.0,"key":"REST"}],"circlet_count":0,"master_deck":["AscendersBane","Strike_B","Strike_B","Strike_B","Defend_B","Defend_B","Defend_B","Defend_B","Zap","Dualcast","Tempest","Streamline","Ball Lightning","Genetic Algorithm+1","Biased Cognition","Electrodynamics","Turbo"],"relics":["Cracked Core","Question Card","Kunai","Blue Candle","Velvet Choker"],"acts_visited":["Exordium","TheCity"],"potions_floor_usage":[16,16,19],"damage_taken":[{"damage":6.0,"enemies":"Cultist","floor":1.0,"turns":3.0},{"damage":14.0,"enemies":"Jaw Worm","floor":2.0,"turns":4.0},{"damage":0.0,"enemies":"Small Slimes","floor":5.0,"turns":3.0},{"damage":8.0,"enemies":"Gremlin Nob","floor":6.0,"turns":3.0},{"damage":7.0,"enemies":"2 Fungi Beasts","floor":7.0,"turns":3.0},{"damage":29.0,"enemies":"Lagavulin","floor":12.0,"turns":5.0},{"damage":8.0,"enemies":"3 Louse","floor":14.0,"turns":2.0},{"damage":33,"enemies":"The Guardian","floor":16,"turns":12},{"damage":35,"enemies":"Shell Parasite","floor":18,"turns":4},{"damage":0,"enemies":"Chosen","floor":19,"turns":3},{"damage":13,"enemies":"Centurion and Healer","floor":20,"turns":2}],"seed_played":"4950105731725906923","potions_obtained":[{"floor":2.0,"key":"Fire Potion"},{"floor":5.0,"key":"Dexterity Potion"},{"floor":12.0,"key":"FearPotion"},{"floor":18,"key":"Fire Potion"}],"is_trial":false,"path_per_floor":["M","M","$","?","M","E","M","R","T","R","?","E","?","M","R","B",null,"M","M","M"],"character_chosen":"DEFECT","items_purchased":[],"campfire_rested":2,"item_purchase_floors":[],"current_hp_per_floor":[65,51,51,40,40,32,25,25,25,48,48,19,19,11,34,1,59,24,24,11,11],"gold":403,"neow_bonus":"TEN_PERCENT_HP_BONUS","is_daily":false,"chose_seed":false,"campfire_upgraded":1,"win_rate":0.0,"timestamp":1611421678,"path_taken":["M","M","$","?","M","E","M","R","T","R","?","E","?","M","R","BOSS","M","M","M"],"items_purchased_type":[],"build_version":"2020-12-22","purchased_purges":1,"victory":false,"max_hp_per_floor":[78,78,78,78,78,78,78,78,78,78,78,78,78,78,78,78,78,78,78,78,78],"card_choices":[{"not_picked":["Streamline","Steam"],"picked":"Tempest","floor":1.0},{"not_picked":["BootSequence","Go for the Eyes"],"picked":"Streamline","floor":2.0},{"not_picked":["Double Energy","Beam Cell"],"picked":"Ball Lightning","floor":5.0},{"not_picked":["Rip and Tear","Go for the Eyes","Barrage"],"picked":"SKIP","floor":6.0},{"not_picked":["Aggregate","Hologram","Ball Lightning"],"picked":"Genetic Algorithm","floor":7.0},{"not_picked":["Ball Lightning","Auto Shields","Static Discharge"],"picked":"Biased Cognition","floor":12.0},{"not_picked":["Redo","Coolheaded","Compile Driver","Rebound"],"picked":"SKIP","floor":14.0},{"not_picked":["Fission","Hyperbeam","Multi-Cast"],"picked":"Electrodynamics","floor":16},{"not_picked":["Tempest","Barrage","Sweeping Beam"],"picked":"Turbo","floor":18},{"not_picked":["Hello World","Redo","Rip and Tear","Reprogram"],"picked":"SKIP","floor":19}],"player_experience":454959,"relics_obtained":[{"floor":6.0,"key":"Question Card"},{"floor":9.0,"key":"Kunai"},{"floor":12.0,"key":"Blue Candle"}],"event_choices":[{"damage_healed":0.0,"max_hp_gain":0.0,"max_hp_loss":0.0,"gold_gain":75.0,"event_name":"World of Goop","player_choice":"Gather Gold","floor":4.0,"gold_loss":0.0,"damage_taken":11.0},{"damage_healed":0.0,"max_hp_gain":0.0,"max_hp_loss":0.0,"gold_gain":66.0,"event_name":"Golden Wing","player_choice":"Gained Gold","floor":11.0,"gold_loss":0.0,"damage_taken":0.0},{"damage_healed":0.0,"max_hp_gain":0.0,"max_hp_loss":0.0,"gold_gain":0.0,"event_name":"Scrap Ooze","player_choice":"Fled","floor":13.0,"gold_loss":0.0,"damage_taken":0.0}],"is_beta":false,"boss_relics":[{"not_picked":["Black Star","Calling Bell"],"picked":"Velvet Choker"}],"items_purged_floors":[3],"is_endless":false,"potions_floor_spawned":[2,5,12,18],"killed_by":"Centurion and Healer","ascension_level":18}}