{"host":"u7y9frlpoazak2mn","time":1611366498,"event":{"mods":["AchievementEnabler","Act Like it!","Alarm Clock","Aspiration","Astrologer","BaseMod","Beaked The Cultist","Better Altar","Better Match","Better Note","Better Sensory Stone","Better Skull","Better Third Choice","CCEM","Chen","Colored Map","Colored Powertips","Conspire","Curses Come First","Displayed Cursed Tome","Energized Spire","Fox Events","Friendly Minions","Gensokyo","GifTheSpireLib","Glutton Mod","Halation","Hallownest","Hermit","Hubris","Infinite Spire","Jedi Mod","Koishi","Marisa????????","Mimic Mod","Minty Spire (QoL Compilation)","Pale of the Ancients","Prisma Mod","Quarter Circle Forward PUNCH!","Quick Restart","Random Character Button","Rare Cards Sparkle","Relic Stats","Remilia??????","Replay The Spire","Retaliation","Spicy Shops","Spikes Relics","StS++","StSLib","Stuff the Spire","The Administrix","The Blue Laboratory","The Bug Knight","The Construct","The Cursed","The Druid","The Forsaken","The Juggle","The Jungle","The Marked","The Servant 0.9.4","Trackpad","Waifu the Spire","Wandering Minibosses","Wide Potions","Yuri Mod","vexMod"],"gold_per_floor":[115,115,115,115,8,8,41,56,91,91,122,122,132,150,150,246,246,265,282,299,315,325,350,350,350],"floor_reached":24,"language":"ENG","playtime":832,"items_purged":[],"score":291,"play_id":"87ffd76a-650c-4857-b04b-23a042f6d9f8","local_time":"20210122204818","is_ascension_mode":true,"campfire_choices":[{"data":"jedi:fear","floor":6,"key":"SMITH"},{"floor":10,"key":"REST"},{"floor":12,"key":"REST"},{"data":"Replay:Undeath\u0027s Touch","floor":15,"key":"SMITH"}],"circlet_count":0,"master_deck":["Strike_R","Strike_R","Strike_R","Strike_R","Strike_R","Defend_R","Defend_R","Bash","Delirium","DDmod:BurningFumesPowerCard","Regret","jedi:fear+1","DDmod:PokeAttack","DDmod:PokeAttack","Replay:Undeath\u0027s Touch+1","Heavy Blade","conspire:Purge","Heavy Blade","Heavy Blade+1"],"relics":["Burning Blood","trackpad:BerserkersDraught","infinitespire:Satchel","CCEMRelics:DissonantTune","jedi:arcanewood","qcfpunch:Red_Headband","qcfpunch:Combat_Fatigues","StSpp:FireArrow","Dead Branch"],"acts_visited":["Exordium","TheCity"],"potions_floor_usage":[9],"damage_taken":[{"damage":10,"enemies":"Small Slimes","floor":1,"turns":4},{"damage":42,"enemies":"Lagavulin","floor":7,"turns":4},{"damage":12,"enemies":"Jaw Worm","floor":8,"turns":2},{"damage":28,"enemies":"2 Louse","floor":9,"turns":6},{"damage":10,"enemies":"3 Sentries","floor":11,"turns":3},{"damage":0,"enemies":"2 Louse","floor":13,"turns":1},{"damage":0,"enemies":"Exordium Thugs","floor":14,"turns":1},{"damage":15,"enemies":"Fading Forest","floor":16,"turns":4},{"damage":0,"enemies":"2 Thieves","floor":18,"turns":1},{"damage":0,"enemies":"Spheric Guardian","floor":19,"turns":1},{"damage":0,"enemies":"Centurion and Healer","floor":20,"turns":1},{"damage":0,"enemies":"Snecko","floor":21,"turns":1},{"damage":0,"enemies":"Cultist and Chosen","floor":22,"turns":1},{"damage":19,"enemies":"Book of Stabbing","floor":23,"turns":2},{"damage":17,"enemies":"Shelled Parasite and Fungi","floor":24,"turns":2}],"seed_played":"2956437195008602414","potions_obtained":[{"floor":8,"key":"SkillPotion"},{"floor":11,"key":"SkillPotion"},{"floor":14,"key":"LifebloodPotion"}],"is_trial":false,"path_per_floor":["M","?","?","T","$","R","E","M","MIM","R","E","R","M","M","R","B",null,"M","M","M","M","M","E","M"],"character_chosen":"IRONCLAD","items_purchased":["jedi:fear","jedi:arcanewood"],"campfire_rested":2,"item_purchase_floors":[5,5],"current_hp_per_floor":[76,76,76,76,76,76,40,34,12,36,32,56,62,68,68,59,80,80,80,80,80,80,67,50,50],"gold":350,"neow_bonus":"ONE_RARE_RELIC","is_daily":false,"chose_seed":false,"campfire_upgraded":2,"win_rate":0.0,"timestamp":1611366498,"path_taken":["M","?","?","?","$","R","E","?","MIM","R","E","R","M","M","R","BOSS","M","M","?","M","M","E","M"],"items_purchased_type":["Card","Relic"],"build_version":"2020-12-22","purchased_purges":0,"victory":false,"max_hp_per_floor":[80,80,80,80,80,80,80,80,80,80,80,80,80,80,80,80,80,80,80,80,80,80,80,80,80],"relic_stats":{"counters":[15,34],"Dead Branch":[8],"obtain_stats":[{"qcfpunch:Combat_Fatigues":11,"Dead Branch":23,"infinitespire:Satchel":2,"CCEMRelics:DissonantTune":4,"StSpp:FireArrow":17,"trackpad:BerserkersDraught":0,"qcfpunch:Red_Headband":7,"jedi:arcanewood":5,"Burning Blood":0},{"qcfpunch:Combat_Fatigues":5,"Dead Branch":14,"infinitespire:Satchel":1,"CCEMRelics:DissonantTune":1,"StSpp:FireArrow":8,"trackpad:BerserkersDraught":0,"qcfpunch:Red_Headband":2,"jedi:arcanewood":1,"Burning Blood":0},{"qcfpunch:Combat_Fatigues":19,"Dead Branch":32,"infinitespire:Satchel":4,"CCEMRelics:DissonantTune":4,"StSpp:FireArrow":25,"trackpad:BerserkersDraught":0,"qcfpunch:Red_Headband":8,"jedi:arcanewood":4,"Burning Blood":0}],"Burning Blood":54},"card_choices":[{"not_picked":["DDmod:SpikedSkill","Clothesline"],"picked":"DDmod:BurningFumesPowerCard","floor":1},{"not_picked":["hubris:ReadiedAction","Exhume","Wild Strike"],"picked":"SKIP","floor":7},{"not_picked":["Clothesline","jedi:fear"],"picked":"DDmod:PokeAttack","floor":8},{"not_picked":["Wild Strike","True Grit"],"picked":"DDmod:PokeAttack","floor":11},{"not_picked":["Rupture","StuffTheSpire:Pyroclast"],"picked":"Replay:Undeath\u0027s Touch","floor":13},{"not_picked":["Flex","Cleave"],"picked":"Heavy Blade","floor":14},{"not_picked":["Brutality","Demonic Infusion"],"picked":"conspire:Purge","floor":16},{"not_picked":["Cleave","hubris:CleavingFinish"],"picked":"Heavy Blade","floor":18},{"not_picked":["Perfected Strike+1","DDmod:PokeAttack"],"picked":"Heavy Blade+1","floor":19},{"not_picked":["Sever Soul","Run Through","Exhume"],"picked":"SKIP","floor":20},{"not_picked":["jedi:MakeshiftSword","Armaments+1","Seeing Red"],"picked":"SKIP","floor":21},{"not_picked":["DDmod:SpikeInjectionSkill","Burning Pact","StSpp:Sprint"],"picked":"SKIP","floor":22},{"not_picked":["Sentinel+1","Body Slam","Heavy Blade"],"picked":"SKIP","floor":23}],"player_experience":359910,"relics_obtained":[{"floor":4,"key":"CCEMRelics:DissonantTune"},{"floor":7,"key":"qcfpunch:Red_Headband"},{"floor":11,"key":"qcfpunch:Combat_Fatigues"},{"floor":23,"key":"Dead Branch"}],"event_choices":[{"damage_healed":0,"gold_gain":0,"player_choice":"Box","damage_taken":0,"relics_obtained":["infinitespire:Satchel"],"max_hp_gain":0,"max_hp_loss":0,"event_name":"Big Fish","floor":2,"gold_loss":0,"cards_obtained":["Regret"]}],"is_beta":false,"boss_relics":[{"not_picked":["Replay:Wanted Poster","jedi:paperlyon"],"picked":"StSpp:FireArrow"}],"items_purged_floors":[],"is_endless":false,"potions_floor_spawned":[8,11,14,16,18,23],"killed_by":"Shelled Parasite and Fungi","ascension_level":3}}