{"host":"3njd8cwh9oidqdzn","time":1611391916,"event":{"mods":["AchievementEnabler","Act Like it!","Arknights The Spire","BaseMod","Downfall","Gensokyo","KinomotoSakuraMod(Ä¾Ö®±¾Ó£)","Minty Spire (QoL Compilation)","Quick Restart","Rare Cards Sparkle","Robot Space Explorer","StSLib"],"gold_per_floor":[118,132,144,156,156,156,156,156,183,183,183,203,67,81,81,81,81],"floor_reached":16,"language":"ZHS","playtime":981,"items_purged":[],"score":94,"play_id":"fd4e3ce5-f7aa-420f-8ce8-618f6e5013bd","local_time":"20210123165156","is_ascension_mode":false,"campfire_choices":[{"floor":6,"key":"REST"},{"floor":8,"key":"REST"},{"floor":11,"key":"REST"},{"floor":15,"key":"REST"}],"circlet_count":0,"master_deck":["ats:Strike C","ats:Strike G","ats:Strike S","ats:Strike V","ats:Armor Crushing Shot","ats:Defend","ats:Defend","ats:Defend","ats:Defend","ats:Emotion Absorption","ats:Cat Scratch","ats:Childhood Dance","ats:Ignite","ats:Neurotoxin","ats:Flexible Camouflage","ats:Hammer On","ats:Apocalypse","ats:Sword Rain","ats:Defend Order"],"relics":["ats:Sanity","ats:Ability Aura","ats:Hidden Killer"],"acts_visited":["Exordium"],"potions_floor_usage":[7,16],"damage_taken":[{"damage":18,"enemies":"Cultist","floor":1,"turns":5},{"damage":8,"enemies":"Jaw Worm","floor":2,"turns":5},{"damage":8,"enemies":"2 Louse","floor":3,"turns":3},{"damage":28,"enemies":"Gremlin Gang","floor":4,"turns":7},{"damage":25,"enemies":"Large Slime","floor":7,"turns":5},{"damage":14,"enemies":"Blue Slaver","floor":12,"turns":4},{"damage":28,"enemies":"Lots of Slimes","floor":14,"turns":4},{"damage":47,"enemies":"The Guardian","floor":16,"turns":6}],"seed_played":"2305814421295878011","potions_obtained":[{"floor":3,"key":"SmokeBomb"},{"floor":4,"key":"BlessingOfTheForge"},{"floor":12,"key":"champ:CounterPotion"}],"is_trial":false,"path_per_floor":["M","M","M","M","?","R","M","R","T","?","R","M","$","M","R","B"],"character_chosen":"DOCTOR_CLASS","items_purchased":["ats:Hammer On","ats:Apocalypse","ats:Sword Rain"],"campfire_rested":4,"item_purchase_floors":[13,13,13],"current_hp_per_floor":[54,46,38,10,10,31,6,27,27,27,48,34,34,11,32,0,0],"gold":81,"neow_bonus":"","is_daily":false,"chose_seed":false,"campfire_upgraded":0,"win_rate":0.0,"timestamp":1611391916,"path_taken":["M","?","M","M","?","R","M","R","T","?","R","?","$","M","R","BOSS"],"items_purchased_type":["Card","Card","Card"],"build_version":"2020-12-22","purchased_purges":0,"victory":false,"max_hp_per_floor":[72,72,72,72,72,72,72,72,72,72,72,72,72,72,72,72,72],"card_choices":[{"not_picked":["ats:Part Time Job","ats:Magnetic Hammer"],"picked":"ats:Cat Scratch","floor":1},{"not_picked":["ats:Rapid Magazine","ats:Poison Spread"],"picked":"ats:Childhood Dance","floor":2},{"not_picked":["ats:Closed Bolt Burst Fire","ats:Chain Hook"],"picked":"ats:Ignite","floor":3},{"not_picked":["ats:Blood Oath","ats:Childhood Dance"],"picked":"ats:Neurotoxin","floor":4},{"not_picked":["ats:Childhood Dance","ats:Echo Reverb"],"picked":"ats:Flexible Camouflage","floor":12},{"not_picked":["ats:Encircling Forest","ats:Ignite"],"picked":"ats:Defend Order","floor":14}],"player_experience":0,"relics_obtained":[{"floor":9,"key":"ats:Ability Aura"}],"event_choices":[{"damage_healed":0,"gold_gain":0,"player_choice":"Ignored","damage_taken":0,"max_hp_gain":0,"max_hp_loss":0,"event_name":"Golden Wing","floor":5,"gold_loss":0},{"damage_healed":0,"gold_gain":0,"player_choice":"Gave Potion","damage_taken":0,"relics_obtained":["ats:Hidden Killer"],"max_hp_gain":0,"max_hp_loss":0,"event_name":"WeMeetAgain","floor":10,"gold_loss":0}],"is_beta":false,"boss_relics":[],"items_purged_floors":[],"is_endless":false,"potions_floor_spawned":[3,4,12],"killed_by":"The Guardian","ascension_level":0}}