{"host":"38maufg2dcy7va3m","time":1611382478,"event":{"mods":["Act Like it!","BaseMod","Downfall","GifTheSpireLib","Hubris","Infinite Spire","Minty Spire (QoL Compilation)","Replay The Spire","StSLib","The Construct","The Cursed","The Hierophant","The Necromancer","The Poker Player","The Runesmith","everything is the same but u backflip on backflip"],"gold_per_floor":[114,34,50,70,70,95,167,167,167,167,167,187,206,218,218,273,273,289,300,300,300],"floor_reached":20,"language":"ENG","playtime":916,"items_purged":[],"score":176,"play_id":"0011352b-ac29-4013-b4b0-8bdc536918c4","local_time":"20210122221438","is_ascension_mode":false,"campfire_choices":[{"floor":10,"key":"REST"},{"floor":15,"key":"REST"}],"circlet_count":0,"master_deck":["Strike_W","Strike_W","Strike_W","Defend_W","Defend_W","Defend_W","Negative_Energy_Arrows","Bone_Wall","Necrotic_Claws","Summon_Lich","Whirlwind_of_Bones","Finger_Of_Death","Death_March_Dance","Negative_Energy_Sphere","Run Through","Chill_Blood","Negative_Energy_Sphere","Bone_Prison","Cloudkill","Summon_Undead_Army+1","Negative_Energy_Mist"],"relics":["Vampire_Amulet","PreservedInsect","Blue Candle","infinitespire:Eraser","Potion Belt","hubris:Icosahedron","hubris:TenFootPole","Empty Cage"],"acts_visited":["Exordium","TheCity"],"potions_floor_usage":[6,16,16,19,19,19],"damage_taken":[{"damage":1,"enemies":"Cultist","floor":1,"turns":4},{"damage":0,"enemies":"Small Slimes","floor":3,"turns":3},{"damage":4,"enemies":"infinitespire:Voidling","floor":4,"turns":4},{"damage":15,"enemies":"3 Sentries","floor":6,"turns":6},{"damage":24,"enemies":"Exordium Thugs","floor":12,"turns":5},{"damage":5,"enemies":"2 Fungi Beasts","floor":13,"turns":3},{"damage":0,"enemies":"3 Louse","floor":14,"turns":2},{"damage":27,"enemies":"Hexaghost","floor":16,"turns":8},{"damage":38,"enemies":"2 Thieves","floor":18,"turns":5},{"damage":37,"enemies":"Spheric Guardian","floor":19,"turns":6},{"damage":7,"enemies":"Shelled Parasite and Fungi","floor":20,"turns":1}],"seed_played":"3918427150688140918","potions_obtained":[{"floor":1,"key":"Dexterity Potion"},{"floor":12,"key":"Guardian:BlockOnCardUsePotion"},{"floor":13,"key":"AttackPotion"},{"floor":16,"key":"Venom Potion"},{"floor":18,"key":"LiquidMemories"}],"is_trial":false,"path_per_floor":["M","$","M","M","?","E","?","?","T","R","?","M","M","M","R","B",null,"M","M","M"],"character_chosen":"NECROMANCER","items_purchased":["Summon_Lich"],"campfire_rested":2,"item_purchase_floors":[2],"current_hp_per_floor":[75,75,75,75,70,61,31,31,31,53,53,33,32,38,60,35,75,41,6,0,0],"gold":300,"neow_bonus":"RANDOM_COMMON_RELIC","is_daily":false,"chose_seed":false,"campfire_upgraded":0,"win_rate":0.0,"timestamp":1611382478,"path_taken":["M","$","M","M","?","E","?","?","T","R","?","?","M","M","R","BOSS","M","M","?"],"items_purchased_type":["Card"],"build_version":"2020-12-22","purchased_purges":0,"victory":false,"max_hp_per_floor":[75,75,75,75,75,75,75,75,75,75,75,75,75,75,75,75,75,75,75,75,75],"card_choices":[{"not_picked":["Blood_Curse","Bone_Bullets"],"picked":"Necrotic_Claws","floor":1},{"not_picked":["Epidemic","Blood_Whip"],"picked":"Death_March_Dance","floor":3},{"not_picked":["Spectral_Walk","Consume_Illness"],"picked":"Whirlwind_of_Bones","floor":4},{"not_picked":["Vampiric_Strike","Blood_Shield"],"picked":"Finger_Of_Death","floor":6},{"not_picked":["Blood_Is_Power","Summon_Vampire_Lady"],"picked":"Death_March_Dance","floor":7},{"not_picked":["Vampiric_Strike","Bone_Armor"],"picked":"Negative_Energy_Sphere","floor":7},{"not_picked":["Blood_Wake","Violent_Necrosis"],"picked":"Chill_Blood","floor":12},{"not_picked":["Vampiric_Strike","Whirlwind_of_Bones"],"picked":"Negative_Energy_Sphere","floor":13},{"not_picked":["Necrotic_Claws","Shackles_Of_Pain"],"picked":"Bone_Prison","floor":14},{"not_picked":["Hellfire","Skeleton_Dragon"],"picked":"Cloudkill","floor":16},{"not_picked":["Whirlwind_of_Bones+1","Exploit"],"picked":"Summon_Undead_Army+1","floor":18},{"not_picked":["Scare","Finger_Of_Death"],"picked":"Negative_Energy_Mist","floor":19}],"player_experience":256829,"relics_obtained":[{"floor":6,"key":"infinitespire:Eraser"},{"floor":7,"key":"Potion Belt"},{"floor":9,"key":"hubris:TenFootPole"}],"event_choices":[{"cards_removed":["Death_March_Dance"],"damage_healed":0,"gold_gain":0,"player_choice":"Took Card","damage_taken":0,"max_hp_gain":0,"max_hp_loss":0,"event_name":"NoteForYourself","floor":11,"gold_loss":0,"cards_obtained":["Run Through"]}],"is_beta":false,"boss_relics":[{"not_picked":["Runic Pyramid","ReplayTheSpireMod:DimensionalGlitch"],"picked":"Empty Cage"}],"items_purged_floors":[],"is_endless":false,"potions_floor_spawned":[1,12,13,16,18],"killed_by":"Shelled Parasite and Fungi","ascension_level":0}}