{"host":"ivscj6css7zfh8wh","time":1611363578,"event":{"mods":["2.2 Compatiblity","AchievementEnabler","BaseMod","Colored Map","DeckTracker","Highlight Path","Keyboard Shortcuts","Minty Spire (QoL Compilation)","Permanent Neow","Quick Restart","Random Character Button","StSLib","SuperFastMode"],"gold_per_floor":[115,133,133,149,224,224,15,47,47,76,4,4,17,17,17,117,117,131,150,168,185,185,185],"floor_reached":22,"language":"KOR","playtime":650,"items_purged":[],"score":216,"play_id":"8724424d-dd09-46bf-b789-27ed3a352070","local_time":"20210123095938","is_ascension_mode":true,"campfire_choices":[{"data":"Eruption","floor":6.0,"key":"SMITH"},{"floor":12,"key":"REST"},{"data":"Devotion","floor":15,"key":"SMITH"}],"circlet_count":0,"master_deck":["Strike_P","Strike_P","Strike_P","Strike_P","Defend_P","Defend_P","Defend_P","Defend_P","Eruption+1","Vigilance","EmptyFist","Adaptation","Wallop","FearNoEvil","Vengeance","Devotion+1","Prostrate","Worship","Regret","Ragnarok","Wallop"],"relics":["PureWater","NeowsBlessing","Lantern","Membership Card","Art of War","CaptainsWheel","Ornamental Fan","Bronze Scales","Ginger","Busted Crown"],"acts_visited":["Exordium","TheCity"],"potions_floor_usage":[21],"damage_taken":[{"damage":0.0,"enemies":"Cultist","floor":1.0,"turns":1.0},{"damage":0.0,"enemies":"Small Slimes","floor":2.0,"turns":1.0},{"damage":0.0,"enemies":"2 Louse","floor":4.0,"turns":1.0},{"damage":36,"enemies":"Lagavulin","floor":8,"turns":5},{"damage":19,"enemies":"Gremlin Nob","floor":10,"turns":4},{"damage":0,"enemies":"Looter","floor":13,"turns":2},{"damage":26,"enemies":"The Guardian","floor":16,"turns":8},{"damage":32,"enemies":"2 Thieves","floor":18,"turns":3},{"damage":0,"enemies":"Spheric Guardian","floor":19,"turns":2},{"damage":10,"enemies":"Cultist and Chosen","floor":20,"turns":4},{"damage":12,"enemies":"Shelled Parasite and Fungi","floor":21,"turns":4},{"damage":18,"enemies":"Snake Plant","floor":22,"turns":3}],"seed_played":"6080952859802762837","potions_obtained":[{"floor":1.0,"key":"Fire Potion"},{"floor":4.0,"key":"DuplicationPotion"},{"floor":10,"key":"BlessingOfTheForge"},{"floor":18,"key":"LiquidBronze"}],"is_trial":false,"path_per_floor":["M","M","T","M","?","R","$","E","T","E","$","R","M","?","R","B",null,"M","M","M","M","M"],"character_chosen":"WATCHER","items_purchased":["Membership Card","FearNoEvil","Vengeance","Bronze Scales"],"campfire_rested":1,"item_purchase_floors":[7,7,7,11],"current_hp_per_floor":[72,72,72,72,61,61,61,25,25,6,6,27,27,27,27,1,72,40,40,30,18,0,0],"gold":185,"neow_bonus":"THREE_ENEMY_KILL","is_daily":false,"chose_seed":false,"campfire_upgraded":2,"win_rate":0.0,"timestamp":1611363578,"path_taken":["M","M","?","M","?","R","$","E","T","E","$","R","M","?","R","BOSS","M","M","M","M","M"],"items_purchased_type":["Relic","Card","Card","Relic"],"build_version":"2020-12-22","purchased_purges":0,"victory":false,"max_hp_per_floor":[72,72,72,72,72,72,72,72,72,72,72,72,72,72,72,72,72,72,72,72,72,72,72],"card_choices":[{"not_picked":["WreathOfFlame","Collect"],"picked":"EmptyFist","floor":1.0},{"not_picked":["Consecrate","Evaluate"],"picked":"Adaptation","floor":2.0},{"not_picked":["PathToVictory","SashWhip"],"picked":"Wallop","floor":4.0},{"not_picked":["EmptyFist","JustLucky"],"picked":"Devotion","floor":8},{"not_picked":["FollowUp","Halt"],"picked":"Prostrate","floor":10},{"not_picked":["Swivel","Protect"],"picked":"Worship","floor":13},{"not_picked":["Scrawl","DevaForm"],"picked":"Ragnarok","floor":16},{"not_picked":[],"picked":"Wallop","floor":18},{"not_picked":["DeceiveReality"],"picked":"SKIP","floor":19},{"not_picked":["PathToVictory"],"picked":"SKIP","floor":20},{"not_picked":["FollowUp"],"picked":"SKIP","floor":21}],"player_experience":739833,"relics_obtained":[{"floor":3.0,"key":"Lantern"},{"floor":8,"key":"Art of War"},{"floor":9,"key":"CaptainsWheel"},{"floor":10,"key":"Ornamental Fan"}],"event_choices":[{"damage_healed":0.0,"max_hp_gain":0.0,"max_hp_loss":0.0,"gold_gain":75.0,"event_name":"World of Goop","player_choice":"Gather Gold","floor":5.0,"gold_loss":0.0,"damage_taken":11.0},{"damage_healed":0,"gold_gain":0,"player_choice":"Box","damage_taken":0,"relics_obtained":["Ginger"],"max_hp_gain":0,"max_hp_loss":0,"event_name":"Big Fish","floor":14,"gold_loss":0,"cards_obtained":["Regret"]}],"is_beta":false,"boss_relics":[{"not_picked":["Runic Dome","SacredBark"],"picked":"Busted Crown"}],"items_purged_floors":[],"is_endless":false,"potions_floor_spawned":[1,4,10,18],"killed_by":"Snake Plant","ascension_level":2}}