{"host":"mgwrmgf4x3air4cr","time":1611412607,"event":{"mods":["100% Spire Juice","ATMod(阿瑾Mod)","AchievementEnabler","Act Like it!","Arknights The Spire","Aspiration","BaseMod","CapriCore","Downfall","Friendly Minions","Gensokyo","GungeonMod","HololiveMod","Hunter 猎人","KinomotoSakuraMod(木之本樱)","Kiyohime（清姬）","KomeijiMod","Lobotomy","Minty Spire (QoL Compilation)","MostiFishMod","RumiaBox-露米娅的神秘盒子","Shop Mod","StSLib","TestMod","The Alterego","The Immortal","The Servant 0.9.4","Waifu the Spire","WarShipGirlsR/战舰少女R mod","Yakumo Yukari mod","Youmu（魂魄妖梦）","Yuyuko","noobMod","【功能Mod】混沌之环修复补丁","【遗物卡牌】REMEMod","篝火指南"],"gold_per_floor":[178,178,195,205,217,252,252,69,69,32,61,61,95,95,95,198,198,212,212,231,242,253,38,70,85,85,12,41,79,79,120,120,233,233,256,180,189,208,236,280,230,268,349,136,38,38,38,97,49,49,49,49,13,38,38],"floor_reached":56,"language":"ZHS","playtime":5255,"items_purged":["Regret","Defend_Remirira","Strike_Remiria","Strike_Remiria"],"score":1681,"play_id":"5d212726-1a74-4063-a812-87b5cf424214","local_time":"20210123223647","is_ascension_mode":false,"campfire_choices":[{"data":"CurseofVladTepes","floor":7,"key":"SMITH"},{"floor":12,"key":"RECALL"},{"data":"AT_MachinaRedman","floor":15,"key":"SMITH"},{"data":"QueenOfMidnight","floor":30,"key":"SMITH"},{"data":"AT_EssenceShift","floor":32,"key":"SMITH"},{"data":"testmod-ShutDown","floor":46,"key":"SMITH"},{"data":"RemiliaStalker","floor":52,"key":"SMITH"}],"circlet_count":0,"master_deck":["Strike_Remiria","Strike_Remiria","Defend_Remirira","Defend_Remirira","Absorbed","Scratch","AT_EssenceShift+1","AT_MachinaRedman+1","StigmaNizer","BloodCollect","CurseofVladTepes+1","ChainGang","YoungDemonLord","Feint","PartStrengthen","Paradox","ThePrice","TricksterDevil","QueenOfMidnight+1","ScarletNetherworld","SeparateFleshBlood","Tearing","DamonLordCradle_Remiria+1","FateMeister","DamonLordCradle_Remiria","FateEnsemble","StigmaNizer","FateSonata","SealingFear","FateConcerto","Tepes+1","AT_MachinaRedman+1","BodyStrengthen+1","PartStrengthen+1","FateCollect","RemiliaStalker+1","testmod-ShutDown+1","RocketKickup+1","CurseofVladTepes"],"relics":["ThirstyCrossSpe","testmod-TestBox","AT_ATBox","ice","DaveBox","REME_ComplimentaryCards","testmod-LifeArmor","Membership Card","SynthV:TestCard","hexamod:BolsterEngine","AT_RedTearstoneRing","MerchantsRug","Smiling Mask","AT_ArcaneBoots","ImprovedEquipment","Anchor","JellyFishMachine","Hololive_LightStick","SynthV:C4","Vajra","CeramicFish","aspiration:Stabinomicon","SSSystem","Busted Crown","AT_SunfireAegis","Omamori","REME_HourglassOfDeath","Civilization","NitorisBag","ZombieArmy","testmod-ObsoleteBoomerang","Gremlin Horn","DemoMod:ClearGuonStone","DemoMod:PinkGuonStone"],"acts_visited":["Exordium","TheCity","TheBeyond","TheEnding"],"potions_floor_usage":[5,21,22,23],"damage_taken":[{"damage":0,"enemies":"Small Slimes","floor":1,"turns":2},{"damage":0,"enemies":"Cultist","floor":3,"turns":2},{"damage":3,"enemies":"Jaw Worm","floor":4,"turns":3},{"damage":12,"enemies":"Exordium Thugs","floor":5,"turns":4},{"damage":18,"enemies":"3 Sentries","floor":6,"turns":5},{"damage":34,"enemies":"Gremlin Nob","floor":11,"turns":6},{"damage":22,"enemies":"3 Sentries","floor":13,"turns":7},{"damage":0,"enemies":"Slime Boss","floor":16,"turns":4},{"damage":0,"enemies":"2 Thieves","floor":18,"turns":4},{"damage":0,"enemies":"Chosen","floor":20,"turns":4},{"damage":1,"enemies":"Snake Plant","floor":21,"turns":5},{"damage":0,"enemies":"Centurion and Healer","floor":22,"turns":5},{"damage":2,"enemies":"Gremlin Leader","floor":24,"turns":7},{"damage":0,"enemies":"Snecko","floor":25,"turns":3},{"damage":0,"enemies":"Snake Plant","floor":28,"turns":3},{"damage":0,"enemies":"Book of Stabbing","floor":29,"turns":3},{"damage":0,"enemies":"Gremlin Leader","floor":31,"turns":5},{"damage":0,"enemies":"Collector","floor":33,"turns":5},{"damage":0,"enemies":"3 Shapes","floor":35,"turns":1},{"damage":0,"enemies":"Orb Walker","floor":38,"turns":2},{"damage":0,"enemies":"Spire Growth","floor":39,"turns":3},{"damage":0,"enemies":"Giant Head","floor":40,"turns":3},{"damage":0,"enemies":"Reptomancer","floor":42,"turns":5},{"damage":0,"enemies":"Mind Bloom Boss Battle","floor":48,"turns":3},{"damage":11,"enemies":"Time Eater","floor":50,"turns":4},{"damage":0,"enemies":"Shield and Spear","floor":54,"turns":2},{"damage":0,"enemies":"The Heart","floor":55,"turns":4}],"seed_played":"-2513209894899499541","potions_obtained":[{"floor":1,"key":"GamblersBrew"},{"floor":6,"key":"Fire Potion"},{"floor":11,"key":"DemoMod:LeadSkinPotion"},{"floor":13,"key":"Fire Potion"},{"floor":20,"key":"Energy Potion"},{"floor":21,"key":"FearPotion"},{"floor":22,"key":"Fire Potion"},{"floor":39,"key":"FairyPotion"},{"floor":42,"key":"SpeedPotion"},{"floor":48,"key":"Explosive Potion"},{"floor":54,"key":"Energy Potion"}],"is_trial":false,"path_per_floor":["M","?","M","M","M","E","R","$","T","$","E","R","E","?","R","B",null,"M","?","M","M","M","R","E","M","T","$","M","E","R","E","R","B",null,"M","$","?","M","M","E","R","E","T","R","$","R","?","?","R","B",null,"R","$","E","B",null],"character_chosen":"RemiriaScarlet","items_purchased":["MerchantsRug","Feint","Tiny Chest","PartStrengthen","AT_SpeedBoots","Paradox","Hololive_LightStick","REME_GoldPotion","FateMeister","SynthV:C4","CeramicFish","AT_SunfireAegis","Civilization","testmod-ShutDown","NitorisBag","ZombieArmy","Gremlin Horn","DemoMod:ClearGuonStone","CurseofVladTepes"],"campfire_rested":0,"item_purchase_floors":[8,8,8,8,10,10,23,23,23,23,27,36,44,44,45,45,49,53,53],"current_hp_per_floor":[100,100,100,97,85,67,67,67,67,67,33,33,11,26,26,26,100,100,100,100,99,100,100,98,98,98,98,98,98,98,98,98,100,100,100,100,100,100,100,100,100,100,100,100,100,100,100,101,101,92,103,103,103,114,119],"gold":38,"neow_bonus":"NOSTALGIA","is_daily":false,"chose_seed":false,"campfire_upgraded":6,"win_rate":0.0,"timestamp":1611412607,"path_taken":["M","?","M","M","M","E","R","$","T","$","E","R","E","?","R","BOSS","M","?","M","M","M","R","E","M","T","?","?","E","R","E","R","BOSS","M","$","?","M","M","E","R","E","T","R","?","R","?","?","R","BOSS","R","$","E","BOSS"],"items_purchased_type":["Relic","Card","Relic","Card","Relic","Card","Relic","Potion","Card","Relic","Relic","Relic","Relic","Card","Relic","Relic","Relic","Relic","Card"],"build_version":"2020-12-22","purchased_purges":4,"victory":true,"max_hp_per_floor":[100,100,100,100,100,100,100,100,100,100,100,100,100,100,100,100,100,100,100,100,100,100,100,100,100,100,100,100,100,100,100,100,100,100,100,100,100,100,100,100,100,100,100,100,100,100,100,101,101,103,103,103,103,114,119],"card_choices":[{"not_picked":["FastHealing","DoubleEdge"],"picked":"StigmaNizer","floor":1},{"not_picked":["Warpath","BloodySuit","BloodCleaner","BodyStrengthen"],"picked":"BloodCollect","floor":3},{"not_picked":["VampirishNight","RocketKickup","ServantFlier","ScarletNetherworld"],"picked":"CurseofVladTepes","floor":4},{"not_picked":["BloodCollect","Exsanguinate","DemonsDinnerFork_Remiria","ScarletNetherworld"],"picked":"ChainGang","floor":5},{"not_picked":["TricksterDevil","VampireKiss_Remiria","BathedInBlood","Warpath"],"picked":"YoungDemonLord","floor":6},{"not_picked":["Warpath","BloodSurge","StigmaNizer","BloodySuit"],"picked":"ThePrice","floor":11},{"not_picked":["BloodCoagulation","HeartBreak_Remiria","StigmaNizer","Cripple"],"picked":"TricksterDevil","floor":13},{"not_picked":["Coercion","BadLadyScramble","FitfulNightmare","FateConcerto"],"picked":"QueenOfMidnight","floor":16},{"not_picked":["Warpath","BloodCleaner+1","BodyStrengthen","Feint"],"picked":"ScarletNetherworld","floor":18},{"not_picked":["BloodCleaner","VampireKiss_Remiria","FateConcerto","BloodCollect+1"],"picked":"SeparateFleshBlood","floor":20},{"not_picked":["Warpath","TrickFate+1","StigmaNizer","BloodySuit"],"picked":"Tearing","floor":21},{"not_picked":["DemonsDinnerFork_Remiria","SeparateFleshBlood","ServantFlier","StigmaNizer"],"picked":"DamonLordCradle_Remiria+1","floor":22},{"not_picked":["FastHealing","BloodCoagulation","DemonLordWalk","Reaper_Remiria"],"picked":"DamonLordCradle_Remiria","floor":24},{"not_picked":["FastHealing","RocketKickup","FateConcerto","Warpath"],"picked":"FateEnsemble","floor":25},{"not_picked":["DemonsDinnerFork_Remiria","FastHealing+1","DamonLordCradle_Remiria","Feint+1"],"picked":"StigmaNizer","floor":28},{"not_picked":["FateConcerto","BloodySuit","RedMagic","Cripple+1"],"picked":"FateSonata","floor":29},{"not_picked":["BathedInBlood","Offensive","StarOfDavid","DamonLordCradle_Remiria"],"picked":"SealingFear","floor":31},{"not_picked":["RedMagic","Reaper_Remiria","BloodCoagulation","HeartBreak_Remiria"],"picked":"FateConcerto","floor":33},{"not_picked":["DoubleEdge","BloodCollect+1"],"picked":"Tepes+1","floor":35},{"not_picked":["FastHealing","DamonLordCradle_Remiria"],"picked":"BodyStrengthen+1","floor":38},{"not_picked":["NightDance+1","BloodySuit"],"picked":"PartStrengthen+1","floor":39},{"not_picked":["BloodCleaner","FierceSweep+1"],"picked":"FateCollect","floor":40},{"not_picked":["ThirstForBlood","TrickFate"],"picked":"RemiliaStalker","floor":42},{"not_picked":["BloodCoagulation","VampirishNight+1"],"picked":"RocketKickup+1","floor":48},{"not_picked":["NaturallyHealing","DemonsDinnerFork_Remiria","CruelSlaughter"],"picked":"SKIP","floor":54}],"player_experience":125170,"relics_obtained":[{"floor":1,"key":"SynthV:TestCard"},{"floor":6,"key":"AT_RedTearstoneRing"},{"floor":9,"key":"Smiling Mask"},{"floor":11,"key":"ImprovedEquipment"},{"floor":13,"key":"Anchor"},{"floor":24,"key":"Vajra"},{"floor":29,"key":"aspiration:Stabinomicon"},{"floor":31,"key":"SSSystem"},{"floor":40,"key":"Omamori"},{"floor":42,"key":"REME_HourglassOfDeath"},{"floor":43,"key":"Toxic Egg 2"},{"floor":48,"key":"testmod-ObsoleteBoomerang"},{"floor":54,"key":"DemoMod:PinkGuonStone"}],"event_choices":[{"damage_healed":0,"gold_gain":0,"player_choice":"Box","damage_taken":0,"relics_obtained":["hexamod:BolsterEngine"],"max_hp_gain":0,"max_hp_loss":0,"event_name":"Big Fish","floor":2,"gold_loss":0,"cards_obtained":["Regret"]},{"damage_healed":0,"gold_gain":0,"player_choice":"Traded Relic","damage_taken":0,"relics_obtained":["Nloth\u0027s Gift"],"max_hp_gain":0,"max_hp_loss":0,"event_name":"N\u0027loth","floor":19,"relics_lost":["Tiny Chest"],"gold_loss":0},{"damage_healed":0,"gold_gain":0,"player_choice":"Copied","damage_taken":0,"max_hp_gain":0,"max_hp_loss":0,"event_name":"Duplicator","floor":37,"gold_loss":0,"cards_obtained":["AT_MachinaRedman"]},{"cards_removed":["Defend_Remirira"],"damage_healed":0,"gold_gain":0,"player_choice":"Removed Skill","damage_taken":0,"max_hp_gain":0,"max_hp_loss":0,"event_name":"Falling","floor":47,"gold_loss":0},{"damage_healed":0,"gold_gain":0,"player_choice":"Fight","damage_taken":0,"max_hp_gain":0,"max_hp_loss":0,"event_name":"MindBloom","floor":48,"gold_loss":0}],"is_beta":false,"boss_relics":[{"not_picked":["Ectoplasm","aspiration:DefectSkillbook"],"picked":"JellyFishMachine"},{"not_picked":["testmod-BatchProcessingSystem","testmod-Fanaticism"],"picked":"Busted Crown"}],"items_purged_floors":[8,23,41,44],"is_endless":false,"potions_floor_spawned":[1,6,11,13,20,21,22,39,42,48,54],"ascension_level":0}}