{"host":"bf9sa99gaumonoeu","time":1611414791,"event":{"mods":["AchievementEnabler","Act Like it!","Aspiration","BaseMod","Bestiary","Block Reminder","Colored Map","Colored Powertips","Friendly Minions","Gensokyo","GifTheSpireLib","Googly Eyes","Hallownest","Hermit","Highlight Path","Jorbs\u0027s Wanderer Trilogy","KinomotoSakuraMod(????)","Koishi","Marisa????????","Minty Spire (QoL Compilation)","Rare Cards Sparkle","Relic Stats","Spire Arcade","StSLib","The Administrix","The Animator","The Bug Knight","The Construct","The Cursed","The Hierophant","The Mystic","The Necromancer","The Poker Player","The Runesmith","The Senshi","The Servant 0.9.4","ojb\u0027s Info Mod"],"gold_per_floor":[119,130,148,164,183,193,193,224,224,84,84,84,112,123,123,194,194,212,222,237,30,30,30,30],"floor_reached":23,"language":"ENG","playtime":2337,"items_purged":[],"score":390,"play_id":"4bd4cfcc-cd81-41fe-9fad-c210b080ae7e","local_time":"20210123131311","is_ascension_mode":true,"campfire_choices":[{"data":"Skewer","floor":7,"key":"SMITH"},{"floor":12,"key":"REST"},{"data":"Die Die Die","floor":15,"key":"SMITH"}],"circlet_count":0,"master_deck":["AscendersBane","Strike_G","Strike_G","Strike_G","Strike_G","Defend_G","Defend_G","Defend_G","Defend_G","Survivor","Neutralize","Die Die Die+1","Deflect","Skewer+1","Slice","Acrobatics","Dagger Spray","Well Laid Plans","Slice","Cloak And Dagger","Unload","Blade Dance","Blur","Acrobatics","Adrenaline","PiercingWail","Flechettes","Outmaneuver+1","Malaise"],"relics":["Ring of the Snake","Question Card","aspiration:HummingbirdHeart","Unceasing Top","Pear","aspiration:SecretTechniqueScroll"],"acts_visited":["Gensokyo:Gensokyo","TheCity"],"potions_floor_usage":[8,16,16,23,23],"damage_taken":[{"damage":0,"enemies":"Gensokyo:Gryphon","floor":1,"turns":3},{"damage":0,"enemies":"Gensokyo:3_Fairies","floor":2,"turns":3},{"damage":6,"enemies":"Gensokyo:2_Kodama","floor":3,"turns":4},{"damage":0,"enemies":"Gensokyo:LivingMonolith","floor":4,"turns":3},{"damage":3,"enemies":"Gensokyo:Kitsune","floor":5,"turns":4},{"damage":6,"enemies":"Gensokyo:VengefulSpirit","floor":6,"turns":5},{"damage":3,"enemies":"Gensokyo:Cirno","floor":8,"turns":5},{"damage":7,"enemies":"Gensokyo:Mamizou","floor":13,"turns":8},{"damage":0,"enemies":"Gensokyo:3_Kodama","floor":14,"turns":2},{"damage":46,"enemies":"Gensokyo:Reimu","floor":16,"turns":14},{"damage":0,"enemies":"2 Thieves","floor":18,"turns":4},{"damage":6,"enemies":"Spheric Guardian","floor":19,"turns":4},{"damage":26,"enemies":"Shelled Parasite and Fungi","floor":20,"turns":6},{"damage":26,"enemies":"Book of Stabbing","floor":23,"turns":6}],"seed_played":"-7045098912397061564","potions_obtained":[{"floor":2,"key":"Poison Potion"},{"floor":5,"key":"AttackPotion"},{"floor":6,"key":"SteroidPotion"},{"floor":13,"key":"Explosive Potion"},{"floor":14,"key":"Swift Potion"},{"floor":19,"key":"Explosive Potion"}],"is_trial":false,"path_per_floor":["M","M","M","M","M","M","R","E","T","?","?","R","E","M","R","B",null,"M","M","M","$","?","E"],"character_chosen":"THE_SILENT","items_purchased":["Malaise","FearPotion"],"campfire_rested":1,"item_purchase_floors":[21,21],"current_hp_per_floor":[44,44,38,38,35,29,29,26,26,26,26,45,48,48,48,2,58,58,52,26,26,26,0,0],"gold":30,"neow_bonus":"TRANSFORM_TWO_CARDS","is_daily":false,"chose_seed":false,"campfire_upgraded":2,"win_rate":0.0,"timestamp":1611414791,"path_taken":["M","M","M","M","M","M","R","E","T","?","?","R","E","M","R","BOSS","M","?","M","$","?","E"],"items_purchased_type":["Card","Potion"],"build_version":"2020-12-22","purchased_purges":0,"victory":false,"max_hp_per_floor":[66,66,66,66,66,66,66,66,66,66,66,66,76,76,76,76,76,76,76,76,76,76,76,76],"relic_stats":{"counters":[14,71],"Question Card":8,"obtain_stats":[{"Pear":13,"aspiration:HummingbirdHeart":9,"aspiration:SecretTechniqueScroll":17,"Question Card":8,"Unceasing Top":10,"Ring of the Snake":0},{"Pear":8,"aspiration:HummingbirdHeart":7,"aspiration:SecretTechniqueScroll":10,"Question Card":7,"Unceasing Top":7,"Ring of the Snake":0},{"Pear":35,"aspiration:HummingbirdHeart":27,"aspiration:SecretTechniqueScroll":51,"Question Card":27,"Unceasing Top":27,"Ring of the Snake":0}],"Unceasing Top":[8],"Ring of the Snake":[28]},"card_choices":[{"not_picked":["Deadly Poison","PiercingWail"],"picked":"Skewer","floor":1},{"not_picked":["Sucker Punch","Backflip"],"picked":"Slice","floor":2},{"not_picked":["Escape Plan","Quick Slash"],"picked":"Acrobatics","floor":3},{"not_picked":["Setup","Sucker Punch"],"picked":"Dagger Spray","floor":4},{"not_picked":["Flechettes","Flying Knee"],"picked":"Well Laid Plans","floor":5},{"not_picked":["Outmaneuver","Backflip"],"picked":"Slice","floor":6},{"not_picked":["Dagger Spray","Setup"],"picked":"Cloak And Dagger","floor":8},{"not_picked":["Quick Slash","Poisoned Stab","Outmaneuver"],"picked":"Unload","floor":11},{"not_picked":["Deadly Poison","Cloak And Dagger","Dagger Spray"],"picked":"Blade Dance","floor":11},{"not_picked":["Dodge and Roll","Prepared","Sucker Punch"],"picked":"Blur","floor":13},{"not_picked":["Bane","Cloak And Dagger","Flying Knee"],"picked":"Acrobatics","floor":14},{"not_picked":["Bullet Time","Corpse Explosion","Doppelganger"],"picked":"Adrenaline","floor":16},{"not_picked":["Bane","Backflip+1","All Out Attack+1"],"picked":"PiercingWail","floor":18},{"not_picked":["Sucker Punch","Infinite Blades","Endless Agony"],"picked":"Flechettes","floor":19},{"not_picked":["Backflip","Setup","Tactician"],"picked":"Outmaneuver+1","floor":20}],"player_experience":1128141,"relics_obtained":[{"floor":8,"key":"Question Card"},{"floor":9,"key":"aspiration:HummingbirdHeart"},{"floor":13,"key":"Pear"}],"event_choices":[],"is_beta":false,"boss_relics":[{"not_picked":["construct:ClawGrip","Empty Cage"],"picked":"aspiration:SecretTechniqueScroll"}],"items_purged_floors":[],"is_endless":false,"potions_floor_spawned":[2,5,6,13,14,19],"killed_by":"Book of Stabbing","ascension_level":20}}