{"host":"danq4vzudt77osor","time":1611428274,"event":{"mods":["BaseMod","Colored Map","Custom Start","Minty Spire (QoL Compilation)","StSLib","SuperFastMode"],"gold_per_floor":[118,128,143,159,170,170,188,188,188,206,206,235,235],"floor_reached":12,"language":"KOR","playtime":430,"items_purged":[],"score":168,"play_id":"39c0b413-f2da-4e3d-8a17-e5e481afcc4a","local_time":"20210124035754","is_ascension_mode":true,"campfire_choices":[{"data":"Fire Breathing","floor":6,"key":"SMITH"},{"data":"Battle Trance","floor":8,"key":"SMITH"},{"data":"Anger","floor":11,"key":"SMITH"}],"circlet_count":0,"master_deck":["AscendersBane","Strike_R","Strike_R","Strike_R","Strike_R","Strike_R","Defend_R","Defend_R","Defend_R","Defend_R","Bash","Battle Trance+1","Anger+1","Shockwave","Fire Breathing+1","Seeing Red"],"relics":["Burning Blood","Kunai","Smiling Mask"],"acts_visited":["Exordium"],"potions_floor_usage":[],"damage_taken":[{"damage":9,"enemies":"Jaw Worm","floor":1,"turns":5},{"damage":20,"enemies":"Small Slimes","floor":2,"turns":6},{"damage":4,"enemies":"2 Louse","floor":3,"turns":4},{"damage":7,"enemies":"Looter","floor":4,"turns":3},{"damage":13,"enemies":"Exordium Thugs","floor":5,"turns":3},{"damage":17,"enemies":"Large Slime","floor":7,"turns":5},{"damage":16,"enemies":"Exordium Wildlife","floor":10,"turns":3},{"damage":8,"enemies":"Lagavulin","floor":12,"turns":6}],"seed_played":"-5854416748968255978","potions_obtained":[{"floor":2,"key":"SkillPotion"},{"floor":5,"key":"EssenceOfSteel"},{"floor":7,"key":"LiquidMemories"}],"is_trial":false,"path_per_floor":["M","M","M","M","M","R","M","R","T","M","R","E"],"character_chosen":"IRONCLAD","items_purchased":[],"campfire_rested":0,"item_purchase_floors":[],"current_hp_per_floor":[72,58,60,59,52,52,41,41,41,31,31,29,29],"gold":235,"neow_bonus":"TEN_PERCENT_HP_BONUS","is_daily":false,"chose_seed":false,"campfire_upgraded":3,"win_rate":0.0,"timestamp":1611428274,"path_taken":["M","M","M","M","M","R","M","R","T","M","R","E"],"items_purchased_type":[],"build_version":"2020-12-22","purchased_purges":0,"victory":false,"max_hp_per_floor":[82,82,82,82,82,82,82,82,82,82,82,82,82],"card_choices":[{"not_picked":["Body Slam","Flex"],"picked":"Battle Trance","floor":1},{"not_picked":["Flex","Havoc"],"picked":"Anger","floor":2},{"not_picked":["Thunderclap","Battle Trance"],"picked":"Shockwave","floor":3},{"not_picked":["Intimidate","Cleave"],"picked":"Fire Breathing","floor":4},{"not_picked":["Fire Breathing","Uppercut","Clash"],"picked":"SKIP","floor":5},{"not_picked":["Iron Wave","Perfected Strike"],"picked":"Seeing Red","floor":7},{"not_picked":["Whirlwind","Metallicize","Dark Embrace"],"picked":"SKIP","floor":10},{"not_picked":["Whirlwind","Metallicize","Dark Embrace"],"picked":"SKIP","floor":10}],"player_experience":1661641,"relics_obtained":[{"floor":9,"key":"Kunai"},{"floor":12,"key":"Smiling Mask"}],"event_choices":[],"is_beta":false,"boss_relics":[],"items_purged_floors":[],"is_endless":false,"potions_floor_spawned":[2,5,7,12],"killed_by":"Lagavulin","ascension_level":20}}