{"host":"rnys9sj607vajavv","time":1611388277,"event":{"mods":["BaseMod","Colored Map","Downfall","Minty Spire (QoL Compilation)","StSLib"],"gold_per_floor":[99,118,50,96,96,96,96,122,187,197,197,230,243,268,286,381,381,381,395,102,152,163,213,213,263,263,263,263],"floor_reached":26,"language":"ENG","playtime":1982,"items_purged":["champ:Strike"],"score":261,"play_id":"5723063b-9286-4658-95f5-1f8652a57825","local_time":"20210122235117","is_ascension_mode":true,"campfire_choices":[{"data":"champ:DancingMaster","floor":1,"key":"SMITH"},{"data":"champ:Backstep","floor":6,"key":"SMITH"},{"data":"champ:Lariat","floor":11,"key":"SMITH"},{"data":"champ:IronFortress","floor":18,"key":"SMITH"}],"circlet_count":0,"master_deck":["champ:Strike","champ:Strike","champ:Strike","champ:Defend","champ:Defend","champ:Defend","champ:Defend+1","champ:Execute","champ:Taunt+1","champ:DancingMaster+1","champ:Backstep+1","champ:FlashCut","champ:Lariat+1","champ:IronFortress+1","champ:EnGarde+1","champ:GutPunch","champ:BerserkerStyle","downfall:Bewildered","champ:StanceDance"],"relics":["champ:ChampionCrown","Pen Nib","SsserpentHead","Letter Opener","Mummified Hand","Shovel","Sozu","War Paint","sneckomod:BabySnecko","InkBottle","downfall:RedIOU"],"acts_visited":["Exordium","TheCity"],"potions_floor_usage":[16,16,16],"damage_taken":[{"damage":29,"enemies":"Cultist","floor":2,"turns":5},{"damage":20,"enemies":"downfall:FleeingMerchant","floor":3,"turns":4},{"damage":35,"enemies":"3 Sentries","floor":8,"turns":9},{"damage":10,"enemies":"Small Slimes","floor":9,"turns":3},{"damage":12,"enemies":"Jaw Worm","floor":10,"turns":3},{"damage":55,"enemies":"Lagavulin","floor":12,"turns":7},{"damage":2,"enemies":"Blue Slaver","floor":13,"turns":4},{"damage":20,"enemies":"3 Sentries","floor":14,"turns":8},{"damage":18,"enemies":"2 Fungi Beasts","floor":15,"turns":5},{"damage":29,"enemies":"WA_ARCHETYPE_RETAIN","floor":16,"turns":10},{"damage":32,"enemies":"Shell Parasite","floor":19,"turns":5},{"damage":35,"enemies":"downfall:FleeingMerchant","floor":20,"turns":4},{"damage":36,"enemies":"3 Byrds","floor":22,"turns":5},{"damage":83,"enemies":"Slavers","floor":26,"turns":6}],"seed_played":"3347098848259516992","potions_obtained":[{"floor":9,"key":"Ancient Potion"},{"floor":12,"key":"EssenceOfSteel"},{"floor":13,"key":"DistilledChaos"},{"floor":14,"key":"champ:CounterPotion"}],"is_trial":false,"path_per_floor":["R","M","$","T","?","R","T","E","M","M","R","E","M","E","M","B",null,"R","M","$","?","M","T","T","?","E"],"character_chosen":"THE_CHAMP","items_purchased":["champ:Backstep","champ:GutPunch","champ:BerserkerStyle","War Paint"],"campfire_rested":0,"item_purchase_floors":[3,20,20,20],"current_hp_per_floor":[90,81,81,81,81,81,81,76,76,74,74,49,47,47,44,40,90,90,88,88,88,83,83,83,83,0,0,0],"gold":263,"neow_bonus":"ONE_RANDOM_RARE_CARD","is_daily":false,"chose_seed":false,"campfire_upgraded":4,"win_rate":0.0,"timestamp":1611388277,"path_taken":["R","M","$","?","?","R","T","E","?","M","R","E","M","E","M","BOSS","R","M","?","?","M","?","T","?","E"],"items_purchased_type":["Card","Card","Card","Relic"],"build_version":"2020-12-22","purchased_purges":1,"victory":false,"max_hp_per_floor":[90,90,90,90,90,90,90,90,90,90,90,90,90,90,90,90,90,90,90,90,90,90,90,90,90,90,90,90],"card_choices":[{"not_picked":["champ:BerserkersShout","champ:EnragedBash","champ:Circumvent"],"picked":"SKIP","floor":2},{"not_picked":["champ:Encircle","champ:CrookedStrike","champ:Endure"],"picked":"SKIP","floor":3},{"not_picked":["champ:RisingSlash","champ:Endure","champ:CrookedStrike"],"picked":"SKIP","floor":8},{"not_picked":["champ:CrookedStrike","champ:RisingSlash"],"picked":"champ:FlashCut","floor":9},{"not_picked":["champ:ShieldSigil","champ:PreemptiveStrike"],"picked":"champ:Lariat","floor":10},{"not_picked":["champ:SkillfulDodge","champ:Shatter","champ:FalseCounter"],"picked":"SKIP","floor":12},{"not_picked":["champ:CrookedStrike","champ:Circumvent","champ:Shatter"],"picked":"SKIP","floor":13},{"not_picked":["champ:CrookedStrike","champ:Circumvent","champ:Shatter"],"picked":"SKIP","floor":13},{"not_picked":["champ:BerserkerStyle","champ:SkillfulDodge"],"picked":"champ:IronFortress","floor":14},{"not_picked":["champ:BringItOn","champ:BladeFlurry","champ:SwordSigil"],"picked":"SKIP","floor":15},{"not_picked":["champ:FanOfKnives","champ:AdrenalArmor","champ:BringItOn+1"],"picked":"SKIP","floor":19},{"not_picked":["champ:FalseCounter+1","champ:BringItOn"],"picked":"champ:EnGarde+1","floor":20},{"not_picked":["champ:EnragedBash+1","champ:ShieldSlam"],"picked":"champ:StanceDance","floor":22}],"player_experience":682684,"relics_obtained":[{"floor":4,"key":"Pen Nib"},{"floor":7,"key":"Letter Opener"},{"floor":8,"key":"Mummified Hand"},{"floor":12,"key":"Boot"},{"floor":14,"key":"Shovel"},{"floor":23,"key":"InkBottle"}],"event_choices":[{"damage_healed":0,"gold_gain":0,"player_choice":"Trade","damage_taken":0,"relics_obtained":["SsserpentHead"],"max_hp_gain":0,"max_hp_loss":0,"event_name":"FaceTrader","floor":5,"gold_loss":0}],"is_beta":false,"boss_relics":[{"not_picked":["SacredBark","Astrolabe"],"picked":"Sozu"}],"items_purged_floors":[20],"is_endless":false,"potions_floor_spawned":[9,12,13,14,15,22],"killed_by":"Slavers","ascension_level":1}}