{"host":"i6cyhi9fkpzvr6lb","time":1611382885,"event":{"mods":["Act Like it!","Arknights The Spire","BaseMod","Better Skull","Gensokyo","Marisa£®ÏF”Í°°ƒß¿Ì…≥£©","Minty Spire (QoL Compilation)","Reimu£®≤©¿ˆ¡È√Œ£©","Remilia£®¿Ÿ√◊¿Ú—«£©","StSLib","The Servant 0.9.4","Thieving Mod","Youmu£®ªÍ∆«—˝√Œ£©","Yuyuko"],"gold_per_floor":[116,16,32,32,0,0,452,471,496,18,45,79,94,112,112,216,216,235,252,252,269,496,522,540,0,25,25,25,25,25,35,35,131,131,341,341,341,11,60,60,88,102,127,127,145,163,163,197,197,197],"floor_reached":51,"language":"ZHS","playtime":1706,"items_purged":[],"score":898,"play_id":"483e80ca-9f3b-49c8-8e60-51cc5845a468","local_time":"20210123142125","daily_mods":["SealedDeck","Specialized","Heirloom","Time Dilation"],"is_ascension_mode":false,"campfire_choices":[{"data":"ats:Part Time Job","floor":6.0,"key":"SMITH"},{"floor":15.0,"key":"REST"},{"data":"ats:Composite Medical Shells","floor":27.0,"key":"SMITH"},{"data":"ats:Healing Strengthening","floor":32.0,"key":"SMITH"},{"data":"ats:Dogmatic Field","floor":40.0,"key":"SMITH"},{"data":"ats:Healing Strengthening","floor":44.0,"key":"SMITH"},{"data":"Gensokyo:MorningMist","floor":47.0,"key":"SMITH"},{"data":"ats:Durian","floor":49.0,"key":"SMITH"}],"circlet_count":0,"master_deck":["ats:Overload+1","ats:Overload","ats:Overload","ats:Overload","ats:Overload","ats:Healing Strengthening+1","ats:Healing Strengthening+1","ats:Apocalypse","ats:Part Time Job+1","ats:Apocalypse","ats:Part Time Job+1","ats:Composite Medical Shells+1","ats:Flexible Camouflage","ats:Explosion Area Strengthen","ats:Flexible Camouflage","ats:Chain Hook","ats:Flexible Camouflage","ats:Childhood Dance","ats:Sword Rain+1","ats:Soul Absorption","Gensokyo:SlitMouthedWoman+1","ats:Curse Doll","ats:Sashimi Platter","ats:Disruption Kick+1","ats:Flexible Camouflage","ats:Healing Drone+1","ats:Counter Healing Mode+1","ats:Consecutive Shot Auto","ats:Directed Diagnosis+1","ats:Revitalization","ats:Disruption Kick","ats:Dogmatic Field+1","ats:Apocalypse+1","Gensokyo:MorningMist+1","ats:Sashimi Platter+1","ats:Sword Rain","ats:Flexible Camouflage","ats:Durian+1"],"relics":["ats:Sanity","Turnip","The Courier","Ancient Tea Set","Omamori","ats:Hidden Killer","ats:Originium","Boot","Blood Vial","ats:Tactical Delivery","Strawberry","Thread and Needle","Akabeko","ats:Spiritual Recovery","RuthlessExorcism:ReiMu","Toy Ornithopter","Gensokyo:ConquerorOfFear","RedLine:ReiMu","CrazyTorch:ReiMu","Dream Catcher","Bronze Scales","Regal Pillow","Mastiff:ReiMu","ats:Bonebreaker"],"acts_visited":["Exordium","Gensokyo:Gensokyo","Gensokyo:Gensokyoer"],"potions_floor_usage":[],"damage_taken":[{"damage":3.0,"enemies":"Gensokyo:2_Kodama","floor":1.0,"turns":2.0},{"damage":0.0,"enemies":"Gensokyo:3_Fairies","floor":3.0,"turns":3.0},{"damage":7.0,"enemies":"Gensokyo:Gryphon","floor":8.0,"turns":3.0},{"damage":0.0,"enemies":"Gensokyo:Mamizou","floor":12.0,"turns":3.0},{"damage":26.0,"enemies":"Gensokyo:3_Kodama","floor":13.0,"turns":4.0},{"damage":18.0,"enemies":"Gensokyo:CorruptedTreant","floor":14.0,"turns":3.0},{"damage":65.0,"enemies":"Gensokyo:Reimu","floor":16.0,"turns":10.0},{"damage":4.0,"enemies":"Gensokyo:2_Gloops","floor":18.0,"turns":3.0},{"damage":18.0,"enemies":"Gensokyo:3_Dogs","floor":19.0,"turns":3.0},{"damage":16.0,"enemies":"Gensokyo:Wraith","floor":21.0,"turns":4.0},{"damage":0.0,"enemies":"Gensokyo:Tenshi","floor":23.0,"turns":1.0},{"damage":11.0,"enemies":"Gensokyo:Slime_Group","floor":24.0,"turns":3.0},{"damage":0.0,"enemies":"Gensokyo:3_Gloops","floor":31.0,"turns":3.0},{"damage":26.0,"enemies":"Gensokyo:Eiki","floor":33.0,"turns":3.0},{"damage":20.0,"enemies":"Gensokyo:3_Boulders","floor":35.0,"turns":5.0},{"damage":56.0,"enemies":"Gensokyo:Marisa","floor":41.0,"turns":4.0},{"damage":0.0,"enemies":"Gensokyo:AncientGuardian","floor":42.0,"turns":2.0},{"damage":6.0,"enemies":"Gensokyo:3_Boulders","floor":45.0,"turns":4.0},{"damage":20.0,"enemies":"Gensokyo:Sharpion","floor":46.0,"turns":2.0},{"damage":7.0,"enemies":"Gensokyo:Doremy","floor":48.0,"turns":3.0},{"damage":85,"enemies":"Gensokyo:Scarlet_Devils","floor":50,"turns":4}],"seed_played":"1424617299738563190","potions_obtained":[{"floor":3.0,"key":"GrandPatriotsElixir:ReiMu"},{"floor":12.0,"key":"FairyPotion"},{"floor":14.0,"key":"ats:Top Emergency Sanity Potion"},{"floor":16.0,"key":"BlessingOfTheForge"},{"floor":24.0,"key":"Energy Potion"},{"floor":33.0,"key":"ats:Emergency Sanity Potion"},{"floor":35.0,"key":"FairyPotion"}],"is_trial":true,"path_per_floor":["M","?","M","?","$","R","?","M","T","COS","T","E","M","M","R","B",null,"M","M","?","M","?","E","M","?","T","R","T","$","?","M","R","B",null,"M","?","?","$","T","R","E","M","T","R","M","M","R","E","R","B",null],"character_chosen":"DOCTOR_CLASS","items_purchased":["ats:Sword Rain","CrazyTorch:ReiMu","Dream Catcher"],"campfire_rested":1,"item_purchase_floors":[5,38,38],"current_hp_per_floor":[69,69,72,72,72,72,26,37,37,37,37,42,28,23,44,45,72,75,64,64,79,31,38,42,42,42,42,42,42,42,51,51,47,79,75,75,75,75,75,75,79,79,79,79,73,66,66,79,79,18],"gold":197,"neow_bonus":"","is_daily":false,"chose_seed":false,"campfire_upgraded":7,"win_rate":0.0,"timestamp":1611382885,"path_taken":["M","?","M","?","$","R","?","?","T","COS","?","E","M","M","R","BOSS","M","M","?","M","?","E","?","?","T","R","?","?","?","M","R","BOSS","M","?","?","$","?","R","E","M","T","R","M","M","R","E","R","BOSS"],"items_purchased_type":["Card","Relic","Relic"],"build_version":"2020-12-22","purchased_purges":0,"victory":true,"max_hp_per_floor":[72,72,72,72,72,72,72,72,72,72,72,72,72,72,72,72,72,79,79,79,79,79,79,79,79,79,79,79,79,79,79,79,79,79,79,79,79,79,79,79,79,79,79,79,79,79,79,79,79,79],"card_choices":[{"not_picked":["ats:Collapsing Strike","ats:Ignite"],"picked":"ats:Chain Hook","floor":1.0},{"not_picked":["ats:Very Hot Blade","ats:Powerful Strike"],"picked":"ats:Flexible Camouflage","floor":3.0},{"not_picked":["ats:Phantom","ats:Closed Bolt Burst Fire"],"picked":"ats:Childhood Dance","floor":4.0},{"not_picked":["ats:Support Order","ats:Burning Ground"],"picked":"ats:Soul Absorption","floor":8.0},{"not_picked":["ats:Closed Bolt Burst Fire","ats:Soul Rend"],"picked":"ats:Curse Doll","floor":12.0},{"not_picked":["ats:Poison Spread","ats:Defend Order","ats:Shell Defense"],"picked":"SKIP","floor":13.0},{"not_picked":["ats:Poison Spread","ats:Flame Of Heaven"],"picked":"ats:Sashimi Platter","floor":14.0},{"not_picked":["ats:Echo Reverb","ats:Roar Of Ursus"],"picked":"ats:Disruption Kick","floor":16.0},{"not_picked":["ats:Consecutive Shot Auto","ats:Curse Doll"],"picked":"ats:Flexible Camouflage","floor":18.0},{"not_picked":["ats:Blood Oath","ats:Powerful Strike+1"],"picked":"ats:Healing Drone+1","floor":19.0},{"not_picked":["ats:Hook Shot","ats:Cat Scratch"],"picked":"ats:Consecutive Shot Auto","floor":21.0},{"not_picked":["ats:Childhood Dance","ats:Serious Mode"],"picked":"ats:Directed Diagnosis+1","floor":23.0},{"not_picked":["ats:Shell Defense","ats:Very Hot Blade"],"picked":"ats:Revitalization","floor":24.0},{"not_picked":["ats:Curse Doll+1","ats:Shell Defense"],"picked":"ats:Disruption Kick","floor":31.0},{"not_picked":["ats:Calcification","ats:Soul Rend"],"picked":"ats:Dogmatic Field","floor":33.0},{"not_picked":["ats:Automatic Cover+1","ats:Hammer On"],"picked":"ats:Apocalypse+1","floor":35.0},{"not_picked":["Gensokyo:EverlastingLife","Gensokyo:SalamanderShield"],"picked":"Gensokyo:MorningMist","floor":37.0},{"not_picked":["ats:Assault Order","ats:Curse Doll+1"],"picked":"ats:Sashimi Platter+1","floor":41.0},{"not_picked":["ats:Support Order+1","ats:Apocalypse+1"],"picked":"ats:Sword Rain","floor":42.0},{"not_picked":["ats:Assault Order+1","ats:Hammer On","ats:Poison Spread+1"],"picked":"SKIP","floor":45.0},{"not_picked":["ats:Curse Doll","ats:Consecutive Shot Auto+1"],"picked":"ats:Flexible Camouflage","floor":46.0},{"not_picked":["ats:Support Order","ats:Healing Drone"],"picked":"ats:Durian","floor":48.0}],"player_experience":189933,"relics_obtained":[{"floor":9.0,"key":"Omamori"},{"floor":11.0,"key":"ats:Hidden Killer"},{"floor":12.0,"key":"ats:Originium"},{"floor":12.0,"key":"Boot"},{"floor":23.0,"key":"ats:Originium"},{"floor":23.0,"key":"RuthlessExorcism:ReiMu"},{"floor":26.0,"key":"Toy Ornithopter"},{"floor":31.0,"key":"Gensokyo:ConquerorOfFear"},{"floor":39.0,"key":"Bronze Scales"},{"floor":41.0,"key":"Regal Pillow"},{"floor":43.0,"key":"Mastiff:ReiMu"},{"floor":48.0,"key":"ats:Bonebreaker"}],"event_choices":[{"damage_healed":0.0,"max_hp_gain":0.0,"max_hp_loss":0.0,"gold_gain":452.0,"event_name":"betterSkull:BetterSkull","player_choice":"RE GO GO GO GO ","floor":7.0,"gold_loss":0.0,"damage_taken":52.0,"cards_upgraded":[],"relics_obtained":["Ancient Tea Set"]},{"damage_healed":0.0,"max_hp_gain":0.0,"max_hp_loss":0.0,"gold_gain":227.0,"event_name":"betterSkull:BetterSkull","player_choice":"GO GO RE RE ","floor":22.0,"gold_loss":0.0,"damage_taken":54.0,"cards_upgraded":[],"relics_obtained":["Akabeko","ats:Spiritual Recovery"]}],"is_beta":false,"boss_relics":[{"not_picked":["Fusion Hammer","Busted Crown"],"picked":"ats:Tactical Delivery"},{"not_picked":["Snecko Eye","Sozu"],"picked":"RedLine:ReiMu"}],"items_purged_floors":[],"is_endless":false,"potions_floor_spawned":[3,12,14,16,19,24,33,35,46,48],"ascension_level":0}}