{"host":"lnnm69al9x392px5","time":1611388687,"event":{"mods":["BaseMod","Downfall","Minty Spire (QoL Compilation)","Replay The Spire","StSLib"],"gold_per_floor":[119,139,139,43,61,94,94,94,94,114,209,234,234,234,234,234,234],"floor_reached":16,"language":"ENG","playtime":412,"items_purged":[],"score":113,"play_id":"372520a3-1bee-4d05-b094-099a6f9b59be","local_time":"20210122235807","is_ascension_mode":true,"campfire_choices":[{"data":"Demon Form","floor":8,"key":"SMITH"},{"floor":13,"key":"REST"}],"circlet_count":0,"master_deck":["Strike_R","Strike_R","Strike_R","Strike_R","Defend_R","Defend_R","Defend_R","Defend_R","Bash","Rampage","Anger+1","Shrug It Off","Combust","ReplayTheSpireMod:Stacked","Demon Form+1","Armaments","Heavy Blade","Warcry","Berserk","Evolve"],"relics":["Burning Blood","Replay:Bottled Eggs","Oddly Smooth Stone","Boot","Question Card"],"acts_visited":["Exordium"],"potions_floor_usage":[11,16],"damage_taken":[{"damage":2,"enemies":"Small Slimes","floor":1,"turns":4},{"damage":1,"enemies":"Cultist","floor":2,"turns":3},{"damage":7,"enemies":"Jaw Worm","floor":5,"turns":2},{"damage":18,"enemies":"Gremlin Nob","floor":6,"turns":4},{"damage":14,"enemies":"2 Fungi Beasts","floor":10,"turns":3},{"damage":7,"enemies":"3 Sentries","floor":12,"turns":6},{"damage":52,"enemies":"Slime Boss","floor":16,"turns":3}],"seed_played":"1494071791508713518","potions_obtained":[{"floor":5,"key":"Fruit Juice"},{"floor":6,"key":"SkillPotion"},{"floor":10,"key":"Ancient Potion"}],"is_trial":false,"path_per_floor":["M","M","?","$","M","E","?","R","T","M","?","E","R","?","R","B"],"character_chosen":"IRONCLAD","items_purchased":["Shrug It Off","Combust"],"campfire_rested":1,"item_purchase_floors":[4,4],"current_hp_per_floor":[88,88,88,88,87,75,63,63,63,55,25,24,51,51,51,0,0],"gold":234,"neow_bonus":"TEN_PERCENT_HP_BONUS","is_daily":false,"chose_seed":false,"campfire_upgraded":1,"win_rate":0.0,"timestamp":1611388687,"path_taken":["M","M","?","?","?","E","?","R","T","M","?","E","R","?","R","BOSS"],"items_purchased_type":["Card","Card"],"build_version":"2020-12-22","purchased_purges":0,"victory":false,"max_hp_per_floor":[88,88,88,88,88,88,88,88,88,88,93,93,93,93,93,93,93],"card_choices":[{"not_picked":["Thunderclap","Clothesline"],"picked":"Rampage","floor":1},{"not_picked":["Rampage","Flex"],"picked":"Anger","floor":2},{"not_picked":["Perfected Strike","Metallicize"],"picked":"ReplayTheSpireMod:Stacked","floor":5},{"not_picked":["Headbutt","Reckless Charge"],"picked":"Demon Form","floor":6},{"not_picked":["Reckless Charge","Clash"],"picked":"Armaments","floor":10},{"not_picked":["Anger","Intimidate"],"picked":"Heavy Blade","floor":11},{"not_picked":["Feel No Pain","Thunderclap"],"picked":"Twin Strike","floor":11},{"not_picked":["Clothesline","Brutality"],"picked":"Warcry","floor":11},{"not_picked":["Power Through","Perfected Strike"],"picked":"Berserk","floor":12}],"player_experience":245224,"relics_obtained":[{"floor":6,"key":"Replay:Bottled Eggs"},{"floor":12,"key":"Boot"}],"event_choices":[{"damage_healed":0,"gold_gain":0,"player_choice":"Ignored","damage_taken":0,"max_hp_gain":0,"max_hp_loss":0,"event_name":"NoteForYourself","floor":3,"gold_loss":0},{"damage_healed":0,"gold_gain":0,"player_choice":"Success","damage_taken":12,"relics_obtained":["Oddly Smooth Stone"],"max_hp_gain":0,"max_hp_loss":0,"event_name":"Scrap Ooze","floor":7,"gold_loss":0},{"cards_removed":["Twin Strike"],"damage_healed":0,"gold_gain":0,"player_choice":"Gave Card","damage_taken":0,"relics_obtained":["Question Card"],"max_hp_gain":0,"max_hp_loss":0,"event_name":"WeMeetAgain","floor":14,"gold_loss":0}],"is_beta":false,"boss_relics":[],"items_purged_floors":[],"is_endless":false,"potions_floor_spawned":[5,6,10],"killed_by":"Slime Boss","ascension_level":1}}