{"host":"8leyeoghtk7ha4z2","time":1611430340,"event":{"mods":["BaseMod","Colored Map","Downfall","Minty Spire (QoL Compilation)","StSLib"],"gold_per_floor":[113,113,123,123,70,70,93,93,143,163,163,194,194,194,194,315,315,333,357,357,21,111,111,124,157,157,157,157,176,216,131,131,260,260,274,337,337,355,111,111,444,444,444,91,91,104,104,64,64,64],"floor_reached":51,"language":"ENG","playtime":2466,"items_purged":["Strike_B"],"score":727,"play_id":"e7fa958b-73c9-4350-9819-d4896c2b8c8b","local_time":"20210123143220","is_ascension_mode":false,"campfire_choices":[{"floor":6,"key":"REST"},{"floor":13,"key":"REST"},{"data":"Defragment","floor":15,"key":"SMITH"},{"floor":23,"key":"REST"},{"floor":27,"key":"REST"},{"data":"Defragment","floor":32,"key":"SMITH"},{"floor":40,"key":"REST"},{"data":"Loop","floor":42,"key":"SMITH"},{"data":"Hologram","floor":45,"key":"SMITH"},{"floor":49,"key":"REST"}],"circlet_count":0,"master_deck":["Defend_B","Defend_B","Defend_B","Zap+1","Dualcast","Defragment+1","Sweeping Beam","Cold Snap","Hologram+1","FTL","Core Surge+1","Ball Lightning+1","Loop+1","Electrodynamics+1","Defragment+1","Thunder Strike+1","Seek"],"relics":["Cracked Core","Blue Candle","Bronze Scales","Art of War","Sozu","Symbiotic Virus","The Courier","Mummified Hand","Molten Egg 2","Turnip","Black Star","Gambling Chip","Anchor","Orichalcum","Bottled Lightning","Strange Spoon","Omamori","Bag of Marbles"],"acts_visited":["Exordium","TheCity","TheBeyond"],"potions_floor_usage":[12,12,29],"damage_taken":[{"damage":1,"enemies":"2 Louse","floor":1,"turns":2},{"damage":0,"enemies":"Small Slimes","floor":3,"turns":4},{"damage":0,"enemies":"Cultist","floor":7,"turns":4},{"damage":2,"enemies":"Looter","floor":10,"turns":3},{"damage":22,"enemies":"Gremlin Nob","floor":12,"turns":4},{"damage":30,"enemies":"Hexaghost","floor":16,"turns":9},{"damage":0,"enemies":"3 Byrds","floor":18,"turns":3},{"damage":5,"enemies":"Spheric Guardian","floor":19,"turns":3},{"damage":12,"enemies":"3 Cultists","floor":24,"turns":3},{"damage":16,"enemies":"Book of Stabbing","floor":25,"turns":5},{"damage":2,"enemies":"Snecko","floor":29,"turns":3},{"damage":15,"enemies":"Slavers","floor":30,"turns":2},{"damage":43,"enemies":"Champ","floor":33,"turns":10},{"damage":15,"enemies":"3 Darklings","floor":35,"turns":4},{"damage":5,"enemies":"Mind Bloom Boss Battle","floor":36,"turns":7},{"damage":15,"enemies":"3 Shapes","floor":38,"turns":2},{"damage":13,"enemies":"Sphere and 2 Shapes","floor":46,"turns":2},{"damage":64,"enemies":"Donu and Deca","floor":50,"turns":5}],"seed_played":"6945251726956527389","potions_obtained":[{"floor":1,"key":"DistilledChaos"},{"floor":7,"key":"DuplicationPotion"},{"floor":16,"key":"Fire Potion"}],"is_trial":false,"path_per_floor":["M","?","M","?","$","R","M","?","T","M","?","E","R","?","R","B",null,"M","M","?","$","?","R","M","E","T","R","?","M","E","?","R","B",null,"M","?","?","M","$","R","?","R","T","$","R","M","?","?","R","B",null],"character_chosen":"DEFECT","items_purchased":["Cold Snap","Symbiotic Virus","Anchor","Orichalcum","Strange Spoon","Omamori","Bag of Marbles"],"campfire_rested":6,"item_purchase_floors":[5,21,39,39,44,44,44],"current_hp_per_floor":[74,69,69,51,51,73,73,73,73,71,71,49,71,64,64,34,75,75,70,70,70,58,75,63,47,47,69,69,67,52,52,52,9,75,60,55,55,40,40,61,61,61,61,61,61,48,48,48,69,5],"gold":64,"neow_bonus":"UPGRADE_CARD","is_daily":false,"chose_seed":false,"campfire_upgraded":4,"win_rate":0.0,"timestamp":1611430340,"path_taken":["M","?","M","?","$","R","M","?","T","M","?","E","R","?","R","BOSS","M","M","?","$","?","R","?","E","T","R","?","M","E","?","R","BOSS","M","?","?","M","$","R","?","R","T","$","R","M","?","?","R","BOSS"],"items_purchased_type":["Card","Relic","Relic","Relic","Relic","Relic","Relic"],"build_version":"2020-12-22","purchased_purges":1,"victory":true,"max_hp_per_floor":[75,75,75,75,75,75,75,75,75,75,75,75,75,75,75,75,75,75,75,75,75,75,75,75,75,75,75,75,75,75,75,75,75,75,75,75,71,71,71,71,71,71,71,71,71,71,71,71,71,71],"card_choices":[{"not_picked":["Storm","Coolheaded"],"picked":"Defragment","floor":1},{"not_picked":["Compile Driver","Tempest"],"picked":"Sweeping Beam","floor":3},{"not_picked":["Compile Driver","Self Repair","Redo"],"picked":"SKIP","floor":7},{"not_picked":["Compile Driver","Beam Cell"],"picked":"Hologram","floor":10},{"not_picked":["Reinforced Body","Beam Cell"],"picked":"FTL","floor":12},{"not_picked":["Amplify","All For One"],"picked":"Core Surge","floor":16},{"not_picked":["Leap","Hologram+1"],"picked":"Ball Lightning+1","floor":18},{"not_picked":["Hologram","Rebound"],"picked":"Loop","floor":19},{"not_picked":["Aggregate","Beam Cell+1","Sweeping Beam"],"picked":"SKIP","floor":24},{"not_picked":["Compile Driver","Coolheaded"],"picked":"Defragment","floor":25},{"not_picked":["Cold Snap","Leap+1","Hyperbeam"],"picked":"SKIP","floor":29},{"not_picked":["White Noise","Streamline+1","Hologram"],"picked":"SKIP","floor":30},{"not_picked":["Core Surge+1","Machine Learning"],"picked":"Thunder Strike+1","floor":33},{"not_picked":["Scrape+1","Doom and Gloom+1","Beam Cell+1"],"picked":"SKIP","floor":35},{"not_picked":["Beam Cell+1","Stack+1","Reprogram"],"picked":"SKIP","floor":38},{"not_picked":["Reinforced Body","Hologram"],"picked":"Seek","floor":46}],"player_experience":145431,"relics_obtained":[{"floor":9,"key":"Bronze Scales"},{"floor":12,"key":"Art of War"},{"floor":25,"key":"The Courier"},{"floor":26,"key":"Mummified Hand"},{"floor":30,"key":"Molten Egg 2"},{"floor":36,"key":"Gambling Chip"},{"floor":43,"key":"Bottled Lightning"}],"event_choices":[{"damage_healed":0,"gold_gain":0,"player_choice":"Take Damage","damage_taken":18,"relics_obtained":["Golden Idol"],"max_hp_gain":0,"max_hp_loss":0,"event_name":"Golden Idol","floor":4,"gold_loss":0},{"cards_removed":["Strike_B"],"damage_healed":0,"gold_gain":0,"player_choice":"Forget","damage_taken":0,"max_hp_gain":0,"max_hp_loss":0,"event_name":"Living Wall","floor":8,"gold_loss":0},{"damage_healed":0,"gold_gain":0,"player_choice":"Ignored","damage_taken":0,"max_hp_gain":0,"max_hp_loss":0,"event_name":"Shining Light","floor":11,"gold_loss":0},{"cards_removed":["Strike_B"],"damage_healed":0,"gold_gain":0,"player_choice":"Card Removal","damage_taken":7,"max_hp_gain":0,"max_hp_loss":0,"event_name":"Golden Wing","floor":14,"gold_loss":0},{"damage_healed":0,"gold_gain":0,"player_choice":"Read","damage_taken":0,"max_hp_gain":0,"max_hp_loss":0,"event_name":"The Library","floor":20,"gold_loss":0,"cards_obtained":["Electrodynamics"]},{"damage_healed":0,"gold_gain":90,"player_choice":"GOLD ","damage_taken":12,"max_hp_gain":0,"max_hp_loss":0,"event_name":"Knowing Skull","floor":22,"potions_obtained":[],"gold_loss":0,"cards_obtained":[]},{"cards_removed":["Strike_B"],"damage_healed":0,"gold_gain":0,"player_choice":"Elegance","damage_taken":0,"max_hp_gain":0,"max_hp_loss":0,"event_name":"Back to Basics","floor":28,"gold_loss":0},{"damage_healed":0,"gold_gain":0,"player_choice":"Obtained Relic","damage_taken":0,"relics_obtained":["Turnip"],"max_hp_gain":0,"max_hp_loss":0,"event_name":"Addict","floor":31,"gold_loss":85},{"damage_healed":0,"gold_gain":0,"player_choice":"Fight","damage_taken":0,"max_hp_gain":0,"max_hp_loss":0,"event_name":"MindBloom","floor":36,"gold_loss":0},{"damage_healed":0,"gold_gain":0,"player_choice":"Max HP","damage_taken":0,"max_hp_gain":0,"max_hp_loss":4,"event_name":"Winding Halls","floor":37,"gold_loss":0},{"damage_healed":0,"gold_gain":333,"player_choice":"Gave Idol","damage_taken":0,"max_hp_gain":0,"max_hp_loss":0,"event_name":"The Moai Head","floor":41,"relics_lost":["Golden Idol"],"gold_loss":0},{"cards_removed":["Defend_B"],"damage_healed":0,"gold_gain":0,"player_choice":"Removed Skill","damage_taken":0,"max_hp_gain":0,"max_hp_loss":0,"event_name":"Falling","floor":47,"gold_loss":0},{"damage_healed":0,"gold_gain":0,"player_choice":"Upgraded Two","damage_taken":0,"max_hp_gain":0,"max_hp_loss":0,"event_name":"Designer","floor":48,"gold_loss":40,"cards_upgraded":["Electrodynamics","Core Surge"]}],"is_beta":false,"boss_relics":[{"not_picked":["Cursed Key","Runic Pyramid"],"picked":"Sozu"},{"not_picked":["Velvet Choker","Astrolabe"],"picked":"Black Star"}],"items_purged_floors":[21],"is_endless":false,"potions_floor_spawned":[1,7,16,18,25,29,38],"ascension_level":0}}