{"host":"p9t7qd83igtcp2bh","time":1611377501,"event":{"mods":["2.2 Compatiblity","AchievementEnabler","BaseMod","Colored Map","Colored Powertips","Custom Start","DeckTracker","Keyboard Shortcuts","Minty Spire (QoL Compilation)","Permanent Neow","StSLib","SuperFastMode","everything is the same but u backflip on backflip"],"gold_per_floor":[109,121,42,53,71,71,36,68,68,68,127,147,165,244,244,316,316,336,90,110,130,140,140,140,140,140,173,18,50,76,93,93,167,167,179,179,179,401,34,64,10,43,43,78,102,117,117,130,130,130,130,148,148,35,72,72,72],"floor_reached":56,"language":"KOR","playtime":2496,"items_purged":["Strike_G","Strike_G","Strike_G"],"score":1975,"play_id":"ff5ccf31-f1c7-4c5c-bc37-d214aaab98b2","local_time":"20210123135141","is_ascension_mode":true,"campfire_choices":[{"data":"Noxious Fumes","floor":6.0,"key":"SMITH"},{"floor":10.0,"key":"REST"},{"data":"Bullet Time","floor":15.0,"key":"SMITH"},{"floor":23.0,"key":"REST"},{"floor":25.0,"key":"REST"},{"floor":32.0,"key":"REST"},{"floor":47,"key":"RECALL"},{"floor":49,"key":"REST"},{"floor":53,"key":"REST"}],"circlet_count":0,"master_deck":["AscendersBane","Defend_G","Defend_G","Defend_G","Defend_G","Survivor","Neutralize","Bane","Poisoned Stab","Noxious Fumes+1","Wraith Form v2","Bullet Time+1","Escape Plan","Acrobatics","Riddle With Holes","Envenom","Blade Dance","Malaise","Backflip","Dodge and Roll","Venomology","Blade Dance","The Bomb","Violence","Discovery","Riddle With Holes","PiercingWail","Crippling Poison","Acrobatics+1","Backstab","Backflip+1","Backflip+1"],"relics":["Ring of the Snake","Ancient Tea Set","Gremlin Horn","Tingsha","Thread and Needle","Letter Opener","Fusion Hammer","TheAbacus","Toy Ornithopter","Omamori","Oddly Smooth Stone","Red Mask","Snecko Eye","Lee\u0027s Waffle","Incense Burner","CeramicFish","Shuriken","Anchor"],"acts_visited":["Exordium","TheCity","TheBeyond","TheEnding"],"potions_floor_usage":[46,50,50,50,50,51,51,51,51,51,51,51,51,51,56,56,56],"damage_taken":[{"damage":23.0,"enemies":"Jaw Worm","floor":1.0,"turns":8.0},{"damage":4.0,"enemies":"2 Louse","floor":2.0,"turns":4.0},{"damage":10.0,"enemies":"Small Slimes","floor":4.0,"turns":3.0},{"damage":4.0,"enemies":"Blue Slaver","floor":5.0,"turns":5.0},{"damage":31.0,"enemies":"Lagavulin","floor":8.0,"turns":7.0},{"damage":2.0,"enemies":"Gremlin Nob","floor":11.0,"turns":4.0},{"damage":2.0,"enemies":"Looter","floor":12.0,"turns":3.0},{"damage":0.0,"enemies":"3 Louse","floor":13.0,"turns":2.0},{"damage":7.0,"enemies":"The Guardian","floor":16.0,"turns":11.0},{"damage":10.0,"enemies":"3 Byrds","floor":18.0,"turns":5.0},{"damage":0.0,"enemies":"2 Thieves","floor":20.0,"turns":4.0},{"damage":15.0,"enemies":"Snake Plant","floor":21.0,"turns":4.0},{"damage":14.0,"enemies":"Chosen and Byrds","floor":22.0,"turns":8.0},{"damage":16.0,"enemies":"Slavers","floor":27.0,"turns":4.0},{"damage":20.0,"enemies":"Book of Stabbing","floor":29.0,"turns":5.0},{"damage":0.0,"enemies":"Masked Bandits","floor":30.0,"turns":3.0},{"damage":0.0,"enemies":"Shelled Parasite and Fungi","floor":31.0,"turns":4.0},{"damage":60.0,"enemies":"Champ","floor":33.0,"turns":10.0},{"damage":0.0,"enemies":"Orb Walker","floor":35.0,"turns":3.0},{"damage":58.0,"enemies":"Nemesis","floor":40.0,"turns":9.0},{"damage":0.0,"enemies":"Giant Head","floor":42.0,"turns":9.0},{"damage":5.0,"enemies":"Nemesis","floor":44.0,"turns":7.0},{"damage":0.0,"enemies":"3 Darklings","floor":45.0,"turns":3.0},{"damage":0,"enemies":"Spire Growth","floor":46,"turns":4},{"damage":16,"enemies":"Writhing Mass","floor":48,"turns":6},{"damage":44,"enemies":"Donu and Deca","floor":50,"turns":10},{"damage":50,"enemies":"Time Eater","floor":51,"turns":13},{"damage":28,"enemies":"Shield and Spear","floor":55,"turns":6},{"damage":90,"enemies":"The Heart","floor":56,"turns":6}],"seed_played":"7789923639795800935","potions_obtained":[{"floor":2.0,"key":"BlessingOfTheForge"},{"floor":5.0,"key":"Regen Potion"},{"floor":11.0,"key":"SteroidPotion"},{"floor":12.0,"key":"ColorlessPotion"},{"floor":18.0,"key":"Poison Potion"},{"floor":29.0,"key":"ColorlessPotion"},{"floor":31.0,"key":"ColorlessPotion"},{"floor":35.0,"key":"Ancient Potion"},{"floor":40.0,"key":"CunningPotion"},{"floor":44.0,"key":"Swift Potion"}],"is_trial":false,"path_per_floor":["M","M","$","M","M","R","?","E","T","R","?","M","M","T","R","B",null,"M","$","M","M","M","R","?","R","T","E","$","E","?","M","R","B",null,"M","?","?","?","$","E","$","E","T","E","M","M","R","M","R","B","B",null,"R","$","E","B"],"character_chosen":"THE_SILENT","items_purchased":["Noxious Fumes","TheAbacus","PowerPotion","Lee\u0027s Waffle","Riddle With Holes","PiercingWail","CultistPotion"],"campfire_rested":6,"item_purchase_floors":[3,19,28,39,39,41,54],"current_hp_per_floor":[36,32,32,22,18,18,34,3,3,22,34,32,32,32,32,25,56,46,46,46,31,17,36,36,55,55,44,44,29,34,34,53,3,50,50,40,40,40,70,17,17,67,67,65,65,70,70,54,70,36,31,60,70,70,42,0,0],"gold":72,"neow_bonus":"RANDOM_COMMON_RELIC","is_daily":false,"chose_seed":false,"campfire_upgraded":2,"win_rate":0.0,"timestamp":1611377501,"path_taken":["M","M","$","M","M","R","?","E","T","R","?","M","M","?","R","BOSS","M","$","M","M","M","R","?","R","T","E","$","E","?","M","R","BOSS","M","?","?","?","?","E","$","E","T","E","M","?","R","M","R","BOSS","BOSS","R","$","E","BOSS"],"items_purchased_type":["Card","Relic","Potion","Relic","Card","Card","Potion"],"build_version":"2020-12-22","purchased_purges":3,"victory":false,"max_hp_per_floor":[66,66,66,66,66,66,66,66,66,66,66,66,66,66,66,66,66,66,66,66,66,66,66,66,66,66,66,66,66,66,66,66,66,66,66,66,63,63,70,70,70,70,70,70,70,70,70,70,70,70,70,70,70,70,70,70,70],"card_choices":[{"not_picked":["Outmaneuver","Infinite Blades"],"picked":"Bane","floor":1.0},{"not_picked":["Flying Knee","Eviscerate"],"picked":"Poisoned Stab","floor":2.0},{"not_picked":["Poisoned Stab","Slice"],"picked":"Wraith Form v2","floor":4.0},{"not_picked":["Dodge and Roll","Bane"],"picked":"Backstab","floor":5.0},{"not_picked":["Backflip","Acrobatics"],"picked":"Bullet Time","floor":8.0},{"not_picked":["Blade Dance","Poisoned Stab"],"picked":"Escape Plan","floor":11.0},{"not_picked":["Flying Knee","Poisoned Stab"],"picked":"Acrobatics","floor":12.0},{"not_picked":["Blade Dance","Well Laid Plans"],"picked":"Riddle With Holes","floor":13.0},{"not_picked":["Night Terror","Bullet Time"],"picked":"Envenom","floor":16.0},{"not_picked":["Riddle With Holes","Predator"],"picked":"Blade Dance","floor":18.0},{"not_picked":["Blade Dance","Underhanded Strike","Quick Slash+1"],"picked":"SKIP","floor":20.0},{"not_picked":["Acrobatics","Deadly Poison"],"picked":"Malaise","floor":21.0},{"not_picked":["Dodge and Roll","Noxious Fumes","Sucker Punch"],"picked":"SKIP","floor":22.0},{"not_picked":["Blade Dance","Malaise","Dagger Throw"],"picked":"SKIP","floor":27.0},{"not_picked":["Quick Slash","Dagger Throw"],"picked":"Dodge and Roll","floor":29.0},{"not_picked":["PiercingWail","Backflip","Masterful Stab"],"picked":"SKIP","floor":31.0},{"not_picked":["Malaise","Die Die Die"],"picked":"Venomology","floor":33.0},{"not_picked":["Well Laid Plans","Deadly Poison+1"],"picked":"Blade Dance","floor":35.0},{"not_picked":["Blind","Chrysalis"],"picked":"The Bomb","floor":36.0},{"not_picked":["Discovery","Deep Breath"],"picked":"Violence","floor":36.0},{"not_picked":["Jack Of All Trades","PanicButton"],"picked":"Discovery","floor":36.0},{"not_picked":["Bane","Sucker Punch","Skewer"],"picked":"SKIP","floor":40.0},{"not_picked":["Poisoned Stab","Sucker Punch+1","Underhanded Strike+1"],"picked":"SKIP","floor":42.0},{"not_picked":["Adrenaline","PiercingWail+1"],"picked":"Crippling Poison","floor":44.0},{"not_picked":["Poisoned Stab","Caltrops"],"picked":"Acrobatics+1","floor":45.0},{"not_picked":["Acrobatics","Skewer+1","Underhanded Strike+1"],"picked":"SKIP","floor":46},{"not_picked":["Backflip","Eviscerate","Poisoned Stab+1"],"picked":"SKIP","floor":48},{"not_picked":["Backstab+1","Malaise"],"picked":"Backflip+1","floor":55}],"player_experience":672616,"relics_obtained":[{"floor":8.0,"key":"Gremlin Horn"},{"floor":9.0,"key":"Tingsha"},{"floor":11.0,"key":"Thread and Needle"},{"floor":14.0,"key":"Letter Opener"},{"floor":26.0,"key":"Toy Ornithopter"},{"floor":27.0,"key":"Omamori"},{"floor":29.0,"key":"Oddly Smooth Stone"},{"floor":30.0,"key":"Red Mask"},{"floor":40.0,"key":"Incense Burner"},{"floor":42.0,"key":"CeramicFish"},{"floor":44.0,"key":"Shuriken"},{"floor":55,"key":"Anchor"}],"event_choices":[{"damage_healed":16.0,"max_hp_gain":0.0,"max_hp_loss":0.0,"gold_gain":0.0,"event_name":"The Cleric","player_choice":"Healed","floor":7.0,"gold_loss":35.0,"damage_taken":0.0},{"damage_healed":0.0,"max_hp_gain":0.0,"max_hp_loss":0.0,"gold_gain":0.0,"event_name":"Dead Adventurer","player_choice":"Searched \u00271\u0027 times","floor":11.0,"gold_loss":0.0,"damage_taken":0.0},{"damage_healed":0.0,"max_hp_gain":0.0,"max_hp_loss":0.0,"gold_gain":0.0,"event_name":"The Library","player_choice":"Read","floor":24.0,"gold_loss":0.0,"damage_taken":0.0,"cards_obtained":["Backflip"]},{"damage_healed":0.0,"max_hp_gain":0.0,"max_hp_loss":0.0,"gold_gain":0.0,"event_name":"Masked Bandits","player_choice":"Fought Bandits","floor":30.0,"gold_loss":0.0,"damage_taken":0.0},{"damage_healed":0.0,"max_hp_gain":0.0,"max_hp_loss":0.0,"gold_gain":0.0,"event_name":"SensoryStone","player_choice":"Memory 3","floor":36.0,"gold_loss":0.0,"damage_taken":10.0},{"damage_healed":0.0,"max_hp_gain":0.0,"max_hp_loss":3.0,"gold_gain":0.0,"event_name":"Winding Halls","player_choice":"Max HP","floor":37.0,"gold_loss":0.0,"damage_taken":0.0},{"damage_healed":0.0,"max_hp_gain":0.0,"max_hp_loss":0.0,"gold_gain":222.0,"event_name":"Tomb of Lord Red Mask","player_choice":"Wore Mask","floor":38.0,"gold_loss":0.0,"damage_taken":0.0}],"is_beta":false,"boss_relics":[{"not_picked":["Velvet Choker","Sozu"],"picked":"Fusion Hammer"},{"not_picked":["SlaversCollar","Calling Bell"],"picked":"Snecko Eye"}],"items_purged_floors":[19,28,39],"is_endless":false,"potions_floor_spawned":[2,5,11,12,18,20,22,29,31,35,40,44,48,55],"killed_by":"The Heart","ascension_level":20}}