{"host":"kzg3uglj8yekbxlz","time":1611393520,"event":{"mods":["Act Like it!","Alarm Clock","BaseMod","Better Synergies","Better Vampires","CapriCore","Challenge The Spire","Curses Come First","Displayed Cursed Tome","Downfall","Evolution","FoggyMod","Gensokyo","Hallownest","Highlight Path","KinomotoSakuraMod(木之本樱)","Koishi","Lobotomy","LobotomyExtend","Marisa（F雨　魔理沙）","Minty Spire (QoL Compilation)","Poem Panic","Poor People Problems","Prisma Mod","Shop Mod","StSLib","The Administrix","The Alterego","The Bug Knight","The Hierophant","The Immortal","TheWitcher","WarShipGirlsR/战舰少女R mod","Yuri Mod","残留之物"],"gold_per_floor":[99,155,255,255,255,290,363,263,292,192,215,215,230,330,341,445,445,445,457,457,457,457,241,241,241,241,271,288,319,319,319,338,440,440,440,440,440,510,510,138,218,118,118,118,118,118,172,172,186,186,186,186,215,11,11,11,11,11,11],"floor_reached":57,"language":"ZHS","playtime":4218,"items_purged":["Slimebound:Tackle","Slimebound:Split+1","Slimebound:SlimeBarrage","Slimebound:Defend_Slimebound"],"score":932,"play_id":"25166a95-ea07-4f88-88d7-4ef9b39c1ed5","local_time":"20210123171840","is_ascension_mode":false,"campfire_choices":[{"floor":1.0,"key":"RECALL"},{"data":"Slimebound:MegaLick","floor":8.0,"key":"SMITH"},{"data":"Slimebound:Repurpose","floor":10.0,"key":"SMITH"},{"data":"Slimebound:Split","floor":12.0,"key":"SMITH"},{"data":"Slimebound:WasteNot","floor":18.0,"key":"SMITH"},{"data":"Slimebound:SplitSpecialist","floor":26.0,"key":"SMITH"},{"data":"Slimebound:Gluttony","floor":30.0,"key":"SMITH"},{"data":"Slimebound:TongueLash","floor":35,"key":"SMITH"},{"data":"Slimebound:OozeBath","floor":42,"key":"SMITH"},{"data":"Slimebound:LeechEnergy","floor":55,"key":"SMITH"}],"circlet_count":0,"master_deck":["Slimebound:Strike_Slimebound","Slimebound:Strike_Slimebound","Slimebound:Strike_Slimebound","Slimebound:Defend_Slimebound","Slimebound:Defend_Slimebound","Slimebound:Defend_Slimebound+1","Slimebound:CorrosiveSpit+1","Slimebound:MegaLick+1","Slimebound:SplitLeeching","Slimebound:ItLooksTasty+1","Slimebound:Repurpose+1","Slimebound:SplitSpecialist+1","Slimebound:Gluttony+1","Slimebound:WasteNot+1","Slimebound:TongueLash+1","Slimebound:LevelUp","Slimebound:ItLooksTasty","Slimebound:ItLooksTasty+1","Slimebound:GoopSpray","Slimebound:Dissolve","Slimebound:HauntingLick","Slimebound:OozeBath+1","Slimebound:GoopSpray","Slimebound:Schlurp","Slimebound:Equalize+1","Slimebound:LeechEnergy+1","Slimebound:PressTheAttack"],"relics":["Slimebound:AbsorbEndCombat","EVO:Axolotl","downfall:HeartsMalice","Tiny Chest","LetterFromLob","Akabeko","downfall:HeartBlessingRed","War Paint","downfall:HeartBlessingGreen","Bronze Scales","Coffee Dripper","hexamod:Sixitude","Pen Nib","PlaceholderMod:SoulofChaos","Gambling Chip","Slimebound:TarBlob","HollowMod:LifeEnderRelic","Omamori","Red Mask","downfall:RedIOUUpgrade","Matryoshka","bronze:BronzeIdol","Ornamental Fan","downfall:HeartBlessingBlue","Anchor","Ice Cream","downfall:ExtraCursedBell","Juzu Bracelet","Blue Candle","Shovel","CatCart","Bottled Lightning","Du-Vu Doll"],"acts_visited":["Exordium","TheCity","TheBeyond","TheEnding"],"potions_floor_usage":[38,47,47,56,57],"damage_taken":[{"damage":0.0,"enemies":"3 Sentries","floor":2.0,"turns":1.0},{"damage":0.0,"enemies":"2 Louse","floor":4.0,"turns":1.0},{"damage":0.0,"enemies":"Lagavulin","floor":6.0,"turns":1.0},{"damage":12.0,"enemies":"3 Sentries","floor":9.0,"turns":11.0},{"damage":10.0,"enemies":"Small Slimes","floor":13.0,"turns":2.0},{"damage":9.0,"enemies":"Small Slimes","floor":14.0,"turns":4.0},{"damage":0.0,"enemies":"Cultist","floor":15.0,"turns":3.0},{"damage":0.0,"enemies":"IC_STATUS_ARCHETYPE","floor":16.0,"turns":6.0},{"damage":3.0,"enemies":"Spheric Guardian","floor":19.0,"turns":2.0},{"damage":10.0,"enemies":"downfall:FleeingMerchant","floor":23.0,"turns":4.0},{"damage":11.0,"enemies":"Book of Stabbing","floor":27.0,"turns":4.0},{"damage":6.0,"enemies":"Snecko","floor":28.0,"turns":3.0},{"damage":3.0,"enemies":"HollowMod:Nosk","floor":29.0,"turns":5.0},{"damage":4.0,"enemies":"Sentry and Sphere","floor":32.0,"turns":3.0},{"damage":37.0,"enemies":"SI_MIRROR_ARCHETYPE","floor":33.0,"turns":7.0},{"damage":6,"enemies":"downfall:FleeingMerchant","floor":38,"turns":4},{"damage":84,"enemies":"Orin","floor":47,"turns":6},{"damage":1,"enemies":"3 Darklings","floor":49,"turns":3},{"damage":53,"enemies":"DF_ARCHETYPE_ORBS","floor":50,"turns":7},{"damage":91,"enemies":"downfall:CharBossMerchant","floor":53,"turns":7},{"damage":47,"enemies":"downfall:NeowBoss","floor":56,"turns":14},{"damage":71,"enemies":"downfall:NeowBossFinal","floor":57,"turns":8}],"seed_played":"2838459726549671265","potions_obtained":[{"floor":2.0,"key":"LiquidBronze"},{"floor":6.0,"key":"Regen Potion"},{"floor":9.0,"key":"DistilledChaos"},{"floor":27.0,"key":"SteroidPotion"},{"floor":29.0,"key":"PowerPotion"},{"floor":49,"key":"Fire Potion"},{"floor":53,"key":"DuplicationPotion"}],"is_trial":false,"path_per_floor":["R","?","?","M","?","E","T","R","E","R","T","R","M","?","M","B",null,"R","M","T","$","?","$","T","T","R","E","M","E","R","?","M","B",null,"R","?","T","$","?","$","T","R","?","T","?","$","?","T","M","B",null,null,"E","$","R","B","B"],"character_chosen":"SLIMEBOUND","items_purchased":["Slimebound:LevelUp","Slimebound:ItLooksTasty","Omamori","Matryoshka","Slimebound:PressTheAttack"],"campfire_rested":0,"item_purchase_floors":[23,23,38,40,54],"current_hp_per_floor":[65,65,65,65,65,65,65,65,57,57,57,57,51,50,54,62,65,65,62,62,62,62,56,56,56,56,53,58,63,63,66,66,37,71,71,74,77,78,81,81,81,91,106,109,112,115,39,42,49,16,16,121,42,42,42,9,0,0,0],"gold":11,"neow_bonus":"THREE_ENEMY_KILL","is_daily":false,"chose_seed":false,"campfire_upgraded":9,"win_rate":0.0,"timestamp":1611393520,"path_taken":["R","?","?","?","?","E","T","R","E","R","?","R","?","?","M","BOSS","R","?","?","?","?","?","T","?","R","E","?","E","R","?","M","BOSS","R","?","?","?","?","$","T","R","?","?","?","?","?","?","M","BOSS","E","$","R","BOSS","BOSS"],"items_purchased_type":["Card","Card","Relic","Relic","Card"],"build_version":"2020-12-22","purchased_purges":4,"victory":false,"max_hp_per_floor":[65,65,65,65,65,65,65,65,65,65,65,65,65,65,65,65,65,65,65,65,65,65,65,65,65,65,65,68,68,68,71,71,71,71,71,74,77,80,83,83,83,93,106,109,112,115,118,121,121,121,121,121,121,121,121,121,121,121,121],"card_choices":[{"not_picked":["Slimebound:DivideAndConquer","Slimebound:HauntingLick"],"picked":"Slimebound:MegaLick","floor":2.0},{"not_picked":["Slimebound:FinishingTackle","Slimebound:DivideAndConquer"],"picked":"Slimebound:SplitLeeching","floor":4.0},{"not_picked":["Slimebound:SlimeBrawl","Slimebound:FinishingTackle"],"picked":"Slimebound:ItLooksTasty","floor":6.0},{"not_picked":["Slimebound:SlimeSpikes","Slimebound:SplitAcid"],"picked":"Slimebound:Repurpose","floor":9.0},{"not_picked":["Slimebound:DivideAndConquer","Slimebound:LeechEnergy"],"picked":"Slimebound:SplitSpecialist","floor":13.0},{"not_picked":["Slimebound:LeechingTouch","Slimebound:LeechEnergy"],"picked":"Slimebound:SlimeBarrage","floor":14.0},{"not_picked":["Slimebound:RejuvenatingLick","Slimebound:SplitLeeching"],"picked":"Slimebound:Gluttony","floor":15.0},{"not_picked":["Slimebound:DuplicatedForm","Slimebound:TagTeam"],"picked":"Slimebound:WasteNot","floor":16.0},{"not_picked":["Slimebound:FormOfPuddle","Slimebound:ServeAndProtect"],"picked":"Slimebound:TongueLash","floor":19.0},{"not_picked":["Slimebound:SplitAcid","Slimebound:FinishingTackle","Slimebound:FormOfPuddle"],"picked":"SKIP","floor":23.0},{"not_picked":["Slimebound:DivideAndConquer","Slimebound:SplitLeeching"],"picked":"Slimebound:ItLooksTasty+1","floor":27.0},{"not_picked":["Slimebound:LeechEnergy","Slimebound:OneTwoCombo"],"picked":"Slimebound:GoopSpray","floor":28.0},{"not_picked":["Slimebound:Prepare","Slimebound:LeadByExample"],"picked":"Slimebound:Dissolve","floor":29.0},{"not_picked":["Slimebound:SplitAcid+1","Slimebound:Gluttony+1"],"picked":"Slimebound:HauntingLick","floor":32.0},{"not_picked":["Slimebound:SelfFormingGoo","Slimebound:DouseInSlime"],"picked":"Slimebound:OozeBath","floor":33.0},{"not_picked":["Slimebound:DuplicatedForm","Slimebound:SplitLeeching"],"picked":"Slimebound:GoopSpray","floor":38},{"not_picked":["Slimebound:ForwardTackle+1","Slimebound:SplitBruiser+1"],"picked":"Slimebound:Schlurp","floor":47},{"not_picked":["Slimebound:SlimeBrawl","Slimebound:GoopTackle"],"picked":"Slimebound:Equalize+1","floor":49},{"not_picked":["Slimebound:SplitAcid","Slimebound:FinishingTackle+1"],"picked":"Slimebound:LeechEnergy","floor":53}],"player_experience":669725,"relics_obtained":[{"floor":2.0,"key":"Tiny Chest"},{"floor":4.0,"key":"LetterFromLob"},{"floor":6.0,"key":"Akabeko"},{"floor":9.0,"key":"War Paint"},{"floor":11.0,"key":"Bronze Scales"},{"floor":20.0,"key":"hexamod:Sixitude"},{"floor":24.0,"key":"Pen Nib"},{"floor":25.0,"key":"PlaceholderMod:SoulofChaos"},{"floor":27.0,"key":"Gambling Chip"},{"floor":29.0,"key":"Whetstone"},{"floor":37,"key":"HollowMod:LifeEnderRelic"},{"floor":41,"key":"bronze:BronzeIdol"},{"floor":41,"key":"Ornamental Fan"},{"floor":44,"key":"Anchor"},{"floor":44,"key":"Ice Cream"},{"floor":45,"key":"Juzu Bracelet"},{"floor":45,"key":"Blue Candle"},{"floor":45,"key":"Shovel"},{"floor":47,"key":"CatCart"},{"floor":48,"key":"Bottled Lightning"},{"floor":53,"key":"Du-Vu Doll"}],"event_choices":[{"damage_healed":0.0,"max_hp_gain":0.0,"max_hp_loss":0.0,"gold_gain":0.0,"event_name":"The Library","player_choice":"Read","floor":22.0,"gold_loss":0.0,"damage_taken":0.0,"cards_obtained":["Slimebound:TongueLash"]},{"cards_removed":["Slimebound:FirmFortitude"],"damage_healed":2,"gold_gain":0,"player_choice":"Offered Rare","damage_taken":0,"max_hp_gain":10,"max_hp_loss":0,"event_name":"Bonfire Elementals","floor":43,"gold_loss":0},{"damage_healed":0,"gold_gain":0,"player_choice":"Fight","damage_taken":0,"max_hp_gain":0,"max_hp_loss":0,"event_name":"OrinTheCat","floor":47,"gold_loss":0}],"is_beta":false,"boss_relics":[{"not_picked":["Runic Dome","PlaceholderMod:LiveLive"],"picked":"Coffee Dripper"},{"not_picked":["SacredBark","Philosopher\u0027s Stone"],"picked":"Slimebound:TarBlob"}],"items_purged_floors":[23,38,40,54],"is_endless":false,"potions_floor_spawned":[2,6,9,27,29,49,53],"killed_by":"downfall:NeowBossFinal","ascension_level":0}}