{"host":"gy6agq70t5jd8xfl","time":1611375354,"event":{"mods":["Aspiration","BaseMod","BetterRewards","Block Reminder","Colored Map","Colored Powertips","Conspire","Downfall","Energized Spire","Friendly Minions","GifTheSpireLib","Halation","Hermit","Hubris","Infinite Spire","Mad Scientist","Marked Mod","Minty Spire (QoL Compilation)","Permanent Neow","Quick Restart","Relic Stats","Replay The Spire","Robot Space Explorer","Shop Mod","Spicy Shops","StSLib","Stuff the Spire","The Animator","The Cursed","The Disciple","The Servant 0.9.4","vexMod"],"gold_per_floor":[99,115,115,125,137,137,187,206,224,250,267,58,77,94,106,210,210,210,225,237,249,260,160,214,246,246,246,246],"floor_reached":26,"language":"ENG","playtime":1585,"items_purged":[],"score":236,"play_id":"9766a296-680a-4843-aca5-aaf4bc5341bd","local_time":"20210122231554","is_ascension_mode":false,"campfire_choices":[{"data":"bronze:Goto","floor":6,"key":"SMITH"},{"floor":18,"key":"RECALL"},{"data":"Prepared","floor":23,"key":"SMITH"}],"circlet_count":0,"master_deck":["bronze:Defend","bronze:Defend","bronze:Replicate","bronze:Goto+1","bronze:Backtrace","bronze:Shield","bronze:DigitalCarnage","bronze:BugBarrage","Grand Finale","ReplayTheSpireMod:The Works","Leg Sweep","bronze:ItsAFeature","bronze:ItsAFeature","bronze:WhirlingStrike","bronze:BronzeOrb","bronze:BronzeOrb","bronze:Optimize","bronze:Assembly","bronze:Flail","bronze:RecursiveStrike","Distraction","bronze:DelayedSlice","Prepared+1","StuffTheSpire:Shiver"],"relics":["bronze:BronzeCore","Bag of Preparation","Unceasing Top","MerchantsRug","aspiration:SeaSaltIceCream","Lizard Tail","aspiration:SilentSkillbook","downfall:HeartBlessingRed","Art of War","Lantern"],"acts_visited":["Exordium","TheCity"],"potions_floor_usage":[],"damage_taken":[{"damage":0,"enemies":"Small Slimes","floor":2,"turns":2},{"damage":0,"enemies":"Cultist","floor":4,"turns":2},{"damage":0,"enemies":"2 Louse","floor":5,"turns":1},{"damage":7,"enemies":"Lots of Slimes","floor":8,"turns":6},{"damage":0,"enemies":"2 Fungi Beasts","floor":9,"turns":1},{"damage":9,"enemies":"3 Sentries","floor":10,"turns":5},{"damage":0,"enemies":"Large Slime","floor":11,"turns":3},{"damage":10,"enemies":"downfall:FleeingMerchant","floor":12,"turns":4},{"damage":0,"enemies":"3 Louse","floor":13,"turns":1},{"damage":0,"enemies":"Exordium Thugs","floor":14,"turns":2},{"damage":6,"enemies":"Blue Slaver","floor":15,"turns":3},{"damage":33,"enemies":"IC_STATUS_ARCHETYPE","floor":16,"turns":7},{"damage":4,"enemies":"Chosen","floor":19,"turns":3},{"damage":0,"enemies":"Spheric Guardian","floor":20,"turns":2},{"damage":6,"enemies":"Cultist and Chosen","floor":21,"turns":4},{"damage":0,"enemies":"Chosen and Byrds","floor":22,"turns":4},{"damage":43,"enemies":"Nightmare","floor":25,"turns":10},{"damage":10,"enemies":"Snake Plant","floor":26,"turns":3}],"seed_played":"9170484183242749012","potions_obtained":[{"floor":5,"key":"Energy Potion"},{"floor":9,"key":"infinitespire:BlackPotion"},{"floor":10,"key":"ColorlessPotion"},{"floor":15,"key":"Languid Potion"},{"floor":16,"key":"Block Potion"},{"floor":21,"key":"bronze:CleanCodePotion"},{"floor":22,"key":"EntropicBrew"}],"is_trial":false,"path_per_floor":["R_BF","M","?","M","M","R","T","M","M","E","M","$","M","M","M","B",null,"R","M","M","M","M","R","T","NM","M"],"character_chosen":"THE_AUTOMATON","items_purchased":["MerchantsRug","aspiration:SeaSaltIceCream"],"campfire_rested":0,"item_purchase_floors":[12,12],"current_hp_per_floor":[63,63,63,63,63,63,63,56,56,47,47,37,37,37,31,31,63,63,59,59,53,53,53,53,10,0,0,0],"gold":246,"neow_bonus":"TRANSFORM_TWO_CARDS","is_daily":false,"chose_seed":false,"campfire_upgraded":2,"win_rate":0.0,"timestamp":1611375354,"path_taken":["R_BF","M","?","M","M","R","T","M","M","E","?","$","M","M","M","BOSS","R","M","M","M","M","R","T","NM","M"],"items_purchased_type":["Relic","Relic"],"build_version":"2020-12-22","purchased_purges":0,"victory":false,"max_hp_per_floor":[63,63,63,63,63,63,63,63,63,63,63,63,63,63,63,63,63,63,63,63,63,63,63,63,63,63,63,63],"relic_stats":{"Lizard Tail":31,"counters":[18,63],"Bag of Preparation":[30],"Art of War":[0],"obtain_stats":[{"MerchantsRug":12,"Lizard Tail":12,"Lantern":25,"bronze:BronzeCore":0,"downfall:HeartBlessingRed":23,"aspiration:SilentSkillbook":17,"Bag of Preparation":7,"Art of War":24,"aspiration:SeaSaltIceCream":12,"Unceasing Top":10},{"MerchantsRug":8,"Lizard Tail":8,"Lantern":17,"bronze:BronzeCore":0,"downfall:HeartBlessingRed":16,"aspiration:SilentSkillbook":12,"Bag of Preparation":3,"Art of War":16,"aspiration:SeaSaltIceCream":8,"Unceasing Top":6},{"MerchantsRug":24,"Lizard Tail":24,"Lantern":60,"bronze:BronzeCore":0,"downfall:HeartBlessingRed":50,"aspiration:SilentSkillbook":37,"Bag of Preparation":5,"Art of War":50,"aspiration:SeaSaltIceCream":24,"Unceasing Top":17}],"Unceasing Top":[1]},"card_choices":[{"not_picked":["bronze:WildBeam","bronze:Turbo"],"picked":"bronze:BugBarrage","floor":2},{"not_picked":["bronze:Backtrace","bronze:BitShift","bronze:BronzeArmor"],"picked":"SKIP","floor":4},{"not_picked":["bronze:BitShift","bronze:Turbo"],"picked":"bronze:ItsAFeature","floor":5},{"not_picked":["bronze:Invalidate","bronze:Branch"],"picked":"bronze:ItsAFeature","floor":8},{"not_picked":["bronze:DelayedSlice","bronze:Branch"],"picked":"bronze:WhirlingStrike","floor":9},{"not_picked":["bronze:Deprecate","bronze:Iterate"],"picked":"bronze:BronzeOrb","floor":10},{"not_picked":["bronze:Deprecate","bronze:ThunderWave"],"picked":"bronze:BronzeOrb","floor":11},{"not_picked":["bronze:ChosenStrike","bronze:OilSpill"],"picked":"bronze:Optimize","floor":12},{"not_picked":["bronze:OilSpill","bronze:Shield"],"picked":"bronze:Assembly","floor":13},{"not_picked":["bronze:BuggyMess","bronze:WildBeam","bronze:Overheat"],"picked":"SKIP","floor":14},{"not_picked":["bronze:ForLoop","bronze:ItsAFeature"],"picked":"bronze:Flail","floor":15},{"not_picked":["bronze:ThunderWave","bronze:Format"],"picked":"bronze:RecursiveStrike","floor":16},{"not_picked":["bronze:BugBarrage","hubris:SlightOfHand","Deflect"],"picked":"Distraction","floor":19},{"not_picked":["bronze:CutThrough","StuffTheSpire:Sprint","StuffTheSpire:BumpUp"],"picked":"bronze:DelayedSlice","floor":20},{"not_picked":["All Out Attack","Crippling Poison+1","PiercingWail"],"picked":"Prepared","floor":21},{"not_picked":["bronze:ItsAFeature","Masterful Stab","Predator","Grand Finale"],"picked":"SKIP","floor":22},{"not_picked":["Bane","StuffTheSpire:Repulse","Outmaneuver"],"picked":"StuffTheSpire:Shiver","floor":25}],"player_experience":604950,"relics_obtained":[{"floor":7,"key":"Bag of Preparation"},{"floor":10,"key":"Unceasing Top"},{"floor":24,"key":"Art of War"},{"floor":25,"key":"Lantern"}],"event_choices":[],"is_beta":false,"boss_relics":[{"not_picked":["halation:Yufonium","Kintsugi"],"picked":"aspiration:SilentSkillbook"}],"items_purged_floors":[],"is_endless":true,"potions_floor_spawned":[5,9,10,11,15,16,21,22],"killed_by":"Snake Plant","ascension_level":0}}