{"host":"7fyy23rucerupe6i","time":1611379410,"event":{"mods":["AchievementEnabler","Act Like it!","Aspiration","BaseMod","Better Note","Better Vampires","BetterRewards","Colored Map","Colored Powertips","Conspire","Curses Come First","Custom Start","Downfall","Googly Eyes","Marisa£®ÏF”Í°°ƒß¿Ì…≥£©","Minty Spire (QoL Compilation)","Quick Restart","Relic Stats","Remilia£®¿Ÿ√◊¿Ú—«£©","Shop Mod","ShortenTheSpire","Spicy Shops","StSLib","SuperFastMode","The Blackbeard","The Construct","The Cursed","The Senshi","The Servant 0.9.4"],"gold_per_floor":[114,126,126,126,149,184,198,219,219,243,243,262,306,330,330,449,449,463,284,302,302,317,317,350,403,427,119,182,182,182,225,225,365,365,405,420,420,501,369,423,423,482,482,523,523,856,280,306,306,306],"floor_reached":51,"language":"ZHS","playtime":2225,"items_purged":["Normality","Defend_MRS","Strike_MRS","Strike_MRS","Defend_MRS","Strike_MRS","Strike_MRS","Defend_MRS"],"score":1787,"play_id":"9bdeda74-1569-4e8f-812d-c96517a2e6eb","local_time":"20210123132330","is_ascension_mode":true,"campfire_choices":[{"data":"MilkyWay","floor":11,"key":"SMITH"},{"data":"MillisecondPulsars","floor":15,"key":"SMITH"},{"data":"MilkyWay","floor":32,"key":"SMITH"},{"data":"OortCloud","floor":41,"key":"SMITH"},{"data":"UnstableBomb","floor":49,"key":"SMITH"}],"circlet_count":0,"master_deck":["MasterSpark","UpSweep","OortCloud+1","MilkyWay+1","MilkyWay+1","OortCloud","Acceleration","6A","EarthLightRay","MillisecondPulsars+1","UnstableBomb+1","PowerUp","PowerUp","WitchOfGreed","ShootingEcho+1","TreasureHunter","OortCloud+1","OortCloud+1"],"relics":["MiniHakkero","Bag of Preparation","Membership Card","Anchor","Blood Vial","FossilizedHelix","Lizard Tail","Boot","aspiration:Lifesprig","Toy Ornithopter","Runic Pyramid","MerchantsRug","aspiration:ArtOfWarUpgrade","Meat on the Bone","Juzu Bracelet","Gremlin Horn","Akabeko","aspiration:ChemicalBlood","StrikeDummy","Mango","Sling","Vajra","aspiration:HiddenCompartment","Happy Flower","Bottled Flame","Omamori","Bronze Scales","Calipers","SimpleLauncher","Guardian:PocketSentry","Orichalcum","Oddly Smooth Stone","DollysMirror"],"acts_visited":["Exordium","TheCity","TheBeyond"],"potions_floor_usage":[6,16,44],"damage_taken":[{"damage":0,"enemies":"2 Louse","floor":1,"turns":3},{"damage":0,"enemies":"Small Slimes","floor":2,"turns":3},{"damage":0,"enemies":"Cultist","floor":5,"turns":3},{"damage":0,"enemies":"3 Sentries","floor":6,"turns":8},{"damage":0,"enemies":"Looter","floor":7,"turns":4},{"damage":0,"enemies":"Exordium Wildlife","floor":8,"turns":4},{"damage":0,"enemies":"Blue Slaver","floor":10,"turns":4},{"damage":0,"enemies":"2 Fungi Beasts","floor":12,"turns":4},{"damage":0,"enemies":"Lagavulin","floor":13,"turns":6},{"damage":0,"enemies":"Large Slime","floor":14,"turns":6},{"damage":0,"enemies":"The Guardian","floor":16,"turns":7},{"damage":0,"enemies":"2 Thieves","floor":18,"turns":4},{"damage":0,"enemies":"Shell Parasite","floor":20,"turns":3},{"damage":0,"enemies":"Chosen and Byrds","floor":22,"turns":4},{"damage":0,"enemies":"Centurion and Healer","floor":24,"turns":4},{"damage":0,"enemies":"Book of Stabbing","floor":25,"turns":4},{"damage":0,"enemies":"Slavers","floor":28,"turns":4},{"damage":0,"enemies":"Shelled Parasite and Fungi","floor":31,"turns":3},{"damage":0,"enemies":"Automaton","floor":33,"turns":3},{"damage":14,"enemies":"3 Shapes","floor":35,"turns":2},{"damage":0,"enemies":"Orb Walker","floor":36,"turns":2},{"damage":9,"enemies":"2 Orb Walkers","floor":38,"turns":3},{"damage":63,"enemies":"Reptomancer","floor":40,"turns":5},{"damage":0,"enemies":"Giant Head","floor":42,"turns":4},{"damage":0,"enemies":"Reptomancer","floor":44,"turns":2},{"damage":0,"enemies":"Maw","floor":48,"turns":3},{"damage":0,"enemies":"Time Eater","floor":50,"turns":7}],"seed_played":"-6033445837578298136","potions_obtained":[{"floor":1,"key":"ColorlessPotion"},{"floor":7,"key":"LiquidBronze"},{"floor":13,"key":"FearPotion"},{"floor":14,"key":"Weak Potion"},{"floor":24,"key":"DistilledChaos"},{"floor":25,"key":"Weak Potion"},{"floor":25,"key":"GamblersBrew"},{"floor":28,"key":"SteroidPotion"},{"floor":28,"key":"BlessingOfTheForge"},{"floor":33,"key":"SmokeBomb"},{"floor":35,"key":"BottledSpark"},{"floor":40,"key":"DuplicationPotion"},{"floor":40,"key":"SpeedPotion"},{"floor":40,"key":"DistilledChaos"},{"floor":48,"key":"Swift Potion"}],"is_trial":false,"path_per_floor":["M","M","?","?","M","E","M","M","T","M","R","M","E","M","R","B",null,"M","$","M","?","M","R","M","E","T","$","E","R","?","M","R","B",null,"M","M","?","?","$","E","R","E","T","E","T","?","$","M","R","B",null],"character_chosen":"MARISA","items_purchased":["Bag of Preparation","OortCloud","Membership Card","Anchor","Blood Vial","Lizard Tail","MerchantsRug","Art of War","Gremlin Horn","aspiration:Nostalgia","Akabeko","StrikeDummy","Mango","Sling","SimpleLauncher","Guardian:PocketSentry","Orichalcum","Oddly Smooth Stone","DollysMirror"],"campfire_rested":0,"item_purchase_floors":[0,0,0,0,0,0,19,19,27,27,27,39,39,39,47,47,47,47,47],"current_hp_per_floor":[35,37,19,19,21,23,25,27,27,29,29,31,37,43,43,54,70,75,75,75,61,67,67,73,79,79,79,80,80,64,70,70,76,79,70,76,76,71,85,40,40,58,58,69,69,69,69,75,75,81],"gold":306,"neow_bonus":"","is_daily":false,"chose_seed":false,"campfire_upgraded":5,"win_rate":0.0,"timestamp":1611379410,"path_taken":["M","M","?","?","M","E","M","M","T","M","R","M","E","M","R","BOSS","M","$","?","?","M","R","M","E","T","$","E","R","?","M","R","BOSS","M","M","?","?","$","E","R","E","T","E","?","?","$","M","R","BOSS"],"items_purchased_type":["Relic","Card","Relic","Relic","Relic","Relic","Relic","Relic","Relic","Relic","Relic","Relic","Relic","Relic","Relic","Relic","Relic","Relic","Relic"],"build_version":"2020-12-22","purchased_purges":8,"victory":true,"max_hp_per_floor":[75,75,75,75,75,75,75,75,75,75,75,75,75,75,75,75,75,75,75,75,80,80,80,80,80,80,80,80,80,80,80,80,80,80,80,80,80,80,94,94,94,94,94,94,94,94,94,94,94,94],"relic_stats":{"Gremlin Horn":[12,13],"Happy Flower":[4],"counters":[27,108],"Bag of Preparation":[54],"Juzu Bracelet":0,"Orichalcum":[6],"Boot":[13],"Blood Vial":50,"Lizard Tail":0,"Bronze Scales":[18],"obtain_stats":[{"aspiration:Lifesprig":9,"bronze:BronzeCore":27,"Calipers":45,"Gremlin Horn":27,"Nilry\u0027s Codex":30,"Vajra":40,"Mango":39,"aspiration:PoetsPen_weak":34,"Bag of Preparation":0,"Juzu Bracelet":26,"Boot":6,"Sling":39,"Blood Vial":0,"Lizard Tail":0,"DollysMirror":47,"aspiration:ArtOfWarUpgrade":29,"SimpleLauncher":47,"Runic Pyramid":17,"aspiration:ChemicalBlood":28,"MerchantsRug":19,"Girya":38,"Happy Flower":42,"Golden Idol":3,"aspiration:Nostalgia":27,"Oddly Smooth Stone":47,"Omamori":44,"Guardian:PocketSentry":47,"Orichalcum":47,"aspiration:HiddenCompartment":40,"Akabeko":27,"Anchor":0,"Bottled Flame":43,"Bronze Scales":44,"Art of War":19,"MiniHakkero":0,"Membership Card":0,"StrikeDummy":39,"FossilizedHelix":0,"Toy Ornithopter":13,"Meat on the Bone":25},{"aspiration:Lifesprig":6,"bronze:BronzeCore":16,"Calipers":25,"Gremlin Horn":16,"Nilry\u0027s Codex":17,"Vajra":23,"Mango":22,"aspiration:PoetsPen_weak":19,"Bag of Preparation":0,"Juzu Bracelet":16,"Boot":4,"Sling":22,"Blood Vial":0,"Lizard Tail":0,"DollysMirror":25,"aspiration:ArtOfWarUpgrade":17,"SimpleLauncher":25,"Runic Pyramid":11,"aspiration:ChemicalBlood":17,"MerchantsRug":12,"Girya":22,"Happy Flower":24,"Golden Idol":2,"aspiration:Nostalgia":16,"Oddly Smooth Stone":25,"Omamori":25,"Guardian:PocketSentry":25,"Orichalcum":25,"aspiration:HiddenCompartment":23,"Akabeko":16,"Anchor":0,"Bottled Flame":24,"Bronze Scales":25,"Art of War":12,"MiniHakkero":0,"Membership Card":0,"StrikeDummy":22,"FossilizedHelix":0,"Toy Ornithopter":9,"Meat on the Bone":16},{"aspiration:Lifesprig":25,"bronze:BronzeCore":71,"Calipers":99,"Gremlin Horn":71,"Nilry\u0027s Codex":75,"Vajra":93,"Mango":88,"aspiration:PoetsPen_weak":81,"Bag of Preparation":0,"Juzu Bracelet":71,"Boot":17,"Sling":88,"Blood Vial":0,"Lizard Tail":0,"DollysMirror":99,"aspiration:ArtOfWarUpgrade":75,"SimpleLauncher":99,"Runic Pyramid":52,"aspiration:ChemicalBlood":75,"MerchantsRug":56,"Girya":88,"Happy Flower":97,"Golden Idol":6,"aspiration:Nostalgia":71,"Oddly Smooth Stone":99,"Omamori":99,"Guardian:PocketSentry":99,"Orichalcum":99,"aspiration:HiddenCompartment":93,"Akabeko":71,"Anchor":0,"Bottled Flame":97,"Bronze Scales":99,"Art of War":56,"MiniHakkero":0,"Membership Card":0,"StrikeDummy":88,"FossilizedHelix":0,"Toy Ornithopter":39,"Meat on the Bone":71}],"Toy Ornithopter":10,"Meat on the Bone":24},"card_choices":[{"not_picked":["WitchLeyline","PowerUp"],"picked":"MilkyWay","floor":1},{"not_picked":["OneTimeOff","GasGiant"],"picked":"MilkyWay","floor":2},{"not_picked":["LuminesStrike","GravityBeat"],"picked":"OortCloud","floor":5},{"not_picked":["IllusionStar","SporeBomb","GrandCross"],"picked":"SKIP","floor":6},{"not_picked":["Occultation","NonDirectionalLaser"],"picked":"Acceleration","floor":7},{"not_picked":["DoubleSpark","ChargeUpSpray","GrandCross"],"picked":"SKIP","floor":8},{"not_picked":["PropBag","MysteriousBeam"],"picked":"6A","floor":10},{"not_picked":["DoubleSpark","FairyDestructionRay"],"picked":"EarthLightRay","floor":12},{"not_picked":["ShootingEcho","WitchLeyline"],"picked":"MillisecondPulsars","floor":13},{"not_picked":["Occultation","GrandCross"],"picked":"UnstableBomb","floor":14},{"not_picked":["AsteroidBelt","AlicesGift"],"picked":"PowerUp","floor":18},{"not_picked":["DeepEcoloBomb","6A"],"picked":"PowerUp","floor":20},{"not_picked":["Acceleration+1","MillisecondPulsars"],"picked":"WitchOfGreed","floor":22},{"not_picked":["GravityBeat+1","6A+1","NonDirectionalLaser"],"picked":"SKIP","floor":24},{"not_picked":["OneTimeOff+1","DarkSpark","ShootingEcho+1"],"picked":"SKIP","floor":25},{"not_picked":["WitchOfGreed","AsteroidBelt+1"],"picked":"ShootingEcho+1","floor":28},{"not_picked":["MilkyWay","RefractionSpark","SporeBomb"],"picked":"SKIP","floor":31},{"not_picked":["BigCrunch","SuperNova"],"picked":"TreasureHunter","floor":33},{"not_picked":["PulseMagic","ChargeUpSpray+1","DoubleSpark+1"],"picked":"SKIP","floor":35},{"not_picked":["FairyDestructionRay+1","IllusionStar"],"picked":"OortCloud+1","floor":36},{"not_picked":["SporeBomb+1","GrandCross","OrrerysSun+1"],"picked":"SKIP","floor":40},{"not_picked":["AsteroidBelt","WitchOfGreed+1","6A+1"],"picked":"SKIP","floor":42},{"not_picked":["StarDustReverie","ShootingEcho+1","DragonMeteor"],"picked":"SKIP","floor":44},{"not_picked":["LuminesStrike+1","MeteoricShower+1","GrandCross"],"picked":"SKIP","floor":48}],"player_experience":583467,"relics_obtained":[{"floor":6,"key":"Boot"},{"floor":9,"key":"aspiration:Lifesprig"},{"floor":13,"key":"Toy Ornithopter"},{"floor":25,"key":"Meat on the Bone"},{"floor":26,"key":"Juzu Bracelet"},{"floor":28,"key":"aspiration:ChemicalBlood"},{"floor":30,"key":"Nilry\u0027s Codex"},{"floor":38,"key":"Girya"},{"floor":40,"key":"Vajra"},{"floor":40,"key":"aspiration:HiddenCompartment"},{"floor":42,"key":"Happy Flower"},{"floor":43,"key":"Bottled Flame"},{"floor":44,"key":"Omamori"},{"floor":44,"key":"Bronze Scales"},{"floor":45,"key":"Calipers"}],"event_choices":[{"damage_healed":0,"gold_gain":0,"player_choice":"Take Damage","damage_taken":18,"relics_obtained":["Golden Idol"],"max_hp_gain":0,"max_hp_loss":0,"event_name":"Golden Idol","floor":3,"gold_loss":0},{"cards_removed":["Defend_MRS"],"damage_healed":0,"gold_gain":0,"player_choice":"Offered Basic","damage_taken":0,"max_hp_gain":0,"max_hp_loss":0,"event_name":"Bonfire Elementals","floor":4,"gold_loss":0},{"damage_healed":0,"gold_gain":0,"player_choice":"Shed Blood","damage_taken":19,"max_hp_gain":5,"max_hp_loss":0,"event_name":"Forgotten Altar","floor":21,"gold_loss":0},{"damage_healed":0,"gold_gain":0,"player_choice":"Obtained Book","damage_taken":16,"max_hp_gain":0,"max_hp_loss":0,"event_name":"Cursed Tome","floor":30,"gold_loss":0},{"damage_healed":0,"gold_gain":0,"player_choice":"Memory 1","damage_taken":0,"max_hp_gain":0,"max_hp_loss":0,"event_name":"SensoryStone","floor":37,"gold_loss":0},{"damage_healed":0,"gold_gain":0,"player_choice":"Fight","damage_taken":0,"max_hp_gain":0,"max_hp_loss":0,"event_name":"Mysterious Sphere","floor":38,"gold_loss":0},{"damage_healed":0,"gold_gain":333,"player_choice":"Gave Idol","damage_taken":0,"max_hp_gain":0,"max_hp_loss":0,"event_name":"The Moai Head","floor":46,"relics_lost":["Golden Idol"],"gold_loss":0}],"is_beta":false,"boss_relics":[{"not_picked":["aspiration:RitualDagger","Velvet Choker"],"picked":"Runic Pyramid"},{"not_picked":["aspiration:SecretTechniqueScroll","Cursed Key"],"picked":"aspiration:PoetsPen_weak"}],"items_purged_floors":[0,0,19,27,27,39,39,47],"is_endless":false,"potions_floor_spawned":[1,7,13,14,25,28,33,35,40,42,48],"ascension_level":9}}