{"host":"bf9sa99gaumonoeu","time":1611419460,"event":{"mods":["AchievementEnabler","Act Like it!","Aspiration","BaseMod","Bestiary","Block Reminder","Colored Map","Colored Powertips","Friendly Minions","Gensokyo","GifTheSpireLib","Googly Eyes","Hallownest","Hermit","Highlight Path","Jorbs\u0027s Wanderer Trilogy","KinomotoSakuraMod(????)","Koishi","Marisa????????","Minty Spire (QoL Compilation)","Rare Cards Sparkle","Relic Stats","Spire Arcade","StSLib","The Administrix","The Animator","The Bug Knight","The Construct","The Cursed","The Hierophant","The Mystic","The Necromancer","The Poker Player","The Runesmith","The Senshi","The Servant 0.9.4","ojb\u0027s Info Mod"],"gold_per_floor":[17,33,50,62,81,81,112,126,126,126,158,158,187,216,216,216,216],"floor_reached":16,"language":"ENG","playtime":1680,"items_purged":[],"score":224,"play_id":"698002ab-4379-4820-af7f-edd3da9a4271","local_time":"20210123143100","is_ascension_mode":true,"campfire_choices":[{"floor":6,"key":"REST"},{"floor":10,"key":"REST"},{"floor":15,"key":"REST"}],"circlet_count":0,"master_deck":["AscendersBane","Strike_G","Strike_G","Strike_G","Defend_G","Defend_G","Defend_G","Defend_G","Defend_G","Survivor","Neutralize","Slice","Dagger Spray","Dagger Throw","Deadly Poison","Blade Dance","PiercingWail","Calculated Gamble","Bane","Catalyst","Cloak And Dagger"],"relics":["Ring of the Snake","WingedGreaves","Letter Opener","Juzu Bracelet","Blue Candle","Dream Catcher","InkBottle"],"acts_visited":["Hallownest:Greenpath"],"potions_floor_usage":[5,7,13,16],"damage_taken":[{"damage":4,"enemies":"Hallownest:monsterHuskGuard","floor":1,"turns":6},{"damage":1,"enemies":"Hallownest:monsterHuskWarrior","floor":2,"turns":3},{"damage":0,"enemies":"Hallownest:2_MossCreeps","floor":3,"turns":6},{"damage":5,"enemies":"Hallownest:Wandering_and_Horned","floor":4,"turns":7},{"damage":15,"enemies":"Hallownest:1_Ooma_and_2_Uuma","floor":5,"turns":9},{"damage":31,"enemies":"Hallownest:eliteCrystalGuardian","floor":7,"turns":7},{"damage":0,"enemies":"Hallownest:monsterMossCharger","floor":8,"turns":6},{"damage":9,"enemies":"Hallownest:eliteMossKnight","floor":11,"turns":11},{"damage":10,"enemies":"Hallownest:eliteVengeflyKing","floor":13,"turns":7},{"damage":14,"enemies":"Hallownest:eliteMossKnight","floor":14,"turns":13},{"damage":33,"enemies":"Hallownest:BossFalseKnight","floor":16,"turns":9}],"seed_played":"8260760453121567922","potions_obtained":[{"floor":3,"key":"LiquidMemories"},{"floor":4,"key":"SkillPotion"},{"floor":5,"key":"BlessingOfTheForge"},{"floor":8,"key":"Fire Potion"}],"is_trial":false,"path_per_floor":["M","M","M","?","M","R","E","M","T","R","E","?","E","E","R","B"],"character_chosen":"THE_SILENT","items_purchased":[],"campfire_rested":3,"item_purchase_floors":[],"current_hp_per_floor":[55,54,54,49,34,53,22,22,22,41,32,32,22,8,27,0,0],"gold":216,"neow_bonus":"ONE_RARE_RELIC","is_daily":false,"chose_seed":false,"campfire_upgraded":0,"win_rate":0.0,"timestamp":1611419460,"path_taken":["M","M","M","?","M","R","E","M","T","R","E","?","E","E","R","BOSS"],"items_purchased_type":[],"build_version":"2020-12-22","purchased_purges":0,"victory":false,"max_hp_per_floor":[66,66,66,66,66,66,66,66,66,66,66,66,66,66,66,66,66],"relic_stats":{"Dream Catcher":1,"counters":[11,84],"Blue Candle":[2],"Juzu Bracelet":0,"Letter Opener":[52],"obtain_stats":[{"Dream Catcher":13,"Blue Candle":11,"WingedGreaves":0,"Juzu Bracelet":9,"Letter Opener":7,"InkBottle":14,"Ring of the Snake":0},{"Dream Catcher":9,"Blue Candle":8,"WingedGreaves":0,"Juzu Bracelet":7,"Letter Opener":6,"InkBottle":10,"Ring of the Snake":0},{"Dream Catcher":62,"Blue Candle":55,"WingedGreaves":0,"Juzu Bracelet":44,"Letter Opener":38,"InkBottle":75,"Ring of the Snake":0}],"InkBottle":[4],"Ring of the Snake":[22]},"card_choices":[{"not_picked":["Flying Knee","Backflip"],"picked":"Slice","floor":1},{"not_picked":["Dodge and Roll","Dagger Throw"],"picked":"Dagger Spray","floor":2},{"not_picked":["Acrobatics","Escape Plan"],"picked":"Dagger Throw","floor":3},{"not_picked":["Prepared","Caltrops"],"picked":"Deadly Poison","floor":4},{"not_picked":["Deadly Poison","Cloak And Dagger"],"picked":"Blade Dance","floor":5},{"not_picked":["Deadly Poison","Prepared"],"picked":"PiercingWail","floor":7},{"not_picked":["Backflip","Quick Slash"],"picked":"Calculated Gamble","floor":8},{"not_picked":["Poisoned Stab","Dagger Throw"],"picked":"Bane","floor":11},{"not_picked":["Expertise","Corpse Explosion"],"picked":"Catalyst","floor":13},{"not_picked":["Infinite Blades","Dodge and Roll","Concentrate"],"picked":"SKIP","floor":14},{"not_picked":["Infinite Blades","Poisoned Stab"],"picked":"Cloak And Dagger","floor":15}],"player_experience":1133419,"relics_obtained":[{"floor":7,"key":"Letter Opener"},{"floor":9,"key":"Juzu Bracelet"},{"floor":11,"key":"Blue Candle"},{"floor":13,"key":"Dream Catcher"},{"floor":14,"key":"InkBottle"}],"event_choices":[],"is_beta":false,"boss_relics":[],"items_purged_floors":[],"is_endless":false,"potions_floor_spawned":[3,4,5,8,11],"killed_by":"Hallownest:BossFalseKnight","ascension_level":20}}