{"host":"w3q5ijqu8eoknil3","time":1611385741,"event":{"mods":["AchievementEnabler","BaseMod","Block Reminder","Colored Map","Colored Powertips","Curses Come First","Dark Map","Minty Spire (QoL Compilation)","Quick Restart","Relic Stats","StSLib","ojb\u0027s Better Paths Mod","ojb\u0027s Info Mod","slay the spire mod where everything is the same but ironclad has a cowboy hat"],"gold_per_floor":[114,114,128,147,166,166,194,194,194,194,194],"floor_reached":10,"language":"ENG","playtime":355,"items_purged":[],"score":129,"play_id":"4e22e92b-61ad-476b-92f0-8a1384be509f","local_time":"20210123070901","is_ascension_mode":true,"campfire_choices":[{"data":"All Out Attack","floor":6,"key":"SMITH"},{"floor":8,"key":"REST"}],"circlet_count":0,"master_deck":["AscendersBane","Strike_G","Strike_G","Strike_G","Strike_G","Strike_G","Defend_G","Defend_G","Defend_G","Defend_G","Defend_G","Survivor","Neutralize","Reflex","Blur","PiercingWail","All Out Attack+1","Underhanded Strike"],"relics":["Ring of the Snake","Tingsha","CultistMask","Mercury Hourglass","Sundial"],"acts_visited":["Exordium"],"potions_floor_usage":[5,7,10],"damage_taken":[{"damage":3,"enemies":"Jaw Worm","floor":1,"turns":5},{"damage":17,"enemies":"Cultist","floor":3,"turns":6},{"damage":8,"enemies":"Small Slimes","floor":4,"turns":4},{"damage":9,"enemies":"Gremlin Gang","floor":5,"turns":6},{"damage":17,"enemies":"3 Sentries","floor":7,"turns":7},{"damage":34,"enemies":"Lagavulin","floor":10,"turns":5}],"seed_played":"1190551869057211194","potions_obtained":[{"floor":1,"key":"Ancient Potion"},{"floor":4,"key":"SteroidPotion"},{"floor":5,"key":"Strength Potion"}],"is_trial":false,"path_per_floor":["M","?","M","M","M","R","E","R","T","E"],"character_chosen":"THE_SILENT","items_purchased":[],"campfire_rested":1,"item_purchase_floors":[],"current_hp_per_floor":[56,56,39,31,22,22,5,23,23,0,0],"gold":194,"neow_bonus":"ONE_RARE_RELIC","is_daily":false,"chose_seed":false,"campfire_upgraded":1,"win_rate":0.0,"timestamp":1611385741,"path_taken":["M","?","M","M","M","R","E","R","T","E"],"items_purchased_type":[],"build_version":"2020-12-22","purchased_purges":0,"victory":false,"max_hp_per_floor":[60,60,60,60,60,60,60,60,60,60,60],"relic_stats":{"counters":[6,33],"Sundial":[0],"Tingsha":[34],"obtain_stats":[{"Sundial":9,"Tingsha":0,"CultistMask":2,"Ring of the Snake":0,"Mercury Hourglass":7},{"Sundial":5,"Tingsha":0,"CultistMask":1,"Ring of the Snake":0,"Mercury Hourglass":5},{"Sundial":28,"Tingsha":0,"CultistMask":5,"Ring of the Snake":0,"Mercury Hourglass":28}],"Ring of the Snake":[12],"Mercury Hourglass":[12]},"card_choices":[{"not_picked":["Expertise","Choke"],"picked":"Reflex","floor":1},{"not_picked":["Setup","Slice"],"picked":"Blur","floor":3},{"not_picked":["Bane","Underhanded Strike"],"picked":"PiercingWail","floor":4},{"not_picked":["Well Laid Plans","Acrobatics"],"picked":"All Out Attack","floor":5},{"not_picked":["Acrobatics","Prepared"],"picked":"Underhanded Strike","floor":7}],"player_experience":1012319,"relics_obtained":[{"floor":7,"key":"Mercury Hourglass"},{"floor":9,"key":"Sundial"}],"event_choices":[{"damage_healed":0,"gold_gain":0,"player_choice":"Trade","damage_taken":0,"relics_obtained":["CultistMask"],"max_hp_gain":0,"max_hp_loss":0,"event_name":"FaceTrader","floor":2,"gold_loss":0}],"is_beta":false,"boss_relics":[],"items_purged_floors":[],"is_endless":false,"potions_floor_spawned":[1,4,5],"killed_by":"Lagavulin","ascension_level":18}}