{"host":"5trcja4hacd149zc","time":1611388616,"event":{"mods":["BaseMod","Colored Map","GifTheSpireLib","Minty Spire (QoL Compilation)","Relic Stats","StSLib"],"gold_per_floor":[115,129,143,143,218,246,10,24,51,70,81,81,24,43,43,43,43],"floor_reached":16,"language":"ENG","playtime":528,"items_purged":["Strike_G"],"score":208,"play_id":"c7ced92f-0f54-4d5f-a3bd-91f36621879b","local_time":"20210123015656","is_ascension_mode":true,"campfire_choices":[{"data":"Crippling Poison","floor":12,"key":"SMITH"},{"data":"Footwork","floor":15,"key":"SMITH"}],"circlet_count":0,"master_deck":["AscendersBane","Strike_G","Strike_G","Strike_G","Strike_G","Defend_G","Defend_G","Defend_G","Defend_G","Defend_G","Survivor","Neutralize","PiercingWail","Corpse Explosion+1","Flying Knee","Leg Sweep","Deadly Poison","Escape Plan","Crippling Poison+1","Dagger Spray","Footwork+1"],"relics":["Sozu","Boot","Lantern","Happy Flower"],"acts_visited":["Exordium"],"potions_floor_usage":[],"damage_taken":[{"damage":0,"enemies":"2 Louse","floor":1,"turns":3},{"damage":1,"enemies":"Small Slimes","floor":2,"turns":5},{"damage":0,"enemies":"Cultist","floor":3,"turns":4},{"damage":4,"enemies":"3 Sentries","floor":6,"turns":4},{"damage":0,"enemies":"Looter","floor":8,"turns":4},{"damage":15,"enemies":"Gremlin Gang","floor":10,"turns":4},{"damage":0,"enemies":"2 Fungi Beasts","floor":11,"turns":3},{"damage":0,"enemies":"3 Louse","floor":14,"turns":1},{"damage":30,"enemies":"The Guardian","floor":16,"turns":2}],"seed_played":"8437165213047486171","potions_obtained":[],"is_trial":false,"path_per_floor":["M","M","M","?","?","E","$","M","T","M","M","R","$","M","R","B"],"character_chosen":"THE_SILENT","items_purchased":["Lantern","Dagger Spray"],"campfire_rested":0,"item_purchase_floors":[7,13],"current_hp_per_floor":[59,58,58,58,47,43,43,43,43,28,28,28,28,28,28,0,0],"gold":43,"neow_bonus":"BOSS_RELIC","is_daily":false,"chose_seed":false,"campfire_upgraded":2,"win_rate":0.0,"timestamp":1611388616,"path_taken":["M","M","M","?","?","E","$","M","T","M","M","R","$","M","R","BOSS"],"items_purchased_type":["Relic","Card"],"build_version":"2020-12-22","purchased_purges":1,"victory":false,"max_hp_per_floor":[66,66,66,66,66,66,66,66,66,66,66,66,66,66,66,66,66],"relic_stats":{"Sozu":5,"Happy Flower":[3],"counters":[9,30],"Boot":[8],"obtain_stats":[{"Sozu":0,"Lantern":7,"Happy Flower":9,"Boot":6,"Ring of the Snake":0},{"Sozu":0,"Lantern":4,"Happy Flower":5,"Boot":4,"Ring of the Snake":0},{"Sozu":0,"Lantern":16,"Happy Flower":20,"Boot":16,"Ring of the Snake":0}]},"card_choices":[{"not_picked":["Concentrate","Setup"],"picked":"PiercingWail","floor":1},{"not_picked":["Backflip","Deadly Poison"],"picked":"Corpse Explosion","floor":2},{"not_picked":["Choke","Outmaneuver"],"picked":"Flying Knee","floor":3},{"not_picked":["Cloak And Dagger","Sucker Punch"],"picked":"Leg Sweep","floor":6},{"not_picked":["Sucker Punch","Bane"],"picked":"Deadly Poison","floor":8},{"not_picked":["Flying Knee","Expertise"],"picked":"Escape Plan","floor":10},{"not_picked":["Malaise","Slice"],"picked":"Crippling Poison","floor":11},{"not_picked":["Dash","Heel Hook"],"picked":"Footwork","floor":14}],"player_experience":769718,"relics_obtained":[{"floor":6,"key":"Boot"},{"floor":9,"key":"Happy Flower"}],"event_choices":[{"damage_healed":0,"gold_gain":0,"player_choice":"Grow","damage_taken":0,"max_hp_gain":0,"max_hp_loss":0,"event_name":"Living Wall","floor":4,"gold_loss":0,"cards_upgraded":["Corpse Explosion"]},{"damage_healed":0,"gold_gain":75,"player_choice":"Gather Gold","damage_taken":11,"max_hp_gain":0,"max_hp_loss":0,"event_name":"World of Goop","floor":5,"gold_loss":0}],"is_beta":false,"boss_relics":[],"items_purged_floors":[7],"is_endless":false,"potions_floor_spawned":[2,3,6,10,14],"killed_by":"The Guardian","ascension_level":20}}