{"host":"anox4050deqdcqoh","time":1611427900,"event":{"mods":["BaseMod","Colored Map","Highlight Path","Minty Spire (QoL Compilation)","Quick Restart","Rare Cards Sparkle","everything is the same but u backflip on backflip"],"gold_per_floor":[118,218,231,244,264,292,292,217,217,227,227,253,272,284,284,381,381,400,400,400,412,64,64,64,64,64,81,81,81],"floor_reached":28,"language":"ENG","playtime":1545,"items_purged":["Strike_R","Strike_R"],"score":322,"play_id":"aecd513a-e8b8-4b6d-9224-3fea6865f0f1","local_time":"20210123135140","is_ascension_mode":true,"campfire_choices":[{"data":"Armaments","floor":7,"key":"SMITH"},{"floor":11,"key":"REST"},{"floor":15,"key":"REST"},{"data":"Berserk","floor":23,"key":"SMITH"},{"data":"Evolve","floor":25,"key":"SMITH"}],"circlet_count":0,"master_deck":["Strike_R","Strike_R","Strike_R","Defend_R","Defend_R","Defend_R","Defend_R","Bash","Wild Strike","Burning Pact","Iron Wave","Demon Form","Armaments+1","Dual Wield","Heavy Blade","Fire Breathing","Sword Boomerang","Shockwave","Berserk+1","CurseOfTheBell","Dark Embrace","Evolve+1","Shrug It Off+1","Shrug It Off+1"],"relics":["Burning Blood","Prayer Wheel","Bird Faced Urn","Ice Cream","Calling Bell","Lantern","Singing Bowl","Dead Branch","MutagenicStrength","Self Forming Clay"],"acts_visited":["Exordium","TheCity"],"potions_floor_usage":[16,16,21,27,27],"damage_taken":[{"damage":7,"enemies":"Jaw Worm","floor":1,"turns":3},{"damage":1,"enemies":"Cultist","floor":3,"turns":3},{"damage":4,"enemies":"Small Slimes","floor":4,"turns":3},{"damage":7,"enemies":"Looter","floor":5,"turns":3},{"damage":49,"enemies":"Lagavulin","floor":6,"turns":9},{"damage":15,"enemies":"Large Slime","floor":10,"turns":10},{"damage":48,"enemies":"Gremlin Nob","floor":12,"turns":5},{"damage":13,"enemies":"Blue Slaver","floor":13,"turns":6},{"damage":6,"enemies":"Looter","floor":14,"turns":4},{"damage":0,"enemies":"Hexaghost","floor":16,"turns":12},{"damage":17,"enemies":"Chosen","floor":18,"turns":5},{"damage":36,"enemies":"2 Thieves","floor":21,"turns":5},{"damage":49,"enemies":"Sentry and Sphere","floor":27,"turns":12},{"damage":29,"enemies":"Snecko","floor":28,"turns":7}],"seed_played":"-4361257271097961267","potions_obtained":[{"floor":1,"key":"PowerPotion"},{"floor":13,"key":"Explosive Potion"},{"floor":14,"key":"PowerPotion"},{"floor":18,"key":"SkillPotion"},{"floor":21,"key":"Dexterity Potion"}],"is_trial":false,"path_per_floor":["M","?","M","M","M","E","R","$","T","M","R","E","M","M","R","B",null,"M","?","?","M","$","R","?","R","T","M","M"],"character_chosen":"IRONCLAD","items_purchased":["Self Forming Clay"],"campfire_rested":2,"item_purchase_floors":[22],"current_hp_per_floor":[87,87,88,88,87,44,44,44,44,35,61,21,14,14,40,54,88,81,81,81,53,53,53,53,53,53,16,0,0],"gold":81,"neow_bonus":"TEN_PERCENT_HP_BONUS","is_daily":false,"chose_seed":false,"campfire_upgraded":3,"win_rate":0.0,"timestamp":1611427900,"path_taken":["M","?","M","M","?","E","R","?","T","M","R","E","M","M","R","BOSS","M","?","?","M","$","R","?","R","T","M","M"],"items_purchased_type":["Relic"],"build_version":"2020-12-22","purchased_purges":2,"victory":false,"max_hp_per_floor":[88,88,88,88,88,88,88,88,88,88,88,88,88,88,88,88,88,90,90,90,92,92,92,92,92,92,94,94,94],"card_choices":[{"not_picked":["Second Wind","Carnage"],"picked":"Wild Strike","floor":1},{"not_picked":["Twin Strike","Body Slam"],"picked":"Burning Pact","floor":3},{"not_picked":["Clash","Warcry"],"picked":"Iron Wave","floor":4},{"not_picked":["Havoc","Battle Trance"],"picked":"Demon Form","floor":5},{"not_picked":["Bloodletting","Spot Weakness"],"picked":"Armaments","floor":6},{"not_picked":["Reckless Charge","Dropkick"],"picked":"Dual Wield","floor":10},{"not_picked":["Heavy Blade","Fire Breathing","Whirlwind"],"picked":"SKIP","floor":10},{"not_picked":["Fire Breathing","Whirlwind"],"picked":"Heavy Blade","floor":10},{"not_picked":["Dual Wield","Disarm"],"picked":"Fire Breathing","floor":12},{"not_picked":["Pommel Strike","Iron Wave"],"picked":"Sword Boomerang","floor":13},{"not_picked":["Dropkick","Carnage","Thunderclap"],"picked":"SKIP","floor":13},{"not_picked":["Feel No Pain","Feed"],"picked":"Shockwave","floor":14},{"not_picked":["Anger","Clothesline","Body Slam"],"picked":"SKIP","floor":14},{"not_picked":["Corruption","Reaper"],"picked":"Berserk","floor":16},{"not_picked":["Headbutt","Iron Wave+1","Twin Strike"],"picked":"Singing Bowl","floor":18},{"not_picked":["Inflame","Dropkick+1"],"picked":"Dark Embrace","floor":18},{"not_picked":["Sword Boomerang+1","Perfected Strike+1","Clash"],"picked":"Singing Bowl","floor":21},{"not_picked":["Heavy Blade","Wild Strike"],"picked":"Shrug It Off+1","floor":21},{"not_picked":["Searing Blow+1","Armaments","Flex"],"picked":"Singing Bowl","floor":27},{"not_picked":["Pummel","Rampage+1"],"picked":"Shrug It Off+1","floor":27}],"player_experience":390998,"relics_obtained":[{"floor":6,"key":"Prayer Wheel"},{"floor":9,"key":"Bird Faced Urn"},{"floor":12,"key":"Ice Cream"},{"floor":17,"key":"Lantern"},{"floor":17,"key":"Singing Bowl"},{"floor":17,"key":"Dead Branch"}],"event_choices":[{"damage_healed":0,"gold_gain":100,"player_choice":"Gold","damage_taken":0,"max_hp_gain":0,"max_hp_loss":0,"event_name":"Wheel of Change","floor":2,"gold_loss":0},{"damage_healed":0,"gold_gain":0,"player_choice":"Inject Mutagens","damage_taken":0,"relics_obtained":["MutagenicStrength"],"max_hp_gain":0,"max_hp_loss":0,"event_name":"Drug Dealer","floor":19,"gold_loss":0},{"damage_healed":0,"gold_gain":0,"player_choice":"Read","damage_taken":0,"max_hp_gain":0,"max_hp_loss":0,"event_name":"The Library","floor":20,"gold_loss":0,"cards_obtained":["Evolve"]},{"damage_healed":0,"gold_gain":0,"player_choice":"Ignored","damage_taken":0,"max_hp_gain":0,"max_hp_loss":0,"event_name":"Vampires","floor":24,"gold_loss":0}],"is_beta":false,"boss_relics":[{"not_picked":["SacredBark","Busted Crown"],"picked":"Calling Bell"}],"items_purged_floors":[8,22],"is_endless":false,"potions_floor_spawned":[1,13,14,18,21],"killed_by":"Snecko","ascension_level":3}}