{"host":"x000krxjblg8jdg4","time":1611413792,"event":{"mods":["BaseMod","Downfall","Hermit","Minty Spire (QoL Compilation)","StSLib","The Runesmith","The Servant 0.9.4"],"gold_per_floor":[109,25,25,25,25,51,71,86,138,157,182,201,226,244,244,339,339,357,357,51,51,51,78,88,3,3,3,3,3,30,50,50,148,148,160,170,17,31,31,64,64,64,64,79,94,106,123,138,138,138],"floor_reached":51,"language":"ENG","playtime":3972,"items_purged":["Writhe"],"score":914,"play_id":"9ec7b6bf-6150-4198-b471-31c450a998e4","local_time":"20210123125632","is_ascension_mode":false,"campfire_choices":[{"floor":15,"key":"REST"},{"floor":32,"key":"REST"},{"data":"Envenom","floor":41,"key":"SMITH"},{"data":"Envenom","floor":49,"key":"SMITH"}],"circlet_count":0,"master_deck":["Strike_G+1","Strike_G+1","Strike_G+1","Strike_G+1","Strike_G+1","Defend_G+1","Defend_G+1","Defend_G+1","Defend_G+1","Defend_G+1","Survivor","Neutralize","Flying Knee","Infinite Blades","Sucker Punch","Poisoned Stab","Deflect","Blade Dance","Dagger Throw","Blade Dance","Infinite Blades","Heel Hook","Prepared","Envenom+1","Blade Dance","Masterful Stab","Blade Dance","Underhanded Strike","Sucker Punch+1","Envenom+1","Flying Knee+1","Underhanded Strike+1","Noxious Fumes","Blade Dance+1","Infinite Blades+1","Infinite Blades+1","Outmaneuver","Choke+1","Deflect+1","Blur+1"],"relics":["Ring of the Snake","NeowsBlessing","PreservedInsect","Bronze Scales","Toy Ornithopter","Shuriken","Vajra","MutagenicStrength","Ice Cream","Bag of Marbles","Runesmith:Nanobots","Peace Pipe","Kunai","Blue Candle","Ninja Scroll","bronze:MakeshiftBattery","Bag of Preparation","Mummified Hand"],"acts_visited":["Exordium","TheCity","TheBeyond"],"potions_floor_usage":[30,33,50,50,50],"damage_taken":[{"damage":0,"enemies":"2 Louse","floor":1,"turns":1},{"damage":0,"enemies":"Lagavulin","floor":6,"turns":1},{"damage":0,"enemies":"Jaw Worm","floor":7,"turns":1},{"damage":0,"enemies":"Cultist","floor":8,"turns":3},{"damage":17,"enemies":"Gremlin Gang","floor":10,"turns":5},{"damage":0,"enemies":"Gremlin Nob","floor":11,"turns":3},{"damage":4,"enemies":"Blue Slaver","floor":12,"turns":3},{"damage":18,"enemies":"Lagavulin","floor":13,"turns":5},{"damage":0,"enemies":"Large Slime","floor":14,"turns":3},{"damage":0,"enemies":"Slime Boss","floor":16,"turns":4},{"damage":9,"enemies":"Shell Parasite","floor":18,"turns":4},{"damage":31,"enemies":"Gremlin Leader","floor":23,"turns":4},{"damage":7,"enemies":"Chosen","floor":24,"turns":4},{"damage":0,"enemies":"Book of Stabbing","floor":30,"turns":2},{"damage":0,"enemies":"Centurion and Healer","floor":31,"turns":1},{"damage":49,"enemies":"Automaton","floor":33,"turns":7},{"damage":12,"enemies":"3 Shapes","floor":35,"turns":1},{"damage":0,"enemies":"3 Darklings","floor":36,"turns":2},{"damage":0,"enemies":"Jaw Worm Horde","floor":38,"turns":2},{"damage":0,"enemies":"Nemesis","floor":40,"turns":1},{"damage":0,"enemies":"Transient","floor":44,"turns":5},{"damage":0,"enemies":"3 Darklings","floor":45,"turns":2},{"damage":8,"enemies":"4 Shapes","floor":46,"turns":2},{"damage":0,"enemies":"Jaw Worm Horde","floor":47,"turns":2},{"damage":0,"enemies":"3 Darklings","floor":48,"turns":2},{"damage":44,"enemies":"Donu and Deca","floor":50,"turns":5}],"seed_played":"5212770231230550329","potions_obtained":[{"floor":7,"key":"AttackPotion"},{"floor":11,"key":"Weak Potion"},{"floor":13,"key":"SteroidPotion"},{"floor":14,"key":"sneckomod:MuddlingPotion"},{"floor":30,"key":"sneckomod:MuddlingPotion"},{"floor":33,"key":"Dexterity Potion"},{"floor":40,"key":"LiquidBronze"},{"floor":44,"key":"champ:CounterPotion"}],"is_trial":false,"path_per_floor":["M","$","?","T","$","E","M","M","T","M","E","M","E","M","R","B",null,"M","?","$","?","?","E","M","?","T","?","?","$","E","M","R","B",null,"M","M","$","M","$","E","R","?","T","M","M","M","M","M","R","B",null],"character_chosen":"THE_SILENT","items_purchased":["Infinite Blades","Sucker Punch","Ice Cream","Noxious Fumes"],"campfire_rested":2,"item_purchase_floors":[2,2,20,37],"current_hp_per_floor":[70,70,75,75,75,75,75,75,75,58,58,54,36,36,58,58,75,66,66,66,66,66,35,28,28,28,28,23,23,28,28,50,6,75,63,63,63,63,63,63,63,63,63,63,63,55,55,55,55,26],"gold":138,"neow_bonus":"THREE_ENEMY_KILL","is_daily":false,"chose_seed":false,"campfire_upgraded":2,"win_rate":0.0,"timestamp":1611413792,"path_taken":["M","$","?","?","?","E","?","M","T","?","E","M","E","M","R","BOSS","M","?","$","?","?","E","M","?","T","?","?","$","E","?","R","BOSS","M","M","$","M","$","E","R","?","T","M","M","M","M","M","R","BOSS"],"items_purchased_type":["Card","Card","Relic","Card"],"build_version":"2020-12-22","purchased_purges":1,"victory":true,"max_hp_per_floor":[70,70,75,75,75,75,75,75,75,75,75,75,75,75,75,75,75,75,75,75,75,75,75,75,75,75,75,75,75,75,75,75,75,75,75,75,75,75,75,75,75,75,75,75,75,75,75,75,75,75],"card_choices":[{"not_picked":["Dagger Throw","PiercingWail"],"picked":"Flying Knee","floor":1},{"not_picked":["Escape Plan","Leg Sweep"],"picked":"Poisoned Stab","floor":6},{"not_picked":["Riddle With Holes","Dodge and Roll"],"picked":"Deflect","floor":7},{"not_picked":["Underhanded Strike","Dagger Throw"],"picked":"Blade Dance","floor":8},{"not_picked":["Footwork","Eviscerate"],"picked":"Dagger Throw","floor":10},{"not_picked":["Tactician","Dagger Spray"],"picked":"Blade Dance","floor":11},{"not_picked":["Venomology","Underhanded Strike"],"picked":"Infinite Blades","floor":12},{"not_picked":["Dagger Throw","Sucker Punch"],"picked":"Heel Hook","floor":13},{"not_picked":["Calculated Gamble","Dagger Throw"],"picked":"Prepared","floor":14},{"not_picked":["Wraith Form v2","After Image"],"picked":"Envenom","floor":16},{"not_picked":["Bouncing Flask","Predator"],"picked":"Blade Dance","floor":18},{"not_picked":["Tactician","Reflex"],"picked":"Masterful Stab","floor":23},{"not_picked":["Flechettes","Dagger Throw+1"],"picked":"Blade Dance","floor":24},{"not_picked":["Eviscerate","All Out Attack+1"],"picked":"Underhanded Strike","floor":30},{"not_picked":["Deadly Poison","Dagger Throw+1"],"picked":"Sucker Punch+1","floor":31},{"not_picked":["Venomology","Night Terror"],"picked":"Envenom","floor":33},{"not_picked":["Acrobatics","Dagger Throw+1"],"picked":"Flying Knee+1","floor":35},{"not_picked":["Dagger Throw","Calculated Gamble"],"picked":"Underhanded Strike+1","floor":36},{"not_picked":["Skewer+1","Sucker Punch+1"],"picked":"Blade Dance+1","floor":38},{"not_picked":["Distraction+1","Endless Agony"],"picked":"Infinite Blades+1","floor":40},{"not_picked":["Poisoned Stab","Slice"],"picked":"Outmaneuver","floor":44},{"not_picked":["Quick Slash+1","Backflip+1"],"picked":"Choke+1","floor":45},{"not_picked":["Crippling Poison","Dagger Throw"],"picked":"Deflect+1","floor":46},{"not_picked":["Masterful Stab+1","Underhanded Strike+1"],"picked":"Blur+1","floor":47},{"not_picked":["Crippling Poison","Calculated Gamble+1","Deadly Poison"],"picked":"SKIP","floor":48}],"player_experience":18812,"relics_obtained":[{"floor":4,"key":"PreservedInsect"},{"floor":6,"key":"Bronze Scales"},{"floor":9,"key":"Toy Ornithopter"},{"floor":11,"key":"Shuriken"},{"floor":13,"key":"Vajra"},{"floor":23,"key":"Runesmith:Nanobots"},{"floor":26,"key":"Kunai"},{"floor":30,"key":"Ninja Scroll"},{"floor":40,"key":"Bag of Preparation"},{"floor":43,"key":"Mummified Hand"}],"event_choices":[{"damage_healed":0,"gold_gain":0,"player_choice":"Donut","damage_taken":0,"max_hp_gain":5,"max_hp_loss":0,"event_name":"Big Fish","floor":3,"gold_loss":0},{"damage_healed":0,"gold_gain":0,"player_choice":"Inject Mutagens","damage_taken":0,"relics_obtained":["MutagenicStrength"],"max_hp_gain":0,"max_hp_loss":0,"event_name":"Drug Dealer","floor":19,"gold_loss":0},{"damage_healed":0,"gold_gain":0,"player_choice":"Opened","damage_taken":0,"relics_obtained":["Bag of Marbles"],"max_hp_gain":0,"max_hp_loss":0,"event_name":"The Mausoleum","floor":21,"gold_loss":0,"cards_obtained":["Writhe"]},{"damage_healed":0,"gold_gain":0,"player_choice":"Ignored","damage_taken":0,"max_hp_gain":0,"max_hp_loss":0,"event_name":"Cursed Tome","floor":22,"gold_loss":0},{"damage_healed":0,"gold_gain":0,"player_choice":"Obtained Relic","damage_taken":0,"relics_obtained":["Peace Pipe"],"max_hp_gain":0,"max_hp_loss":0,"event_name":"Addict","floor":25,"gold_loss":85},{"damage_healed":0,"gold_gain":0,"player_choice":"Simplicity","damage_taken":0,"max_hp_gain":0,"max_hp_loss":0,"event_name":"Back to Basics","floor":27,"gold_loss":0,"cards_upgraded":["Strike_G","Strike_G","Strike_G","Strike_G","Strike_G","Defend_G","Defend_G","Defend_G","Defend_G","Defend_G"]},{"damage_healed":0,"gold_gain":0,"player_choice":"Copied","damage_taken":0,"max_hp_gain":0,"max_hp_loss":0,"event_name":"Duplicator","floor":42,"gold_loss":0,"cards_obtained":["Infinite Blades"]}],"is_beta":false,"boss_relics":[{"not_picked":["Ring of the Serpent","Snecko Eye","Velvet Choker"]},{"not_picked":["Coffee Dripper","Astrolabe"],"picked":"bronze:MakeshiftBattery"}],"items_purged_floors":[37],"is_endless":false,"potions_floor_spawned":[7,11,13,14,18,30,31,33,36,40,44,45],"ascension_level":0}}