{"host":"owox7x4ngjt9htcc","time":1611388596,"event":{"mods":["BaseMod","Colored Map","DeckTracker","Keyboard Shortcuts","Minty Spire (QoL Compilation)","SuperFastMode"],"gold_per_floor":[114,114,129,144,159,189,189,23,23,23,53,68,83,98,98,98,98],"floor_reached":16,"language":"KOR","playtime":434,"items_purged":[],"score":114,"play_id":"2bde052f-50d2-433d-910c-fdbf8fcf93ee","local_time":"20210123165636","daily_mods":["Cursed Run","Purple Cards","DeadlyEvents"],"is_ascension_mode":false,"campfire_choices":[{"floor":7,"key":"REST"},{"data":"Limit Break","floor":15,"key":"SMITH"}],"circlet_count":0,"master_deck":["Strike_R","Strike_R","Strike_R","Strike_R","Defend_R","Defend_R","Defend_R","Defend_R","Bash","Prostrate","Seeing Red","Flame Barrier","True Grit","Limit Break+1","EmptyFist","Decay","SignatureMove","FollowUp","Heavy Blade"],"relics":["Cursed Key","Darkstone Periapt","Du-Vu Doll","Turnip","InkBottle","Bag of Preparation"],"acts_visited":["Exordium"],"potions_floor_usage":[11,16],"damage_taken":[{"damage":1,"enemies":"Jaw Worm","floor":1,"turns":3},{"damage":1,"enemies":"2 Louse","floor":3,"turns":3},{"damage":0,"enemies":"Cultist","floor":4,"turns":3},{"damage":19,"enemies":"Exordium Thugs","floor":5,"turns":7},{"damage":30,"enemies":"Lagavulin","floor":6,"turns":9},{"damage":17,"enemies":"3 Sentries","floor":11,"turns":8},{"damage":8,"enemies":"Exordium Wildlife","floor":12,"turns":4},{"damage":5,"enemies":"3 Louse","floor":13,"turns":4},{"damage":4,"enemies":"Gremlin Gang","floor":14,"turns":5},{"damage":25,"enemies":"Hexaghost","floor":16,"turns":7}],"seed_played":"-4692305807027556167","potions_obtained":[{"floor":4,"key":"ElixirPotion"},{"floor":5,"key":"LiquidBronze"},{"floor":11,"key":"Weak Potion"},{"floor":14,"key":"Swift Potion"}],"is_trial":false,"path_per_floor":["M","?","M","M","M","E","R","$","T","$","E","M","M","M","R","B"],"character_chosen":"IRONCLAD","items_purchased":["Limit Break","EmptyFist"],"campfire_rested":1,"item_purchase_floors":[8,8],"current_hp_per_floor":[79,79,78,78,59,29,53,53,59,59,42,34,29,25,25,0,0],"gold":98,"neow_bonus":"","is_daily":true,"chose_seed":false,"campfire_upgraded":1,"win_rate":0.0,"timestamp":1611388596,"path_taken":["M","?","M","M","M","E","R","$","T","$","E","?","M","M","R","BOSS"],"items_purchased_type":["Card","Card"],"build_version":"2020-12-22","purchased_purges":0,"victory":false,"max_hp_per_floor":[80,80,80,80,80,80,80,80,86,86,86,86,86,86,86,86,86],"card_choices":[{"not_picked":["CrushJoints","Thunderclap"],"picked":"Prostrate","floor":1},{"not_picked":["Flex","Combust"],"picked":"Seeing Red","floor":3},{"not_picked":["FollowUp","Clash"],"picked":"Flame Barrier","floor":4},{"not_picked":["Halt","Warcry"],"picked":"True Grit","floor":5},{"not_picked":["Perfected Strike","EmptyMind","Halt"],"picked":"SKIP","floor":6},{"not_picked":["Nirvana","Warcry"],"picked":"SignatureMove","floor":11},{"not_picked":["Warcry","Blasphemy"],"picked":"FollowUp","floor":12},{"not_picked":["Heavy Blade","EmptyMind","Perfected Strike"],"picked":"SKIP","floor":13},{"not_picked":["EmptyMind","Perfected Strike"],"picked":"Heavy Blade","floor":13},{"not_picked":["Protect","DeceiveReality","Evaluate"],"picked":"SKIP","floor":14}],"player_experience":897668,"relics_obtained":[{"floor":6,"key":"Turnip"},{"floor":9,"key":"InkBottle"},{"floor":11,"key":"Bag of Preparation"}],"event_choices":[{"cards_removed":["Strike_R"],"damage_healed":0,"gold_gain":0,"player_choice":"Forget","damage_taken":0,"max_hp_gain":0,"max_hp_loss":0,"event_name":"Living Wall","floor":2,"gold_loss":0}],"is_beta":false,"boss_relics":[],"items_purged_floors":[],"is_endless":false,"potions_floor_spawned":[4,5,11,14],"killed_by":"Hexaghost","ascension_level":0}}