{"host":"wogey4gsknv4ot2d","time":1611413462,"event":{"mods":["2.2 Compatiblity","AchievementEnabler","Alarm Clock","BaseMod","Bestiary","Better Match","Better Third Choice","Colored Map","Colored Powertips","Googly Eyes","Key Reminder","Minty Spire (QoL Compilation)","Permanent Neow","Rare Cards Sparkle","Relic Stats","StSLib"],"gold_per_floor":[219,88,105,116,133,163,163,191,191,203,203,221,221,232,232,337,337,352,364,364,364],"floor_reached":20,"language":"ENG","playtime":642,"items_purged":[],"score":197,"play_id":"ef206cd4-0b22-45db-8d7d-550483048edd","local_time":"20210123085102","is_ascension_mode":true,"campfire_choices":[{"floor":7,"key":"REST"},{"floor":11,"key":"RECALL"},{"floor":15,"key":"REST"}],"circlet_count":0,"master_deck":["Strike_G","Strike_G","Strike_G","Strike_G","Defend_G","Defend_G","Defend_G","Defend_G","Defend_G","Survivor","Neutralize","Flying Knee","Catalyst","Bane","Deadly Poison","Bouncing Flask","Noxious Fumes","Poisoned Stab","Noxious Fumes","PiercingWail","Poisoned Stab","Die Die Die","Dodge and Roll","Terror"],"relics":["Ring of the Snake","Dream Catcher","Question Card","WristBlade"],"acts_visited":["Exordium","TheCity"],"potions_floor_usage":[5,8,16,20],"damage_taken":[{"damage":9,"enemies":"Cultist","floor":1,"turns":5},{"damage":0,"enemies":"2 Louse","floor":3,"turns":4},{"damage":2,"enemies":"Small Slimes","floor":4,"turns":5},{"damage":4,"enemies":"2 Fungi Beasts","floor":5,"turns":3},{"damage":27,"enemies":"3 Sentries","floor":6,"turns":11},{"damage":9,"enemies":"Lagavulin","floor":8,"turns":4},{"damage":19,"enemies":"3 Louse","floor":10,"turns":3},{"damage":7,"enemies":"Looter","floor":12,"turns":3},{"damage":5,"enemies":"2 Fungi Beasts","floor":14,"turns":3},{"damage":31,"enemies":"The Guardian","floor":16,"turns":6},{"damage":29,"enemies":"Spheric Guardian","floor":18,"turns":5},{"damage":10,"enemies":"Chosen","floor":19,"turns":4},{"damage":37,"enemies":"Masked Bandits","floor":20,"turns":3}],"seed_played":"-8926749320279950012","potions_obtained":[{"floor":1,"key":"FairyPotion"},{"floor":3,"key":"Explosive Potion"},{"floor":12,"key":"DistilledChaos"},{"floor":19,"key":"AttackPotion"}],"is_trial":false,"path_per_floor":["M","$","M","M","M","E","R","E","T","M","R","M","?","M","R","B",null,"M","M","?"],"character_chosen":"THE_SILENT","items_purchased":["Catalyst","Block Potion"],"campfire_rested":2,"item_purchase_floors":[2,2],"current_hp_per_floor":[61,61,61,59,55,28,49,40,40,21,21,14,14,9,30,21,70,41,31,0,0],"gold":364,"neow_bonus":"HUNDRED_GOLD","is_daily":false,"chose_seed":false,"campfire_upgraded":0,"win_rate":0.0,"timestamp":1611413462,"path_taken":["M","$","M","M","M","E","R","E","T","M","R","?","?","M","R","BOSS","M","M","?"],"items_purchased_type":["Card","Potion"],"build_version":"2020-12-22","purchased_purges":0,"victory":false,"max_hp_per_floor":[70,70,70,70,70,70,70,70,70,70,70,70,70,70,70,70,70,70,70,70,70],"relic_stats":{"Dream Catcher":2,"counters":[13,59],"Question Card":7,"obtain_stats":[{"keyreminder:keyreminder":6,"Dream Catcher":6,"WristBlade":17,"Question Card":8,"Ring of the Snake":0},{"keyreminder:keyreminder":5,"Dream Catcher":5,"WristBlade":10,"Question Card":6,"Ring of the Snake":0},{"keyreminder:keyreminder":28,"Dream Catcher":28,"WristBlade":47,"Question Card":32,"Ring of the Snake":0}],"Ring of the Snake":[26]},"card_choices":[{"not_picked":["Well Laid Plans","Riddle With Holes"],"picked":"Flying Knee","floor":1},{"not_picked":["Dagger Spray","Expertise"],"picked":"Bane","floor":3},{"not_picked":["Blade Dance","Backflip","Underhanded Strike"],"picked":"SKIP","floor":4},{"not_picked":["Finisher","Heel Hook"],"picked":"Deadly Poison","floor":5},{"not_picked":["Blur","Calculated Gamble"],"picked":"Bouncing Flask","floor":6},{"not_picked":["Bullet Time","Riddle With Holes"],"picked":"Noxious Fumes","floor":8},{"not_picked":["Outmaneuver","Distraction","Quick Slash"],"picked":"Poisoned Stab","floor":10},{"not_picked":["Infinite Blades","Adrenaline","Blade Dance"],"picked":"Noxious Fumes","floor":12},{"not_picked":["Blur","Deflect","Prepared"],"picked":"Poisoned Stab","floor":14},{"not_picked":["Adrenaline","After Image","Doppelganger"],"picked":"Die Die Die","floor":16},{"not_picked":["All Out Attack","Infinite Blades","Expertise+1"],"picked":"Dodge and Roll","floor":18},{"not_picked":["Underhanded Strike","Riddle With Holes","Dodge and Roll"],"picked":"Terror","floor":19}],"player_experience":73034,"relics_obtained":[{"floor":6,"key":"Dream Catcher"},{"floor":8,"key":"Question Card"}],"event_choices":[{"damage_healed":0,"gold_gain":0,"cards_transformed":["Strike_G"],"player_choice":"Transformed","damage_taken":0,"max_hp_gain":0,"max_hp_loss":0,"event_name":"Transmorgrifier","floor":13,"gold_loss":0,"cards_obtained":["PiercingWail"]},{"damage_healed":0,"gold_gain":0,"player_choice":"Fought Bandits","damage_taken":0,"max_hp_gain":0,"max_hp_loss":0,"event_name":"Masked Bandits","floor":20,"gold_loss":0}],"is_beta":false,"boss_relics":[{"not_picked":["Cursed Key","Snecko Eye"],"picked":"WristBlade"}],"items_purged_floors":[],"is_endless":false,"potions_floor_spawned":[1,3,12,16,19],"killed_by":"Masked Bandits","ascension_level":1}}