{"host":"roto7j7840a50pxh","time":1611385965,"event":{"mods":["Act Like it!","BaseMod","Better Altar","Better Note","Better Sensory Stone","Better Skull","Better Third Choice","BetterRewards","Colored Map","Colored Powertips","Downfall","Hermit","Highlight Path","Hubris","Infinite Spire","Minty Spire (QoL Compilation)","Robot Space Explorer","Shade Mod","Spicy Shops","StSLib","The Cursed","The Dragon Tamer","The Hierophant","The Necromancer","The Runesmith","The Servant 0.9.4","TheVacant"],"gold_per_floor":[109,123,134,134,152,186,186,30,30,30,63,63,63,63,63,166,166,185,185,204,218,198,198,228,228,254,285,299,318,318,338,338,435,435,453,453,728,728,21,47,347,347,347,347,347,359,407,444,456,468],"floor_reached":51,"language":"ENG","playtime":8797,"items_purged":["theVacant:VacantStarterStrike"],"score":1424,"play_id":"bf39f3d3-eff9-45fa-a429-e7e37ece698f","local_time":"20210123021245","is_ascension_mode":true,"campfire_choices":[{"floor":7.0,"key":"REST"},{"data":"theVacant:Release","floor":13,"key":"SMITH"},{"data":"theVacant:Soothe","floor":15,"key":"SMITH"},{"data":"theVacant:EmbraceDarkness","floor":23,"key":"SMITH"},{"data":"theVacant:Sneeze","floor":25,"key":"SMITH"},{"data":"infinitespire:TheBestDefense","floor":30,"key":"SMITH"},{"data":"theVacant:WaitInWrath","floor":32,"key":"SMITH"},{"data":"theVacant:ForgeSoul","floor":44,"key":"SMITH"},{"data":"theVacant:ShutAway","floor":46,"key":"SMITH"},{"data":"theVacant:SpiritOrb","floor":49,"key":"SMITH"}],"circlet_count":0,"master_deck":["theVacant:VacantStarterStrike","theVacant:VacantStarterStrike","theVacant:VacantStarterDefend","theVacant:VacantStarterDefend","theVacant:VacantStarterDefend","theVacant:VacantStarterDefend","theVacant:Release+1","theVacant:Crunch","theVacant:Husk","theVacant:BattleScars","theVacant:EyePoke","theVacant:BattleScars","theVacant:Anguish","theVacant:Sneeze+1","theVacant:Spinshield","theVacant:EmbraceDarkness+1","theVacant:LashOut","theVacant:Barrage","theVacant:ShutAway+1","theVacant:OnSecondThought","theVacant:LichStrike","theVacant:Dig","theVacant:Jab","theVacant:WaitInWrath+1","theVacant:ShriekingBlast","theVacant:BellToll","theVacant:Soothe+1","theVacant:Cower","infinitespire:Fortify","infinitespire:TheBestDefense+1","theVacant:TheAnvil","CurseOfTheBell","theVacant:Threat","theVacant:GraveWave","theVacant:Dig","theVacant:ShutAway+1","theVacant:SpiritOrb+1","theVacant:EmbraceDarkness+1","theVacant:CleanseSoul","theVacant:Fling+1","theVacant:ForgeSoul+1","theVacant:Dig+1","Regret","Decay","theVacant:ShutAway+1","theVacant:Whip","theVacant:WaitInWrath","theVacant:Gloom","theVacant:WaitInWrath","theVacant:Threat+1","Madness","Madness","theVacant:Barrage+1","theVacant:SpiritOrb+1"],"relics":["theVacant:BrassGoblet","infinitespire:ShieldingShard","Anchor","Medical Kit","hubris:TenFootPole","Blue Candle","Juzu Bracelet","hubris:Zylophone","Calling Bell","hubris:ToyBattleship","Shuriken","CaptainsWheel","The Courier","Bag of Marbles","infinitespire:Satchel","SlaversCollar","Bag of Preparation","DollysMirror","Torii","Smiling Mask","Question Card","MawBank","Runesmith:AutoHammer","CeramicFish"],"acts_visited":["Exordium","TheCity","TheBeyond"],"potions_floor_usage":[50],"damage_taken":[{"damage":0.0,"enemies":"Small Slimes","floor":1.0,"turns":2.0},{"damage":0.0,"enemies":"Cultist","floor":2.0,"turns":2.0},{"damage":0.0,"enemies":"2 Louse","floor":3.0,"turns":2.0},{"damage":3.0,"enemies":"Gremlin Gang","floor":5.0,"turns":4.0},{"damage":24.0,"enemies":"Gremlin Nob","floor":6.0,"turns":5.0},{"damage":0,"enemies":"3 Sentries","floor":11,"turns":5},{"damage":0,"enemies":"Slime Boss","floor":16,"turns":13},{"damage":0,"enemies":"3 Byrds","floor":18,"turns":2},{"damage":0,"enemies":"Spheric Guardian","floor":20,"turns":6},{"damage":0,"enemies":"Centurion and Healer","floor":21,"turns":7},{"damage":0,"enemies":"Slavers","floor":24,"turns":4},{"damage":0,"enemies":"Gremlin Leader","floor":27,"turns":4},{"damage":0,"enemies":"3 Cultists","floor":28,"turns":3},{"damage":0,"enemies":"Chosen and Byrds","floor":29,"turns":4},{"damage":0,"enemies":"Cultist and Chosen","floor":31,"turns":2},{"damage":43,"enemies":"hubris:MusketHawk","floor":33,"turns":11},{"damage":0,"enemies":"Orb Walker","floor":35,"turns":3},{"damage":0,"enemies":"Giant Head","floor":40,"turns":7},{"damage":0,"enemies":"Reptomancer","floor":47,"turns":1},{"damage":0,"enemies":"3 Shapes","floor":48,"turns":7},{"damage":0,"enemies":"Time Eater","floor":50,"turns":4}],"seed_played":"2325618504644860350","potions_obtained":[{"floor":3.0,"key":"FairyPotion"},{"floor":11,"key":"EssenceOfSteel"},{"floor":22,"key":"EntropicBrew"},{"floor":24,"key":"infinitespire:BlackPotion"},{"floor":28,"key":"champ:CounterPotion"}],"is_trial":false,"path_per_floor":["M","M","M","?","M","E","R","$","T","?","E","?","R","AVR","R","B",null,"M","?","M","M","?","R","E","R","T","E","M","M","R","M","R","B",null,"M","?","?","?","$","E","?","?","T","R","?","R","E","M","R","B",null],"character_chosen":"THE_VACANT","items_purchased":["theVacant:Husk","theVacant:BattleScars","theVacant:EyePoke","infinitespire:ShieldingShard","theVacant:BattleScars","theVacant:Anguish","theVacant:Sneeze","Anchor","theVacant:Spinshield","theVacant:EmbraceDarkness","Medical Kit","theVacant:LashOut","theVacant:Barrage","theVacant:WaitInWrath","theVacant:ShriekingBlast","theVacant:BellToll","Bag of Preparation","DollysMirror","Torii","theVacant:Whip","theVacant:WaitInWrath","theVacant:Gloom","theVacant:WaitInWrath"],"campfire_rested":1,"item_purchase_floors":[0,0,0,0,0,0,0,0,0,0,0,0,0,8,8,8,39,39,39,39,39,39,39],"current_hp_per_floor":[34,34,34,34,37,13,35,35,35,35,35,35,35,35,35,47,75,75,75,75,75,75,75,75,75,75,75,75,75,75,75,75,49,75,75,75,75,75,75,75,75,71,71,71,54,54,54,54,54,54],"gold":480,"neow_bonus":"","is_daily":false,"chose_seed":false,"campfire_upgraded":9,"win_rate":0.0,"timestamp":1611385965,"path_taken":["M","M","M","?","M","E","R","$","T","?","E","?","R","AVR","R","BOSS","M","?","M","M","?","R","E","R","T","E","M","M","R","M","R","BOSS","M","?","?","?","$","E","?","?","T","R","?","R","E","M","R","BOSS"],"items_purchased_type":["Card","Card","Card","Relic","Card","Card","Card","Relic","Card","Card","Relic","Card","Card","Card","Card","Card","Relic","Relic","Relic","Card","Card","Card","Card"],"build_version":"2020-12-22","purchased_purges":1,"victory":true,"max_hp_per_floor":[75,75,75,75,75,75,75,75,75,75,75,75,75,75,75,75,75,75,75,75,75,75,75,75,75,75,75,75,75,75,75,75,75,75,75,75,75,75,75,75,75,75,75,75,75,75,75,75,75,75],"card_choices":[{"not_picked":["theVacant:Spinshield","theVacant:Unearth"],"picked":"theVacant:ShutAway","floor":1.0},{"not_picked":["theVacant:Enrage","theVacant:CursedBlast"],"picked":"theVacant:OnSecondThought","floor":2.0},{"not_picked":["theVacant:Thoughtseize","theVacant:LashOut"],"picked":"theVacant:LichStrike","floor":3.0},{"not_picked":["theVacant:SurpriseAttack","theVacant:WhenDarknessComes"],"picked":"theVacant:Dig","floor":5.0},{"not_picked":["theVacant:Spinshield","theVacant:FranticBlow"],"picked":"theVacant:Jab","floor":6.0},{"not_picked":["theVacant:Expand","theVacant:LichStrike"],"picked":"theVacant:Soothe","floor":11},{"not_picked":["theVacant:FiendFrost","theVacant:TimeSkip"],"picked":"theVacant:TheAnvil","floor":16},{"not_picked":["theVacant:Return","theVacant:Enrage+1"],"picked":"theVacant:Threat","floor":18},{"not_picked":["theVacant:TimeSkip","theVacant:Soothe+1"],"picked":"theVacant:GraveWave","floor":20},{"not_picked":["theVacant:EmptyShield+1","theVacant:GraveDigger+1"],"picked":"theVacant:Dig","floor":21},{"not_picked":["theVacant:WhenDarknessComes","theVacant:Throttle"],"picked":"theVacant:ShutAway+1","floor":24},{"not_picked":["theVacant:Recover","theVacant:Necromancy"],"picked":"theVacant:SpiritOrb+1","floor":27},{"not_picked":["theVacant:Recover","theVacant:Dig"],"picked":"theVacant:EmbraceDarkness+1","floor":28},{"not_picked":["theVacant:EmbraceDarkness","theVacant:Soothe"],"picked":"theVacant:CleanseSoul","floor":29},{"not_picked":["theVacant:Cower","theVacant:Jab"],"picked":"theVacant:Fling+1","floor":31},{"not_picked":["theVacant:Rejection","theVacant:FromNothing"],"picked":"theVacant:ForgeSoul","floor":33},{"not_picked":["theVacant:Thoughtseize+1","theVacant:EyePoke+1"],"picked":"theVacant:Dig+1","floor":35},{"not_picked":["theVacant:TheAnvil","theVacant:Dig"],"picked":"theVacant:Threat+1","floor":40},{"not_picked":["theVacant:Enrage","theVacant:EyePoke","theVacant:BattleScars"],"picked":"theVacant:Barrage+1","floor":47},{"not_picked":["theVacant:BattleScars","theVacant:BellToll+1","theVacant:Dig"],"picked":"theVacant:SpiritOrb","floor":48}],"player_experience":1601912,"relics_obtained":[{"floor":6.0,"key":"hubris:TenFootPole"},{"floor":9.0,"key":"Blue Candle"},{"floor":11,"key":"Juzu Bracelet"},{"floor":17,"key":"hubris:ToyBattleship"},{"floor":17,"key":"Shuriken"},{"floor":17,"key":"CaptainsWheel"},{"floor":24,"key":"The Courier"},{"floor":26,"key":"Bag of Marbles"},{"floor":27,"key":"infinitespire:Satchel"},{"floor":40,"key":"Smiling Mask"},{"floor":43,"key":"Question Card"},{"floor":47,"key":"CeramicFish"}],"event_choices":[{"damage_healed":0.0,"max_hp_gain":0.0,"max_hp_loss":0.0,"gold_gain":0.0,"event_name":"Golden Wing","player_choice":"Ignored","floor":4.0,"gold_loss":0.0,"damage_taken":0.0},{"damage_healed":0.0,"max_hp_gain":0.0,"max_hp_loss":0.0,"gold_gain":0.0,"event_name":"Dead Adventurer","player_choice":"Searched \u00270\u0027 times","floor":10.0,"gold_loss":0.0,"damage_taken":0.0},{"damage_healed":0,"gold_gain":0,"player_choice":"Full Heal","damage_taken":0,"max_hp_gain":0,"max_hp_loss":0,"event_name":"Wheel of Change","floor":19,"gold_loss":0},{"damage_healed":0,"gold_gain":0,"player_choice":"Bought 1 Potion","damage_taken":0,"max_hp_gain":0,"max_hp_loss":0,"event_name":"The Woman in Blue","floor":22,"gold_loss":0},{"cards_removed":["theVacant:VacantStarterStrike"],"damage_healed":0,"gold_gain":0,"player_choice":"Removed Attack","damage_taken":0,"max_hp_gain":0,"max_hp_loss":0,"event_name":"Falling","floor":36,"gold_loss":0},{"damage_healed":0,"gold_gain":275,"player_choice":"Desecrate","damage_taken":0,"max_hp_gain":0,"max_hp_loss":0,"event_name":"Golden Shrine","floor":37,"gold_loss":0,"cards_obtained":["Regret"]},{"damage_healed":0,"gold_gain":300,"player_choice":"Gold","damage_taken":0,"max_hp_gain":0,"max_hp_loss":0,"event_name":"Wheel of Change","floor":41,"gold_loss":0},{"damage_healed":0,"gold_gain":0,"player_choice":"Embrace Madness","damage_taken":9,"max_hp_gain":0,"max_hp_loss":0,"event_name":"Winding Halls","floor":42,"gold_loss":0,"cards_obtained":["Madness","Madness"]},{"damage_healed":0,"gold_gain":0,"player_choice":"RE RE ","damage_taken":39,"relics_obtained":["MawBank","Runesmith:AutoHammer"],"max_hp_gain":0,"max_hp_loss":0,"event_name":"betterSkull:BetterSkull","floor":45,"gold_loss":0,"cards_upgraded":[]}],"is_beta":false,"boss_relics":[{"not_picked":["hubris:TerracottaHorce","Busted Crown"],"picked":"Calling Bell"},{"not_picked":["Coffee Dripper","hubris:CrackedHourglass"],"picked":"SlaversCollar"}],"items_purged_floors":[39],"is_endless":false,"potions_floor_spawned":[3,11,24,28,31,33,48],"ascension_level":4}}