{"host":"pno9h1fupbyz205f","time":1611360865,"event":{"mods":["Aspiration","BaseMod","Better Altar","Better Match","Better Note","Better Sensory Stone","Better Skull","Better Third Choice","Colored Map","Colored Powertips","Hermit","Highlight Path","Hubris","Infinite Spire","Jedi Mod","Mad Scientist","Marisa????????","Minty Spire (QoL Compilation)","Permanent Neow","Potionbrewer","Prisma Mod","Replay The Spire","Robot Space Explorer","Shop Mod","Spicy Shops","StSLib","Td1madao Mod","The Blackbeard","The Gatherer","The Hierophant","The Marked","The Poker Player","The Runesmith","The Servant 0.9.4","The Spell Scribe","The Vixen","thorton","vexMod"],"gold_per_floor":[111,189,238,249,19,50,0,0,50,84,84,84,101,120,120,220,220,236,236,186,33,51,51,64,99,99,110,145,162,189,205,205,310,310,310],"floor_reached":34,"language":"ENG","playtime":1804,"items_purged":["hermit:Combo"],"score":470,"play_id":"2dc26a3c-a34b-4643-a23e-1c933af033e7","local_time":"20210122161425","daily_mods":["Draft","Heirloom","Time Dilation"],"is_ascension_mode":false,"campfire_choices":[{"data":"hermit:CalledShot","floor":8,"key":"SMITH"},{"data":"hermit:CalledShot","floor":11,"key":"SMITH"},{"data":"hermit:LoneWolf","floor":15,"key":"SMITH"},{"data":"hermit:LoneWolf","floor":23,"key":"SMITH"},{"data":"hermit:GoldenBullet","floor":32,"key":"SMITH"}],"circlet_count":0,"master_deck":["hermit:Snipe","hermit:Dive","hermit:CalledShot+1","hermit:Coalescence","hermit:FlashPowder","hermit:Dive","hermit:LoneWolf+1","hermit:GhostlyPresence","hermit:GhostlyPresence","hermit:LoneWolf+1","hermit:TakeCover","hermit:BigShot+1","hermit:Deadeye","hermit:Snipe","hermit:CalledShot+1","hermit:Ricochet","hermit:Headshot","hermit:CursedWeapon","hermit:BlackWind","hermit:Enervate","hermit:Deadeye+1","hubris:InfiniteBlow+12","hermit:TakeAim+1","hermit:GoldenBullet+1","hermit:Quickdraw","hermit:DeadOrAlive"],"relics":["hermit:Momento","jedi:gremlinknob","ReplayTheSpireMod:Lightbulb","jedi:cryingmask","Bag of Preparation","Kunai","aspiration:Lifesprig","Potion Belt","hubris:RunicObelisk","Runesmith:AutoHammer","Replay:Baseball","infinitespire:Lychee Nut","MealTicket","Centennial Puzzle","Replay:Grab Bag","Coffee Dripper","vexMod:DeviousBotling"],"acts_visited":["Exordium","TheCity"],"potions_floor_usage":[4,10,14,16,22,22,25,33],"damage_taken":[{"damage":0,"enemies":"Small Slimes","floor":1,"turns":10},{"damage":6,"enemies":"2 Louse","floor":4,"turns":6},{"damage":7,"enemies":"Lagavulin","floor":6,"turns":10},{"damage":8,"enemies":"Gremlin Nob","floor":10,"turns":3},{"damage":0,"enemies":"Jaw Worm","floor":13,"turns":1},{"damage":3,"enemies":"Blue Slaver","floor":14,"turns":3},{"damage":16,"enemies":"Slime Boss","floor":16,"turns":7},{"damage":2,"enemies":"Chosen","floor":18,"turns":3},{"damage":13,"enemies":"3 Byrds","floor":22,"turns":6},{"damage":13,"enemies":"Centurion and Healer","floor":24,"turns":5},{"damage":16,"enemies":"Nightmare","floor":25,"turns":6},{"damage":7,"enemies":"Shelled Parasite and Fungi","floor":27,"turns":3},{"damage":0,"enemies":"Gremlin Leader","floor":28,"turns":1},{"damage":0,"enemies":"Snecko","floor":29,"turns":1},{"damage":18,"enemies":"Replay:Snechameleon","floor":30,"turns":5},{"damage":0,"enemies":"Snake Plant","floor":31,"turns":3},{"damage":25,"enemies":"hubris:MusketHawk","floor":33,"turns":6}],"seed_played":"-3736382798485096182","potions_obtained":[{"floor":2,"key":"Regen Potion"},{"floor":2,"key":"potionbrewer:NoxiousPotion"},{"floor":10,"key":"SkillPotion"},{"floor":14,"key":"potionbrewer:BlacksmithPotion"},{"floor":18,"key":"potionbrewer:SplittingPotion"},{"floor":30,"key":"Weak Potion"},{"floor":33,"key":"Weak Potion"}],"is_trial":true,"path_per_floor":["M","?","T","M","$","E","$","R","T","E","R","?","M","M","R","B",null,"M","?","?","$","M","R","M","NM","T","M","E","M","E","M","R","B",null],"character_chosen":"HERMIT","items_purchased":["Bag of Preparation","hermit:Headshot","Runesmith:AutoHammer"],"campfire_rested":0,"item_purchase_floors":[5,7,21],"current_hp_per_floor":[75,57,57,51,51,44,44,44,44,45,45,50,50,47,47,31,80,78,78,78,78,65,65,52,36,36,34,34,34,22,27,27,8,8,8],"gold":310,"neow_bonus":"","is_daily":false,"chose_seed":false,"campfire_upgraded":5,"win_rate":0.0,"timestamp":1611360865,"path_taken":["M","?","?","M","$","E","?","R","T","E","R","?","M","M","R","BOSS","M","?","?","$","M","R","M","NM","T","?","E","M","E","M","R","BOSS"],"items_purchased_type":["Relic","Card","Relic"],"build_version":"2020-12-22","purchased_purges":1,"victory":false,"max_hp_per_floor":[75,75,75,75,75,75,75,75,75,75,75,80,80,80,80,80,80,80,80,80,80,80,80,80,80,60,60,60,60,60,60,60,60,60,60],"card_choices":[{"not_picked":["hermit:Headshot","hermit:WideOpen"],"picked":"hermit:Snipe","floor":0},{"not_picked":["hermit:Snipe","hermit:Desperado"],"picked":"hermit:Dive","floor":0},{"not_picked":["hermit:Virtue","hermit:Roulette"],"picked":"hermit:CalledShot","floor":0},{"not_picked":["hermit:LuckOfTheDraw","hermit:Desperado"],"picked":"hermit:Coalescence","floor":0},{"not_picked":["hermit:Roulette","hermit:Ricochet"],"picked":"hermit:FlashPowder","floor":0},{"not_picked":["hermit:Snipe","hermit:Shortfuse"],"picked":"hermit:Dive","floor":0},{"not_picked":["hermit:Quickdraw","hermit:FullyLoaded"],"picked":"hermit:LoneWolf","floor":0},{"not_picked":["hermit:Desperado","hermit:Glare"],"picked":"hermit:GhostlyPresence","floor":0},{"not_picked":["hermit:BodyArmor","hermit:FlashPowder"],"picked":"hermit:Combo","floor":0},{"not_picked":["hermit:Roulette","hermit:WideOpen"],"picked":"hermit:GhostlyPresence","floor":0},{"not_picked":["hermit:Feint","hermit:Snipe"],"picked":"hermit:LoneWolf","floor":0},{"not_picked":["hermit:Virtue","hermit:Feint"],"picked":"hermit:TakeCover","floor":0},{"not_picked":["hermit:TrackingShot","hermit:HoleUp"],"picked":"hermit:BigShot","floor":0},{"not_picked":["hermit:Quickdraw","hermit:SprayPray"],"picked":"hermit:Deadeye","floor":0},{"not_picked":["hermit:ItchyTrigger","hermit:Glare"],"picked":"hermit:Snipe","floor":0},{"not_picked":["hermit:Glare","hermit:LowProfile","hermit:FullyLoaded"],"picked":"SKIP","floor":1},{"not_picked":["hermit:WideOpen","hermit:Horror"],"picked":"hermit:CalledShot","floor":2},{"not_picked":["hermit:LowProfile","hermit:Midnight","hermit:Spite"],"picked":"SKIP","floor":4},{"not_picked":["hermit:SprayPray","hermit:Determination"],"picked":"hermit:Ricochet","floor":6},{"not_picked":["hermit:Roulette","hermit:Virtue","hermit:NoHoldsBarred"],"picked":"SKIP","floor":10},{"not_picked":["hermit:Dive","hermit:ItchyTrigger","hermit:Purgatory"],"picked":"SKIP","floor":13},{"not_picked":["hermit:HoleUp","hermit:LowProfile"],"picked":"hermit:CursedWeapon","floor":14},{"not_picked":["hermit:EternalForm","hermit:HeroicBravado"],"picked":"hermit:BlackWind","floor":16},{"not_picked":["hermit:Grudge","hermit:Determination"],"picked":"hermit:Enervate","floor":18},{"not_picked":["hermit:Snipe","hermit:TrackingShot"],"picked":"hermit:Deadeye+1","floor":22},{"not_picked":["hermit:SprayPray","hermit:Maintenance","hermit:Grudge"],"picked":"SKIP","floor":24},{"not_picked":["Replay:Fractal Strike","ReplayTheSpireMod:Haul"],"picked":"hubris:InfiniteBlow+12","floor":25},{"not_picked":["hermit:Gestalt","hermit:FullyLoaded"],"picked":"hermit:TakeAim+1","floor":25},{"not_picked":["hermit:HighCaliber+1","hermit:Ricochet","hermit:Grudge+1"],"picked":"SKIP","floor":27},{"not_picked":["hermit:BodyArmor","hermit:Combo"],"picked":"hermit:GoldenBullet","floor":28},{"not_picked":["hermit:TakeCover+1","hermit:Manifest"],"picked":"hermit:Quickdraw","floor":29},{"not_picked":["hermit:Snipe+1","hermit:WideOpen","hermit:Misfire"],"picked":"SKIP","floor":30},{"not_picked":["hermit:Roulette","hermit:Coalescence","hermit:OverwhelmingPower"],"picked":"SKIP","floor":31},{"not_picked":["hermit:Dissolve","hermit:EternalForm"],"picked":"hermit:DeadOrAlive","floor":33}],"player_experience":217857,"relics_obtained":[{"floor":2,"key":"ReplayTheSpireMod:Lightbulb"},{"floor":3,"key":"jedi:cryingmask"},{"floor":6,"key":"Kunai"},{"floor":9,"key":"aspiration:Lifesprig"},{"floor":10,"key":"Potion Belt"},{"floor":25,"key":"Replay:Baseball"},{"floor":26,"key":"infinitespire:Lychee Nut"},{"floor":28,"key":"MealTicket"},{"floor":30,"key":"Centennial Puzzle"}],"event_choices":[{"damage_healed":0,"gold_gain":0,"player_choice":"Donut","damage_taken":0,"max_hp_gain":5,"max_hp_loss":0,"event_name":"Big Fish","floor":12,"gold_loss":0},{"cards_removed":["hermit:LoneWolf"],"damage_healed":0,"gold_gain":0,"player_choice":"Give","damage_taken":0,"max_hp_gain":0,"max_hp_loss":0,"event_name":"betterNote:BetterNote","floor":19,"gold_loss":0,"cards_obtained":["None"]},{"damage_healed":0,"gold_gain":0,"player_choice":"Bet on Murderer","damage_taken":0,"max_hp_gain":0,"max_hp_loss":0,"event_name":"The Joust","floor":20,"gold_loss":50}],"is_beta":false,"boss_relics":[{"not_picked":["Ectoplasm","jedi:hotpepper"],"picked":"hubris:RunicObelisk"},{"not_picked":["Fusion Hammer","jedi:battlestandard"],"picked":"Replay:Grab Bag"},{"not_picked":["Runesmith:UraniumAnvil","hubris:CrackedHourglass"],"picked":"Coffee Dripper"},{"not_picked":["Cursed Key","vexMod:RockOfEvil"],"picked":"vexMod:DeviousBotling"}],"items_purged_floors":[5],"is_endless":false,"potions_floor_spawned":[10,14,18,30,33],"ascension_level":0}}