{"host":"h26iowzi6bk5r55d","time":1611378174,"event":{"mods":["100% Spire Juice","ATMod(°¢èªMod)","Aspiration","BaseMod","ChefMod","Colored Powertips","Dota2Spire","Downfall","Energized Spire","Marisa£¨ìFÓê¡¡Ä§ÀíÉ³£©","Minty Spire (QoL Compilation)","Relic Stats","Remilia£¨ÀÙÃ×ÀòÑÇ£©","RumiaBox-Â¶Ã×æ«µÄÉñÃØºÐ×Ó","StSLib","The Administrix","The Servant 0.9.4","The Wild Card","TheVelvet","Youmu£¨»êÆÇÑýÃÎ£©","vexMod","¡¾ÒÅÎï¿¨ÅÆ¡¿REMEMod","²ÐÁôÖ®Îï"],"gold_per_floor":[113,128,53,73,88,118,147,179,272,255,285,297,327,373,385,499,511,539,597,626,658,670,682,682],"floor_reached":23,"language":"ZHS","playtime":1730,"items_purged":["chefmod:Strike"],"score":261,"play_id":"bfc15058-61bc-4b3d-af7c-2eacfd9ce8e5","local_time":"20210123130254","is_ascension_mode":false,"campfire_choices":[{"floor":12,"key":"REST"},{"data":"chefmod:OldCookbook","floor":15,"key":"SMITH"}],"circlet_count":0,"master_deck":["chefmod:Strike","chefmod:Strike","chefmod:Strike","chefmod:QuickThaw","chefmod:Defend","chefmod:Defend","chefmod:Defend","chefmod:Defend","chefmod:TodaysSpecial","AT_EssenceShift","chefmod:DeepFreeze","chefmod:FryPan","chefmod:SliceAndDice","chefmod:SpaghettiCarbonara","chefmod:SliceAndDice","chefmod:ZaruSoba","chefmod:Sorbet","chefmod:OldCookbook+1","chefmod:FrozenTuna","chefmod:Chop","chefmod:DinoKale","Writhe"],"relics":["chefmod:TrustyPot","REME_ComplimentaryCards","AT_ATBox","NeowsBlessing","MawBank","aspiration:FetidBarrel","Dota2Spire:Dagon","Dota2Spire:RefresherOrb","Regal Pillow"],"acts_visited":["Exordium","TheCity"],"potions_floor_usage":[6,13,13,14,16,19,21],"damage_taken":[{"damage":0,"enemies":"Small Slimes","floor":1,"turns":2},{"damage":0,"enemies":"Cultist","floor":2,"turns":1},{"damage":0,"enemies":"2 Louse","floor":4,"turns":1},{"damage":0,"enemies":"Gremlin Gang","floor":5,"turns":4},{"damage":27,"enemies":"3 Sentries","floor":6,"turns":7},{"damage":1,"enemies":"2 Fungi Beasts","floor":7,"turns":5},{"damage":2,"enemies":"Exordium Wildlife","floor":8,"turns":5},{"damage":21,"enemies":"Exordium Thugs","floor":10,"turns":7},{"damage":7,"enemies":"3 Louse","floor":11,"turns":4},{"damage":0,"enemies":"Looter","floor":13,"turns":1},{"damage":19,"enemies":"Lagavulin","floor":14,"turns":8},{"damage":1,"enemies":"Slime Boss","floor":16,"turns":7},{"damage":9,"enemies":"Spheric Guardian","floor":18,"turns":4},{"damage":13,"enemies":"2 Thieves","floor":19,"turns":5},{"damage":27,"enemies":"Sentry and Sphere","floor":20,"turns":6},{"damage":10,"enemies":"Chosen and Byrds","floor":21,"turns":5},{"damage":20,"enemies":"3 Cultists","floor":23,"turns":3}],"seed_played":"-6199635879781922960","potions_obtained":[{"floor":1,"key":"Regen Potion"},{"floor":5,"key":"AttackPotion"},{"floor":10,"key":"Fire Potion"},{"floor":11,"key":"Fire Potion"},{"floor":14,"key":"Fire Potion"},{"floor":16,"key":"REME_GoldPotion"},{"floor":19,"key":"Ancient Potion"}],"is_trial":false,"path_per_floor":["M","M","$","M","M","E","M","M","T","M","M","R","M","E","R","B",null,"M","M","M","M","?","M"],"character_chosen":"THE_CHEF","items_purchased":[],"campfire_rested":1,"item_purchase_floors":[],"current_hp_per_floor":[76,76,76,76,76,49,48,46,46,25,18,40,40,36,36,35,76,67,54,27,17,17,0,0],"gold":682,"neow_bonus":"THREE_ENEMY_KILL","is_daily":false,"chose_seed":false,"campfire_upgraded":1,"win_rate":0.0,"timestamp":1611378174,"path_taken":["M","M","$","M","M","E","M","M","T","M","M","R","M","E","R","BOSS","M","M","M","M","?","M"],"items_purchased_type":[],"build_version":"2020-12-22","purchased_purges":1,"victory":false,"max_hp_per_floor":[76,76,76,76,76,76,76,76,76,76,76,76,76,76,76,76,76,76,76,76,76,76,76,76],"relic_stats":{"Regal Pillow":0,"counters":[17,75],"MawBank":204,"obtain_stats":[{"chefmod:TrustyPot":0,"Regal Pillow":22,"AT_ATBox":0,"NeowsBlessing":0,"aspiration:FetidBarrel":9,"Dota2Spire:Dagon":14,"Dota2Spire:RefresherOrb":17,"MawBank":6,"REME_ComplimentaryCards":0},{"chefmod:TrustyPot":0,"Regal Pillow":16,"AT_ATBox":0,"NeowsBlessing":0,"aspiration:FetidBarrel":7,"Dota2Spire:Dagon":11,"Dota2Spire:RefresherOrb":12,"MawBank":5,"REME_ComplimentaryCards":0},{"chefmod:TrustyPot":0,"Regal Pillow":72,"AT_ATBox":0,"NeowsBlessing":0,"aspiration:FetidBarrel":25,"Dota2Spire:Dagon":45,"Dota2Spire:RefresherOrb":52,"MawBank":15,"REME_ComplimentaryCards":0}]},"card_choices":[{"not_picked":["chefmod:Escargot","chefmod:ColdSteel"],"picked":"chefmod:FryPan","floor":1},{"not_picked":["chefmod:ColdSteel","chefmod:Leftovers","chefmod:IcePick"],"picked":"SKIP","floor":2},{"not_picked":["chefmod:PotatoGratin","chefmod:Julienne"],"picked":"chefmod:SliceAndDice","floor":4},{"not_picked":["chefmod:Gelato","chefmod:Granita"],"picked":"chefmod:SpaghettiCarbonara","floor":5},{"not_picked":["chefmod:NoSoupForYou","chefmod:LiquidNitrogen"],"picked":"chefmod:SliceAndDice","floor":6},{"not_picked":["chefmod:SpaghettiCarbonara","chefmod:TwoForOne"],"picked":"chefmod:ZaruSoba","floor":7},{"not_picked":["chefmod:FryPan","chefmod:Defrost","chefmod:SliceAndDice"],"picked":"SKIP","floor":8},{"not_picked":["chefmod:ColdSteel","chefmod:PrepCook"],"picked":"chefmod:Sorbet","floor":10},{"not_picked":["chefmod:FireUp","chefmod:FarmersMarket","chefmod:BaoBuns"],"picked":"SKIP","floor":11},{"not_picked":["chefmod:GroceryDelivery","chefmod:LiquidNitrogen","chefmod:CuttingBoard"],"picked":"SKIP","floor":13},{"not_picked":["chefmod:HotSoup","chefmod:Fillet"],"picked":"chefmod:OldCookbook","floor":14},{"not_picked":["chefmod:SushiPlatter","chefmod:FullCourseMeal"],"picked":"chefmod:FrozenTuna","floor":16},{"not_picked":["chefmod:SliceAndDice","chefmod:Fillet","chefmod:FryPan+1"],"picked":"SKIP","floor":18},{"not_picked":["chefmod:AllYouCanEat","chefmod:ZaruSoba+1","chefmod:FireUp"],"picked":"SKIP","floor":19},{"not_picked":["chefmod:ColdSteel","chefmod:BleedOut"],"picked":"chefmod:Chop","floor":20},{"not_picked":["chefmod:SliceAndDice","chefmod:NoSoupForYou"],"picked":"chefmod:DinoKale","floor":21}],"player_experience":443866,"relics_obtained":[{"floor":6,"key":"MawBank"},{"floor":9,"key":"aspiration:FetidBarrel"},{"floor":14,"key":"Dota2Spire:Dagon"}],"event_choices":[{"damage_healed":0,"gold_gain":0,"player_choice":"Opened","damage_taken":0,"relics_obtained":["Regal Pillow"],"max_hp_gain":0,"max_hp_loss":0,"event_name":"The Mausoleum","floor":22,"gold_loss":0,"cards_obtained":["Writhe"]}],"is_beta":false,"boss_relics":[{"not_picked":["aspiration:RunicSpoon","vexMod:DeviousBotling"],"picked":"Dota2Spire:RefresherOrb"}],"items_purged_floors":[3],"is_endless":false,"potions_floor_spawned":[1,5,10,11,14,16,19],"killed_by":"3 Cultists","ascension_level":0}}