{"host":"f9ztaq6figs4snwj","time":1611436813,"event":{"mods":["BaseMod","Bestiary","Colored Map","Colored Powertips","Curses Come First","DeckTracker","Minty Spire (QoL Compilation)","Quick Restart","StSLib"],"gold_per_floor":[115,1,19,38,50,50,80,97,148,148,158,177,177,190,190,291,291,309,327,342,371,470,470,385,403,429,429,429,449,49,80,80,185,185,196,209,431,445,22,22,35,67,67,67,79,79,79,99,99,99,99,99,51,79,79,79],"floor_reached":55,"language":"ENG","playtime":4513,"items_purged":["Rupture","Corruption","Reckless Charge"],"score":1102,"play_id":"39c0ef40-63fd-414e-b82a-30765770ae46","local_time":"20210123222013","is_ascension_mode":true,"campfire_choices":[{"data":"Corruption","floor":6,"key":"SMITH"},{"data":"Sentinel","floor":13,"key":"SMITH"},{"floor":15,"key":"REST"},{"floor":23,"key":"REST"},{"floor":28,"key":"REST"},{"data":"Dark Embrace","floor":32,"key":"SMITH"},{"floor":40,"key":"RECALL"},{"data":"Dark Embrace","floor":44,"key":"SMITH"},{"data":"Dark Embrace","floor":46,"key":"SMITH"},{"data":"Feel No Pain","floor":49,"key":"SMITH"},{"data":"Clash","floor":52,"key":"SMITH"}],"circlet_count":0,"master_deck":["Bash","Feel No Pain+1","Corruption+1","Shrug It Off","Clothesline","Warcry","Rage","Headbutt","Heavy Blade","Dark Embrace+1","Armaments","Sentinel+1","Feed","Clash+1","Shrug It Off","Exhume","Reaper","Seeing Red","Rage+1","Seeing Red","Clash+1","Disarm","Shrug It Off+1","Flex","Clash","Dark Embrace+1","Juggernaut","Flame Barrier+1","Shrug It Off+1","Clash","Dark Embrace+1","Flame Barrier+1","Clash","Armaments+1"],"relics":["Pandora\u0027s Box","Blood Vial","Dream Catcher","Sozu","Red Mask","Meat on the Bone","Paper Frog","Orichalcum","Runic Dome","Bottled Tornado","PreservedInsect","Mercury Hourglass","Pocketwatch"],"acts_visited":["Exordium","TheCity","TheBeyond","TheEnding"],"potions_floor_usage":[8,14,16,16,19],"damage_taken":[{"damage":4,"enemies":"Jaw Worm","floor":1,"turns":4},{"damage":1,"enemies":"Cultist","floor":3,"turns":4},{"damage":9,"enemies":"2 Louse","floor":4,"turns":3},{"damage":6,"enemies":"Looter","floor":5,"turns":4},{"damage":11,"enemies":"3 Sentries","floor":7,"turns":8},{"damage":10,"enemies":"3 Louse","floor":8,"turns":4},{"damage":6,"enemies":"Exordium Wildlife","floor":11,"turns":5},{"damage":3,"enemies":"Looter","floor":12,"turns":4},{"damage":12,"enemies":"Lots of Slimes","floor":14,"turns":3},{"damage":22,"enemies":"The Guardian","floor":16,"turns":7},{"damage":9,"enemies":"Shell Parasite","floor":18,"turns":4},{"damage":24,"enemies":"3 Byrds","floor":19,"turns":7},{"damage":30,"enemies":"Centurion and Healer","floor":20,"turns":5},{"damage":37,"enemies":"Masked Bandits","floor":21,"turns":4},{"damage":5,"enemies":"Chosen and Byrds","floor":25,"turns":6},{"damage":24,"enemies":"Sentry and Sphere","floor":29,"turns":6},{"damage":10,"enemies":"Book of Stabbing","floor":31,"turns":4},{"damage":51,"enemies":"Automaton","floor":33,"turns":7},{"damage":0,"enemies":"Orb Walker","floor":35,"turns":2},{"damage":0,"enemies":"3 Darklings","floor":36,"turns":3},{"damage":10,"enemies":"Jaw Worm Horde","floor":38,"turns":4},{"damage":0,"enemies":"Sphere and 2 Shapes","floor":41,"turns":2},{"damage":3,"enemies":"Giant Head","floor":42,"turns":4},{"damage":0,"enemies":"Transient","floor":45,"turns":5},{"damage":0,"enemies":"3 Darklings","floor":48,"turns":4},{"damage":82,"enemies":"Awakened One","floor":50,"turns":7},{"damage":28,"enemies":"Shield and Spear","floor":54,"turns":3},{"damage":82,"enemies":"The Heart","floor":55,"turns":6}],"seed_played":"-6469226590847343393","potions_obtained":[{"floor":7,"key":"BlessingOfTheForge"},{"floor":8,"key":"AttackPotion"},{"floor":10,"key":"DistilledChaos"},{"floor":10,"key":"ColorlessPotion"},{"floor":10,"key":"DistilledChaos"},{"floor":16,"key":"GamblersBrew"}],"is_trial":false,"path_per_floor":["M","$","M","M","M","R","E","M","T","?","M","M","R","M","R","B",null,"M","M","M","?","?","R","?","M","T","?","R","M","$","E","R","B",null,"M","M","?","M","$","R","M","E","T","R","M","R","$","M","R","B",null,"R","$","E","B"],"character_chosen":"IRONCLAD","items_purchased":["Dark Embrace","Paper Frog","Clash","Bottled Tornado","Dark Embrace","Clash"],"campfire_rested":3,"item_purchase_floors":[2,30,30,39,39,53],"current_hp_per_floor":[68,68,67,58,52,52,44,39,39,39,38,40,40,33,61,41,82,75,63,35,9,9,40,40,56,56,56,88,73,73,65,65,40,90,102,107,107,111,111,111,111,108,108,108,111,111,111,111,111,52,99,99,99,73,0,0],"gold":79,"neow_bonus":"BOSS_RELIC","is_daily":false,"chose_seed":false,"campfire_upgraded":7,"win_rate":0.0,"timestamp":1611436813,"path_taken":["M","$","M","M","M","R","E","M","T","?","M","M","R","?","R","BOSS","M","M","M","?","?","R","?","M","T","?","R","M","$","E","R","BOSS","M","M","?","M","$","R","M","E","T","R","M","R","$","M","R","BOSS","R","$","E","BOSS"],"items_purchased_type":["Card","Relic","Card","Relic","Card","Card"],"build_version":"2020-12-22","purchased_purges":3,"victory":false,"max_hp_per_floor":[80,80,80,80,80,80,83,86,86,86,89,92,92,95,95,95,95,95,101,101,104,104,104,104,107,107,107,107,107,107,107,107,107,107,107,107,107,111,111,111,111,111,111,111,111,111,111,111,111,114,114,114,114,114,114,114],"card_choices":[{"not_picked":["Clothesline","Battle Trance"],"picked":"Heavy Blade","floor":1},{"not_picked":["Cleave","Combust"],"picked":"Armaments","floor":3},{"not_picked":["Iron Wave","Havoc"],"picked":"Sentinel","floor":4},{"not_picked":["Havoc","Perfected Strike"],"picked":"Feed","floor":5},{"not_picked":["Reckless Charge","Headbutt","Perfected Strike"],"picked":"SKIP","floor":7},{"not_picked":["Fire Breathing","Havoc"],"picked":"Clash","floor":8},{"not_picked":["Clothesline","Havoc","Blood for Blood"],"picked":"SKIP","floor":11},{"not_picked":["Bloodletting","Burning Pact"],"picked":"Shrug It Off","floor":12},{"not_picked":["Sever Soul","Disarm"],"picked":"Exhume","floor":14},{"not_picked":["Rampage","Pommel Strike"],"picked":"Reckless Charge","floor":15},{"not_picked":["Immolate","Limit Break"],"picked":"Reaper","floor":16},{"not_picked":["Infernal Blade","Sword Boomerang+1"],"picked":"Seeing Red","floor":18},{"not_picked":["Warcry","Whirlwind"],"picked":"Rage+1","floor":19},{"not_picked":["Sword Boomerang","Reckless Charge+1"],"picked":"Seeing Red","floor":20},{"not_picked":["Shrug It Off","Heavy Blade+1"],"picked":"Clash+1","floor":21},{"not_picked":["Wild Strike","Pummel"],"picked":"Disarm","floor":23},{"not_picked":["Armaments","Anger"],"picked":"Shrug It Off+1","floor":25},{"not_picked":["Corruption","Feel No Pain"],"picked":"Flex","floor":29},{"not_picked":["Evolve","Anger"],"picked":"Dark Embrace","floor":31},{"not_picked":["Exhume","Impervious"],"picked":"Juggernaut","floor":33},{"not_picked":["Shrug It Off","Iron Wave+1"],"picked":"Flame Barrier+1","floor":35},{"not_picked":["Havoc+1","Ghostly Armor+1"],"picked":"Shrug It Off+1","floor":36},{"not_picked":["Body Slam+1","Evolve"],"picked":"Clash","floor":38},{"not_picked":["True Grit","Pummel+1","Rage"],"picked":"SKIP","floor":41},{"not_picked":["Combust+1","Havoc","Twin Strike+1"],"picked":"SKIP","floor":42},{"not_picked":["Anger+1","Flex+1"],"picked":"Flame Barrier+1","floor":45},{"not_picked":["Second Wind","Havoc","Fire Breathing+1"],"picked":"SKIP","floor":48},{"not_picked":["Fire Breathing","Heavy Blade+1"],"picked":"Armaments+1","floor":54}],"player_experience":392797,"relics_obtained":[{"floor":7,"key":"Blood Vial"},{"floor":9,"key":"Dream Catcher"},{"floor":21,"key":"Red Mask"},{"floor":31,"key":"Orichalcum"},{"floor":42,"key":"PreservedInsect"},{"floor":43,"key":"Mercury Hourglass"},{"floor":54,"key":"Pocketwatch"}],"event_choices":[{"damage_healed":0,"gold_gain":0,"player_choice":"Got Potions","damage_taken":0,"max_hp_gain":0,"max_hp_loss":0,"event_name":"Lab","floor":10,"gold_loss":0},{"damage_healed":0,"gold_gain":0,"player_choice":"Fought Bandits","damage_taken":0,"max_hp_gain":0,"max_hp_loss":0,"event_name":"Masked Bandits","floor":21,"gold_loss":0},{"damage_healed":0,"gold_gain":99,"player_choice":"Stole From Cult","damage_taken":0,"max_hp_gain":0,"max_hp_loss":0,"event_name":"Nest","floor":22,"gold_loss":0},{"damage_healed":0,"gold_gain":0,"player_choice":"Obtained Relic","damage_taken":0,"relics_obtained":["Meat on the Bone"],"max_hp_gain":0,"max_hp_loss":0,"event_name":"Addict","floor":24,"gold_loss":85},{"damage_healed":0,"gold_gain":0,"player_choice":"Ignored","damage_taken":0,"max_hp_gain":0,"max_hp_loss":0,"event_name":"Vampires","floor":27,"gold_loss":0},{"damage_healed":0,"gold_gain":222,"player_choice":"Wore Mask","damage_taken":0,"max_hp_gain":0,"max_hp_loss":0,"event_name":"Tomb of Lord Red Mask","floor":37,"gold_loss":0}],"is_beta":false,"boss_relics":[{"not_picked":["SacredBark","Black Star"],"picked":"Sozu"},{"not_picked":["Velvet Choker","Calling Bell"],"picked":"Runic Dome"}],"items_purged_floors":[2,30,39],"is_endless":false,"potions_floor_spawned":[7,8,11,16,18,21,29,33,35,36,38,48,54],"killed_by":"The Heart","ascension_level":8}}