{"host":"2e5gbsni44p3458r","time":1611394126,"event":{"mods":["BaseMod","Colored Map","Downfall","Hermit","Minty Spire (QoL Compilation)","StSLib","The Cursed"],"gold_per_floor":[99,111,127,427,427,457,480,380,407,437,265,265,294,304,322,417,417,417,433,448,648,271,171,196,16,66,96,96,109,135,66,83,180,180,80,94,94,94,147,147,147,147,158,188,188,203,203,220,234,234,234,269,15,15,15,15],"floor_reached":57,"language":"ENG","playtime":3594,"items_purged":["downfall:Icky","Pain","downfall:Icky","bronze:Replicate"],"score":1492,"play_id":"1436a619-975d-4db6-a927-bffccf94a60e","local_time":"20210123182846","is_ascension_mode":true,"campfire_choices":[{"data":"bronze:Overheat","floor":1,"key":"SMITH"},{"data":"bronze:Format","floor":8,"key":"SMITH"},{"floor":18,"key":"RECALL"},{"data":"1","floor":23,"key":"LIFT"},{"data":"2","floor":28,"key":"LIFT"},{"data":"bronze:Defend","floor":35,"key":"PURGE"},{"data":"bronze:AlphaBuild+1","floor":42,"key":"PURGE"},{"data":"bronze:Goto","floor":45,"key":"PURGE"},{"data":"bronze:RecursiveStrike","floor":47,"key":"PURGE"},{"data":"bronze:RecursiveStrike","floor":54,"key":"PURGE"}],"circlet_count":0,"master_deck":["bronze:Defend","bronze:Defend","bronze:Defend","bronze:Overheat+1","bronze:BronzeOrb","bronze:Format+1","bronze:ClassDefault","expansioncontent:InvincibleStrength","bronze:Boost","bronze:ChosenStrike+1","bronze:Invalidate+1","bronze:FollowUp","bronze:FunctionCard","bronze:Frontload","bronze:Repulsor","bronze:FollowUp","bronze:Verify","bronze:HardenedForm"],"relics":["bronze:BronzeCore","Bronze Scales","InkBottle","Anchor","downfall:HeartBlessingGreen","Girya","bronze:Mallet","WarpedTongs","Meat on the Bone","Astrolabe","bronze:CableSpool","downfall:HeartBlessingRed","Lee\u0027s Waffle","Peace Pipe","Calipers","sneckomod:SneckoTalon","downfall:HeartBlessingBlue","Lizard Tail","Ginger","Potion Belt","Mummified Hand"],"acts_visited":["Exordium","TheCity","TheBeyond","TheEnding"],"potions_floor_usage":[16,16,29,55,56,56,56],"damage_taken":[{"damage":7,"enemies":"2 Louse","floor":2,"turns":3},{"damage":0,"enemies":"Small Slimes","floor":3,"turns":2},{"damage":31,"enemies":"Gremlin Nob","floor":6,"turns":4},{"damage":6,"enemies":"Lagavulin","floor":9,"turns":6},{"damage":0,"enemies":"downfall:FleeingMerchant","floor":11,"turns":4},{"damage":5,"enemies":"Gremlin Nob","floor":13,"turns":3},{"damage":2,"enemies":"Cultist","floor":14,"turns":3},{"damage":3,"enemies":"Exordium Wildlife","floor":15,"turns":2},{"damage":51,"enemies":"DF_ARCHETYPE_STREAMLINE","floor":16,"turns":14},{"damage":8,"enemies":"Shell Parasite","floor":19,"turns":4},{"damage":23,"enemies":"Spheric Guardian","floor":20,"turns":6},{"damage":3,"enemies":"downfall:FleeingMerchant","floor":22,"turns":4},{"damage":0,"enemies":"downfall:FleeingMerchant","floor":25,"turns":4},{"damage":0,"enemies":"downfall:FleeingMerchant","floor":26,"turns":1},{"damage":23,"enemies":"Slavers","floor":27,"turns":4},{"damage":30,"enemies":"Snecko","floor":29,"turns":4},{"damage":0,"enemies":"Gremlin Leader","floor":30,"turns":2},{"damage":0,"enemies":"Shelled Parasite and Fungi","floor":32,"turns":3},{"damage":0,"enemies":"IC_MUSHROOM_ARCHETYPE","floor":33,"turns":4},{"damage":0,"enemies":"Orb Walker","floor":36,"turns":1},{"damage":8,"enemies":"2 Orb Walkers","floor":39,"turns":4},{"damage":0,"enemies":"3 Darklings","floor":43,"turns":3},{"damage":0,"enemies":"Giant Head","floor":44,"turns":6},{"damage":0,"enemies":"Writhing Mass","floor":46,"turns":2},{"damage":10,"enemies":"Spire Growth","floor":48,"turns":3},{"damage":0,"enemies":"Sphere and 2 Shapes","floor":49,"turns":3},{"damage":14,"enemies":"SI_POISON_ARCHETYPE","floor":50,"turns":5},{"damage":15,"enemies":"downfall:CharBossMerchant","floor":52,"turns":7},{"damage":9,"enemies":"downfall:NeowBoss","floor":55,"turns":13},{"damage":56,"enemies":"downfall:NeowBossFinal","floor":56,"turns":7}],"seed_played":"6569261062213465127","potions_obtained":[{"floor":2,"key":"FairyPotion"},{"floor":13,"key":"Explosive Potion"},{"floor":14,"key":"PowerPotion"},{"floor":27,"key":"SneckoOil"},{"floor":29,"key":"hexamod:SoulburnPotion"},{"floor":32,"key":"Swift Potion"},{"floor":33,"key":"bronze:BurnAndBuffPotion"},{"floor":43,"key":"ColorlessPotion"},{"floor":49,"key":"Dexterity Potion"},{"floor":52,"key":"champ:CounterPotion"}],"is_trial":false,"path_per_floor":["R","M","M","?","?","E","T","R","E","?","$","?","E","M","M","B",null,"R","M","M","?","$","R","T","$","$","E","R","M","E","$","M","B",null,"R","M","?","?","?","$","T","R","M","E","R","M","R","M","M","B",null,"E","$","R","B","B",null],"character_chosen":"THE_AUTOMATON","items_purchased":["expansioncontent:InvincibleStrength","bronze:CableSpool","bronze:FollowUp","Lee\u0027s Waffle","bronze:FollowUp","Mummified Hand"],"campfire_rested":0,"item_purchase_floors":[11,22,25,26,31,53],"current_hp_per_floor":[70,63,63,63,56,25,25,25,19,19,19,19,14,24,33,23,70,70,62,39,39,36,36,36,36,77,54,54,36,48,48,48,48,77,87,87,87,87,79,79,79,79,79,79,79,79,79,69,69,55,87,72,72,72,63,19],"gold":15,"neow_bonus":"TRANSFORM_CARD","is_daily":false,"chose_seed":false,"campfire_upgraded":2,"win_rate":0.0,"timestamp":1611394126,"path_taken":["R","M","M","?","?","E","T","R","E","?","?","?","E","?","M","BOSS","R","M","M","?","$","R","T","?","$","E","R","M","E","?","M","BOSS","R","M","?","?","?","$","T","R","M","E","R","?","R","M","M","BOSS","E","$","R","BOSS","BOSS"],"items_purchased_type":["Card","Relic","Card","Relic","Card","Relic"],"build_version":"2020-12-22","purchased_purges":4,"victory":true,"max_hp_per_floor":[70,70,70,70,70,70,70,70,70,70,70,70,70,70,70,70,70,70,70,70,70,70,70,70,70,77,77,77,77,77,77,77,77,77,87,87,87,87,87,87,87,87,87,87,87,87,87,87,87,87,87,87,87,87,87,87],"card_choices":[{"not_picked":["bronze:Constructor","bronze:Separator"],"picked":"bronze:BronzeOrb","floor":2},{"not_picked":["bronze:Constructor","bronze:OilSpill","bronze:WhirlingStrike"],"picked":"SKIP","floor":3},{"not_picked":["bronze:Shield","bronze:Fortify"],"picked":"bronze:Format","floor":6},{"not_picked":["bronze:OilSpill","bronze:Iterate"],"picked":"bronze:ClassDefault","floor":9},{"not_picked":["bronze:Deprecate","bronze:Backtrace","bronze:Iterate"],"picked":"SKIP","floor":11},{"not_picked":["bronze:InfiniteBeams","bronze:Refactor","bronze:CloningBeam"],"picked":"SKIP","floor":13},{"not_picked":["bronze:Philosophize","bronze:Allocate"],"picked":"bronze:Boost","floor":14},{"not_picked":["bronze:Separator","bronze:Allocate","bronze:MaxOutput"],"picked":"SKIP","floor":15},{"not_picked":["bronze:HyperBeam","bronze:FindAndReplace"],"picked":"bronze:RecursiveStrike","floor":16},{"not_picked":["bronze:InfiniteBeams+1","bronze:BronzeOrb","bronze:ForceShield"],"picked":"SKIP","floor":19},{"not_picked":["bronze:DelayedSlice","bronze:WildBeam","bronze:DelayedGuard+1"],"picked":"SKIP","floor":20},{"not_picked":["bronze:Separator","bronze:CutThrough"],"picked":"bronze:RecursiveStrike","floor":22},{"not_picked":["bronze:HyperBeam","bronze:InfiniteBeams+1","bronze:ItsAFeature"],"picked":"SKIP","floor":25},{"not_picked":["bronze:FineTuning+1","bronze:Shield"],"picked":"bronze:Hardcode","floor":26},{"not_picked":["bronze:HyperBeam","bronze:Overload"],"picked":"bronze:DarkDash+1","floor":27},{"not_picked":["bronze:Shell","bronze:Invalidate"],"picked":"bronze:Frontload","floor":29},{"not_picked":["bronze:Optimize","bronze:CutThrough"],"picked":"bronze:Repulsor","floor":30},{"not_picked":["bronze:InfiniteBeams+1","bronze:Separator","bronze:DelayedGuard"],"picked":"SKIP","floor":32},{"not_picked":["bronze:HyperBeam","bronze:Library"],"picked":"bronze:Verify","floor":33},{"not_picked":["bronze:CutThrough","bronze:Frontload+1","bronze:BugBarrage"],"picked":"SKIP","floor":36},{"not_picked":["bronze:Deprecate+1","bronze:WildBeam+1","bronze:Overheat"],"picked":"SKIP","floor":43},{"not_picked":["bronze:ChildClass+1","bronze:Constructor+1"],"picked":"bronze:HardenedForm","floor":44},{"not_picked":["bronze:Invalidate+1","bronze:Repulsor+1","bronze:ChildClass+1"],"picked":"SKIP","floor":46},{"not_picked":["bronze:BitShift","bronze:Shield+1","bronze:Fortify"],"picked":"SKIP","floor":48},{"not_picked":["bronze:DelayedSlice","bronze:Backtrace+1","bronze:OilSpill+1"],"picked":"SKIP","floor":49},{"not_picked":["bronze:OilSpill","bronze:Shield","bronze:Branch+1"],"picked":"SKIP","floor":52}],"player_experience":755156,"relics_obtained":[{"floor":6,"key":"InkBottle"},{"floor":7,"key":"Anchor"},{"floor":9,"key":"Girya"},{"floor":13,"key":"Meat on the Bone"},{"floor":27,"key":"Peace Pipe"},{"floor":30,"key":"Calipers"},{"floor":39,"key":"Lizard Tail"},{"floor":41,"key":"Ginger"},{"floor":44,"key":"Potion Belt"}],"event_choices":[{"damage_healed":0,"gold_gain":0,"player_choice":"Success","damage_taken":7,"relics_obtained":["Bronze Scales"],"max_hp_gain":0,"max_hp_loss":0,"event_name":"Scrap Ooze","floor":5,"gold_loss":0},{"damage_healed":0,"gold_gain":200,"player_choice":"Gold","damage_taken":0,"max_hp_gain":0,"max_hp_loss":0,"event_name":"Wheel of Change","floor":21,"gold_loss":0},{"cards_removed":["bronze:DarkDash"],"damage_healed":0,"gold_gain":0,"player_choice":"Removed Attack","damage_taken":0,"max_hp_gain":0,"max_hp_loss":0,"event_name":"Falling","floor":38,"gold_loss":0},{"damage_healed":0,"gold_gain":0,"player_choice":"Fight","damage_taken":0,"max_hp_gain":0,"max_hp_loss":0,"event_name":"Mysterious Sphere","floor":39,"gold_loss":0}],"is_beta":false,"boss_relics":[{"not_picked":["SlaversCollar","Black Star"],"picked":"Astrolabe"},{"not_picked":["Calling Bell","bronze:PlatinumCore"],"picked":"sneckomod:SneckoTalon"}],"items_purged_floors":[11,22,25,26],"is_endless":false,"potions_floor_spawned":[2,13,14,27,29,32,33,43,49,52],"ascension_level":2}}