{"host":"3jjxuhjpio8e4zkv","time":1611426976,"event":{"mods":["BaseMod","Colored Map","Highlight Path","Minty Spire (QoL Compilation)","Permanent Neow","Relic Stats","StSLib"],"gold_per_floor":[364,364,384,384,394,394,419,391,391,21,21,21,21,55,55,55,55],"floor_reached":16,"language":"ENG","playtime":532,"items_purged":["Strike_G"],"score":216,"play_id":"56282847-9f78-409a-824b-2994d6c97386","local_time":"20210123133616","is_ascension_mode":true,"campfire_choices":[{"data":"Dagger Throw","floor":6,"key":"SMITH"},{"floor":13,"key":"REST"},{"data":"Envenom","floor":15,"key":"SMITH"}],"circlet_count":0,"master_deck":["AscendersBane","Strike_G","Strike_G","Strike_G","Defend_G","Defend_G","Defend_G","Defend_G","Defend_G","Survivor","Neutralize","Eviscerate+1","Dagger Throw+1","Deflect","Wraith Form v2+1","Acrobatics","Envenom+1"],"relics":["Ring of the Snake","Torii","Pocketwatch","Membership Card","Gambling Chip","StoneCalendar"],"acts_visited":["Exordium"],"potions_floor_usage":[7,14,16],"damage_taken":[{"damage":3,"enemies":"2 Louse","floor":1,"turns":5},{"damage":1,"enemies":"Cultist","floor":3,"turns":4},{"damage":12,"enemies":"Jaw Worm","floor":5,"turns":4},{"damage":6,"enemies":"3 Sentries","floor":7,"turns":7},{"damage":12,"enemies":"Exordium Thugs","floor":8,"turns":4},{"damage":2,"enemies":"Lagavulin","floor":14,"turns":5},{"damage":47,"enemies":"Slime Boss","floor":16,"turns":10}],"seed_played":"2273103303483113615","potions_obtained":[{"floor":1,"key":"GamblersBrew"},{"floor":8,"key":"Weak Potion"},{"floor":14,"key":"ColorlessPotion"}],"is_trial":false,"path_per_floor":["M","?","M","?","M","R","E","M","T","$","?","?","R","E","R","B"],"character_chosen":"THE_SILENT","items_purchased":["Membership Card","Gambling Chip"],"campfire_rested":1,"item_purchase_floors":[10,10],"current_hp_per_floor":[56,61,60,60,48,48,42,30,30,30,30,23,42,40,40,0,0],"gold":55,"neow_bonus":"TWO_FIFTY_GOLD","is_daily":false,"chose_seed":false,"campfire_upgraded":2,"win_rate":0.0,"timestamp":1611426976,"path_taken":["M","?","M","?","M","R","E","?","T","$","?","?","R","E","R","BOSS"],"items_purchased_type":["Relic","Relic"],"build_version":"2020-12-22","purchased_purges":1,"victory":false,"max_hp_per_floor":[60,65,65,65,65,65,65,65,65,65,65,65,65,65,65,65,65],"relic_stats":{"Torii":6,"counters":[7,39],"Gambling Chip":[9],"StoneCalendar":[104],"obtain_stats":[{"Torii":7,"Gambling Chip":10,"StoneCalendar":14,"Membership Card":10,"Ring of the Snake":0,"Pocketwatch":9},{"Torii":4,"Gambling Chip":5,"StoneCalendar":6,"Membership Card":5,"Ring of the Snake":0,"Pocketwatch":5},{"Torii":20,"Gambling Chip":24,"StoneCalendar":29,"Membership Card":24,"Ring of the Snake":0,"Pocketwatch":24}],"Ring of the Snake":[14],"Pocketwatch":[24]},"card_choices":[{"not_picked":["Underhanded Strike","Outmaneuver"],"picked":"Eviscerate","floor":1},{"not_picked":["PiercingWail","Blade Dance"],"picked":"Dagger Throw","floor":3},{"not_picked":["Heel Hook","Flechettes"],"picked":"Deflect","floor":5},{"not_picked":["Setup","Backflip"],"picked":"Wraith Form v2","floor":7},{"not_picked":["Finisher","Outmaneuver"],"picked":"Acrobatics","floor":8},{"not_picked":["Choke","Blade Dance"],"picked":"Envenom","floor":14}],"player_experience":1232940,"relics_obtained":[{"floor":7,"key":"Torii"},{"floor":9,"key":"Pocketwatch"},{"floor":14,"key":"StoneCalendar"}],"event_choices":[{"damage_healed":0,"gold_gain":0,"player_choice":"Donut","damage_taken":0,"max_hp_gain":5,"max_hp_loss":0,"event_name":"Big Fish","floor":2,"gold_loss":0},{"damage_healed":0,"gold_gain":0,"player_choice":"Upgraded","damage_taken":0,"max_hp_gain":0,"max_hp_loss":0,"event_name":"Upgrade Shrine","floor":4,"gold_loss":0,"cards_upgraded":["Eviscerate"]},{"damage_healed":0,"gold_gain":0,"player_choice":"Grow","damage_taken":0,"max_hp_gain":0,"max_hp_loss":0,"event_name":"Living Wall","floor":11,"gold_loss":0,"cards_upgraded":["Wraith Form v2"]},{"cards_removed":["Strike_G"],"damage_healed":0,"gold_gain":0,"player_choice":"Card Removal","damage_taken":7,"max_hp_gain":0,"max_hp_loss":0,"event_name":"Golden Wing","floor":12,"gold_loss":0}],"is_beta":false,"boss_relics":[],"items_purged_floors":[10],"is_endless":false,"potions_floor_spawned":[1,8,14],"killed_by":"Slime Boss","ascension_level":20}}