{"host":"rl3s470f8onwqc1s","time":1611397325,"event":{"mods":["ATMod(阿瑾Mod)","BaseMod","Gold Saver","Minty Spire (QoL Compilation)","MostiFishMod","Shop Mod","Spicy Shops","StSLib","TestMod","[IsaacMod]以撒尖塔"],"gold_per_floor":[116,126,126,139,139,139,165,165,165,180,180,213,226,246,246,317,317,332,332,345,357,357,357,357,388,412,412,412,542,542,668,668,844,844,859,859,265,282,282,410,424,554,554,554,554,554,570,698,698,898,998,998,998,324,557,657],"floor_reached":57,"language":"ZHS","playtime":2284,"items_purged":["Pain","Strike_R"],"score":3612,"play_id":"4f86a9da-82ef-4a24-bdaa-5c49e96f4d7f","local_time":"20210123182205","is_ascension_mode":true,"campfire_choices":[{"data":"MostiFishMod:SephirahHod","floor":6.0,"key":"SMITH"},{"floor":8.0,"key":"RECALL"},{"data":"MostiFishMod:#F4004","floor":15.0,"key":"SMITH"},{"data":"AT_DrawKnifeCut","floor":23.0,"key":"SMITH"},{"data":"Searing Blow","floor":28.0,"key":"SMITH"},{"data":"Searing Blow+1","floor":30.0,"key":"SMITH"},{"data":"Searing Blow+2","floor":32.0,"key":"SMITH"},{"data":"Searing Blow+3","floor":44.0,"key":"SMITH"},{"data":"Searing Blow+4","floor":49,"key":"SMITH"},{"data":"Searing Blow+5","floor":53,"key":"SMITH"}],"circlet_count":0,"master_deck":["AscendersBane","Strike_R","Strike_R","Strike_R+1","Defend_R","Defend_R","Defend_R","Defend_R","Bash","AT_DrawKnifeCut+1","MostiFishMod:SephirahHod+1","Evolve","Shockwave","Second Wind","MostiFishMod:#F4004+1","Seeing Red","MostiFishMod:ChineseTea","MostiFishMod:WingOfPhoenix","Power Through+1","Searing Blow+6","MostiFishMod:ChineseTea","MostiFishMod:RacingGame","Bloodletting","Sword Boomerang+1","Infernal Blade","Feel No Pain","AT_IchimonjiDouble","testmod-Collector","Flash of Steel","Finesse","Dark Embrace+1","MostiFishMod:CullingBlade","Burning Pact","MostiFishMod:EE1D","MostiFishMod:EE1D","MostiFishMod:EE1D","Sentinel"],"relics":["testmod-TestBox","AT_ATBox","HushsDoor","Chaos","MostiFishMod:Hod","testmod-PortableAltar","PokeGo","SynthV:TestCard","DaveBox","HollowDreamFlower","Lizard Tail","Ginger","Runic Capacitor","Inserter","JellyFishMachine","TimeKeys","AT_TheCollector","testmod-InjuryResistance","Tiny Chest","testmod-StringDisintegrator","WarpedTongs","SteamSale","Strawberry","testmod-AssaultLearning","The Courier","AT_ArchangelStaff","EE1DDrone","Chemical X","BFFS","Oddly Smooth Stone","AT_GoldPhoenixTree","MostiFishMod:AdaptiveDefenses","InkBottle","Whetstone","testmod-Nine"],"acts_visited":["Exordium","TheCity","TheBeyond","TheEnding"],"potions_floor_usage":[55,56,56],"damage_taken":[{"damage":2.0,"enemies":"Small Slimes","floor":1.0,"turns":2.0},{"damage":3.0,"enemies":"Jaw Worm","floor":2.0,"turns":3.0},{"damage":1.0,"enemies":"Cultist","floor":4.0,"turns":2.0},{"damage":1.0,"enemies":"3 Sentries","floor":7.0,"turns":4.0},{"damage":1.0,"enemies":"Blue Slaver","floor":10.0,"turns":3.0},{"damage":10.0,"enemies":"Gremlin Nob","floor":12.0,"turns":4.0},{"damage":1.0,"enemies":"3 Louse","floor":13.0,"turns":3.0},{"damage":0.0,"enemies":"Exordium Wildlife","floor":14.0,"turns":2.0},{"damage":2.0,"enemies":"Hexaghost","floor":16.0,"turns":5.0},{"damage":0.0,"enemies":"Chosen","floor":18.0,"turns":3.0},{"damage":0.0,"enemies":"Spheric Guardian","floor":20.0,"turns":4.0},{"damage":0.0,"enemies":"Snecko","floor":21.0,"turns":4.0},{"damage":0.0,"enemies":"Gremlin Leader","floor":25.0,"turns":4.0},{"damage":4.0,"enemies":"Slavers","floor":29.0,"turns":3.0},{"damage":0.0,"enemies":"Book of Stabbing","floor":31.0,"turns":3.0},{"damage":0.0,"enemies":"Champ","floor":33.0,"turns":6.0},{"damage":0.0,"enemies":"3 Shapes","floor":35.0,"turns":3.0},{"damage":3.0,"enemies":"3 Darklings","floor":38.0,"turns":2.0},{"damage":0.0,"enemies":"Reptomancer","floor":40.0,"turns":4.0},{"damage":0.0,"enemies":"Sphere and 2 Shapes","floor":41.0,"turns":1.0},{"damage":3.0,"enemies":"Giant Head","floor":42.0,"turns":1.0},{"damage":0.0,"enemies":"Jaw Worm Horde","floor":47.0,"turns":3.0},{"damage":2,"enemies":"Reptomancer","floor":48,"turns":3},{"damage":3,"enemies":"Awakened One","floor":50,"turns":3},{"damage":2,"enemies":"Time Eater","floor":51,"turns":1},{"damage":2,"enemies":"Shield and Spear","floor":55,"turns":3},{"damage":7,"enemies":"The Heart","floor":56,"turns":7}],"seed_played":"-4970498723005244500","potions_obtained":[{"floor":1.0,"key":"LiquidBronze"},{"floor":13.0,"key":"LiquidBronze"},{"floor":14.0,"key":"Weak Potion"},{"floor":20.0,"key":"Explosive Potion"},{"floor":31.0,"key":"ElixirPotion"},{"floor":33.0,"key":"GamblersBrew"},{"floor":55,"key":"Swift Potion"}],"is_trial":false,"path_per_floor":["M","M","?","M","?","R","E","R","T","M","?","E","M","M","R","B",null,"M","?","M","M","T","R","?","E","T","?","R","E","R","E","R","B",null,"M","?","$","M","?","E","M","E","T","R","?","T","M","E","R","B","B",null,"R","$","E","B",null],"character_chosen":"IRONCLAD","items_purchased":["SteamSale","Fruit Juice","Sword Boomerang","Infernal Blade","Feel No Pain","Strawberry","BloodPotion","Chemical X","BFFS","Oddly Smooth Stone","AT_GoldPhoenixTree","MostiFishMod:AdaptiveDefenses","InkBottle","Whetstone"],"campfire_rested":0,"item_purchase_floors":[37,37,37,37,37,37,37,54,54,54,54,54,54,54],"current_hp_per_floor":[66,63,56,55,55,55,58,58,58,61,43,37,40,44,44,46,53,54,53,52,51,50,49,33,41,41,41,41,43,42,41,40,39,38,37,36,47,46,36,44,43,39,39,39,39,38,37,34,34,31,31,32,31,30,29,21],"gold":657,"neow_bonus":"BOSS_RELIC","is_daily":false,"chose_seed":false,"campfire_upgraded":9,"win_rate":0.0,"timestamp":1611397325,"path_taken":["M","M","?","?","?","R","E","R","T","M","?","E","M","M","R","BOSS","M","?","M","?","?","R","?","E","T","?","R","E","R","E","R","BOSS","M","?","$","M","?","E","M","E","T","R","?","?","?","E","R","BOSS","BOSS","R","$","E","BOSS"],"items_purchased_type":["Relic","Potion","Card","Card","Card","Relic","Potion","Relic","Relic","Relic","Relic","Relic","Relic","Relic"],"build_version":"2020-12-22","purchased_purges":2,"victory":true,"max_hp_per_floor":[74,73,72,71,70,69,68,67,66,65,64,63,62,61,60,56,55,54,53,52,51,50,49,48,47,46,45,44,43,42,41,40,39,38,37,36,47,46,45,44,43,42,41,40,39,38,37,36,35,34,33,32,31,30,29,28],"card_choices":[{"not_picked":[],"picked":"BloodyBrimstone","floor":0.0},{"not_picked":["Sword Boomerang","AT_IchimonjiDouble"],"picked":"Feel No Pain","floor":1.0},{"not_picked":["Sever Soul","Wild Strike","Warcry","True Grit"],"picked":"Evolve","floor":2.0},{"not_picked":["AT_GerminateFire","Uppercut","Feel No Pain","Wild Strike"],"picked":"Shockwave","floor":4.0},{"not_picked":["True Grit","Dark Embrace","Anger","AT_IchimonjiDouble"],"picked":"Second Wind","floor":7.0},{"not_picked":["Warcry","Body Slam","Dropkick","Pommel Strike"],"picked":"MostiFishMod:#F4004","floor":10.0},{"not_picked":["AT_IchimonjiDouble","Double Tap","MostiFishMod:BrandingRite","Armaments"],"picked":"Seeing Red","floor":12.0},{"not_picked":["MostiFishMod:#F4004","Headbutt","Sever Soul","Heavy Blade","True Grit"],"picked":"SKIP","floor":13.0},{"not_picked":["Warcry","Flame Barrier","Entrench","Uppercut","Bomb"],"picked":"SKIP","floor":14.0},{"not_picked":["MostiFishMod:HellRitual","MostiFishMod:TemporaryOutbreak","Fiend Fire","Immolate"],"picked":"MostiFishMod:ChineseTea","floor":16.0},{"not_picked":["Twin Strike","Uppercut","Body Slam","Rupture","AT_BodySlamDance"],"picked":"SKIP","floor":18.0},{"not_picked":["Flex","Bloodletting","Cleave","Twin Strike+1"],"picked":"Power Through+1","floor":20.0},{"not_picked":["Havoc+1","Flex","Anger","AT_ManFootWork","Iron Wave"],"picked":"SKIP","floor":21.0},{"not_picked":["Disarm","Twin Strike+1","Wild Strike","Headbutt"],"picked":"Searing Blow","floor":25.0},{"not_picked":["Clash+1","Spot Weakness","Shrug It Off","Clothesline"],"picked":"MostiFishMod:ChineseTea","floor":29.0},{"not_picked":["Dual Wield","Clothesline+1","Heavy Blade","Shrug It Off","Clash"],"picked":"SKIP","floor":31.0},{"not_picked":["MostiFishMod:DarkDeal","MostiFishMod:PerfectStrikeMKII","MostiFishMod:Chiaki","MostiFishMod:TemporaryOutbreak"],"picked":"MostiFishMod:RacingGame","floor":33.0},{"not_picked":["Clash+1","Flame Barrier","Pummel","Battle Trance"],"picked":"Bloodletting","floor":35.0},{"not_picked":["Flame Barrier","Cleave","Armaments","Clothesline"],"picked":"AT_IchimonjiDouble","floor":38.0},{"not_picked":["testmod-Automaton","testmod-Dream","AT_PowerWithin","MostiFishMod:Galeforce"],"picked":"testmod-Collector","floor":39.0},{"not_picked":["MostiFishMod:Awakening","AT_PowerWithin","Metamorphosis","Impatience"],"picked":"Flash of Steel","floor":39.0},{"not_picked":["Dark Shackles","Madness","testmod-DeathImprint","testmod-ConditionedReflex"],"picked":"Finesse","floor":39.0},{"not_picked":["Reckless Charge+1","Immolate","Shrug It Off","AT_DrawKnifeCut"],"picked":"Dark Embrace+1","floor":40.0},{"not_picked":["Uppercut","Headbutt","Wild Strike","Heavy Blade+1","Shrug It Off"],"picked":"SKIP","floor":41.0},{"not_picked":["Infernal Blade","Clothesline","Armaments+1","Wild Strike+1"],"picked":"MostiFishMod:CullingBlade","floor":42.0},{"not_picked":["Blood for Blood+1","Clash","Rupture+1","Cleave"],"picked":"Burning Pact","floor":47.0},{"not_picked":["Whirlwind","Sever Soul","Battle Trance","Headbutt","Burning Pact"],"picked":"SKIP","floor":48},{"not_picked":["Cleave","AT_GerminateFire+1","Entrench","Warcry+1"],"picked":"Sentinel","floor":55}],"player_experience":1313273,"relics_obtained":[{"floor":1.0,"key":"SynthV:TestCard"},{"floor":7.0,"key":"Lizard Tail"},{"floor":9.0,"key":"Ginger"},{"floor":12.0,"key":"Inserter"},{"floor":22.0,"key":"TimeKeys"},{"floor":25.0,"key":"AT_TheCollector"},{"floor":29.0,"key":"testmod-InjuryResistance"},{"floor":31.0,"key":"Tiny Chest"},{"floor":40.0,"key":"testmod-AssaultLearning"},{"floor":43.0,"key":"The Courier"},{"floor":46.0,"key":"AT_ArchangelStaff"},{"floor":48,"key":"EE1DDrone"},{"floor":55,"key":"testmod-Nine"}],"event_choices":[{"cards_removed":["Strike_R"],"damage_healed":0.0,"max_hp_gain":0.0,"max_hp_loss":0.0,"gold_gain":0.0,"event_name":"Golden Wing","player_choice":"Card Removal","floor":3.0,"gold_loss":0.0,"damage_taken":7.0},{"damage_healed":0.0,"max_hp_gain":0.0,"max_hp_loss":0.0,"gold_gain":0.0,"event_name":"给自己的盒子","player_choice":"Swap Relic","floor":5.0,"relics_lost":["DaveBox"],"gold_loss":0.0,"damage_taken":0.0,"relics_obtained":["DaveBox"]},{"damage_healed":0.0,"max_hp_gain":0.0,"max_hp_loss":0.0,"gold_gain":0.0,"event_name":"Scrap Ooze","player_choice":"Success","floor":11.0,"gold_loss":0.0,"damage_taken":18.0,"relics_obtained":["Runic Capacitor"]},{"damage_healed":0.0,"max_hp_gain":0.0,"max_hp_loss":0.0,"gold_gain":0.0,"event_name":"The Library","player_choice":"Read","floor":19.0,"gold_loss":0.0,"damage_taken":0.0,"cards_obtained":["MostiFishMod:WingOfPhoenix"]},{"cards_removed":["BloodyBrimstone"],"damage_healed":0.0,"max_hp_gain":0.0,"max_hp_loss":0.0,"gold_gain":0.0,"event_name":"Purifier","player_choice":"Purged","floor":27.0,"gold_loss":0.0,"damage_taken":0.0},{"damage_healed":0.0,"max_hp_gain":0.0,"max_hp_loss":0.0,"gold_gain":0.0,"event_name":"Accursed Blacksmith","player_choice":"Rummage","floor":36.0,"gold_loss":0.0,"damage_taken":0.0,"relics_obtained":["WarpedTongs"],"cards_obtained":["Pain"]},{"damage_healed":0.0,"max_hp_gain":0.0,"max_hp_loss":0.0,"gold_gain":0.0,"event_name":"SensoryStone","player_choice":"Memory 3","floor":39.0,"gold_loss":0.0,"damage_taken":10.0},{"cards_removed":["Feel No Pain"],"damage_healed":0.0,"max_hp_gain":0.0,"max_hp_loss":0.0,"gold_gain":0.0,"event_name":"Falling","player_choice":"Removed Power","floor":45.0,"gold_loss":0.0,"damage_taken":0.0}],"is_beta":false,"boss_relics":[{"not_picked":["Vajra","AT_SilvercatRing"],"picked":"JellyFishMachine"},{"not_picked":[]},{"not_picked":["Ying","testmod-EqualTreatment"],"picked":"testmod-StringDisintegrator"},{"not_picked":[]}],"items_purged_floors":[37,37],"is_endless":false,"potions_floor_spawned":[1,13,14,20,31,33,40,42,55],"ascension_level":20}}