{"host":"z9grmtg2w0nmz8n1","time":1611379429,"event":{"mods":["Aspiration","BaseMod","Better Altar","Better Match","Better Note","Better Sensory Stone","Better Skull","Better Third Choice","BetterRewards","Clawfect","Colored Map","Conspire","GifTheSpireLib","Halation","Highlight Path","Hubris","Hunter ??","Jedi Mod","Minty Spire (QoL Compilation)","Permanent Neow","Replay The Spire","Shop Mod","Spicy Shops","StSLib","Stuff the Spire","The Runesmith"],"gold_per_floor":[209,384,384,384,384,384,410,427,454,482,493,506,506,524,524,524,524],"floor_reached":16,"language":"ENG","playtime":720,"items_purged":[],"score":121,"play_id":"b35881f6-368c-4676-85f5-0252f5f67039","local_time":"20210123032349","is_ascension_mode":true,"campfire_choices":[{"floor":6,"key":"RECALL"},{"data":"Runesmith:CraftFirestone","floor":13,"key":"SMITH"},{"floor":15,"key":"REST"}],"circlet_count":0,"master_deck":["Runesmith:Strike_RS","Runesmith:Strike_RS","Runesmith:Strike_RS","Runesmith:Strike_RS","Runesmith:Defend_RS","Runesmith:Defend_RS","Runesmith:Defend_RS","Runesmith:Defend_RS","Runesmith:CraftFirestone+1","Runesmith:Fortify","Doubt","Runesmith:UnstableHammer","Runesmith:HeatedChisel","Runesmith:HeatExchange","Runesmith:PerfectChisel","Runesmith:HammerThrow"],"relics":["Runesmith:BrokenRuby","HornCleat","PreservedInsect","hubris:Potato"],"acts_visited":["Exordium"],"potions_floor_usage":[16,16],"damage_taken":[{"damage":0,"enemies":"2 Louse","floor":1,"turns":3},{"damage":18,"enemies":"Replay:BlueRogue","floor":7,"turns":7},{"damage":5,"enemies":"Small Slimes","floor":8,"turns":4},{"damage":24,"enemies":"Gremlin Nob","floor":10,"turns":5},{"damage":0,"enemies":"conspire:RoseBush","floor":11,"turns":3},{"damage":5,"enemies":"Exordium Thugs","floor":12,"turns":2},{"damage":9,"enemies":"2 Fungi Beasts","floor":14,"turns":3},{"damage":8,"enemies":"Fading Forest","floor":16,"turns":9}],"seed_played":"-4158213591315265709","potions_obtained":[{"floor":7,"key":"DuplicationPotion"},{"floor":14,"key":"BlessingOfTheForge"}],"is_trial":false,"path_per_floor":["M","?","?","?","?","R","E","M","T","E","M","M","R","M","R","B"],"character_chosen":"RUNESMITH_CLASS","items_purchased":[],"campfire_rested":1,"item_purchase_floors":[],"current_hp_per_floor":[70,70,70,70,70,70,52,47,47,23,23,18,18,9,30,32,32],"gold":524,"neow_bonus":"HUNDRED_GOLD","is_daily":false,"chose_seed":false,"campfire_upgraded":1,"win_rate":0.0,"timestamp":1611379429,"path_taken":["M","?","?","?","?","R","E","?","T","E","M","M","R","M","R","BOSS"],"items_purchased_type":[],"build_version":"2020-12-22","purchased_purges":0,"victory":false,"max_hp_per_floor":[70,70,70,70,70,70,70,70,70,70,70,70,70,70,70,70,70],"card_choices":[{"not_picked":["Runesmith:EnergizedChisel","Runesmith:ShiftingStrike","Runesmith:CraftObretio"],"picked":"SKIP","floor":1},{"not_picked":["Runesmith:CraftReservo","Runesmith:CraftObretio"],"picked":"Runesmith:UnstableHammer","floor":7},{"not_picked":["Runesmith:RunicBlueprint","Runesmith:FrozenChisel"],"picked":"Runesmith:HeatedChisel","floor":8},{"not_picked":["Runesmith:EnergizedChisel","Runesmith:Overpower","Runesmith:CraftSpiculum"],"picked":"SKIP","floor":10},{"not_picked":["Runesmith:Overpower","Runesmith:Repurpose"],"picked":"Runesmith:HeatExchange","floor":11},{"not_picked":["Runesmith:EarthShield","Runesmith:EnergizedChisel"],"picked":"Runesmith:PerfectChisel","floor":12},{"not_picked":["Runesmith:UnstableHammer","Runesmith:Overpower"],"picked":"Runesmith:HammerThrow","floor":14}],"player_experience":830138,"relics_obtained":[{"floor":7,"key":"PreservedInsect"},{"floor":10,"key":"hubris:Potato"}],"event_choices":[{"damage_healed":0,"gold_gain":175,"player_choice":"AGREE","damage_taken":209,"max_hp_gain":0,"max_hp_loss":0,"event_name":"betterThird:BetterSerpent","floor":2,"gold_loss":0},{"cards_removed":["StuffTheSpire:CuriosityCurse"],"damage_healed":0,"gold_gain":0,"player_choice":"Forget","damage_taken":0,"max_hp_gain":0,"max_hp_loss":0,"event_name":"Living Wall","floor":4,"gold_loss":0},{"damage_healed":0,"gold_gain":0,"player_choice":"Ignored","damage_taken":0,"max_hp_gain":0,"max_hp_loss":0,"event_name":"Transmorgrifier","floor":5,"gold_loss":0}],"is_beta":false,"boss_relics":[],"items_purged_floors":[],"is_endless":false,"potions_floor_spawned":[7,14],"killed_by":"Fading Forest","ascension_level":2}}