{"host":"opgesw7sb5n0ordz","time":1611390220,"event":{"mods":["BaseMod","Better Note","Colored Powertips","Downfall","Minty Spire (QoL Compilation)","Relic Stats","StSLib","Unceasing Turn Reminder"],"gold_per_floor":[99,118,118,130,143,153,178,207,219,669,397,297,297,328,341,438,438,438,454,454,77,94,110,110,10,10,37,37,53,153,186,201,301,301,501,512,144,160,171,182,182,202,7,21,32,42,62,62,82,82,82,114,44,44,44,44,44,44],"floor_reached":56,"language":"ENG","playtime":4941,"items_purged":["downfall:Icky","downfall:Icky"],"score":772,"play_id":"6e7a3271-7f06-41ad-8668-f1a03c54d84d","local_time":"20210123032340","is_ascension_mode":false,"campfire_choices":[{"floor":1,"key":"RECALL"},{"floor":12,"key":"REST"},{"data":"bronze:Verify","floor":18,"key":"SMITH"},{"data":"bronze:Return","floor":25,"key":"SMITH"},{"data":"bronze:GetLatest","floor":35,"key":"SMITH"},{"data":"Enlightenment","floor":54,"key":"SMITH"}],"circlet_count":0,"master_deck":["bronze:Strike","bronze:Strike","bronze:Defend","bronze:Defend","bronze:Defend","bronze:Replicate","bronze:Goto+1","bronze:DelayedGuard","bronze:Frontload","bronze:CutThrough","bronze:BitShift","bronze:Frontload","bronze:Return+1","bronze:Verify+1","bronze:MaxOutput","bronze:Backtrace","bronze:FineTuning","bronze:Format","bronze:Deprecate+1","bronze:FindAndReplace+1","bronze:Turbo+1","bronze:Branch+1","bronze:Shell+1","bronze:Overheat","bronze:Optimize","bronze:DelayedSlice+1","bronze:Repair+1","bronze:ItsAFeature","bronze:GetLatest+1","bronze:Allocate","bronze:Branch","bronze:AlphaBuild","bronze:Return+1","bronze:ChildClass","expansioncontent:HyperBeam","bronze:Turbo+1","bronze:WhirlingStrike+1","bronze:Overheat","bronze:BugBarrage+1","bronze:Boost","Enlightenment+1","bronze:Overheat+1","bronze:CutThrough+1","bronze:HardenedForm","bronze:FineTuning","bronze:Optimize","bronze:Repulsor"],"relics":["bronze:PlatinumCore","downfall:ShatteredFragment","Anchor","Odd Mushroom","Omamori","downfall:HeartBlessingRed","Bag of Marbles","Vajra","Astrolabe","HornCleat","downfall:HeartBlessingBlue","Boot","Shuriken","downfall:GremlinWheel","Akabeko","downfall:HeartBlessingGreen","Bag of Preparation","Meat on the Bone","FossilizedHelix","ClockworkSouvenir","Bottled Flame"],"acts_visited":["Exordium","TheCity","TheBeyond","TheEnding"],"potions_floor_usage":[55,55,55],"damage_taken":[{"damage":4,"enemies":"2 Louse","floor":2,"turns":4},{"damage":0,"enemies":"Small Slimes","floor":4,"turns":3},{"damage":1,"enemies":"Jaw Worm","floor":5,"turns":4},{"damage":0,"enemies":"Exordium Thugs","floor":6,"turns":4},{"damage":13,"enemies":"The Mushroom Lair","floor":8,"turns":5},{"damage":1,"enemies":"3 Louse","floor":9,"turns":3},{"damage":0,"enemies":"downfall:FleeingMerchant","floor":11,"turns":4},{"damage":9,"enemies":"3 Sentries","floor":14,"turns":7},{"damage":0,"enemies":"Lots of Slimes","floor":15,"turns":2},{"damage":35,"enemies":"WA_ARCHETYPE_RETAIN","floor":16,"turns":12},{"damage":5,"enemies":"3 Byrds","floor":19,"turns":6},{"damage":0,"enemies":"downfall:FleeingMerchant","floor":21,"turns":4},{"damage":0,"enemies":"Shell Parasite","floor":22,"turns":3},{"damage":0,"enemies":"Chosen and Byrds","floor":23,"turns":6},{"damage":2,"enemies":"Book of Stabbing","floor":27,"turns":5},{"damage":0,"enemies":"Cultist and Chosen","floor":29,"turns":4},{"damage":0,"enemies":"Cultist and Chosen","floor":30,"turns":4},{"damage":0,"enemies":"Gremlin Leader","floor":31,"turns":10},{"damage":0,"enemies":"Centurion and Healer","floor":32,"turns":5},{"damage":35,"enemies":"DF_ARCHETYPE_CLAW","floor":33,"turns":9},{"damage":0,"enemies":"3 Darklings","floor":36,"turns":3},{"damage":0,"enemies":"downfall:FleeingMerchant","floor":37,"turns":4},{"damage":0,"enemies":"Orb Walker","floor":38,"turns":1},{"damage":16,"enemies":"Maw","floor":39,"turns":8},{"damage":0,"enemies":"Transient","floor":40,"turns":5},{"damage":0,"enemies":"Sphere and 2 Shapes","floor":42,"turns":3},{"damage":0,"enemies":"downfall:FleeingMerchant","floor":43,"turns":1},{"damage":0,"enemies":"3 Darklings","floor":44,"turns":4},{"damage":0,"enemies":"Jaw Worm Horde","floor":45,"turns":1},{"damage":0,"enemies":"Sphere and 2 Shapes","floor":46,"turns":2},{"damage":0,"enemies":"Spire Growth","floor":47,"turns":4},{"damage":0,"enemies":"Transient","floor":49,"turns":5},{"damage":66,"enemies":"IC_BLOCK_ARCHETYPE","floor":50,"turns":13},{"damage":46,"enemies":"downfall:CharBossMerchant","floor":52,"turns":8},{"damage":12,"enemies":"downfall:NeowBoss","floor":55,"turns":15},{"damage":65,"enemies":"downfall:NeowBossFinal","floor":56,"turns":8}],"seed_played":"8274329442736627818","potions_obtained":[{"floor":4,"key":"PowerPotion"},{"floor":5,"key":"FearPotion"},{"floor":6,"key":"bronze:BurnAndBuffPotion"},{"floor":15,"key":"bronze:CleanCodePotion"}],"is_trial":false,"path_per_floor":["R","M","?","M","M","M","T","?","M","?","$","R","T","E","M","B",null,"R","M","?","$","M","M","T","R","?","E","?","M","?","E","M","B",null,"R","M","$","M","M","M","T","M","$","M","M","M","M","?","M","B",null,"E","$","R","B","B"],"character_chosen":"THE_AUTOMATON","items_purchased":["Omamori","bronze:MaxOutput","bronze:Overheat","HornCleat","bronze:Optimize","Bag of Preparation","expansioncontent:HyperBeam","Enlightenment","FossilizedHelix","ClockworkSouvenir","bronze:Repulsor"],"campfire_rested":1,"item_purchase_floors":[11,11,21,21,21,37,37,43,43,43,53],"current_hp_per_floor":[77,73,52,52,51,51,51,38,37,37,37,60,60,51,51,16,77,77,72,72,72,72,72,72,82,82,87,87,87,87,87,87,52,87,87,87,87,87,81,87,87,87,87,87,87,87,87,79,79,33,87,53,53,53,51,0,0,0],"gold":44,"neow_bonus":"TEN_PERCENT_HP_BONUS","is_daily":false,"chose_seed":false,"campfire_upgraded":4,"win_rate":0.0,"timestamp":1611390220,"path_taken":["R","M","?","M","M","M","T","?","M","?","$","R","?","E","M","BOSS","R","M","?","$","M","M","T","R","?","E","?","?","?","E","M","BOSS","R","M","$","M","?","M","T","M","$","M","M","M","M","?","M","BOSS","E","$","R","BOSS","BOSS"],"items_purchased_type":["Relic","Card","Card","Relic","Card","Relic","Card","Card","Relic","Relic","Card"],"build_version":"2020-12-22","purchased_purges":2,"victory":false,"max_hp_per_floor":[77,77,77,77,77,77,77,77,77,77,77,77,77,77,77,77,77,77,77,77,77,77,77,77,87,87,87,87,87,87,87,87,87,87,87,87,87,87,87,87,87,87,87,87,87,87,87,87,87,87,87,87,87,87,87,87,87,87],"relic_stats":{"counters":[36,189],"Shuriken":[84],"Astrolabe":["bronze:Deprecate","bronze:FindAndReplace","bronze:Turbo"],"Bag of Preparation":[28],"Boot":[43],"obtain_stats":[{"bronze:PlatinumCore":34,"bronze:BronzeCore":0,"downfall:ShatteredFragment":3,"downfall:HeartBlessingRed":12,"Astrolabe":17,"Vajra":14,"downfall:HeartBlessingGreen":35,"Omamori":11,"Bag of Preparation":37,"Odd Mushroom":8,"Boot":27,"Akabeko":31,"ClockworkSouvenir":43,"Anchor":7,"Bottled Flame":52,"HornCleat":21,"downfall:GremlinWheel":30,"downfall:HeartBlessingBlue":25,"Shuriken":28,"Bag of Marbles":13,"FossilizedHelix":43,"Meat on the Bone":41},{"bronze:PlatinumCore":20,"bronze:BronzeCore":0,"downfall:ShatteredFragment":1,"downfall:HeartBlessingRed":7,"Astrolabe":10,"Vajra":8,"downfall:HeartBlessingGreen":20,"Omamori":7,"Bag of Preparation":22,"Odd Mushroom":5,"Boot":15,"Akabeko":18,"ClockworkSouvenir":27,"Anchor":4,"Bottled Flame":34,"HornCleat":12,"downfall:GremlinWheel":17,"downfall:HeartBlessingBlue":14,"Shuriken":15,"Bag of Marbles":7,"FossilizedHelix":27,"Meat on the Bone":25},{"bronze:PlatinumCore":104,"bronze:BronzeCore":0,"downfall:ShatteredFragment":4,"downfall:HeartBlessingRed":27,"Astrolabe":48,"Vajra":34,"downfall:HeartBlessingGreen":104,"Omamori":27,"Bag of Preparation":111,"Odd Mushroom":20,"Boot":72,"Akabeko":90,"ClockworkSouvenir":129,"Anchor":15,"Bottled Flame":166,"HornCleat":58,"downfall:GremlinWheel":80,"downfall:HeartBlessingBlue":67,"Shuriken":72,"Bag of Marbles":27,"FossilizedHelix":129,"Meat on the Bone":125}],"Meat on the Bone":24},"card_choices":[{"not_picked":["bronze:Invalidate","bronze:Repulsor"],"picked":"bronze:DelayedGuard","floor":2},{"not_picked":["bronze:OilSpill","bronze:Turbo"],"picked":"bronze:Frontload","floor":4},{"not_picked":["bronze:Invalidate","bronze:FindAndReplace"],"picked":"bronze:CutThrough","floor":5},{"not_picked":["bronze:NullPointer","bronze:Turbo"],"picked":"bronze:BitShift","floor":6},{"not_picked":["bronze:OilSpill","bronze:BronzeArmor"],"picked":"bronze:Frontload","floor":8},{"not_picked":["bronze:OilSpill","bronze:BugBarrage"],"picked":"bronze:Return","floor":9},{"not_picked":["bronze:ForceShield","bronze:Flail"],"picked":"bronze:Verify","floor":11},{"not_picked":["bronze:FollowUp","bronze:Safeguard"],"picked":"bronze:Backtrace","floor":14},{"not_picked":["bronze:ChildClass","bronze:Shield"],"picked":"bronze:FineTuning","floor":15},{"not_picked":["bronze:Break","bronze:Virus"],"picked":"bronze:Format","floor":16},{"not_picked":["bronze:Deprecate","bronze:WildBeam"],"picked":"bronze:Branch+1","floor":19},{"not_picked":["bronze:ClassDefault","bronze:MaxOutput"],"picked":"bronze:Shell+1","floor":21},{"not_picked":["bronze:Shell+1","bronze:Frontload"],"picked":"bronze:DelayedSlice+1","floor":22},{"not_picked":["bronze:DigitalCarnage+1","bronze:DelayedGuard+1"],"picked":"bronze:Repair+1","floor":23},{"not_picked":["bronze:DarkDash","bronze:BronzeOrb+1"],"picked":"bronze:ItsAFeature","floor":27},{"not_picked":["bronze:BuggyMess+1","bronze:ForLoop+1"],"picked":"bronze:GetLatest","floor":29},{"not_picked":["bronze:Repair","bronze:Deprecate"],"picked":"bronze:Allocate","floor":31},{"not_picked":["bronze:RecursiveStrike","bronze:Frontload+1"],"picked":"bronze:Branch","floor":32},{"not_picked":["bronze:Assembly","bronze:Format"],"picked":"bronze:AlphaBuild","floor":33},{"not_picked":["bronze:Allocate+1","bronze:DelayedSlice"],"picked":"bronze:Return+1","floor":36},{"not_picked":["bronze:Virus","bronze:DelayedSlice+1"],"picked":"bronze:ChildClass","floor":37},{"not_picked":["bronze:Shield","bronze:ForLoop+1"],"picked":"bronze:Turbo+1","floor":38},{"not_picked":["bronze:Invalidate+1","bronze:Deprecate+1"],"picked":"bronze:WhirlingStrike+1","floor":39},{"not_picked":["bronze:CutThrough","bronze:Turbo"],"picked":"bronze:Overheat","floor":40},{"not_picked":["bronze:Shell","bronze:BitShift"],"picked":"bronze:BugBarrage+1","floor":42},{"not_picked":["bronze:Branch","bronze:Break"],"picked":"bronze:Boost","floor":43},{"not_picked":["bronze:Branch+1","bronze:DelayedSlice"],"picked":"bronze:Overheat+1","floor":44},{"not_picked":["bronze:WildBeam+1","bronze:DelayedGuard"],"picked":"bronze:CutThrough+1","floor":45},{"not_picked":["bronze:OilSpill","bronze:BronzeArmor+1","bronze:Deprecate+1"],"picked":"SKIP","floor":46},{"not_picked":["bronze:DelayedSlice+1","bronze:CloningBeam+1"],"picked":"bronze:HardenedForm","floor":47},{"not_picked":["bronze:DelayedGuard+1","bronze:Shield+1"],"picked":"bronze:FineTuning","floor":49},{"not_picked":["bronze:BronzeArmor","bronze:MaxOutput+1"],"picked":"bronze:Optimize","floor":52}],"player_experience":735191,"relics_obtained":[{"floor":7,"key":"Anchor"},{"floor":8,"key":"Odd Mushroom"},{"floor":13,"key":"Bag of Marbles"},{"floor":14,"key":"Vajra"},{"floor":27,"key":"Boot"},{"floor":30,"key":"downfall:GremlinWheel"},{"floor":31,"key":"Akabeko"},{"floor":41,"key":"Meat on the Bone"},{"floor":52,"key":"Bottled Flame"}],"event_choices":[{"damage_healed":0,"gold_gain":0,"player_choice":"Fought Mushrooms","damage_taken":0,"max_hp_gain":0,"max_hp_loss":0,"event_name":"Mushrooms","floor":8,"gold_loss":0},{"cards_removed":["bronze:Format"],"damage_healed":0,"gold_gain":0,"player_choice":"Give","damage_taken":0,"max_hp_gain":0,"max_hp_loss":0,"event_name":"betterNote:BetterNote","floor":20,"gold_loss":0,"cards_obtained":["champ:Devastate"]},{"damage_healed":0,"gold_gain":300,"player_choice":"Gold","damage_taken":0,"max_hp_gain":0,"max_hp_loss":0,"event_name":"Wheel of Change","floor":35,"gold_loss":0}],"is_beta":false,"boss_relics":[{"not_picked":["Runic Dome","Busted Crown"],"picked":"Astrolabe"},{"not_picked":["Coffee Dripper","Empty Cage"],"picked":"bronze:PlatinumCore"}],"items_purged_floors":[11,37],"is_endless":false,"potions_floor_spawned":[4,5,6,15,22,23,29,32,33,36,38,39,40,46,47,52],"killed_by":"downfall:NeowBossFinal","ascension_level":0}}