{"host":"t7rtdu4954o308h4","time":1611407736,"event":{"mods":["ATMod(阿瑾Mod)","BaseMod","Conspire","Hermit","Highlight Path","Hubris","Infinite Spire","Minty Spire (QoL Compilation)","MostiFishMod","Replay The Spire","Shop Mod","StSLib","TestMod","Waifu the Spire","vexMod","【遗物卡牌】REMEMod"],"gold_per_floor":[116,232,232,232,232,232,252,277,304,304,330,162,162,162,162,334,334,369,423,423,423,423,423,486,501,552,582,582,592,608,608,608,706,706,718,718,732,707,707,772,772,788,812,812,978,991,1002,1129,1129,1229],"floor_reached":51,"language":"ZHS","playtime":2642,"items_purged":["hermit:Defend_Hermit"],"score":1186,"play_id":"a1f1c9af-0be3-4ff8-abc8-767bc2584d76","local_time":"20210123211536","is_ascension_mode":false,"campfire_choices":[{"data":"hermit:Combo","floor":6,"key":"SMITH"},{"data":"hermit:DeadOrAlive","floor":13,"key":"SMITH"},{"data":"hermit:GoldenBullet","floor":15,"key":"SMITH"},{"data":"hermit:CursedWeapon","floor":23,"key":"SMITH"},{"data":"infinitespire:NeuralNetwork","floor":32,"key":"SMITH"},{"data":"AT_FamilyPortrait","floor":41,"key":"SMITH"},{"data":"hermit:Adapt","floor":41,"key":"SMITH"},{"data":"hermit:BigShot","floor":49,"key":"SMITH"},{"data":"hermit:Roulette","floor":49,"key":"SMITH"}],"circlet_count":0,"master_deck":["hubris:Hubris","hermit:Strike_Hermit","hermit:Strike_Hermit","hermit:Strike_Hermit","hermit:Defend_Hermit","hermit:Defend_Hermit","hermit:Snapshot","hermit:Covet","AT_FamilyPortrait+1","Hyperbeam","hermit:LuckOfTheDraw","hermit:Shortfuse","hermit:TrackingShot","hermit:Combo+1","hermit:DeadOrAlive+1","hermit:Malice","hermit:GoldenBullet+1","hermit:Determination","infinitespire:NeuralNetwork+1","hermit:Adapt+1","hermit:Roulette+1","hermit:CursedWeapon+1","hermit:ShadowCloak","REME_BodyOfCthun+1","hermit:ItchyTrigger+1","hermit:LoneWolf","CurseOfTheBell","hermit:FinalCanter+1","hermit:Reprieve+1","hermit:FromBeyond+1","hermit:EternalForm+1","hermit:Roughhouse+1","hermit:BigShot+1"],"relics":["hermit:Momento","AT_ATBox","DaveBox","testmod-TestBox","REME_ComplimentaryCards","BirthdayGift-Tetrahedron","testmod-SaigiyounoYou","SynthV:TestCard","hubris:Towel","ReplayTheSpireMod:Ring of Addiction","Ring of Misfortune","Toy Ornithopter","hubris:EmptyBottle","testmod-IndustrialRevolution","Blue Doll","ShadowXiaoBlade","AT_ArchangelStaff","hubris:NiceRug","Strawberry","ChiLing","Chi","Ling","hubris:ToyBattleship","Golden Egg","AT_SunfireAegis","AT_EbonyIvory","Pet Ghost","conspire:DecoderRing","testmod-Fortitude","Black Star","Bottled Lightning","Replay:Arrowhead","AT_TheCollector","vexMod:BarristanHead","hermit:Spyglass","testmod-TurbochargingSystem","testmod-Antiphasic","vexMod:Dragonfruit"],"acts_visited":["Exordium","TheCity","TheBeyond"],"potions_floor_usage":[19,19,19,19,19,28,28],"damage_taken":[{"damage":2,"enemies":"2 Louse","floor":1,"turns":2},{"damage":0,"enemies":"conspire:RoseBush","floor":2,"turns":1},{"damage":3,"enemies":"Jaw Worm","floor":7,"turns":2},{"damage":0,"enemies":"2 Fungi Beasts","floor":8,"turns":2},{"damage":0,"enemies":"Slime Boss","floor":16,"turns":4},{"damage":10,"enemies":"2 Thieves","floor":18,"turns":3},{"damage":1,"enemies":"hubris:Merchant","floor":19,"turns":3},{"damage":0,"enemies":"conspire:SneckoGhost","floor":24,"turns":1},{"damage":0,"enemies":"Spheric Guardian","floor":25,"turns":1},{"damage":3,"enemies":"REME_1_Revenger","floor":27,"turns":2},{"damage":0,"enemies":"Centurion and Healer","floor":29,"turns":1},{"damage":0,"enemies":"Snake Plant","floor":30,"turns":1},{"damage":6,"enemies":"hubris:MusketHawk","floor":33,"turns":3},{"damage":0,"enemies":"3 Shapes","floor":35,"turns":1},{"damage":0,"enemies":"3 Darklings","floor":37,"turns":1},{"damage":0,"enemies":"Reptomancer","floor":40,"turns":1},{"damage":0,"enemies":"4 Shapes","floor":42,"turns":1},{"damage":0,"enemies":"Nemesis","floor":45,"turns":1},{"damage":0,"enemies":"Writhing Mass","floor":46,"turns":1},{"damage":0,"enemies":"Spire Growth","floor":47,"turns":1},{"damage":0,"enemies":"Giant Head","floor":48,"turns":3},{"damage":13,"enemies":"infinitespire:MassOfShapes","floor":50,"turns":5}],"seed_played":"4987863754034790567","potions_obtained":[{"floor":5,"key":"EssenceOfSteel"},{"floor":5,"key":"Cursed Concoction"},{"floor":5,"key":"Doom Potion"},{"floor":18,"key":"Energy Potion"},{"floor":19,"key":"Energy Potion"},{"floor":19,"key":"Strength Potion"},{"floor":24,"key":"Explosive Potion"},{"floor":25,"key":"REME_GoldPotion"},{"floor":33,"key":"Elixir"}],"is_trial":false,"path_per_floor":["M","M","?","?","?","R","M","M","T","?","T","$","R","?","R","B",null,"M","$","?","$","?","R","E","M","T","E","?","M","M","?","R","B",null,"M","$","M","?","?","E","R","M","T","$","E","M","M","E","R","B",null],"character_chosen":"HERMIT","items_purchased":["hermit:GoldenBullet","hermit:Determination","hermit:CursedWeapon","AT_ArchangelStaff","hermit:ShadowCloak"],"campfire_rested":0,"item_purchase_floors":[12,12,19,19,19],"current_hp_per_floor":[67,68,68,68,68,68,68,68,66,59,59,59,59,43,43,62,62,54,67,67,67,55,55,68,70,68,68,68,68,68,68,66,66,66,64,64,64,62,62,62,60,60,60,58,58,58,56,61,61,59],"gold":1229,"neow_bonus":"TRANSFORM_TWO_CARDS","is_daily":false,"chose_seed":false,"campfire_upgraded":9,"win_rate":0.0,"timestamp":1611407736,"path_taken":["M","M","?","?","?","R","M","?","T","?","?","$","R","?","R","BOSS","M","$","?","?","?","R","E","M","T","E","?","M","?","?","R","BOSS","M","$","M","?","?","E","R","M","T","$","E","M","M","E","R","BOSS"],"items_purchased_type":["Card","Card","Card","Relic","Card"],"build_version":"2020-12-22","purchased_purges":1,"victory":true,"max_hp_per_floor":[68,68,68,68,68,68,68,68,66,66,66,64,64,64,62,62,62,60,67,67,67,72,70,70,70,68,68,68,68,68,68,66,66,66,64,64,64,62,62,62,60,60,60,58,58,58,56,61,61,59],"card_choices":[{"not_picked":["hermit:Headshot","hermit:Manifest"],"picked":"hermit:TrackingShot","floor":1},{"not_picked":["hermit:Feint","hermit:SprayPray","hermit:TrackingShot","hermit:Snipe"],"picked":"hermit:Combo","floor":2},{"not_picked":["hermit:GhostlyPresence","hermit:Vantage","hermit:BodyArmor","hermit:Desperado"],"picked":"hermit:DeadOrAlive","floor":7},{"not_picked":["hermit:BodyArmor","hermit:HoleUp","hermit:Snipe","hermit:Quickdraw"],"picked":"hermit:Malice","floor":8},{"not_picked":["infinitespire:Oblivion","infinitespire:Collect"],"picked":"infinitespire:NeuralNetwork","floor":14},{"not_picked":["hermit:DeadOrAlive","hermit:Magnum","hermit:RoundhouseKick","hermit:Purgatory"],"picked":"hermit:Adapt","floor":16},{"not_picked":["hermit:BodyArmor","hermit:Gestalt","hermit:DeadMansHand","hermit:Grudge"],"picked":"hermit:Roulette","floor":18},{"not_picked":[],"picked":"REME_BodyOfCthun+1","floor":19},{"not_picked":["hermit:Grudge"],"picked":"SKIP","floor":19},{"not_picked":["hermit:Coalescence"],"picked":"SKIP","floor":19},{"not_picked":["hermit:FlashPowder"],"picked":"SKIP","floor":19},{"not_picked":["Blind"],"picked":"SKIP","floor":19},{"not_picked":["hermit:BodyArmor","hermit:LoneWolf","hermit:Dive","hermit:LowProfile"],"picked":"hermit:ItchyTrigger+1","floor":24},{"not_picked":["hermit:Glare","hermit:LowProfile+1","hermit:SprayPray+1","hermit:Virtue+1","hermit:Desperado"],"picked":"SKIP","floor":25},{"not_picked":["hermit:SprayPray+1","hermit:Quickdraw","hermit:Midnight","hermit:Snipe"],"picked":"hermit:LoneWolf","floor":27},{"not_picked":["hermit:BodyArmor","hermit:Ricochet","hermit:Virtue","hermit:Dive","hermit:Snipe+1"],"picked":"SKIP","floor":29},{"not_picked":["hermit:HoleUp+1","hermit:Snipe","hermit:Dive","hermit:Glare"],"picked":"hermit:FinalCanter","floor":30},{"not_picked":["hermit:EternalForm","hermit:BlackWind","hermit:Purgatory","hermit:FinalCanter"],"picked":"hermit:Reprieve","floor":33},{"not_picked":["hermit:Misfire+1","hermit:GoldenBullet","hermit:Ricochet+1","hermit:CalledShot+1"],"picked":"hermit:FromBeyond","floor":35},{"not_picked":["hermit:Desperado","hermit:BodyArmor+1","hermit:Manifest+1","hermit:Showdown+1"],"picked":"hermit:EternalForm","floor":37},{"not_picked":["hermit:HoleUp","hermit:NoHoldsBarred","hermit:LoneWolf","hermit:HighCaliber"],"picked":"hermit:Roughhouse","floor":40},{"not_picked":["hermit:Glare","hermit:ItchyTrigger+1","hermit:TrackingShot+1","hermit:Cheat","hermit:Misfire+1"],"picked":"SKIP","floor":42},{"not_picked":["hermit:Coalescence+1","hermit:Maintenance+1","hermit:PistolWhip","hermit:HighCaliber","hermit:Desperado+1"],"picked":"SKIP","floor":45},{"not_picked":["hermit:Scavenge","hermit:HoleUp","hermit:LoneWolf","hermit:Showdown+1"],"picked":"hermit:BigShot","floor":46},{"not_picked":["hermit:Midnight","hermit:CalledShot+1","hermit:Gambit","hermit:Quickdraw","hermit:Roulette"],"picked":"SKIP","floor":47},{"not_picked":["hermit:GhostlyPresence+1","hermit:Feint","hermit:Dive","hermit:PistolWhip+1","hermit:Misfire"],"picked":"SKIP","floor":48}],"player_experience":57817,"relics_obtained":[{"floor":1,"key":"SynthV:TestCard"},{"floor":5,"key":"ReplayTheSpireMod:Ring of Addiction"},{"floor":5,"key":"Ring of Misfortune"},{"floor":5,"key":"Toy Ornithopter"},{"floor":5,"key":"hubris:EmptyBottle"},{"floor":9,"key":"testmod-IndustrialRevolution"},{"floor":11,"key":"Blue Doll"},{"floor":19,"key":"Strawberry"},{"floor":19,"key":"ChiLing"},{"floor":24,"key":"Golden Egg"},{"floor":26,"key":"AT_SunfireAegis"},{"floor":27,"key":"AT_EbonyIvory"},{"floor":28,"key":"Pet Ghost"},{"floor":28,"key":"conspire:DecoderRing"},{"floor":28,"key":"testmod-Fortitude"},{"floor":40,"key":"Replay:Arrowhead"},{"floor":40,"key":"AT_TheCollector"},{"floor":43,"key":"vexMod:BarristanHead"},{"floor":45,"key":"hermit:Spyglass"},{"floor":45,"key":"testmod-TurbochargingSystem"},{"floor":48,"key":"testmod-Antiphasic"},{"floor":48,"key":"vexMod:Dragonfruit"}],"event_choices":[{"cards_removed":["Voices"],"damage_healed":0,"gold_gain":0,"player_choice":"Card Removal","damage_taken":7,"max_hp_gain":0,"max_hp_loss":0,"event_name":"Golden Wing","floor":10,"gold_loss":0},{"damage_healed":0,"gold_gain":0,"player_choice":"Gave Potion","damage_taken":0,"relics_obtained":["hubris:ToyBattleship"],"max_hp_gain":0,"max_hp_loss":0,"event_name":"WeMeetAgain","floor":20,"gold_loss":0},{"damage_healed":0,"gold_gain":0,"player_choice":"Shed Blood","damage_taken":17,"max_hp_gain":5,"max_hp_loss":0,"event_name":"Forgotten Altar","floor":22,"gold_loss":0},{"damage_healed":0,"gold_gain":0,"player_choice":"Swap Relic","damage_taken":0,"relics_obtained":["Calling Bell"],"max_hp_gain":0,"max_hp_loss":0,"event_name":"给自己的盒子","floor":28,"relics_lost":["Calling Bell"],"gold_loss":0},{"damage_healed":0,"gold_gain":0,"player_choice":"Leave","damage_taken":0,"max_hp_gain":0,"max_hp_loss":0,"event_name":"conspire:Investor","floor":31,"gold_loss":0},{"damage_healed":0,"gold_gain":0,"player_choice":"Ignored","damage_taken":0,"max_hp_gain":0,"max_hp_loss":0,"event_name":"Tomb of Lord Red Mask","floor":39,"gold_loss":0}],"is_beta":false,"boss_relics":[{"not_picked":["TakeMeEscape","SlaversCollar"],"picked":"ShadowXiaoBlade"},{"not_picked":["testmod-Nine","Velvet Choker"],"picked":"Black Star"}],"items_purged_floors":[12],"is_endless":false,"potions_floor_spawned":[8,16,18,24,25,33,35,37,42,46],"ascension_level":0}}