{"host":"0o4jkshs65tojivq","time":1611383248,"event":{"mods":["BaseMod","Downfall","Minty Spire (QoL Compilation)","Quick Restart","Slay the Relics Exporter","StSLib"],"gold_per_floor":[99,9,9,9,22,42,66,66,78,90,101,86,86,96,111,212,212,112,124,124,209,225,244,244,271,271,6,22,54,54,165,183,284,284,184,184,196,208,225,275,298,317,349,366,400,400,300,315,329,329,329,354,166,166,166,166,166,166],"floor_reached":56,"language":"ENG","playtime":11371,"items_purged":["Slimebound:Strike_Slimebound","Parasite","Slimebound:Defend_Slimebound","Slimebound:Tackle"],"score":830,"play_id":"fb279524-93a9-45c3-afa5-38fdf7375dd5","local_time":"20210122222728","is_ascension_mode":true,"campfire_choices":[{"floor":1.0,"key":"RECALL"},{"data":"Slimebound:Replication","floor":13.0,"key":"SMITH"},{"data":"Slimebound:LivingWall","floor":18.0,"key":"SMITH"},{"data":"Slimebound:LeechEnergy","floor":35.0,"key":"SMITH"},{"data":"Slimebound:RejuvenatingLick","floor":47,"key":"SMITH"},{"data":"Slimebound:DuplicatedForm","floor":54,"key":"SMITH"}],"circlet_count":0,"master_deck":["Slimebound:Defend_Slimebound","Slimebound:Defend_Slimebound","Slimebound:Split+1","Slimebound:CorrosiveSpit+1","Slimebound:HauntingLick","Slimebound:DisruptingSlam+1","Slimebound:LivingWall","Slimebound:LivingWall+1","Slimebound:Gluttony","Slimebound:LeechEnergy+1","Slimebound:Replication+1","Slimebound:Prepare","Slimebound:DuplicatedForm+1","Slimebound:LeechEnergy+1","Slimebound:GrowthPunch","Slimebound:GrowthPunch+1","Slimebound:GrowthPunch","Slimebound:RejuvenatingLick+1","Slimebound:ComboTackle+1","Slimebound:OozeBath","Slimebound:Schlurp","Slimebound:LeechLife","Slimebound:RejuvenatingLick+1","Slimebound:RejuvenatingLick+1","Slimebound:LeechEnergy+1"],"relics":["Slimebound:AbsorbEndCombat","downfall:ShatteredFragment","InkBottle","Happy Flower","Slimebound:TarBlob","downfall:HeartBlessingRed","Bronze Scales","Bag of Preparation","War Paint","Membership Card","Coffee Dripper","downfall:HeartBlessingBlue","Ginger","PreservedInsect","Bird Faced Urn","Mummified Hand","Bottled Lightning","downfall:HeartBlessingGreen","Akabeko","Lee\u0027s Waffle"],"acts_visited":["Exordium","TheCity","TheBeyond","TheEnding"],"potions_floor_usage":[56,56,56],"damage_taken":[{"damage":8.0,"enemies":"downfall:FleeingMerchant","floor":2.0,"turns":4.0},{"damage":1.0,"enemies":"Jaw Worm","floor":5.0,"turns":4.0},{"damage":3.0,"enemies":"2 Louse","floor":6.0,"turns":4.0},{"damage":0.0,"enemies":"Cultist","floor":9.0,"turns":3.0},{"damage":2.0,"enemies":"3 Louse","floor":10.0,"turns":4.0},{"damage":0.0,"enemies":"Blue Slaver","floor":11.0,"turns":3.0},{"damage":0.0,"enemies":"downfall:FleeingMerchant","floor":12.0,"turns":4.0},{"damage":0.0,"enemies":"2 Fungi Beasts","floor":14.0,"turns":3.0},{"damage":0.0,"enemies":"Red Slaver","floor":15.0,"turns":3.0},{"damage":20.0,"enemies":"SI_SHIV_ARCHETYPE","floor":16.0,"turns":9.0},{"damage":15.0,"enemies":"Chosen","floor":19.0,"turns":4.0},{"damage":0.0,"enemies":"Shelled Parasite and Fungi","floor":22.0,"turns":5.0},{"damage":27.0,"enemies":"Snake Plant","floor":23.0,"turns":5.0},{"damage":10.0,"enemies":"Gremlin Leader","floor":25.0,"turns":6.0},{"damage":15.0,"enemies":"downfall:FleeingMerchant","floor":27.0,"turns":4.0},{"damage":0.0,"enemies":"3 Cultists","floor":28.0,"turns":3.0},{"damage":18.0,"enemies":"Book of Stabbing","floor":29.0,"turns":4.0},{"damage":10.0,"enemies":"downfall:FleeingMerchant","floor":31.0,"turns":4.0},{"damage":32.0,"enemies":"Snecko","floor":32.0,"turns":4.0},{"damage":36.0,"enemies":"DF_ARCHETYPE_CLAW","floor":33.0,"turns":7.0},{"damage":35.0,"enemies":"3 Darklings","floor":37.0,"turns":6.0},{"damage":20.0,"enemies":"Orb Walker","floor":38.0,"turns":4.0},{"damage":18.0,"enemies":"Maw","floor":39.0,"turns":6.0},{"damage":0.0,"enemies":"Maw","floor":40.0,"turns":3.0},{"damage":9.0,"enemies":"Writhing Mass","floor":42.0,"turns":5.0},{"damage":15.0,"enemies":"Giant Head","floor":43.0,"turns":6.0},{"damage":0,"enemies":"Jaw Worm Horde","floor":44,"turns":3},{"damage":15,"enemies":"Nemesis","floor":45,"turns":3},{"damage":15,"enemies":"Transient","floor":48,"turns":5},{"damage":24,"enemies":"Writhing Mass","floor":49,"turns":5},{"damage":43,"enemies":"WA_ARCHETYPE_DIVINITY","floor":50,"turns":14},{"damage":19,"enemies":"downfall:CharBossMerchant","floor":52,"turns":6},{"damage":43,"enemies":"downfall:NeowBoss","floor":55,"turns":15},{"damage":94,"enemies":"downfall:NeowBossFinal","floor":56,"turns":6}],"seed_played":"8610338511056353663","potions_obtained":[{"floor":6.0,"key":"champ:CounterPotion"},{"floor":9.0,"key":"GamblersBrew"},{"floor":11.0,"key":"Explosive Potion"},{"floor":14.0,"key":"Weak Potion"},{"floor":22.0,"key":"sneckomod:MuddlingPotion"},{"floor":23.0,"key":"ColorlessPotion"},{"floor":28.0,"key":"AttackPotion"},{"floor":32.0,"key":"Slimebound:SlimyTonguePotion"},{"floor":33.0,"key":"GamblersBrew"}],"is_trial":false,"path_per_floor":["R","$","?","?","M","M","T","?","M","M","M","$","R","M","M","B",null,"R","M","?","?","M","M","T","E","?","$","M","E","?","$","M","B",null,"R","?","M","M","M","?","T","M","E","M","E","?","R","M","M","B",null,"E","$","R","B","B"],"character_chosen":"SLIMEBOUND","items_purchased":["Bag of Preparation","Membership Card","Slimebound:Schlurp","Lee\u0027s Waffle","GamblersBrew"],"campfire_rested":0,"item_purchase_floors":[27,31,31,53,53],"current_hp_per_floor":[59,55,37,25,32,35,35,35,41,47,55,59,59,67,75,60,77,77,77,77,65,73,69,69,67,67,74,74,71,71,64,55,27,74,84,84,84,84,84,84,84,75,80,84,84,84,84,84,84,58,84,80,91,91,83,0,0,0],"gold":166,"neow_bonus":"TWENTY_PERCENT_HP_BONUS","is_daily":false,"chose_seed":false,"campfire_upgraded":5,"win_rate":0.0,"timestamp":1611383248,"path_taken":["R","$","?","?","?","M","T","?","M","M","M","?","R","M","M","BOSS","R","M","?","?","M","M","T","E","?","$","?","E","?","$","M","BOSS","R","?","M","M","M","?","T","M","E","M","E","?","R","M","M","BOSS","E","$","R","BOSS","BOSS"],"items_purchased_type":["Relic","Relic","Card","Relic","Potion"],"build_version":"2020-12-22","purchased_purges":4,"victory":false,"max_hp_per_floor":[77,77,77,77,77,77,77,77,77,77,77,77,77,77,77,77,77,77,77,77,77,77,77,77,77,77,74,74,74,74,74,74,74,74,84,84,84,84,84,84,84,84,84,84,84,84,84,84,84,84,84,84,91,91,91,91,91,91],"card_choices":[{"not_picked":["Slimebound:PressTheAttack","Slimebound:SplitBruiser"],"picked":"Slimebound:HauntingLick","floor":2.0},{"not_picked":["Slimebound:ViciousTackle","Slimebound:Chomp"],"picked":"Slimebound:DisruptingSlam","floor":5.0},{"not_picked":["Slimebound:DisruptingSlam","Slimebound:FinishingTackle"],"picked":"Slimebound:LivingWall","floor":6.0},{"not_picked":["Slimebound:HauntingLick","Slimebound:GoopTackle"],"picked":"Slimebound:LivingWall","floor":9.0},{"not_picked":["Slimebound:LeadByExample","Slimebound:SplitMire"],"picked":"Slimebound:Gluttony","floor":10.0},{"not_picked":["Slimebound:Prepare","Slimebound:TongueLash"],"picked":"Slimebound:LeechEnergy","floor":11.0},{"not_picked":["Slimebound:SplitBruiser","Slimebound:PrepareCrush"],"picked":"Slimebound:Replication","floor":12.0},{"not_picked":["Slimebound:RollThrough","Slimebound:ItLooksTasty"],"picked":"Slimebound:Prepare","floor":14.0},{"not_picked":["Slimebound:ProtectTheBoss","Slimebound:LevelUp","Slimebound:ComboTackle"],"picked":"SKIP","floor":15.0},{"not_picked":["Slimebound:MinionMaster","Slimebound:OneTwoCombo"],"picked":"Slimebound:DuplicatedForm","floor":16.0},{"not_picked":["Slimebound:ComboTackle","Slimebound:GoopSpray+1"],"picked":"Slimebound:LeechEnergy+1","floor":19.0},{"not_picked":["Slimebound:Schlurp+1","Slimebound:Prepare+1"],"picked":"Slimebound:GrowthPunch+1","floor":22.0},{"not_picked":["Slimebound:SlimeBrawl","Slimebound:OneTwoCombo"],"picked":"Slimebound:GrowthPunch","floor":23.0},{"not_picked":["Slimebound:RollThrough+1","Slimebound:GoopTackle"],"picked":"Slimebound:RejuvenatingLick","floor":25.0},{"not_picked":["Slimebound:FinishingTackle","Slimebound:SplitMire"],"picked":"Slimebound:ComboTackle+1","floor":27.0},{"not_picked":["Slimebound:Replication+1","Slimebound:ComboTackle","Slimebound:LivingWall"],"picked":"SKIP","floor":28.0},{"not_picked":["Slimebound:SlimeTap","Slimebound:SlimeSpikes"],"picked":"Slimebound:OozeBath","floor":29.0},{"not_picked":["Slimebound:SlimeTap","Slimebound:PressTheAttack","Slimebound:LeechingTouch+1"],"picked":"SKIP","floor":31.0},{"not_picked":["Slimebound:FinishingTackle","Slimebound:GoopTackle+1","Slimebound:LivingWall"],"picked":"SKIP","floor":32.0},{"not_picked":["Slimebound:OneTwoCombo","Slimebound:DouseInSlime"],"picked":"Slimebound:LeechLife","floor":33.0},{"not_picked":["Slimebound:SplitBruiser","Slimebound:Schlurp+1","Slimebound:PressTheAttack"],"picked":"SKIP","floor":37.0},{"not_picked":["Slimebound:DisruptingSlam+1","Slimebound:RainOfGoop","Slimebound:SplitAcid"],"picked":"SKIP","floor":38.0},{"not_picked":["Slimebound:GrowthPunch+1","Slimebound:LeadByExample+1"],"picked":"Slimebound:RejuvenatingLick+1","floor":39.0},{"not_picked":["Slimebound:RainOfGoop+1","Slimebound:Schlurp"],"picked":"Slimebound:RejuvenatingLick+1","floor":40.0},{"not_picked":["Slimebound:Prepare+1","Slimebound:ComboTackle+1","Slimebound:SlimeTap"],"picked":"SKIP","floor":42.0},{"not_picked":["Slimebound:DouseInSlime","Slimebound:MegaLick","Slimebound:HauntingLick+1"],"picked":"SKIP","floor":43},{"not_picked":["Slimebound:LivingWall+1","Slimebound:SplitBruiser"],"picked":"Slimebound:LeechEnergy+1","floor":44},{"not_picked":["Slimebound:SlimeBarrage+1","Slimebound:LeechingTouch","Slimebound:SplitLeeching"],"picked":"SKIP","floor":45},{"not_picked":["Slimebound:SplitMire+1","Slimebound:ComboTackle","Slimebound:RollThrough+1"],"picked":"SKIP","floor":48},{"not_picked":["Slimebound:PrepareCrush","Slimebound:Schlurp+1","Slimebound:GoopSpray+1"],"picked":"SKIP","floor":49},{"not_picked":["Slimebound:SplitLeeching","Slimebound:Repurpose+1","Slimebound:Grow"],"picked":"SKIP","floor":52}],"player_experience":1141617,"relics_obtained":[{"floor":7.0,"key":"Happy Flower"},{"floor":25.0,"key":"Bronze Scales"},{"floor":29.0,"key":"War Paint"},{"floor":40.0,"key":"Ginger"},{"floor":41.0,"key":"PreservedInsect"},{"floor":43,"key":"Bird Faced Urn"},{"floor":45,"key":"Mummified Hand"},{"floor":46,"key":"Bottled Lightning"},{"floor":52,"key":"Akabeko"}],"event_choices":[{"damage_healed":0.0,"max_hp_gain":0.0,"max_hp_loss":0.0,"gold_gain":0.0,"event_name":"Scrap Ooze","player_choice":"Success","floor":4.0,"gold_loss":0.0,"damage_taken":12.0,"relics_obtained":["InkBottle"]},{"damage_healed":0.0,"max_hp_gain":0.0,"max_hp_loss":0.0,"gold_gain":0.0,"event_name":"The Library","player_choice":"Read","floor":20.0,"gold_loss":0.0,"damage_taken":0.0,"cards_obtained":["Slimebound:GrowthPunch"]}],"is_beta":false,"boss_relics":[{"not_picked":["Cursed Key","Calling Bell"],"picked":"Slimebound:TarBlob"},{"not_picked":["SacredBark","Fusion Hammer"],"picked":"Coffee Dripper"}],"items_purged_floors":[2,27,31,53],"is_endless":false,"potions_floor_spawned":[6,9,11,14,15,22,23,28,32,33,37,38,43,45,48,52],"killed_by":"downfall:NeowBossFinal","ascension_level":1}}