{"host":"52m1o8iwwagurbjs","time":1611439931,"event":{"mods":["AchievementEnabler","BaseMod","Bestiary","Colored Powertips","GifTheSpireLib","Minty Spire (QoL Compilation)","Quick Restart","RNG Fix","Relic Stats","StSLib"],"gold_per_floor":[109,109,176,192,45,70,70,70,152,163,189,203,237,254,254,357,357,374,391,404,76,76,76],"floor_reached":22,"language":"ENG","playtime":841,"items_purged":["Echo Form"],"score":231,"play_id":"dabb9ffe-ecfa-4ab4-a88b-738413eec4d3","local_time":"20210123171211","is_ascension_mode":false,"campfire_choices":[{"data":"Seek","floor":8.0,"key":"SMITH"},{"data":"Defragment","floor":15.0,"key":"SMITH"}],"circlet_count":0,"master_deck":["Strike_B","Strike_B+1","Defend_B+1","Defend_B","Defend_B","Zap+1","Dualcast","Undo","Seek+1","Streamline","Genetic Algorithm","Conserve Battery+1","Gash","Coolheaded","Blizzard","Chaos","Defragment+1","Echo Form+1","Echo Form+1","Thunder Strike+1","Coolheaded","Tempest","Ball Lightning+1"],"relics":["Cracked Core","NeowsBlessing","War Paint","Sundial","Eternal Feather","Blue Candle","Gremlin Horn","Astrolabe","Bottled Tornado"],"acts_visited":["Exordium","TheCity"],"potions_floor_usage":[],"damage_taken":[{"damage":0.0,"enemies":"2 Louse","floor":1.0,"turns":1.0},{"damage":0.0,"enemies":"Small Slimes","floor":4.0,"turns":1.0},{"damage":0.0,"enemies":"Lagavulin","floor":6.0,"turns":2.0},{"damage":0.0,"enemies":"Jaw Worm","floor":10.0,"turns":3.0},{"damage":12.0,"enemies":"3 Sentries","floor":11.0,"turns":7.0},{"damage":3.0,"enemies":"Large Slime","floor":12.0,"turns":5.0},{"damage":18.0,"enemies":"Lagavulin","floor":13.0,"turns":8.0},{"damage":0.0,"enemies":"Gremlin Gang","floor":14.0,"turns":3.0},{"damage":14.0,"enemies":"The Guardian","floor":16.0,"turns":14.0},{"damage":21.0,"enemies":"Spheric Guardian","floor":18.0,"turns":6.0},{"damage":15.0,"enemies":"Chosen","floor":19.0,"turns":6.0},{"damage":20,"enemies":"Centurion and Healer","floor":20,"turns":8},{"damage":25,"enemies":"Chosen and Byrds","floor":22,"turns":4}],"seed_played":"3735555574543688234","potions_obtained":[{"floor":1.0,"key":"Fruit Juice"},{"floor":10.0,"key":"LiquidMemories"},{"floor":11.0,"key":"Energy Potion"},{"floor":13.0,"key":"DistilledChaos"}],"is_trial":false,"path_per_floor":["M","?","?","M","$","E","?","R","T","M","E","M","E","M","R","B",null,"M","M","M","$","M"],"character_chosen":"DEFECT","items_purchased":["War Paint","Bottled Tornado"],"campfire_rested":0,"item_purchase_floors":[5,21],"current_hp_per_floor":[75,75,75,75,75,75,60,60,60,60,48,45,27,27,39,30,80,59,44,24,24,0,0],"gold":76,"neow_bonus":"THREE_ENEMY_KILL","is_daily":false,"chose_seed":false,"campfire_upgraded":2,"win_rate":0.0,"timestamp":1611439931,"path_taken":["M","?","?","M","$","E","?","R","T","M","E","M","E","M","R","BOSS","M","M","?","$","M"],"items_purchased_type":["Relic","Relic"],"build_version":"2020-12-22","purchased_purges":1,"victory":false,"max_hp_per_floor":[75,75,75,75,75,75,75,75,75,75,75,75,75,75,75,80,80,80,80,80,80,80,80],"relic_stats":{"Gremlin Horn":[5,5],"counters":[13,68],"Sundial":[10],"Blue Candle":[0],"Astrolabe":["Echo Form","Echo Form","Thunder Strike"],"Eternal Feather":12,"War Paint":["Zap","Defend_B"],"obtain_stats":[{"NeowsBlessing":0,"Gremlin Horn":13,"Sundial":6,"Blue Candle":11,"Astrolabe":17,"Eternal Feather":9,"War Paint":5,"Bottled Tornado":21,"Cracked Core":0},{"NeowsBlessing":0,"Gremlin Horn":7,"Sundial":3,"Blue Candle":5,"Astrolabe":9,"Eternal Feather":3,"War Paint":2,"Bottled Tornado":12,"Cracked Core":0},{"NeowsBlessing":0,"Gremlin Horn":27,"Sundial":4,"Blue Candle":14,"Astrolabe":44,"Eternal Feather":4,"War Paint":2,"Bottled Tornado":64,"Cracked Core":0}]},"card_choices":[{"not_picked":["Compile Driver","Barrage"],"picked":"Undo","floor":1.0},{"not_picked":["Rebound","Cold Snap"],"picked":"Genetic Algorithm","floor":4.0},{"not_picked":["Streamline","Go for the Eyes"],"picked":"Conserve Battery","floor":6.0},{"not_picked":["Storm","Reprogram"],"picked":"Gash","floor":10.0},{"not_picked":["Conserve Battery","Rip and Tear"],"picked":"Coolheaded","floor":11.0},{"not_picked":["Steam","Genetic Algorithm"],"picked":"Blizzard","floor":12.0},{"not_picked":["Reinforced Body","Static Discharge"],"picked":"Chaos","floor":13.0},{"not_picked":["Coolheaded","Turbo"],"picked":"Defragment","floor":14.0},{"not_picked":["Creative AI","Fission"],"picked":"Echo Form","floor":16.0},{"not_picked":["Heatsinks","FTL"],"picked":"Coolheaded","floor":18.0},{"not_picked":["Coolheaded+1","Barrage"],"picked":"Tempest","floor":19.0},{"not_picked":["Rebound","Fission"],"picked":"Ball Lightning+1","floor":20}],"player_experience":1185368,"relics_obtained":[{"floor":6.0,"key":"Sundial"},{"floor":9.0,"key":"Eternal Feather"},{"floor":11.0,"key":"Blue Candle"},{"floor":13.0,"key":"Gremlin Horn"}],"event_choices":[{"damage_healed":0.0,"max_hp_gain":0.0,"max_hp_loss":0.0,"gold_gain":0.0,"event_name":"Match and Keep!","player_choice":"2 cards matched","floor":2.0,"gold_loss":0.0,"damage_taken":0.0,"cards_obtained":["Seek","Streamline"]},{"damage_healed":0.0,"max_hp_gain":0.0,"max_hp_loss":0.0,"gold_gain":67.0,"event_name":"Golden Wing","player_choice":"Gained Gold","floor":3.0,"gold_loss":0.0,"damage_taken":0.0},{"damage_healed":0.0,"max_hp_gain":0.0,"max_hp_loss":0.0,"gold_gain":0.0,"event_name":"Shining Light","player_choice":"Entered Light","floor":7.0,"gold_loss":0.0,"damage_taken":15.0,"cards_upgraded":["Strike_B","Conserve Battery"]}],"is_beta":false,"boss_relics":[{"not_picked":["Fusion Hammer","Ectoplasm"],"picked":"Astrolabe"}],"items_purged_floors":[21],"is_endless":false,"potions_floor_spawned":[1,10,11,13],"killed_by":"Chosen and Byrds","ascension_level":0}}