{"host":"59cc6k4ir9ghxqag","time":1611407195,"event":{"mods":["BaseMod","Colored Powertips","Downfall","Hermit","Infinite Spire","Lobotomy","Marisa£®ÏF”Í°°ƒß¿Ì…≥£©","Minty Spire (QoL Compilation)","Remilia£®¿Ÿ√◊¿Ú—«£©","Replay The Spire","StSLib","The Bug Knight","The Cursed","The Jungle"],"gold_per_floor":[99,111,111,111,111,21,21,59,59,86,86,86,86,117,129,224,224,224,242,244,263,263,263,263,263,163,196,296,327,327,357,373,470,470,470,483,483,493,312,162,189,89,89,115,166,66,136,163,180,180,180,209,13,13,19,19],"floor_reached":57,"language":"ZHS","playtime":4766,"items_purged":["downfall:Malfunctioning","Loop+1"],"score":1603,"play_id":"8da5e862-b6d7-4167-8650-5fcbdc4a1b78","local_time":"20210123210635","daily_mods":["SealedDeck","Diverse","Heirloom","Flight","Lethality"],"is_ascension_mode":false,"campfire_choices":[{"data":"Replay:Undeath\u0027s Touch","floor":1.0,"key":"SMITH"},{"data":"White Noise","floor":9.0,"key":"SMITH"},{"data":"Beam Cell","floor":12.0,"key":"SMITH"},{"data":"Slimebound:Schlurp","floor":13.0,"key":"SMITH"},{"data":"sneckomod:QuickMove","floor":18.0,"key":"SMITH"},{"data":"RitualDagger","floor":23.0,"key":"SMITH"},{"floor":25.0,"key":"RECALL"},{"data":"Guardian:ChargeCore","floor":26.0,"key":"SMITH"},{"floor":30,"key":"REST"},{"data":"Pommel Strike","floor":35,"key":"SMITH"},{"data":"hexamod:NightmareGuise","floor":42,"key":"SMITH"},{"data":"Twin Strike","floor":43,"key":"SMITH"},{"floor":46,"key":"REST"},{"data":"expansioncontent:StudyTheSpire","floor":54,"key":"SMITH"}],"circlet_count":0,"master_deck":["Slimebound:LivingWall+1","Replay:Undeath\u0027s Touch+1","Headbutt","Flying Knee","sneckomod:QuickMove+1","Beam Cell+1","Pommel Strike+1","Blade Dance+1","HollowMod:CornifersMapStart+1","White Noise+1","Guardian:ChargeCore+1","Slimebound:Schlurp+1","Thunderclap","Anger","hermit:Horror","Echo Form+1","RitualDagger+1","TheCursedMod:SurpriseAttack","GasGiant+1","Prostrate","Anger+1","Beam Cell","WitchOfGreed","Twin Strike+1","hexamod:NightmareGuise+1","Impervious","bronze:Shield+1","Inflame","expansioncontent:StudyTheSpire+1"],"relics":["Unceasing Top","replay:Trail_Library","CloakClasp","Dead Branch","infinitespire:Midas Blood","Damaru","Ice Cream","Philosopher\u0027s Stone","Replay:Rubber Ducky","PreservedInsect","downfall:HeartBlessingRed","infinitespire:WardingShard","infinitespire:Broken Mirror","Guardian:PocketSentry","Vajra","HollowMod:JonisBlessing","downfall:HeartBlessingBlue","MealTicket","downfall:HeartBlessingGreen","CatCart","Boot","Anchor"],"acts_visited":["Exordium","TheCity","TheBeyond","TheEnding"],"potions_floor_usage":[27,27,33,47,47,47,56],"damage_taken":[{"damage":0.0,"enemies":"Cultist","floor":2.0,"turns":1.0},{"damage":12.0,"enemies":"downfall:FleeingMerchant","floor":6.0,"turns":4.0},{"damage":4.0,"enemies":"Lagavulin","floor":8.0,"turns":2.0},{"damage":0.0,"enemies":"Gremlin Nob","floor":10.0,"turns":2.0},{"damage":0.0,"enemies":"Lagavulin","floor":14.0,"turns":2.0},{"damage":0.0,"enemies":"Jaw Worm","floor":15.0,"turns":1.0},{"damage":0.0,"enemies":"WA_ARCHETYPE_RETAIN","floor":16.0,"turns":2.0},{"damage":0.0,"enemies":"Snecko","floor":19.0,"turns":2.0},{"damage":17.0,"enemies":"Cultist and Chosen","floor":21.0,"turns":2.0},{"damage":18,"enemies":"HollowMod:Nosk","floor":27,"turns":4},{"damage":0,"enemies":"Replay:Snechameleon","floor":29,"turns":2},{"damage":10,"enemies":"HollowMod:Nosk","floor":31,"turns":3},{"damage":0,"enemies":"Snake Plant","floor":32,"turns":2},{"damage":6,"enemies":"IC_MUSHROOM_ARCHETYPE","floor":33,"turns":3},{"damage":0,"enemies":"Orb Walker","floor":36,"turns":1},{"damage":0,"enemies":"3 Shapes","floor":38,"turns":2},{"damage":34,"enemies":"downfall:FleeingMerchant","floor":39,"turns":3},{"damage":0,"enemies":"Spire Growth","floor":44,"turns":2},{"damage":94,"enemies":"Nightmare","floor":45,"turns":4},{"damage":0,"enemies":"Orin","floor":47,"turns":4},{"damage":0,"enemies":"HollowMod:StalkingDevout","floor":48,"turns":3},{"damage":0,"enemies":"3 Darklings","floor":49,"turns":2},{"damage":0,"enemies":"DF_ARCHETYPE_ORBS","floor":50,"turns":5},{"damage":23,"enemies":"downfall:CharBossMerchant","floor":52,"turns":6},{"damage":19,"enemies":"downfall:NeowBoss","floor":55,"turns":11},{"damage":0,"enemies":"downfall:NeowBossFinal","floor":56,"turns":8}],"seed_played":"-7079712612475540491","potions_obtained":[{"floor":8.0,"key":"Fire Potion"},{"floor":10.0,"key":"AttackPotion"},{"floor":14.0,"key":"Adrenaline Potion"},{"floor":19.0,"key":"EntropicBrew"},{"floor":27,"key":"Regen Potion"},{"floor":32,"key":"BottledMiracle"},{"floor":36,"key":"Energy Potion"},{"floor":47,"key":"Fire Potion"},{"floor":48,"key":"EssenceOfSteel"}],"is_trial":true,"path_per_floor":["R","M","?","?","?","$","T","E","R","E","?","R","R","E","M","B",null,"R","M","?","M","?","R","T","R","R","E","?","E","R","E","M","B",null,"R","M","?","M","$","?","T","R","R","M","NM","R","?","E","M","B",null,"E","$","R","B","B",null],"character_chosen":"WATCHER","items_purchased":["WitchOfGreed","Vajra","HollowMod:JonisBlessing","Twin Strike","expansioncontent:StudyTheSpire"],"campfire_rested":2,"item_purchase_floors":[39,39,39,39,53],"current_hp_per_floor":[72,72,47,52,52,40,40,36,36,36,36,36,36,36,36,36,77,77,77,71,54,54,54,54,54,54,36,36,36,59,49,49,52,77,77,77,77,77,43,87,87,97,97,97,3,32,32,32,32,32,97,74,89,89,70,70],"gold":19,"neow_bonus":"","is_daily":false,"chose_seed":false,"campfire_upgraded":11,"win_rate":0.0,"timestamp":1611407195,"path_taken":["R","M","?","?","?","$","T","E","R","E","?","R","R","E","M","BOSS","R","M","?","M","?","R","T","R","R","E","?","E","R","E","M","BOSS","R","M","?","?","?","?","T","R","R","?","NM","R","?","E","M","BOSS","E","$","R","BOSS","BOSS"],"items_purchased_type":["Card","Relic","Relic","Card","Card"],"build_version":"2020-12-22","purchased_purges":2,"victory":true,"max_hp_per_floor":[72,72,72,77,77,77,77,77,77,77,77,77,77,77,77,77,77,77,77,77,77,77,77,77,77,77,77,77,77,77,77,77,77,77,77,77,77,77,77,87,87,97,97,97,97,97,97,97,97,97,97,97,97,97,97,97],"card_choices":[{"not_picked":["HollowMod:WraithStrike","Guardian:Reroute"],"picked":"White Noise","floor":2.0},{"not_picked":["Slimebound:FinishingTackle","champ:MurderStrike"],"picked":"Guardian:ChargeCore","floor":6.0},{"not_picked":["Recycle","TheCursedMod:Stigma"],"picked":"Slimebound:Schlurp","floor":8.0},{"not_picked":["PowerUp","hermit:Horror"],"picked":"Anger","floor":10.0},{"not_picked":["TheCursedMod:SpreadPlague","hexamod:StepThrough"],"picked":"hermit:Horror","floor":14.0},{"not_picked":["Slimebound:FormOfPuddle","Hidden Blade","Reboot"],"picked":"SKIP","floor":15.0},{"not_picked":["Atom Bomb","TheCursedMod:DarkBarrier"],"picked":"Echo Form","floor":16.0},{"not_picked":["MilkyWay","hexamod:BacktrackSmack","sneckomod:UnknownClassMARISA_COLOR"],"picked":"SKIP","floor":19.0},{"not_picked":["Guardian:Reroute","bronze:Break","sneckomod:UnknownCommonAttack"],"picked":"SKIP","floor":21.0},{"not_picked":["TheCursedMod:SpreadPlague+1","Sneak Up","sneckomod:SlitherStrike"],"picked":"SKIP","floor":27},{"not_picked":["Cold Snap+1","HollowMod:InfectedAttack"],"picked":"GasGiant+1","floor":29},{"not_picked":["champ:RecklessLeap","Replay:ManipulateFuture","PowerUp"],"picked":"SKIP","floor":31},{"not_picked":["FearNoEvil","Bane"],"picked":"Prostrate","floor":32},{"not_picked":["bronze:FollowUp","Crystallizer"],"picked":"Anger+1","floor":36},{"not_picked":["Shockwave","champ:EnGarde"],"picked":"Beam Cell","floor":38},{"not_picked":["Slimebound:Dissolve","Clothesline","bronze:WildBeam+1"],"picked":"SKIP","floor":39},{"not_picked":["Fluid Movement","champ:Circumvent+1","EnergyFlow"],"picked":"SKIP","floor":44},{"not_picked":["ReplayTheSpireMod:Tripwire+1","sneckomod:DiceCrush+1"],"picked":"Impervious","floor":45},{"not_picked":["bronze:Boost+1","StarOfDavid"],"picked":"bronze:Shield+1","floor":47},{"not_picked":["Robbery","bronze:ItsAFeature"],"picked":"Inflame","floor":48},{"not_picked":["hermit:Quickdraw","GrandCross","Prepared+1"],"picked":"SKIP","floor":49},{"not_picked":["Stack","hexamod:CatchUp","hermit:Roughhouse"],"picked":"SKIP","floor":52}],"player_experience":525223,"relics_obtained":[{"floor":7.0,"key":"infinitespire:Midas Blood"},{"floor":8.0,"key":"Damaru"},{"floor":10.0,"key":"Ice Cream"},{"floor":24.0,"key":"PreservedInsect"},{"floor":27,"key":"infinitespire:WardingShard"},{"floor":29,"key":"infinitespire:Broken Mirror"},{"floor":31,"key":"Guardian:PocketSentry"},{"floor":45,"key":"MealTicket"},{"floor":47,"key":"CatCart"},{"floor":48,"key":"Boot"},{"floor":52,"key":"Anchor"}],"event_choices":[{"damage_healed":0.0,"max_hp_gain":0.0,"max_hp_loss":0.0,"gold_gain":0.0,"event_name":"Scrap Ooze","player_choice":"Success","floor":3.0,"gold_loss":0.0,"damage_taken":25.0,"relics_obtained":["Dead Branch"]},{"damage_healed":0.0,"max_hp_gain":5.0,"max_hp_loss":0.0,"gold_gain":0.0,"event_name":"Big Fish","player_choice":"Donut","floor":4.0,"gold_loss":0.0,"damage_taken":0.0},{"damage_healed":0,"gold_gain":0,"player_choice":"Fight","damage_taken":0,"max_hp_gain":0,"max_hp_loss":0,"event_name":"OrinTheCat","floor":47,"gold_loss":0}],"is_beta":false,"boss_relics":[{"not_picked":["Sozu","VioletLotus"],"picked":"Philosopher\u0027s Stone"},{"not_picked":["Velvet Choker","Calling Bell","Runic Pyramid"]}],"items_purged_floors":[6,39],"is_endless":false,"potions_floor_spawned":[8,10,14,19,27,32,36,44,48],"ascension_level":0}}