{"host":"ry21fnlne667yo65","time":1611403183,"event":{"mods":["BaseMod","Downfall","Lobotomy","Minty Spire (QoL Compilation)","Shop Mod","StSLib","The Construct","The Cursed","The Necromancer"],"gold_per_floor":[99,99,99,99,99,99,126,126,126,140,172,182,182,92,111,111,111,111],"floor_reached":16,"language":"ZHS","playtime":752,"items_purged":["Guardian:Strike_Guardian"],"score":96,"play_id":"ae4ba105-9919-4be9-8d98-2a079d0b1a6b","local_time":"20210123195943","is_ascension_mode":false,"campfire_choices":[{"data":"Guardian:TwinSlam","floor":1,"key":"SMITH"},{"floor":8,"key":"RECALL"}],"circlet_count":0,"master_deck":["Guardian:Strike_Guardian","Guardian:Strike_Guardian","Guardian:Strike_Guardian","Guardian:Defend_Guardian","Guardian:Defend_Guardian","Guardian:Defend_Guardian","Guardian:Defend_Guardian","Guardian:CurlUp","Guardian:TwinSlam+1","Guardian:PrimingBeam","Guardian:RollAttack","Guardian:Recover","Guardian:Planning","Guardian:Gem_Purple","Guardian:Gem_Yellow","Guardian:Gem_Cyan","Guardian:Gem_Orange","Guardian:Gem_Cyan","Guardian:Gem_Purple","Guardian:Incinerate","Guardian:CrystalBeam"],"relics":["Guardian:ModeShifter","downfall:HeartsMalice","downfall:BrokenWingStatue","Tiny Chest","Sundial","Guardian:PickAxe"],"acts_visited":["Exordium"],"potions_floor_usage":[13,16],"damage_taken":[{"damage":0,"enemies":"Jaw Worm","floor":2,"turns":1},{"damage":0,"enemies":"2 Louse","floor":4,"turns":1},{"damage":0,"enemies":"Small Slimes","floor":6,"turns":1},{"damage":0,"enemies":"Exordium Wildlife","floor":10,"turns":4},{"damage":21,"enemies":"Lagavulin","floor":11,"turns":7},{"damage":0,"enemies":"Large Slime","floor":12,"turns":6},{"damage":12,"enemies":"Large Slime","floor":13,"turns":5},{"damage":0,"enemies":"downfall:FleeingMerchant","floor":14,"turns":4},{"damage":5,"enemies":"2 Fungi Beasts","floor":15,"turns":4},{"damage":33,"enemies":"WA_ARCHETYPE_RETAIN","floor":16,"turns":7}],"seed_played":"-8023800486717681756","potions_obtained":[{"floor":10,"key":"Guardian:BlockOnCardUsePotion"},{"floor":15,"key":"Ancient Potion"}],"is_trial":false,"path_per_floor":["R","M","?","M","?","M","T","R","?","M","E","M","?","$","M","B"],"character_chosen":"GUARDIAN","items_purchased":[],"campfire_rested":0,"item_purchase_floors":[],"current_hp_per_floor":[80,80,80,80,80,80,80,80,77,77,56,56,32,32,27,0,0,0],"gold":111,"neow_bonus":"THREE_ENEMY_KILL","is_daily":false,"chose_seed":false,"campfire_upgraded":1,"win_rate":0.0,"timestamp":1611403183,"path_taken":["R","M","?","M","?","M","T","R","?","M","E","?","?","?","M","BOSS"],"items_purchased_type":[],"build_version":"2020-12-22","purchased_purges":1,"victory":false,"max_hp_per_floor":[80,80,80,80,80,80,80,80,80,80,80,80,80,80,80,80,80,80],"card_choices":[{"not_picked":["Guardian:Gem_Crimson","Guardian:TemporalShield"],"picked":"Guardian:PrimingBeam","floor":2},{"not_picked":["Guardian:PrimingBeam","Guardian:Incinerate"],"picked":"Guardian:RollAttack","floor":4},{"not_picked":["Guardian:Clone","Guardian:Gem_Blue"],"picked":"Guardian:Recover","floor":6},{"not_picked":["Guardian:Suspension","Guardian:Gem_Red","Guardian:TemporalShield"],"picked":"SKIP","floor":10},{"not_picked":["Guardian:VentSteam","Guardian:BaubleBeam"],"picked":"Guardian:Planning","floor":11},{"not_picked":["Guardian:ShieldCharger","Guardian:ShieldSpikes"],"picked":"Guardian:Gem_Purple","floor":12},{"not_picked":["Guardian:Gem_Lightblue","Guardian:Gem_Green"],"picked":"Guardian:Incinerate","floor":14},{"not_picked":["Guardian:TemporalStrike","Guardian:PrimingBeam"],"picked":"Guardian:CrystalBeam","floor":15}],"player_experience":735303,"relics_obtained":[{"floor":11,"key":"Sundial"}],"event_choices":[{"damage_healed":0,"gold_gain":0,"player_choice":"Success","damage_taken":3,"relics_obtained":["Tiny Chest"],"max_hp_gain":0,"max_hp_loss":0,"event_name":"Scrap Ooze","floor":9,"gold_loss":0}],"is_beta":false,"boss_relics":[],"items_purged_floors":[14],"is_endless":false,"potions_floor_spawned":[10,13,15],"killed_by":"WA_ARCHETYPE_RETAIN","ascension_level":0}}