{"host":"vfg9szunmpjwj08o","time":1611433632,"event":{"mods":["Act Like it!","BaseMod","Challenge The Spire","Colored Map","Colored Powertips","Conspire","Dark Map","Minty Spire (QoL Compilation)","Relic Stats","StSLib","Waifu the Spire"],"gold_per_floor":[362,373,373,373,86,118,128,160,183,194,194,210,240,257,257,353,353,372,372,397,0,0,0],"floor_reached":22,"language":"ENG","playtime":893,"items_purged":["Strike_P","Strike_P"],"score":391,"play_id":"f29062d7-46f5-474c-a154-7f87eca1c1a2","local_time":"20210123212712","is_ascension_mode":true,"campfire_choices":[{"data":"Apotheosis","floor":11,"key":"SMITH"},{"data":"Eruption","floor":15,"key":"SMITH"}],"circlet_count":0,"master_deck":["Strike_P","Strike_P","Defend_P","Defend_P","Defend_P","Defend_P","Eruption+1","Vigilance","Meditate","Consecrate","Apotheosis+1","BattleHymn","SandsOfTime","Vengeance","Perseverance","Adaptation","Halt","Ragnarok","Wallop+1"],"relics":["PureWater","Anchor","conspire:TopHat","Meat on the Bone","Orichalcum","Sozu","Red Mask","Incense Burner"],"acts_visited":["Exordium","TheCity"],"potions_floor_usage":[],"damage_taken":[{"damage":2,"enemies":"Jaw Worm","floor":1,"turns":4},{"damage":0,"enemies":"2 Louse","floor":2,"turns":1},{"damage":0,"enemies":"Gremlin Nob","floor":6,"turns":2},{"damage":0,"enemies":"conspire:RoseBush","floor":7,"turns":4},{"damage":0,"enemies":"3 Sentries","floor":8,"turns":3},{"damage":1,"enemies":"Blue Slaver","floor":10,"turns":3},{"damage":0,"enemies":"Looter","floor":12,"turns":2},{"damage":0,"enemies":"Lagavulin","floor":13,"turns":3},{"damage":4,"enemies":"conspire:2 RoseBushes","floor":14,"turns":3},{"damage":1,"enemies":"The Guardian","floor":16,"turns":7},{"damage":0,"enemies":"Chosen","floor":18,"turns":3},{"damage":2,"enemies":"Masked Bandits","floor":20,"turns":2},{"damage":48,"enemies":"conspire:FuzzyDice","floor":22,"turns":3}],"seed_played":"6887098420630120282","potions_obtained":[{"floor":1,"key":"EssenceOfSteel"},{"floor":7,"key":"LiquidMemories"},{"floor":10,"key":"Fire Potion"},{"floor":16,"key":"Dexterity Potion"}],"is_trial":false,"path_per_floor":["M","M","?","?","$","E","M","E","T","M","R","M","E","M","R","B",null,"M","?","?","$","M"],"character_chosen":"WATCHER","items_purchased":["Apotheosis","BattleHymn","Incense Burner"],"campfire_rested":0,"item_purchase_floors":[5,5,21],"current_hp_per_floor":[45,45,27,51,51,51,51,51,51,50,50,50,50,46,46,45,65,65,52,50,50,2,2],"gold":0,"neow_bonus":"TWO_FIFTY_GOLD","is_daily":false,"chose_seed":false,"campfire_upgraded":2,"win_rate":0.0,"timestamp":1611433632,"path_taken":["M","M","?","?","$","E","M","E","T","M","R","M","E","?","R","BOSS","M","?","?","$","M"],"items_purchased_type":["Card","Card","Relic"],"build_version":"2020-12-22","purchased_purges":2,"victory":false,"max_hp_per_floor":[72,72,72,72,72,72,72,72,72,72,72,72,72,72,72,72,72,72,77,77,77,77,77],"relic_stats":{"Sozu":1,"counters":[13,40],"Orichalcum":[18],"obtain_stats":[{"Sozu":17,"Anchor":3,"Red Mask":20,"Incense Burner":21,"PureWater":0,"Orichalcum":13,"conspire:TopHat":6,"Meat on the Bone":8},{"Sozu":10,"Anchor":2,"Red Mask":12,"Incense Burner":12,"PureWater":0,"Orichalcum":8,"conspire:TopHat":3,"Meat on the Bone":5},{"Sozu":32,"Anchor":5,"Red Mask":37,"Incense Burner":37,"PureWater":0,"Orichalcum":22,"conspire:TopHat":7,"Meat on the Bone":14}],"Meat on the Bone":0},"card_choices":[{"not_picked":["InnerPeace","EmptyFist"],"picked":"Meditate","floor":1},{"not_picked":["FollowUp","WindmillStrike"],"picked":"Consecrate","floor":2},{"not_picked":["EmptyMind","SashWhip"],"picked":"SandsOfTime","floor":6},{"not_picked":["WheelKick","Evaluate"],"picked":"Vengeance","floor":7},{"not_picked":["EmptyBody","Consecrate"],"picked":"Perseverance","floor":8},{"not_picked":["Collect","Tantrum","Protect"],"picked":"SKIP","floor":10},{"not_picked":["Evaluate","BowlingBash","ThirdEye"],"picked":"SKIP","floor":12},{"not_picked":["Sanctity","WaveOfTheHand"],"picked":"Adaptation","floor":13},{"not_picked":["Indignation","WaveOfTheHand"],"picked":"Halt","floor":14},{"not_picked":["MasterReality","ConjureBlade"],"picked":"Ragnarok","floor":16},{"not_picked":["Halt+1","BattleHymn","WaveOfTheHand"],"picked":"SKIP","floor":18},{"not_picked":["InnerPeace","FlurryOfBlows"],"picked":"Wallop+1","floor":20}],"player_experience":1078993,"relics_obtained":[{"floor":6,"key":"conspire:TopHat"},{"floor":8,"key":"Meat on the Bone"},{"floor":13,"key":"Orichalcum"},{"floor":20,"key":"Red Mask"}],"event_choices":[{"damage_healed":0,"gold_gain":0,"player_choice":"Success","damage_taken":18,"relics_obtained":["Anchor"],"max_hp_gain":0,"max_hp_loss":0,"event_name":"Scrap Ooze","floor":3,"gold_loss":0},{"damage_healed":24,"gold_gain":0,"player_choice":"Banana","damage_taken":0,"max_hp_gain":0,"max_hp_loss":0,"event_name":"Big Fish","floor":4,"gold_loss":0},{"damage_healed":0,"gold_gain":0,"player_choice":"Shed Blood","damage_taken":18,"max_hp_gain":5,"max_hp_loss":0,"event_name":"Forgotten Altar","floor":19,"gold_loss":0},{"damage_healed":0,"gold_gain":0,"player_choice":"Fought Bandits","damage_taken":0,"max_hp_gain":0,"max_hp_loss":0,"event_name":"Masked Bandits","floor":20,"gold_loss":0}],"is_beta":false,"boss_relics":[{"not_picked":["Velvet Choker","Astrolabe"],"picked":"Sozu"}],"items_purged_floors":[5,21],"is_endless":false,"potions_floor_spawned":[1,7,10,12,16,20],"killed_by":"conspire:FuzzyDice","ascension_level":8}}