{"host":"6706kntd0vtj8hnw","time":1611371485,"event":{"mods":["Bard","BaseMod","Colored Powertips","Downfall","Hermit","HololiveMod","Hubris","Infinite Spire","KinomotoSakuraMod(????)","Mad Scientist","Marisa????????","Minty Spire (QoL Compilation)","Quick Restart","StSLib","The Blackbeard","The Bladedancer","The Cursed","The Forsaken","The Hierophant","The IronCluck","The Mystic","The Necromancer","The Runesmith","The Senshi","The Wild Card","Waifu the Spire"],"gold_per_floor":[99,109,15,15,0,11,11,11,40,40,60,72,92,4,16,16,16,16],"floor_reached":16,"language":"ENG","playtime":1668,"items_purged":[],"score":127,"play_id":"94638107-114c-4fd8-a497-b723f084ca90","local_time":"20210122191125","is_ascension_mode":false,"campfire_choices":[{"data":"hexamod:Sear","floor":1,"key":"SMITH"},{"data":"hexamod:BurningTouch","floor":8,"key":"SMITH"},{"floor":10,"key":"REST"}],"circlet_count":0,"master_deck":["hexamod:Strike","hexamod:Strike","hexamod:Strike","hexamod:Strike","hexamod:Defend","hexamod:Defend","hexamod:Defend","hexamod:Defend","hexamod:Sear+1","hexamod:Float","hexamod:FastForward","hexamod:ThermalTransfer","hexamod:BurningTouch+1","hexamod:BacktrackSmack","hexamod:Sear+1","hexamod:Rewind","hexamod:NightmareStrike","hexamod:FastForward","hexamod:FastForward","hexamod:Hexaguard","hexamod:GhostShield","hexamod:ExtraCrispy","hexamod:DynamicBlow","hexamod:ChargedBarrage"],"relics":["hexamod:SpiritBrand","infinitespire:PuzzleCube","Pear"],"acts_visited":["Exordium"],"potions_floor_usage":[14,16],"damage_taken":[{"damage":11,"enemies":"2 Louse","floor":2,"turns":3},{"damage":0,"enemies":"downfall:FleeingMerchant","floor":3,"turns":4},{"damage":5,"enemies":"downfall:FleeingMerchant","floor":5,"turns":4},{"damage":1,"enemies":"Cultist","floor":6,"turns":3},{"damage":34,"enemies":"3 Sentries","floor":9,"turns":9},{"damage":7,"enemies":"Small Slimes","floor":11,"turns":3},{"damage":19,"enemies":"Blue Slaver","floor":12,"turns":3},{"damage":3,"enemies":"Red Slaver","floor":13,"turns":3},{"damage":0,"enemies":"downfall:FleeingMerchant","floor":14,"turns":4},{"damage":0,"enemies":"3 Louse","floor":15,"turns":4},{"damage":46,"enemies":"DF_ARCHETYPE_STREAMLINE","floor":16,"turns":6}],"seed_played":"-8323343505798837267","potions_obtained":[{"floor":9,"key":"Guardian:BlockOnCardUsePotion"},{"floor":13,"key":"DistilledChaos"}],"is_trial":false,"path_per_floor":["R","M","$","?","$","M","T","R","E","R","M","M","M","$","M","B"],"character_chosen":"THE_SPIRIT","items_purchased":["hexamod:BurningTouch","hexamod:BacktrackSmack","hexamod:DynamicBlow"],"campfire_rested":1,"item_purchase_floors":[3,3,14],"current_hp_per_floor":[77,66,66,66,61,60,60,60,36,62,55,36,33,33,33,0,0,0],"gold":16,"neow_bonus":"TEN_PERCENT_HP_BONUS","is_daily":false,"chose_seed":false,"campfire_upgraded":2,"win_rate":0.0,"timestamp":1611371485,"path_taken":["R","M","$","?","$","M","T","R","E","R","M","?","M","$","M","BOSS"],"items_purchased_type":["Card","Card","Card"],"build_version":"2020-12-22","purchased_purges":0,"victory":false,"max_hp_per_floor":[77,77,77,77,77,77,77,77,87,87,87,87,87,87,87,87,87,87],"card_choices":[{"not_picked":["hexamod:HauntingEcho","hexamod:ThermalTransfer"],"picked":"hexamod:FastForward","floor":2},{"not_picked":["hexamod:NightmareGuise","hexamod:PhantomCloak"],"picked":"hexamod:ThermalTransfer","floor":3},{"not_picked":["hexamod:Hexaguard","hexamod:ShieldOfDarkness"],"picked":"hexamod:Rewind","floor":5},{"not_picked":["hexamod:GhostLash","hexamod:EtherealExpedition"],"picked":"hexamod:NightmareStrike","floor":6},{"not_picked":["hexamod:RetreatToShadows","hexamod:SwordOfDarkness"],"picked":"hexamod:FastForward","floor":9},{"not_picked":["hexamod:ShieldOfDarkness","hexamod:GhostLash"],"picked":"hexamod:FastForward","floor":11},{"not_picked":["hexamod:BacktrackSmack","hexamod:NightmareStrike"],"picked":"hexamod:Hexaguard","floor":12},{"not_picked":["hexamod:ShieldOfDarkness","hexamod:SwordOfDarkness"],"picked":"hexamod:GhostShield","floor":13},{"not_picked":["hexamod:GhostflameBarrier","hexamod:ShieldOfDarkness"],"picked":"hexamod:ExtraCrispy","floor":14},{"not_picked":["hexamod:ThermalTransfer","hexamod:ShieldOfDarkness"],"picked":"hexamod:ChargedBarrage","floor":15}],"player_experience":258659,"relics_obtained":[{"floor":7,"key":"infinitespire:PuzzleCube"},{"floor":9,"key":"Pear"}],"event_choices":[],"is_beta":false,"boss_relics":[],"items_purged_floors":[],"is_endless":false,"potions_floor_spawned":[9,13],"killed_by":"DF_ARCHETYPE_STREAMLINE","ascension_level":0}}