{"host":"qxeepl7ydvsgmfdb","time":1611408987,"event":{"mods":["AchievementEnabler","BaseMod","Colored Powertips","Minty Spire (QoL Compilation)","Quick Restart","slay the spire mod where everything is the same but ironclad has a cowboy hat"],"gold_per_floor":[110,110,110,122,122,149,178,178,233,233,266,280,313,338,338,436,436,455,554,554,554,11,44,44,69,69,69,87,105,15,32,32,133,133,147,157,57,107,107,107,119,119,144,144,198,150,168,168,168,168],"floor_reached":51,"language":"ENG","playtime":3551,"items_purged":["Strike_B","Defend_B"],"score":825,"play_id":"048586ce-3f06-4964-a1fc-0835b3dc0c8d","local_time":"20210123083627","is_ascension_mode":true,"campfire_choices":[{"floor":10,"key":"REST"},{"floor":15,"key":"REST"},{"floor":24,"key":"REST"},{"floor":27,"key":"REST"},{"data":"Redo","floor":32,"key":"SMITH"},{"data":"Defragment","floor":40,"key":"SMITH"},{"data":"Redo","floor":42,"key":"SMITH"},{"floor":49,"key":"REST"}],"circlet_count":0,"master_deck":["Strike_B","Strike_B+1","Strike_B+1","Defend_B","Defend_B","Defend_B","Zap+1","Dualcast","Defragment+1","Melter","Cold Snap","Ball Lightning","Defragment","Sweeping Beam","Defragment","The Bomb","Capacitor","Redo+1","Redo+1","BootSequence","Darkness","Coolheaded","Cold Snap","Conserve Battery","Rainbow+1"],"relics":["Cracked Core","NeowsBlessing","Kunai","Meat on the Bone","Odd Mushroom","Boot","Potion Belt","Regal Pillow","Omamori","Dream Catcher","Philosopher\u0027s Stone","Enchiridion","HandDrill","Lantern","Bag of Preparation","Eternal Feather","Pear","Calling Bell","Juzu Bracelet","Frozen Egg 2","Emotion Chip","Dead Branch","Whetstone","CaptainsWheel"],"acts_visited":["Exordium","TheCity","TheBeyond"],"potions_floor_usage":[7,23,23,33,47,48,48,50,50],"damage_taken":[{"damage":0,"enemies":"Cultist","floor":1,"turns":1},{"damage":0,"enemies":"Jaw Worm","floor":4,"turns":1},{"damage":0,"enemies":"Lagavulin","floor":6,"turns":1},{"damage":25,"enemies":"The Mushroom Lair","floor":7,"turns":4},{"damage":41,"enemies":"3 Sentries","floor":11,"turns":7},{"damage":0,"enemies":"Small Slimes","floor":12,"turns":2},{"damage":16,"enemies":"Lagavulin","floor":13,"turns":5},{"damage":59,"enemies":"Hexaghost","floor":16,"turns":10},{"damage":12,"enemies":"Shell Parasite","floor":18,"turns":5},{"damage":22,"enemies":"Book of Stabbing","floor":23,"turns":4},{"damage":57,"enemies":"Slavers","floor":25,"turns":4},{"damage":14,"enemies":"2 Thieves","floor":28,"turns":4},{"damage":11,"enemies":"Snecko","floor":29,"turns":5},{"damage":0,"enemies":"Chosen and Byrds","floor":31,"turns":4},{"damage":22,"enemies":"Champ","floor":33,"turns":8},{"damage":0,"enemies":"3 Shapes","floor":35,"turns":2},{"damage":14,"enemies":"Orb Walker","floor":36,"turns":4},{"damage":23,"enemies":"Mind Bloom Boss Battle","floor":38,"turns":5},{"damage":6,"enemies":"4 Shapes","floor":41,"turns":4},{"damage":14,"enemies":"2 Orb Walkers","floor":45,"turns":3},{"damage":27,"enemies":"Transient","floor":47,"turns":5},{"damage":0,"enemies":"Maw","floor":48,"turns":2},{"damage":39,"enemies":"Time Eater","floor":50,"turns":10}],"seed_played":"-8573200333017906532","potions_obtained":[{"floor":1,"key":"SkillPotion"},{"floor":7,"key":"Swift Potion"},{"floor":12,"key":"Strength Potion"},{"floor":18,"key":"Regen Potion"},{"floor":28,"key":"SkillPotion"},{"floor":29,"key":"SmokeBomb"},{"floor":41,"key":"Energy Potion"},{"floor":45,"key":"FearPotion"}],"is_trial":false,"path_per_floor":["M","?","?","M","?","E","?","?","T","R","E","M","E","T","R","B",null,"M","?","?","?","$","E","R","E","T","R","M","M","$","M","R","B",null,"M","M","$","?","$","R","M","R","T","?","?","$","M","M","R","B",null],"character_chosen":"DEFECT","items_purchased":["HandDrill","Lantern","The Bomb","Cold Snap","Conserve Battery","ColorlessPotion"],"campfire_rested":5,"item_purchase_floors":[22,22,22,30,30,46],"current_hp_per_floor":[75,75,75,75,68,68,43,43,43,65,36,48,44,44,75,28,75,63,63,47,47,47,37,74,29,39,85,71,60,60,60,75,53,85,85,71,71,48,48,63,57,72,72,72,58,58,43,43,85,61],"gold":168,"neow_bonus":"THREE_ENEMY_KILL","is_daily":false,"chose_seed":false,"campfire_upgraded":3,"win_rate":0.0,"timestamp":1611408987,"path_taken":["M","?","?","?","?","E","?","?","T","R","E","?","E","?","R","BOSS","M","?","?","?","$","E","R","E","T","R","M","M","?","?","R","BOSS","M","M","?","?","$","R","M","R","T","?","?","$","M","M","R","BOSS"],"items_purchased_type":["Relic","Relic","Card","Card","Card","Potion"],"build_version":"2020-12-22","purchased_purges":2,"victory":true,"max_hp_per_floor":[75,75,75,75,75,75,75,75,75,75,75,75,75,75,75,75,75,75,75,75,75,75,75,75,75,85,85,85,85,85,85,85,85,85,85,85,85,85,85,85,85,85,85,85,85,85,85,85,85,85],"card_choices":[{"not_picked":["Aggregate","Go for the Eyes"],"picked":"Defragment","floor":1},{"not_picked":["Turbo","Skim","Gash"],"picked":"SKIP","floor":4},{"not_picked":["Compile Driver","Thunder Strike"],"picked":"Melter","floor":6},{"not_picked":["Static Discharge","Stack"],"picked":"Cold Snap","floor":7},{"not_picked":["Meteor Strike","Tempest","Turbo"],"picked":"SKIP","floor":11},{"not_picked":["Gash","Go for the Eyes"],"picked":"Ball Lightning","floor":12},{"not_picked":["Reprogram","Sweeping Beam"],"picked":"Defragment","floor":13},{"not_picked":["Stack","Rebound"],"picked":"Sweeping Beam","floor":15},{"not_picked":["Gash","Stack"],"picked":"Defragment","floor":18},{"not_picked":["Go for the Eyes","Tempest"],"picked":"Capacitor","floor":23},{"not_picked":["Force Field+1","Leap"],"picked":"Redo","floor":24},{"not_picked":["Turbo+1","Heatsinks"],"picked":"Redo","floor":25},{"not_picked":["Glacier","Biased Cognition"],"picked":"BootSequence","floor":27},{"not_picked":["Gash","Aggregate"],"picked":"Darkness","floor":28},{"not_picked":["Reinforced Body","Tempest"],"picked":"Coolheaded","floor":29},{"not_picked":["Beam Cell","Auto Shields","Aggregate"],"picked":"SKIP","floor":31},{"not_picked":["Amplify","Core Surge"],"picked":"Rainbow","floor":33},{"not_picked":["Go for the Eyes","Barrage","Stack+1"],"picked":"SKIP","floor":35},{"not_picked":["Steam+1","Go for the Eyes+1","Reprogram+1"],"picked":"SKIP","floor":36},{"not_picked":["Gash","Ball Lightning+1","Glacier"],"picked":"SKIP","floor":41},{"not_picked":["Hologram","Coolheaded","Compile Driver"],"picked":"SKIP","floor":47}],"player_experience":204805,"relics_obtained":[{"floor":6,"key":"Meat on the Bone"},{"floor":7,"key":"Odd Mushroom"},{"floor":8,"key":"Boot"},{"floor":9,"key":"Potion Belt"},{"floor":11,"key":"Regal Pillow"},{"floor":13,"key":"Omamori"},{"floor":14,"key":"Dream Catcher"},{"floor":20,"key":"Enchiridion"},{"floor":23,"key":"Bag of Preparation"},{"floor":25,"key":"Eternal Feather"},{"floor":26,"key":"Pear"},{"floor":34,"key":"Juzu Bracelet"},{"floor":34,"key":"Frozen Egg 2"},{"floor":34,"key":"Emotion Chip"},{"floor":38,"key":"Dead Branch"},{"floor":43,"key":"Whetstone"},{"floor":45,"key":"CaptainsWheel"}],"event_choices":[{"damage_healed":0,"gold_gain":0,"player_choice":"Grow","damage_taken":0,"max_hp_gain":0,"max_hp_loss":0,"event_name":"Living Wall","floor":2,"gold_loss":0,"cards_upgraded":["Zap"]},{"damage_healed":0,"gold_gain":0,"player_choice":"0 cards matched","damage_taken":0,"max_hp_gain":0,"max_hp_loss":0,"event_name":"Match and Keep!","floor":3,"gold_loss":0,"cards_obtained":[]},{"damage_healed":0,"gold_gain":0,"player_choice":"Success","damage_taken":7,"relics_obtained":["Kunai"],"max_hp_gain":0,"max_hp_loss":0,"event_name":"Scrap Ooze","floor":5,"gold_loss":0},{"damage_healed":0,"gold_gain":0,"player_choice":"Fought Mushrooms","damage_taken":0,"max_hp_gain":0,"max_hp_loss":0,"event_name":"Mushrooms","floor":7,"gold_loss":0},{"damage_healed":0,"gold_gain":0,"player_choice":"Relic","damage_taken":0,"max_hp_gain":0,"max_hp_loss":0,"event_name":"Wheel of Change","floor":8,"gold_loss":0},{"damage_healed":0,"gold_gain":99,"player_choice":"Stole From Cult","damage_taken":0,"max_hp_gain":0,"max_hp_loss":0,"event_name":"Nest","floor":19,"gold_loss":0},{"damage_healed":0,"gold_gain":0,"player_choice":"Obtained Book","damage_taken":16,"max_hp_gain":0,"max_hp_loss":0,"event_name":"Cursed Tome","floor":20,"gold_loss":0},{"damage_healed":0,"gold_gain":0,"player_choice":"Ignored","damage_taken":0,"max_hp_gain":0,"max_hp_loss":0,"event_name":"Vampires","floor":21,"gold_loss":0},{"damage_healed":0,"gold_gain":0,"player_choice":"Fight","damage_taken":0,"max_hp_gain":0,"max_hp_loss":0,"event_name":"MindBloom","floor":38,"gold_loss":0},{"damage_healed":0,"gold_gain":0,"player_choice":"Forge","damage_taken":0,"max_hp_gain":0,"max_hp_loss":0,"event_name":"Accursed Blacksmith","floor":44,"gold_loss":0,"cards_upgraded":["Rainbow"]},{"damage_healed":0,"gold_gain":0,"player_choice":"Fight","damage_taken":0,"max_hp_gain":0,"max_hp_loss":0,"event_name":"Mysterious Sphere","floor":45,"gold_loss":0}],"is_beta":false,"boss_relics":[{"not_picked":["Sozu","Ectoplasm"],"picked":"Philosopher\u0027s Stone"},{"not_picked":["Black Star","Inserter"],"picked":"Calling Bell"}],"items_purged_floors":[22,37],"is_endless":false,"potions_floor_spawned":[1,7,12,18,28,29,41,45],"ascension_level":3}}