{"host":"w9njud19qyl0lpz1","time":1611416158,"event":{"mods":["BaseMod","Minty Spire (QoL Compilation)","StSLib"],"gold_per_floor":[20,295,308,318,329,329,364,364,387,403,403,435,55,67,67,170,170,170,181,199,209,227,227,245,245,245,245,260,271,283,53,53,149,149,165,180,80,90,56,56,73,0,0,13,13,13,13,32,32,32,32],"floor_reached":50,"language":"ENG","playtime":5249,"items_purged":["Pain","Regret"],"score":462,"play_id":"e74a6609-6613-4704-bcaa-fd4418806cbc","local_time":"20210123103558","is_ascension_mode":false,"campfire_choices":[{"data":"Pummel","floor":6,"key":"SMITH"},{"floor":8,"key":"REST"},{"data":"Twin Strike","floor":11,"key":"SMITH"},{"data":"Berserk","floor":15,"key":"SMITH"},{"data":"Whirlwind","floor":23,"key":"SMITH"},{"data":"Carnage","floor":27,"key":"SMITH"},{"floor":32,"key":"REST"},{"data":"Double Tap","floor":40,"key":"SMITH"},{"floor":45,"key":"REST"},{"data":"Fire Breathing","floor":47,"key":"SMITH"},{"floor":49,"key":"REST"}],"circlet_count":0,"master_deck":["Strike_R","Strike_R","Strike_R","Strike_R","Defend_R","Defend_R+1","Defend_R","Bash","Twin Strike+1","Pummel+1","Flex+1","Shrug It Off","Clothesline","Berserk+1","Fire Breathing+1","Demon Form","Whirlwind+1","Carnage+1","Shockwave","Anger+1","Flex+1","Double Tap+1","Second Wind+1","Rupture","Reaper","Offering","Disarm+1","Body Slam+1","Power Through","Wild Strike+1","Limit Break"],"relics":["Burning Blood","War Paint","PreservedInsect","Blood Vial","White Beast Statue","Cursed Key","Bottled Lightning","SacredBark","Red Mask","Omamori"],"acts_visited":["Exordium","TheCity","TheBeyond"],"potions_floor_usage":[10,16,16,18,21,21,22,24,28,28,29,33,33,33,33,33,36,38,38,44,44,48,50,50],"damage_taken":[{"damage":5,"enemies":"2 Louse","floor":1,"turns":4},{"damage":3,"enemies":"Cultist","floor":3,"turns":3},{"damage":8,"enemies":"Jaw Worm","floor":4,"turns":3},{"damage":12,"enemies":"Red Slaver","floor":5,"turns":3},{"damage":40,"enemies":"Lagavulin","floor":7,"turns":8},{"damage":6,"enemies":"2 Fungi Beasts","floor":10,"turns":2},{"damage":13,"enemies":"Gremlin Nob","floor":12,"turns":3},{"damage":11,"enemies":"Blue Slaver","floor":14,"turns":4},{"damage":35,"enemies":"The Guardian","floor":16,"turns":11},{"damage":0,"enemies":"Shell Parasite","floor":18,"turns":1},{"damage":18,"enemies":"2 Thieves","floor":19,"turns":5},{"damage":9,"enemies":"Snecko","floor":20,"turns":4},{"damage":1,"enemies":"Centurion and Healer","floor":21,"turns":3},{"damage":23,"enemies":"Snake Plant","floor":22,"turns":4},{"damage":0,"enemies":"Chosen and Byrds","floor":24,"turns":3},{"damage":16,"enemies":"Centurion and Healer","floor":28,"turns":4},{"damage":4,"enemies":"Snecko","floor":29,"turns":3},{"damage":13,"enemies":"Cultist and Chosen","floor":30,"turns":4},{"damage":54,"enemies":"Collector","floor":33,"turns":8},{"damage":17,"enemies":"3 Shapes","floor":35,"turns":6},{"damage":49,"enemies":"3 Darklings","floor":36,"turns":5},{"damage":32,"enemies":"Writhing Mass","floor":38,"turns":6},{"damage":55,"enemies":"Transient","floor":41,"turns":5},{"damage":15,"enemies":"Sphere and 2 Shapes","floor":44,"turns":11},{"damage":30,"enemies":"Writhing Mass","floor":48,"turns":10},{"damage":102,"enemies":"Awakened One","floor":50,"turns":9}],"seed_played":"8659442967883030757","potions_obtained":[{"floor":4,"key":"SmokeBomb"},{"floor":5,"key":"Explosive Potion"},{"floor":12,"key":"Strength Potion"},{"floor":14,"key":"Swift Potion"},{"floor":16,"key":"Strength Potion"},{"floor":19,"key":"Strength Potion"},{"floor":20,"key":"EssenceOfSteel"},{"floor":21,"key":"BlessingOfTheForge"},{"floor":22,"key":"GamblersBrew"},{"floor":24,"key":"Fire Potion"},{"floor":25,"key":"Block Potion"},{"floor":25,"key":"PowerPotion"},{"floor":28,"key":"Block Potion"},{"floor":29,"key":"GamblersBrew"},{"floor":30,"key":"EntropicBrew"},{"floor":33,"key":"AttackPotion"},{"floor":35,"key":"Regen Potion"},{"floor":36,"key":"Energy Potion"},{"floor":38,"key":"BloodPotion"},{"floor":41,"key":"Fire Potion"},{"floor":44,"key":"EssenceOfSteel"},{"floor":48,"key":"ColorlessPotion"}],"is_trial":false,"path_per_floor":["M","?","M","M","M","R","E","R","T","M","R","E","$","M","R","B",null,"M","M","M","M","M","R","M","?","T","R","M","M","M","$","R","B",null,"M","M","$","M","$","R","M","?","T","M","R","?","R","M","R","B"],"character_chosen":"IRONCLAD","items_purchased":["White Beast Statue","Berserk","Rupture","Reaper","Power Through"],"campfire_rested":4,"item_purchase_floors":[13,13,31,31,39],"current_hp_per_floor":[80,80,80,78,72,72,38,62,62,62,62,55,55,52,52,25,80,80,68,67,74,59,59,67,67,67,67,59,63,58,58,80,71,80,69,46,46,62,62,62,23,23,23,48,72,72,72,59,80,0,0],"gold":32,"neow_bonus":"REMOVE_TWO","is_daily":false,"chose_seed":false,"campfire_upgraded":7,"win_rate":0.0,"timestamp":1611416158,"path_taken":["M","?","M","M","M","R","E","R","T","?","R","E","$","M","R","BOSS","M","M","M","?","M","R","M","?","T","R","?","M","M","$","R","BOSS","M","M","$","M","$","R","M","?","T","M","R","?","R","M","R","BOSS"],"items_purchased_type":["Relic","Card","Card","Card","Card"],"build_version":"2020-12-22","purchased_purges":2,"victory":false,"max_hp_per_floor":[80,80,80,80,80,80,80,80,80,80,80,80,80,80,80,80,80,80,80,80,80,80,80,80,80,80,80,80,80,80,80,80,80,80,80,80,80,80,80,80,80,80,80,80,80,80,80,80,80,80,80],"card_choices":[{"not_picked":["Perfected Strike","Thunderclap"],"picked":"Twin Strike","floor":1},{"not_picked":["Clothesline","Bloodletting"],"picked":"Pummel","floor":3},{"not_picked":["Heavy Blade","Twin Strike"],"picked":"Flex","floor":4},{"not_picked":["Anger","Exhume"],"picked":"Shrug It Off","floor":5},{"not_picked":["Thunderclap","Twin Strike"],"picked":"Clothesline","floor":7},{"not_picked":["Wild Strike","Twin Strike","Havoc"],"picked":"SKIP","floor":10},{"not_picked":["Clash","Pommel Strike","Thunderclap"],"picked":"SKIP","floor":12},{"not_picked":["Disarm","Perfected Strike"],"picked":"Fire Breathing","floor":14},{"not_picked":["Barricade","Offering"],"picked":"Demon Form","floor":16},{"not_picked":["Clothesline","Armaments"],"picked":"Whirlwind","floor":19},{"not_picked":["Reckless Charge","Burning Pact+1"],"picked":"Carnage","floor":20},{"not_picked":["Anger","Hemokinesis"],"picked":"Shockwave","floor":21},{"not_picked":["Second Wind","Clash+1","Havoc+1"],"picked":"SKIP","floor":22},{"not_picked":["Sword Boomerang","Shrug It Off"],"picked":"Anger+1","floor":24},{"not_picked":["Searing Blow","Perfected Strike"],"picked":"Flex+1","floor":28},{"not_picked":["Pummel+1","Body Slam"],"picked":"Double Tap","floor":29},{"not_picked":["Pommel Strike+1","Thunderclap+1"],"picked":"Second Wind+1","floor":30},{"not_picked":["Juggernaut","Bludgeon"],"picked":"Offering","floor":33},{"not_picked":["Wild Strike","Rampage"],"picked":"Disarm+1","floor":35},{"not_picked":["Cleave","Perfected Strike","True Grit"],"picked":"SKIP","floor":36},{"not_picked":["True Grit+1","Twin Strike"],"picked":"Body Slam+1","floor":38},{"not_picked":["Rupture","Clothesline","Blood for Blood"],"picked":"SKIP","floor":41},{"not_picked":["Iron Wave","Headbutt+1"],"picked":"Wild Strike+1","floor":44},{"not_picked":["Iron Wave+1","Havoc"],"picked":"Limit Break","floor":48}],"player_experience":2265066,"relics_obtained":[{"floor":7,"key":"War Paint"},{"floor":9,"key":"PreservedInsect"},{"floor":12,"key":"Blood Vial"},{"floor":26,"key":"Bottled Lightning"},{"floor":43,"key":"Omamori"}],"event_choices":[{"damage_healed":0,"gold_gain":275,"player_choice":"Desecrate","damage_taken":0,"max_hp_gain":0,"max_hp_loss":0,"event_name":"Golden Shrine","floor":2,"gold_loss":0,"cards_obtained":["Regret"]},{"damage_healed":0,"gold_gain":0,"player_choice":"Got Potions","damage_taken":0,"max_hp_gain":0,"max_hp_loss":0,"event_name":"Lab","floor":25,"gold_loss":0},{"damage_healed":0,"gold_gain":0,"player_choice":"Paid","damage_taken":0,"relics_obtained":["Red Mask"],"max_hp_gain":0,"max_hp_loss":0,"event_name":"Tomb of Lord Red Mask","floor":42,"gold_loss":73},{"cards_removed":["Shame"],"damage_healed":0,"gold_gain":0,"player_choice":"Purged","damage_taken":0,"max_hp_gain":0,"max_hp_loss":0,"event_name":"Purifier","floor":46,"gold_loss":0}],"is_beta":false,"boss_relics":[{"not_picked":["Runic Cube","Runic Pyramid"],"picked":"Cursed Key"},{"not_picked":["Snecko Eye","Runic Dome"],"picked":"SacredBark"}],"items_purged_floors":[31,37],"is_endless":false,"potions_floor_spawned":[4,5,12,14,16,18,19,20,21,22,24,28,29,30,33,35,36,38,41,44,48],"killed_by":"Awakened One","ascension_level":0}}