{"host":"snn1c4qsf0fj7fzf","time":1611429076,"event":{"mods":["AchievementEnabler","Aspiration","Astrologer","BaseMod","Colored Powertips","Downfall","Hermit","Hubris","Infinite Spire","Lobotomy","LobotomyExtend","Marisa????????","Minty Spire (QoL Compilation)","Random Character Button","Rare Cards Sparkle","Reimu??????","Replay The Spire","Shop Mod","Spire Arcade","StSLib","The Administrix","The Animator","The Cursed","The Gatherer","The Hierophant","The Marked","The Poker Player","The Runesmith"],"gold_per_floor":[99,118,131,131,306,318,318,18,46,60,60,72,90,115,133,133,133,133],"floor_reached":16,"language":"ENG","playtime":1761,"items_purged":["hexamod:Strike"],"score":114,"play_id":"c8b0435b-f71d-4d8a-987a-7e4a34bd681e","local_time":"20210124031116","is_ascension_mode":false,"campfire_choices":[{"floor":1,"key":"DIG"},{"data":"hexamod:Float","floor":11,"key":"SMITH"}],"circlet_count":0,"master_deck":["hexamod:Strike","hexamod:Strike","hexamod:Strike","hexamod:Defend","hexamod:Defend","hexamod:Defend","hexamod:Defend","hexamod:Sear","hexamod:Float+1","hexamod:Rewind","hexamod:FirstSeal","hexamod:GhostOfSpirePast","hexamod:TimeWarp","hexamod:HeatCrush","hexamod:Firestarter","hexamod:TimeWarp","hexamod:HauntingEcho"],"relics":["hexamod:SpiritBrand","Omamori","LetterFromLob","Question Card","hubris:TinFlute","Membership Card","Replay:Wax Seal","aspiration:Lifesprig","hubris:OldNail","Bag of Preparation"],"acts_visited":["Exordium"],"potions_floor_usage":[13],"damage_taken":[{"damage":0,"enemies":"Cultist","floor":2,"turns":4},{"damage":2,"enemies":"Small Slimes","floor":3,"turns":5},{"damage":1,"enemies":"Jaw Worm","floor":6,"turns":3},{"damage":0,"enemies":"downfall:FleeingMerchant","floor":8,"turns":4},{"damage":26,"enemies":"Replay:BlueRogue","floor":9,"turns":7},{"damage":14,"enemies":"3 Louse","floor":10,"turns":5},{"damage":11,"enemies":"Lots of Slimes","floor":12,"turns":4},{"damage":15,"enemies":"Exordium Wildlife","floor":13,"turns":7},{"damage":28,"enemies":"3 Sentries","floor":14,"turns":9},{"damage":0,"enemies":"Large Slime","floor":15,"turns":3},{"damage":19,"enemies":"SI_SHIV_ARCHETYPE","floor":16,"turns":3}],"seed_played":"7960127783820612019","potions_obtained":[{"floor":6,"key":"SpeedPotion"},{"floor":9,"key":"ColorlessPotion"},{"floor":12,"key":"hexamod:SoulburnPotion"},{"floor":14,"key":"Fire Potion"}],"is_trial":false,"path_per_floor":["R","M","M","?","?","M","T","$","E","M","R","M","M","E","M","B"],"character_chosen":"THE_SPIRIT","items_purchased":["Membership Card","Replay:Wax Seal","aspiration:Lifesprig"],"campfire_rested":0,"item_purchase_floors":[8,8,8],"current_hp_per_floor":[77,77,75,75,75,74,74,74,55,48,48,37,29,8,15,0,0,0],"gold":133,"neow_bonus":"TEN_PERCENT_HP_BONUS","is_daily":false,"chose_seed":false,"campfire_upgraded":1,"win_rate":0.0,"timestamp":1611429076,"path_taken":["R","M","M","?","?","M","T","$","E","M","R","M","M","E","M","BOSS"],"items_purchased_type":["Relic","Relic","Relic"],"build_version":"2020-12-22","purchased_purges":1,"victory":false,"max_hp_per_floor":[77,77,77,77,77,77,77,77,77,77,77,77,77,77,77,77,77,77],"card_choices":[{"not_picked":["hexamod:ThermalTransfer","hexamod:SpectersWail"],"picked":"hexamod:Rewind","floor":2},{"not_picked":["hexamod:GhostLash","hexamod:RetreatToShadows","hexamod:ShieldOfDarkness"],"picked":"SKIP","floor":3},{"not_picked":["hexamod:RecurringNightmare","hexamod:Hexaguard","hexamod:Haunt","hexamod:SpectralAdrenaline"],"picked":"SKIP","floor":6},{"not_picked":["hexamod:GhostLash","hexamod:SwordOfDarkness","hexamod:Incineration"],"picked":"hexamod:FirstSeal","floor":8},{"not_picked":["hexamod:Firestarter","hexamod:DynamicBlow","hexamod:GhostflameBarrier"],"picked":"hexamod:GhostOfSpirePast","floor":9},{"not_picked":["hexamod:HauntingEcho","hexamod:Hexaguard","hexamod:SwordOfDarkness"],"picked":"hexamod:TimeWarp","floor":10},{"not_picked":["hexamod:SwordOfDarkness","hexamod:GhostLash","hexamod:ShieldOfDarkness"],"picked":"hexamod:HeatCrush","floor":12},{"not_picked":["hexamod:ShieldOfDarkness","hexamod:ForkedFlame","hexamod:GhostShield"],"picked":"hexamod:Firestarter","floor":13},{"not_picked":["hexamod:StepThrough","hexamod:RecurringNightmare","hexamod:SpectersWail"],"picked":"hexamod:TimeWarp","floor":14},{"not_picked":["hexamod:NightmareGuise","hexamod:ThermalTransfer","hexamod:RetreatToShadows"],"picked":"hexamod:HauntingEcho","floor":15}],"player_experience":249593,"relics_obtained":[{"floor":1,"key":"Omamori"},{"floor":2,"key":"LetterFromLob"},{"floor":7,"key":"hubris:TinFlute"},{"floor":9,"key":"hubris:OldNail"},{"floor":14,"key":"Bag of Preparation"}],"event_choices":[{"damage_healed":0,"gold_gain":0,"player_choice":"Box","damage_taken":0,"relics_obtained":["Question Card"],"max_hp_gain":0,"max_hp_loss":0,"event_name":"Big Fish","floor":4,"gold_loss":0,"cards_obtained":["Regret"]}],"is_beta":false,"boss_relics":[],"items_purged_floors":[8],"is_endless":false,"potions_floor_spawned":[6,9,12,14],"killed_by":"SI_SHIV_ARCHETYPE","ascension_level":0}}