{"host":"hfbeeaxchx6djfso","time":1611427377,"event":{"mods":["AchievementEnabler","Aspiration","BaseMod","Better Third Choice","Colored Map","Downfall","GungeonMod","Hermit","HololiveMod","Infinite Spire","Marisa????????","Minty Spire (QoL Compilation)","Rare Cards Sparkle","StSLib","The Cursed","The Servant 0.9.4","The Wild Card"],"gold_per_floor":[86,0,0,15,27,56,56,56,103,120,120,120,132,146,146,243,243,253,263,263,283,283,283],"floor_reached":22,"language":"ENG","playtime":1374,"items_purged":[],"score":342,"play_id":"60d79cfc-4104-4fc5-b433-be5f3c6b3588","local_time":"20210123154257","is_ascension_mode":true,"campfire_choices":[{"data":"Enlightenment","floor":8,"key":"SMITH"},{"data":"Hololive_CallDoris","floor":11,"key":"SMITH"},{"floor":15,"key":"RECALL"}],"circlet_count":0,"master_deck":["Hololive_Defend","Hololive_Defend","Hololive_HuntDinosaur","Hololive_CallNakiriAyame","Hololive_CallYogiri","Hololive_CallAmaneKanata","Hololive_CallOzoraSubaru","Hololive_CallMoonaHoshinova","Hololive_CallUruhaRushia","Enlightenment+1","Hololive_Teleport","Hololive_CallMinatoAqua","Hololive_CallDoris+1","Hololive_CallHoshimachiSuisei","Hololive_Rebound","Hololive_Breathe","Hololive_DDD","Hololive_LuckPotion","Hololive_Spy+1","Hololive_CallTsunomakiWatame+1"],"relics":["Hololive_TheStar","NeowsBlessing","Bottled Tornado"],"acts_visited":["Exordium","TheCity"],"potions_floor_usage":[],"damage_taken":[{"damage":0,"enemies":"Small Slimes","floor":1,"turns":1},{"damage":0,"enemies":"Jaw Worm","floor":4,"turns":1},{"damage":0,"enemies":"Cultist","floor":5,"turns":1},{"damage":0,"enemies":"Gremlin Nob","floor":6,"turns":3},{"damage":0,"enemies":"Exordium Wildlife","floor":10,"turns":3},{"damage":0,"enemies":"Looter","floor":13,"turns":3},{"damage":0,"enemies":"Gremlin Gang","floor":14,"turns":3},{"damage":0,"enemies":"Hexaghost","floor":16,"turns":5},{"damage":36,"enemies":"3 Byrds","floor":18,"turns":6},{"damage":0,"enemies":"Spheric Guardian","floor":19,"turns":3},{"damage":2,"enemies":"Centurion and Healer","floor":21,"turns":6},{"damage":9,"enemies":"Shelled Parasite and Fungi","floor":22,"turns":3}],"seed_played":"-2486401296372773560","potions_obtained":[{"floor":5,"key":"Strength Potion"},{"floor":6,"key":"Strength Potion"},{"floor":14,"key":"BlessingOfTheForge"},{"floor":16,"key":"DemoMod:LeadSkinPotion"}],"is_trial":false,"path_per_floor":["M","?","?","M","M","E","$","R","T","M","R","?","M","M","R","B",null,"M","M","?","M","M"],"character_chosen":"Hololive_HololiveCharacter","items_purchased":[],"campfire_rested":0,"item_purchase_floors":[],"current_hp_per_floor":[32,38,38,38,38,38,38,38,38,38,38,38,38,38,38,38,40,4,4,9,7,0,0],"gold":283,"neow_bonus":"THREE_ENEMY_KILL","is_daily":false,"chose_seed":false,"campfire_upgraded":2,"win_rate":0.0,"timestamp":1611427377,"path_taken":["M","?","?","M","M","E","?","R","T","?","R","?","M","M","R","BOSS","M","M","?","M","M"],"items_purchased_type":[],"build_version":"2020-12-22","purchased_purges":0,"victory":false,"max_hp_per_floor":[35,41,41,41,41,41,41,41,41,41,41,41,41,41,41,41,41,41,41,41,41,41,41],"card_choices":[{"not_picked":["Hololive_CandyCastle","Hololive_Breathe","Hololive_DevilCharm"],"picked":"Hololive_CallUruhaRushia","floor":1},{"not_picked":["Hololive_Sequa","Hololive_Psychosis","Hololive_CallUruhaRushia"],"picked":"Hololive_CallMinatoAqua","floor":4},{"not_picked":["Hololive_CocoNews","Hololive_LuckPotion","Hololive_Rebound"],"picked":"Hololive_CallDoris","floor":5},{"not_picked":["Hololive_CocoNews","Hololive_CallRosalyn","Hololive_LuckPotion"],"picked":"Hololive_CallHoshimachiSuisei","floor":6},{"not_picked":["Hololive_WolfAndLamb","Hololive_Drill","Hololive_HuntDinosaur"],"picked":"Hololive_Rebound","floor":10},{"not_picked":["Hololive_OvertimeWork","Hololive_CallAmaneKanata","Hololive_Trident","Hololive_Drill"],"picked":"SKIP","floor":13},{"not_picked":["Hololive_CallNakiriAyame","Hololive_Rebound","Hololive_Drill"],"picked":"Hololive_Breathe","floor":14},{"not_picked":["Hololive_FlareMind","Hololive_Thief","Hololive_HighAtkLowDef"],"picked":"Hololive_DDD","floor":16},{"not_picked":["Hololive_CallAyundaRisu","Hololive_OvertimeWork","Hololive_FlyingPonyTail"],"picked":"Hololive_LuckPotion","floor":18},{"not_picked":["Hololive_CallDoris+1","Hololive_CallAyundaRisu+1","Hololive_CallArtia"],"picked":"Hololive_Spy+1","floor":19},{"not_picked":["Hololive_Drill+1","Hololive_CallDoris","Hololive_ILoveYou"],"picked":"Hololive_CallTsunomakiWatame+1","floor":21}],"player_experience":149798,"relics_obtained":[{"floor":6,"key":"Bottled Tornado"}],"event_choices":[{"damage_healed":0,"gold_gain":0,"player_choice":"RENOUNCE","damage_taken":86,"max_hp_gain":0,"max_hp_loss":0,"event_name":"betterThird:BetterSerpent","floor":2,"gold_loss":86,"cards_obtained":["Enlightenment"]},{"damage_healed":0,"gold_gain":0,"cards_transformed":["Hololive_Strike"],"player_choice":"Change","damage_taken":0,"max_hp_gain":0,"max_hp_loss":0,"event_name":"Living Wall","floor":3,"gold_loss":0,"cards_obtained":["Hololive_Teleport"]},{"cards_removed":["Hololive_Strike"],"damage_healed":5,"gold_gain":0,"player_choice":"Offered Special","damage_taken":0,"max_hp_gain":0,"max_hp_loss":0,"event_name":"Bonfire Elementals","floor":20,"gold_loss":0}],"is_beta":false,"boss_relics":[{"not_picked":["Velvet Choker","Cursed Key","Busted Crown"]}],"items_purged_floors":[],"is_endless":false,"potions_floor_spawned":[5,6,14,16,19],"killed_by":"Shelled Parasite and Fungi","ascension_level":6}}