{"host":"52m1o8iwwagurbjs","time":1611441562,"event":{"mods":["AchievementEnabler","BaseMod","Bestiary","Colored Powertips","GifTheSpireLib","Minty Spire (QoL Compilation)","Quick Restart","RNG Fix","Relic Stats","StSLib"],"gold_per_floor":[11,23,23,37,53,85,104,104,129,129,144,144,1,15,15,115,115,131,231,11,31,42,74,74,103,184,184,199,199,199],"floor_reached":29,"language":"ENG","playtime":1516,"items_purged":["Strike_B"],"score":292,"play_id":"9baaed48-ba52-4a40-85af-3e1e55618282","local_time":"20210123173922","is_ascension_mode":false,"campfire_choices":[{"data":"Loop","floor":8.0,"key":"SMITH"},{"data":"Creative AI","floor":12.0,"key":"SMITH"},{"data":"Glacier","floor":15.0,"key":"SMITH"},{"data":"Electrodynamics","floor":24.0,"key":"SMITH"},{"floor":27,"key":"REST"}],"circlet_count":0,"master_deck":["Strike_B","Strike_B+1","Strike_B+1","Defend_B","Defend_B","Defend_B","Defend_B","Zap","Dualcast","Glacier+1","Ball Lightning","Loop+1","Creative AI+1","Cold Snap","Hologram","Compile Driver","Electrodynamics+1","Coolheaded+1","Leap","Defragment"],"relics":["Cracked Core","Gambling Chip","Singing Bowl","Whetstone","Runic Capacitor","SacredBark","ClockworkSouvenir","PreservedInsect","Dream Catcher","Bottled Tornado"],"acts_visited":["Exordium","TheCity"],"potions_floor_usage":[],"damage_taken":[{"damage":0.0,"enemies":"Cultist","floor":1.0,"turns":3.0},{"damage":0.0,"enemies":"Small Slimes","floor":2.0,"turns":4.0},{"damage":0.0,"enemies":"2 Louse","floor":4.0,"turns":2.0},{"damage":0.0,"enemies":"Exordium Wildlife","floor":5.0,"turns":5.0},{"damage":29.0,"enemies":"3 Sentries","floor":6.0,"turns":10.0},{"damage":0.0,"enemies":"Blue Slaver","floor":7.0,"turns":4.0},{"damage":1.0,"enemies":"2 Fungi Beasts","floor":11.0,"turns":4.0},{"damage":1.0,"enemies":"3 Louse","floor":14.0,"turns":3.0},{"damage":8.0,"enemies":"Hexaghost","floor":16.0,"turns":11.0},{"damage":0.0,"enemies":"3 Byrds","floor":18.0,"turns":2.0},{"damage":6.0,"enemies":"Spheric Guardian","floor":21.0,"turns":6.0},{"damage":4.0,"enemies":"Cultist and Chosen","floor":22.0,"turns":7.0},{"damage":22.0,"enemies":"Gremlin Leader","floor":23.0,"turns":7.0},{"damage":34,"enemies":"Book of Stabbing","floor":25,"turns":6},{"damage":14,"enemies":"Snake Plant","floor":28,"turns":4},{"damage":23,"enemies":"Colosseum Slavers","floor":29,"turns":3},{"damage":18,"enemies":"Colosseum Nobs","floor":29,"turns":2}],"seed_played":"-2799283448724008524","potions_obtained":[{"floor":5.0,"key":"DistilledChaos"},{"floor":7.0,"key":"EntropicBrew"},{"floor":11.0,"key":"Swift Potion"},{"floor":16.0,"key":"SkillPotion"},{"floor":18.0,"key":"SpeedPotion"},{"floor":21.0,"key":"SkillPotion"}],"is_trial":false,"path_per_floor":["M","M","?","M","M","E","M","R","T","?","M","R","$","M","R","B",null,"M","?","$","M","M","E","R","E","T","R","M","?"],"character_chosen":"DEFECT","items_purchased":["Runic Capacitor","ClockworkSouvenir"],"campfire_rested":1,"item_purchase_floors":[13,20],"current_hp_per_floor":[75,75,75,75,75,48,50,50,50,43,44,44,44,45,45,37,83,83,83,83,79,77,57,57,25,25,52,38,0,0],"gold":199,"neow_bonus":"ONE_RARE_RELIC","is_daily":false,"chose_seed":false,"campfire_upgraded":4,"win_rate":0.0,"timestamp":1611441562,"path_taken":["M","M","?","M","M","E","M","R","T","?","?","R","$","M","R","BOSS","M","?","$","?","M","E","R","E","T","R","M","?"],"items_purchased_type":["Relic","Relic"],"build_version":"2020-12-22","purchased_purges":1,"victory":false,"max_hp_per_floor":[75,75,75,75,75,77,79,79,79,79,81,81,81,83,83,83,83,83,83,83,85,87,89,89,91,91,91,91,91,91],"relic_stats":{"Dream Catcher":1,"Singing Bowl":16,"counters":[17,82],"Gambling Chip":[45],"PreservedInsect":77,"Whetstone":["Strike_B","Strike_B"],"obtain_stats":[{"Dream Catcher":25,"Singing Bowl":6,"Gambling Chip":0,"SacredBark":17,"PreservedInsect":23,"Runic Capacitor":13,"Whetstone":9,"Bottled Tornado":26,"Cracked Core":0,"ClockworkSouvenir":20},{"Dream Catcher":14,"Singing Bowl":5,"Gambling Chip":0,"SacredBark":9,"PreservedInsect":13,"Runic Capacitor":7,"Whetstone":6,"Bottled Tornado":14,"Cracked Core":0,"ClockworkSouvenir":10},{"Dream Catcher":73,"Singing Bowl":24,"Gambling Chip":0,"SacredBark":45,"PreservedInsect":67,"Runic Capacitor":31,"Whetstone":28,"Bottled Tornado":73,"Cracked Core":0,"ClockworkSouvenir":47}]},"card_choices":[{"not_picked":["Compile Driver","Reprogram"],"picked":"Glacier","floor":1.0},{"not_picked":["Doom and Gloom","Loop"],"picked":"Ball Lightning","floor":2.0},{"not_picked":["Gash","Stack"],"picked":"Hologram","floor":4.0},{"not_picked":["Steam Power","Turbo"],"picked":"Compile Driver","floor":5.0},{"not_picked":["Beam Cell","Hologram","Hyperbeam"],"picked":"Singing Bowl","floor":6.0},{"not_picked":["Steam Power","Heatsinks","Go for the Eyes"],"picked":"Singing Bowl","floor":7.0},{"not_picked":["Steam","Compile Driver","Cold Snap"],"picked":"Singing Bowl","floor":11.0},{"not_picked":["Go for the Eyes","Redo","Steam"],"picked":"Singing Bowl","floor":14.0},{"not_picked":["Meteor Strike","Seek"],"picked":"Electrodynamics","floor":16.0},{"not_picked":["Force Field","Stack"],"picked":"Coolheaded+1","floor":18.0},{"not_picked":["Go for the Eyes","Gash","FTL"],"picked":"Singing Bowl","floor":21.0},{"not_picked":["Rebound","Gash","Conserve Battery+1"],"picked":"Singing Bowl","floor":22.0},{"not_picked":["Amplify","All For One","Melter"],"picked":"Singing Bowl","floor":23.0},{"not_picked":["Undo","Force Field","Coolheaded"],"picked":"Singing Bowl","floor":25},{"not_picked":["Sweeping Beam","Hologram+1"],"picked":"Leap","floor":27},{"not_picked":["Ball Lightning","Loop"],"picked":"Defragment","floor":28}],"player_experience":1186209,"relics_obtained":[{"floor":6.0,"key":"Singing Bowl"},{"floor":9.0,"key":"Whetstone"},{"floor":23.0,"key":"PreservedInsect"},{"floor":25,"key":"Dream Catcher"},{"floor":26,"key":"Bottled Tornado"}],"event_choices":[{"damage_healed":0.0,"max_hp_gain":0.0,"max_hp_loss":0.0,"gold_gain":0.0,"event_name":"Match and Keep!","player_choice":"3 cards matched","floor":3.0,"gold_loss":0.0,"damage_taken":0.0,"cards_obtained":["Loop","Creative AI","Cold Snap"]},{"damage_healed":0.0,"max_hp_gain":0.0,"max_hp_loss":0.0,"gold_gain":0.0,"event_name":"Wheel of Change","player_choice":"Damaged","floor":10.0,"gold_loss":0.0,"damage_taken":7.0},{"damage_healed":0.0,"max_hp_gain":0.0,"max_hp_loss":0.0,"gold_gain":100.0,"event_name":"Golden Shrine","player_choice":"Pray","floor":19.0,"gold_loss":0.0,"damage_taken":0.0},{"damage_healed":0,"gold_gain":0,"player_choice":"Fight","damage_taken":0,"max_hp_gain":0,"max_hp_loss":0,"event_name":"Colosseum","floor":29,"gold_loss":0},{"damage_healed":0,"gold_gain":0,"player_choice":"Fought Nobs","damage_taken":0,"max_hp_gain":0,"max_hp_loss":0,"event_name":"Colosseum","floor":29,"gold_loss":0}],"is_beta":false,"boss_relics":[{"not_picked":["Runic Dome","Philosopher\u0027s Stone"],"picked":"SacredBark"}],"items_purged_floors":[20],"is_endless":false,"potions_floor_spawned":[5,7,11,16,18,21],"killed_by":"Colosseum Nobs","ascension_level":0}}