{"host":"q0qnzbgdx8oqogg9","time":1611385811,"event":{"mods":["BaseMod","Minty Spire (QoL Compilation)","StSLib"],"gold_per_floor":[17,17,17,36,53,82,82,116,116,216,216,236,250,264,264,363,363,378,378,51,77,49,49,49],"floor_reached":23,"language":"ENG","playtime":931,"items_purged":["Strike_B"],"score":281,"play_id":"27a9503a-9776-4b6a-b8f6-511c844b0eb8","local_time":"20210123021011","is_ascension_mode":true,"campfire_choices":[{"data":"Streamline","floor":7.0,"key":"SMITH"},{"floor":11.0,"key":"REST"},{"data":"Beam Cell","floor":15.0,"key":"SMITH"}],"circlet_count":0,"master_deck":["Strike_B","Strike_B","Defend_B","Defend_B","Defend_B","Zap","Dualcast","Auto Shields","Static Discharge","Scrape","Beam Cell+1","Streamline+1","Self Repair","Hologram","Steam","Sweeping Beam","Cold Snap","Buffer","Beam Cell+1","RitualDagger","Capacitor","Core Surge"],"relics":["FrozenCore","Shuriken","Orichalcum","The Courier","Cables","Red Mask"],"acts_visited":["Exordium","TheCity"],"potions_floor_usage":[],"damage_taken":[{"damage":9.0,"enemies":"Small Slimes","floor":1.0,"turns":5.0},{"damage":7.0,"enemies":"Jaw Worm","floor":4.0,"turns":2.0},{"damage":0.0,"enemies":"Cultist","floor":5.0,"turns":3.0},{"damage":24.0,"enemies":"Lagavulin","floor":6.0,"turns":5.0},{"damage":26.0,"enemies":"3 Sentries","floor":8.0,"turns":7.0},{"damage":8.0,"enemies":"Large Slime","floor":12.0,"turns":4.0},{"damage":4.0,"enemies":"3 Louse","floor":13.0,"turns":4.0},{"damage":0.0,"enemies":"Blue Slaver","floor":14.0,"turns":3.0},{"damage":14.0,"enemies":"Hexaghost","floor":16.0,"turns":9.0},{"damage":10.0,"enemies":"Chosen","floor":18.0,"turns":6.0},{"damage":12.0,"enemies":"Masked Bandits","floor":21.0,"turns":6.0},{"damage":5.0,"enemies":"2 Thieves","floor":22.0,"turns":5.0},{"damage":66,"enemies":"Gremlin Leader","floor":23,"turns":6}],"seed_played":"-7487272367637100670","potions_obtained":[{"floor":4.0,"key":"Dexterity Potion"},{"floor":8.0,"key":"ColorlessPotion"},{"floor":13.0,"key":"Strength Potion"},{"floor":14.0,"key":"ColorlessPotion"},{"floor":16.0,"key":"GamblersBrew"},{"floor":21.0,"key":"Energy Potion"}],"is_trial":false,"path_per_floor":["M","?","?","M","M","E","R","E","T","?","R","M","M","M","R","B",null,"M","?","$","?","M","E"],"character_chosen":"DEFECT","items_purchased":["Cables","Capacitor"],"campfire_rested":1,"item_purchase_floors":[20,20],"current_hp_per_floor":[59,59,64,57,57,33,33,7,7,7,31,30,33,40,40,33,68,65,59,59,54,56,0,0],"gold":49,"neow_bonus":"TRANSFORM_TWO_CARDS","is_daily":false,"chose_seed":false,"campfire_upgraded":2,"win_rate":0.0,"timestamp":1611385811,"path_taken":["M","?","?","M","M","E","R","E","T","?","R","M","M","?","R","BOSS","M","?","$","?","M","E"],"items_purchased_type":["Relic","Card"],"build_version":"2020-12-22","purchased_purges":1,"victory":false,"max_hp_per_floor":[75,75,80,80,80,80,80,80,80,80,80,80,80,80,80,80,80,80,80,80,80,80,80,80],"card_choices":[{"not_picked":["Redo","Hologram"],"picked":"Static Discharge","floor":1.0},{"not_picked":["Heatsinks","Conserve Battery"],"picked":"Beam Cell","floor":4.0},{"not_picked":["Steam Power","Turbo"],"picked":"Streamline","floor":5.0},{"not_picked":["Blizzard","Cold Snap"],"picked":"Self Repair","floor":6.0},{"not_picked":["Multi-Cast","Recycle"],"picked":"Hologram","floor":8.0},{"not_picked":["Storm","Static Discharge"],"picked":"Steam","floor":12.0},{"not_picked":["Ball Lightning","Skim"],"picked":"Sweeping Beam","floor":13.0},{"not_picked":["Tempest","Redo"],"picked":"Cold Snap","floor":14.0},{"not_picked":["Amplify","Meteor Strike"],"picked":"Buffer","floor":16.0},{"not_picked":["Reinforced Body","Cold Snap"],"picked":"Beam Cell+1","floor":18.0},{"not_picked":["Go for the Eyes+1","Conserve Battery+1"],"picked":"Core Surge","floor":22.0}],"player_experience":274162,"relics_obtained":[{"floor":6.0,"key":"Shuriken"},{"floor":8.0,"key":"Orichalcum"},{"floor":9.0,"key":"The Courier"},{"floor":21.0,"key":"Red Mask"}],"event_choices":[{"damage_healed":0.0,"max_hp_gain":0.0,"max_hp_loss":0.0,"gold_gain":0.0,"cards_transformed":["Double Energy"],"event_name":"Living Wall","player_choice":"Change","floor":2.0,"gold_loss":0.0,"damage_taken":0.0,"cards_obtained":["Scrape"]},{"damage_healed":0.0,"max_hp_gain":5.0,"max_hp_loss":0.0,"gold_gain":0.0,"event_name":"Big Fish","player_choice":"Donut","floor":3.0,"gold_loss":0.0,"damage_taken":0.0},{"damage_healed":0.0,"max_hp_gain":0.0,"max_hp_loss":0.0,"gold_gain":100.0,"event_name":"Wheel of Change","player_choice":"Gold","floor":10.0,"gold_loss":0.0,"damage_taken":0.0},{"damage_healed":0.0,"max_hp_gain":0.0,"max_hp_loss":0.0,"gold_gain":0.0,"event_name":"Nest","player_choice":"Joined the Cult","floor":19.0,"gold_loss":0.0,"damage_taken":6.0,"cards_obtained":["RitualDagger"]},{"damage_healed":0.0,"max_hp_gain":0.0,"max_hp_loss":0.0,"gold_gain":0.0,"event_name":"Masked Bandits","player_choice":"Fought Bandits","floor":21.0,"gold_loss":0.0,"damage_taken":0.0}],"is_beta":false,"boss_relics":[{"not_picked":["Ectoplasm","Snecko Eye"],"picked":"FrozenCore"}],"items_purged_floors":[20],"is_endless":false,"potions_floor_spawned":[4,8,13,14,16,21,22],"killed_by":"Gremlin Leader","ascension_level":8}}