{"host":"dhyczjm99amxd3qx","time":1611443518,"event":{"mods":["BaseMod","Colored Map","Googly Eyes","Highlight Path","Minty Spire (QoL Compilation)","Quick Restart","StSLib"],"gold_per_floor":[116,127,127,127,138,173,273,273,273],"floor_reached":8,"language":"ENG","playtime":284,"items_purged":[],"score":76,"play_id":"aaed478e-9712-4c94-9eeb-1b494ce01151","local_time":"20210123181158","is_ascension_mode":true,"campfire_choices":[],"circlet_count":0,"master_deck":["Strike_B","Strike_B","Strike_B","Strike_B","Defend_B","Defend_B","Defend_B","Defend_B","Zap","Dualcast","Reboot+1","Cold Snap+1","Ball Lightning","Defragment"],"relics":["Cracked Core","Pantograph","Emotion Chip"],"acts_visited":["Exordium"],"potions_floor_usage":[6,6],"damage_taken":[{"damage":7,"enemies":"2 Louse","floor":1,"turns":3},{"damage":0,"enemies":"Jaw Worm","floor":2,"turns":3},{"damage":6,"enemies":"Cultist","floor":5,"turns":4},{"damage":18,"enemies":"Lagavulin","floor":6,"turns":4},{"damage":20,"enemies":"Gremlin Nob","floor":8,"turns":2}],"seed_played":"-1171057388890848583","potions_obtained":[{"floor":2,"key":"LiquidMemories"},{"floor":5,"key":"DuplicationPotion"}],"is_trial":false,"path_per_floor":["M","M","?","?","M","E","?","E"],"character_chosen":"DEFECT","items_purchased":[],"campfire_rested":0,"item_purchase_floors":[],"current_hp_per_floor":[61,61,43,28,22,4,4,0,0],"gold":273,"neow_bonus":"ONE_RANDOM_RARE_CARD","is_daily":false,"chose_seed":false,"campfire_upgraded":0,"win_rate":0.0,"timestamp":1611443518,"path_taken":["M","M","?","?","M","E","?","E"],"items_purchased_type":[],"build_version":"2020-12-22","purchased_purges":0,"victory":false,"max_hp_per_floor":[75,75,75,75,75,75,75,75,75],"card_choices":[{"not_picked":["Beam Cell","Barrage"],"picked":"Cold Snap","floor":1},{"not_picked":["Redo","Streamline"],"picked":"Ball Lightning","floor":2},{"not_picked":["Leap","Redo"],"picked":"Defragment","floor":5},{"not_picked":["Hologram","Turbo","Barrage"],"picked":"SKIP","floor":6}],"player_experience":363943,"relics_obtained":[{"floor":6,"key":"Emotion Chip"}],"event_choices":[{"damage_healed":0,"gold_gain":0,"player_choice":"Success","damage_taken":18,"relics_obtained":["Pantograph"],"max_hp_gain":0,"max_hp_loss":0,"event_name":"Scrap Ooze","floor":3,"gold_loss":0},{"damage_healed":0,"gold_gain":0,"player_choice":"Entered Light","damage_taken":15,"max_hp_gain":0,"max_hp_loss":0,"event_name":"Shining Light","floor":4,"gold_loss":0,"cards_upgraded":["Cold Snap","Reboot"]},{"damage_healed":0,"gold_gain":100,"player_choice":"Pray","damage_taken":0,"max_hp_gain":0,"max_hp_loss":0,"event_name":"Golden Shrine","floor":7,"gold_loss":0}],"is_beta":false,"boss_relics":[],"items_purged_floors":[],"is_endless":false,"potions_floor_spawned":[2,5],"killed_by":"Gremlin Nob","ascension_level":7}}