{"host":"b7mawubrjc2hdxhd","time":1611427582,"event":{"mods":["AchievementEnabler","BaseMod","BetterRewards","Ironclad Rager","Minty Spire (QoL Compilation)","Relic Stats","Spicy Shops","Spire Arcade","StSLib"],"gold_per_floor":[18,36,13,23,33,61,77,109,109,142,142,159,98,113,113,216,216,232,85,85,85,85,115,115,30,30,61,61,81,99,99,99],"floor_reached":31,"language":"ENG","playtime":1823,"items_purged":[],"score":325,"play_id":"363eb648-e6df-44d6-a00c-80e8c26e28f6","local_time":"20210123184622","is_ascension_mode":true,"campfire_choices":[{"floor":15,"key":"REST"},{"floor":24,"key":"REST"}],"circlet_count":0,"master_deck":["Survivor","Neutralize","Injury","Poisoned Stab","Poisoned Stab","Poisoned Stab","Poisoned Stab","Dodge and Roll","Dodge and Roll","Accuracy","Dagger Throw","Noxious Fumes","Sucker Punch","Venomology","Blade Dance","Distraction","Bane","Night Terror","Deadly Poison","Footwork","Wraith Form v2","Well Laid Plans+1","Setup+1","Dodge and Roll+1","Dagger Throw+1","Corpse Explosion","Blade Dance","Caltrops","Caltrops"],"relics":["Ring of the Snake","Pocketwatch","Question Card","Toy Ornithopter","Oddly Smooth Stone","Sling","Astrolabe","Lee\u0027s Waffle","MutagenicStrength","Mercury Hourglass","Ancient Tea Set","HornCleat","Red Mask"],"acts_visited":["Exordium","TheCity"],"potions_floor_usage":[6,8,8,10,14,14,16,16,16,16,16,23,23,23,23,28,28,28,28,30,30,31],"damage_taken":[{"damage":5,"enemies":"Small Slimes","floor":1,"turns":4},{"damage":2,"enemies":"2 Louse","floor":2,"turns":3},{"damage":0,"enemies":"Cultist","floor":4,"turns":3},{"damage":0,"enemies":"2 Fungi Beasts","floor":5,"turns":4},{"damage":4,"enemies":"Gremlin Nob","floor":6,"turns":3},{"damage":6,"enemies":"Blue Slaver","floor":7,"turns":4},{"damage":9,"enemies":"3 Sentries","floor":8,"turns":6},{"damage":24,"enemies":"Gremlin Nob","floor":10,"turns":4},{"damage":11,"enemies":"Looter","floor":12,"turns":2},{"damage":0,"enemies":"Large Slime","floor":14,"turns":3},{"damage":7,"enemies":"Slime Boss","floor":16,"turns":8},{"damage":12,"enemies":"Chosen","floor":18,"turns":5},{"damage":66,"enemies":"Gremlin Leader","floor":23,"turns":7},{"damage":32,"enemies":"Masked Bandits","floor":27,"turns":3},{"damage":0,"enemies":"Book of Stabbing","floor":28,"turns":4},{"damage":7,"enemies":"Shell Parasite","floor":29,"turns":5},{"damage":28,"enemies":"Cultist and Chosen","floor":30,"turns":5},{"damage":15,"enemies":"Gremlin Leader","floor":31,"turns":5}],"seed_played":"-1776100033208397244","potions_obtained":[{"floor":1,"key":"FearPotion"},{"floor":2,"key":"Explosive Potion"},{"floor":10,"key":"Dexterity Potion"},{"floor":12,"key":"EntropicBrew"},{"floor":14,"key":"SteroidPotion"},{"floor":18,"key":"EntropicBrew"},{"floor":27,"key":"AttackPotion"}],"is_trial":false,"path_per_floor":["M","M","?","M","M","E","M","E","T","E","?","M","$","M","R","B",null,"M","$","?","?","?","E","R","?","T","?","E","M","M","E"],"character_chosen":"THE_SILENT","items_purchased":["Sling","Lee\u0027s Waffle"],"campfire_rested":2,"item_purchase_floors":[13,19],"current_hp_per_floor":[40,38,38,38,38,34,28,19,19,18,18,7,7,17,35,53,63,51,70,70,70,67,21,41,41,41,9,29,22,4,0,0],"gold":99,"neow_bonus":"SILENT_ASSASSIN","is_daily":false,"chose_seed":false,"campfire_upgraded":0,"win_rate":0.0,"timestamp":1611427582,"path_taken":["M","M","?","M","M","E","M","E","T","E","?","?","$","M","R","BOSS","M","$","?","?","?","E","R","?","T","?","E","?","M","E"],"items_purchased_type":["Relic","Relic"],"build_version":"2020-12-22","purchased_purges":0,"victory":false,"max_hp_per_floor":[63,63,63,63,63,63,63,63,63,63,63,63,63,63,63,63,63,63,70,70,70,67,67,67,67,67,67,67,67,67,67,67],"relic_stats":{"Lee\u0027s Waffle":19,"counters":[95,476],"Astrolabe":["Well Laid Plans","Setup","Dodge and Roll"],"Question Card":9,"obtain_stats":[{"Calipers":0,"CeramicFish":43,"HoveringKite":17,"Ginger":10,"Sling":13,"Blood Vial":9,"HornCleat":26,"DollysMirror":13,"Sundial":34,"HandDrill":0,"Toxic Egg 2":39,"Happy Flower":4,"Astrolabe":17,"Oddly Smooth Stone":10,"Letter Opener":3,"Paper Crane":7,"War Paint":23,"Question Card":9,"Akabeko":41,"WarpedTongs":13,"SlaversCollar":17,"Runic Dome":0,"Shuriken":46,"MutagenicStrength":24,"Bronze Scales":39,"Molten Egg 2":11,"Black Star":34,"StrikeDummy":7,"Unceasing Top":25,"Pocketwatch":0,"Meat on the Bone":26,"Darkstone Periapt":12,"Lantern":21,"Regal Pillow":39,"Torii":0,"Mango":0,"Snake Skull":9,"Juzu Bracelet":8,"PrismaticShard":4,"Smiling Mask":9,"Ancient Tea Set":25,"Tough Bandages":45,"TheAbacus":21,"Matryoshka":6,"WristBlade":0,"Mummified Hand":41,"Ninja Scroll":43,"Gambling Chip":36,"Tiny Chest":13,"Red Mask":27,"Ring of the Snake":0,"Potion Belt":39,"Lee\u0027s Waffle":19,"NeowsBlessing":0,"Golden Idol":8,"The Courier":23,"PreservedInsect":30,"Frozen Egg 2":9,"Orichalcum":5,"White Beast Statue":8,"Mercury Hourglass":23,"Calling Bell":34,"Cauldron":4,"Busted Crown":17,"Ornamental Fan":27,"Turnip":26,"Membership Card":0,"Bottled Lightning":29,"Toy Ornithopter":9},{"Calipers":54,"CeramicFish":23,"HoveringKite":36,"Ginger":33,"Sling":86,"Blood Vial":33,"HornCleat":90,"DollysMirror":52,"Sundial":70,"HandDrill":27,"Toxic Egg 2":73,"Happy Flower":57,"Astrolabe":88,"Oddly Smooth Stone":85,"Letter Opener":28,"Paper Crane":45,"War Paint":66,"Question Card":33,"Akabeko":23,"WarpedTongs":34,"SlaversCollar":10,"Runic Dome":54,"Shuriken":25,"MutagenicStrength":66,"Bronze Scales":73,"Molten Egg 2":46,"Black Star":19,"StrikeDummy":5,"Unceasing Top":67,"Pocketwatch":0,"Meat on the Bone":14,"Darkstone Periapt":52,"Lantern":12,"Regal Pillow":22,"Torii":54,"Mango":54,"Snake Skull":60,"Juzu Bracelet":60,"PrismaticShard":3,"Smiling Mask":45,"Ancient Tea Set":90,"Tough Bandages":75,"TheAbacus":12,"Matryoshka":31,"WristBlade":37,"Mummified Hand":23,"Ninja Scroll":74,"Gambling Chip":72,"Tiny Chest":52,"Red Mask":91,"Ring of the Snake":0,"Potion Belt":73,"Lee\u0027s Waffle":89,"NeowsBlessing":47,"Golden Idol":51,"The Courier":13,"PreservedInsect":69,"Frozen Egg 2":5,"Orichalcum":44,"White Beast Statue":33,"Mercury Hourglass":90,"Calling Bell":70,"Cauldron":57,"Busted Crown":63,"Ornamental Fan":14,"Turnip":67,"Membership Card":54,"Bottled Lightning":69,"Toy Ornithopter":84},{"Calipers":258,"CeramicFish":98,"HoveringKite":169,"Ginger":153,"Sling":432,"Blood Vial":153,"HornCleat":455,"DollysMirror":233,"Sundial":361,"HandDrill":115,"Toxic Egg 2":374,"Happy Flower":275,"Astrolabe":443,"Oddly Smooth Stone":430,"Letter Opener":120,"Paper Crane":207,"War Paint":334,"Question Card":153,"Akabeko":98,"WarpedTongs":156,"SlaversCollar":38,"Runic Dome":258,"Shuriken":108,"MutagenicStrength":334,"Bronze Scales":374,"Molten Egg 2":209,"Black Star":76,"StrikeDummy":21,"Unceasing Top":341,"Pocketwatch":0,"Meat on the Bone":54,"Darkstone Periapt":233,"Lantern":45,"Regal Pillow":91,"Torii":258,"Mango":258,"Snake Skull":293,"Juzu Bracelet":293,"PrismaticShard":12,"Smiling Mask":207,"Ancient Tea Set":455,"Tough Bandages":386,"TheAbacus":45,"Matryoshka":137,"WristBlade":174,"Mummified Hand":98,"Ninja Scroll":381,"Gambling Chip":371,"Tiny Chest":233,"Red Mask":458,"Ring of the Snake":0,"Potion Belt":374,"Lee\u0027s Waffle":448,"NeowsBlessing":210,"Golden Idol":224,"The Courier":49,"PreservedInsect":352,"Frozen Egg 2":21,"Orichalcum":203,"White Beast Statue":153,"Mercury Hourglass":455,"Calling Bell":361,"Cauldron":275,"Busted Crown":315,"Ornamental Fan":54,"Turnip":341,"Membership Card":258,"Bottled Lightning":352,"Toy Ornithopter":426}],"Toy Ornithopter":95,"Ring of the Snake":[82],"Pocketwatch":[68],"Mercury Hourglass":[85]},"card_choices":[{"not_picked":["Predator","Bane"],"picked":"Accuracy","floor":1},{"not_picked":["Flying Knee","Outmaneuver"],"picked":"Dagger Throw","floor":2},{"not_picked":["Backstab","PiercingWail"],"picked":"Noxious Fumes","floor":4},{"not_picked":["Outmaneuver","Tools of the Trade"],"picked":"Sucker Punch","floor":5},{"not_picked":["Malaise","Predator"],"picked":"Venomology","floor":6},{"not_picked":["Distraction","Cloak And Dagger"],"picked":"Blade Dance","floor":7},{"not_picked":["Blur","Expertise"],"picked":"Distraction","floor":8},{"not_picked":["Outmaneuver","PiercingWail","Eviscerate"],"picked":"Bane","floor":10},{"not_picked":["Quick Slash","Prepared","Bane"],"picked":"Deadly Poison","floor":12},{"not_picked":["Dagger Spray","Prepared","Deadly Poison"],"picked":"Footwork","floor":14},{"not_picked":["A Thousand Cuts","Doppelganger","Grand Finale"],"picked":"Wraith Form v2","floor":16},{"not_picked":["Choke","Backflip","Outmaneuver"],"picked":"Dagger Throw+1","floor":18},{"not_picked":["Distraction","Flying Knee","After Image"],"picked":"Corpse Explosion","floor":23},{"not_picked":["Backstab","Finisher","Underhanded Strike"],"picked":"Blade Dance","floor":27},{"not_picked":["All Out Attack","Dodge and Roll","Flechettes"],"picked":"Caltrops","floor":29},{"not_picked":["Dagger Throw","ICR:Vanish","Finisher"],"picked":"Caltrops","floor":30}],"player_experience":62385,"relics_obtained":[{"floor":6,"key":"Pocketwatch"},{"floor":8,"key":"Question Card"},{"floor":9,"key":"Toy Ornithopter"},{"floor":10,"key":"Oddly Smooth Stone"},{"floor":23,"key":"Mercury Hourglass"},{"floor":26,"key":"HornCleat"},{"floor":27,"key":"Red Mask"}],"event_choices":[{"damage_healed":0,"gold_gain":0,"player_choice":"Left Gold","damage_taken":0,"max_hp_gain":0,"max_hp_loss":0,"event_name":"World of Goop","floor":3,"gold_loss":23},{"damage_healed":0,"gold_gain":0,"cards_transformed":["Dodge and Roll"],"player_choice":"Transformed","damage_taken":0,"max_hp_gain":0,"max_hp_loss":0,"event_name":"Transmorgrifier","floor":11,"gold_loss":0,"cards_obtained":["Night Terror"]},{"damage_healed":0,"gold_gain":0,"player_choice":"Inject Mutagens","damage_taken":0,"relics_obtained":["MutagenicStrength"],"max_hp_gain":0,"max_hp_loss":0,"event_name":"Drug Dealer","floor":20,"gold_loss":0},{"damage_healed":0,"gold_gain":0,"player_choice":"Ignored","damage_taken":0,"max_hp_gain":0,"max_hp_loss":0,"event_name":"Ghosts","floor":21,"gold_loss":0},{"cards_removed":["Parasite"],"damage_healed":0,"gold_gain":0,"player_choice":"Elegance","damage_taken":0,"max_hp_gain":0,"max_hp_loss":0,"event_name":"Back to Basics","floor":22,"gold_loss":0},{"damage_healed":0,"gold_gain":0,"player_choice":"Obtained Relic","damage_taken":0,"relics_obtained":["Ancient Tea Set"],"max_hp_gain":0,"max_hp_loss":0,"event_name":"Addict","floor":25,"gold_loss":85},{"damage_healed":0,"gold_gain":0,"player_choice":"Fought Bandits","damage_taken":0,"max_hp_gain":0,"max_hp_loss":0,"event_name":"Masked Bandits","floor":27,"gold_loss":0}],"is_beta":false,"boss_relics":[{"not_picked":["Sozu","Velvet Choker"],"picked":"Astrolabe"}],"items_purged_floors":[],"is_endless":false,"potions_floor_spawned":[1,2,10,12,14,18,27,28],"killed_by":"Gremlin Leader","ascension_level":2}}