{"host":"7tvb1em0d2fx72q7","time":1611379345,"event":{"mods":["BaseMod","Challenge The Spire","Minty Spire (QoL Compilation)","StSLib","everything is the same but u backflip on backflip"],"gold_per_floor":[112,132,132,148,159,185,185,185,232,232,21,21,47,47,47,124,124,142,142,142,156,156,156,185,200,200,200,200,218,244,255,255,255,255],"floor_reached":33,"language":"ENG","playtime":2410,"items_purged":["Strike_G"],"score":636,"play_id":"de007805-a6ff-4033-8af1-9bb62d9516eb","local_time":"20210123002225","is_ascension_mode":true,"campfire_choices":[{"floor":8.0,"key":"REST"},{"data":"Bouncing Flask","floor":10.0,"key":"SMITH"},{"data":"Sucker Punch","floor":12.0,"key":"SMITH"},{"data":"Neutralize","floor":15.0,"key":"SMITH"},{"data":"After Image","floor":23,"key":"SMITH"},{"floor":28,"key":"REST"},{"data":"Well Laid Plans","floor":32,"key":"SMITH"}],"circlet_count":0,"master_deck":["AscendersBane","Survivor","Neutralize+1","Dagger Spray","Cloak And Dagger","Poisoned Stab","Poisoned Stab","Bouncing Flask+1","Well Laid Plans+1","Sucker Punch+1","Cloak And Dagger","Glass Knife","Adrenaline","Phantasmal Killer","Die Die Die","Die Die Die","Escape Plan","Catalyst","Die Die Die","Flying Knee","Eviscerate","After Image+1","Riddle With Holes","Cloak And Dagger","Decay","Blade Dance","Venomology"],"relics":["Ring of the Snake","Bronze Scales","Paper Crane","Ancient Tea Set","CaptainsWheel","Pandora\u0027s Box","Enchiridion","Ornamental Fan","Anchor","Potion Belt"],"acts_visited":["Exordium","TheCity"],"potions_floor_usage":[24,30,33],"damage_taken":[{"damage":10.0,"enemies":"Small Slimes","floor":1.0,"turns":5.0},{"damage":1.0,"enemies":"Cultist","floor":2.0,"turns":3.0},{"damage":0.0,"enemies":"Jaw Worm","floor":4.0,"turns":5.0},{"damage":19.0,"enemies":"Large Slime","floor":5.0,"turns":6.0},{"damage":12.0,"enemies":"3 Sentries","floor":6.0,"turns":12.0},{"damage":15.0,"enemies":"Lagavulin","floor":13.0,"turns":7.0},{"damage":6.0,"enemies":"The Guardian","floor":16.0,"turns":8.0},{"damage":0,"enemies":"Chosen","floor":18,"turns":3},{"damage":6,"enemies":"2 Thieves","floor":21,"turns":3},{"damage":1,"enemies":"Gremlin Leader","floor":24,"turns":4},{"damage":3,"enemies":"Shelled Parasite and Fungi","floor":25,"turns":4},{"damage":0,"enemies":"Snake Plant","floor":29,"turns":3},{"damage":0,"enemies":"Slavers","floor":30,"turns":2},{"damage":0,"enemies":"Snecko","floor":31,"turns":4},{"damage":57,"enemies":"Collector","floor":33,"turns":7}],"seed_played":"2613036824893243587","potions_obtained":[{"floor":3.0,"key":"Explosive Potion"},{"floor":3.0,"key":"EssenceOfSteel"},{"floor":5.0,"key":"EntropicBrew"},{"floor":13.0,"key":"DistilledChaos"},{"floor":21,"key":"AttackPotion"},{"floor":30,"key":"GamblersBrew"}],"is_trial":false,"path_per_floor":["M","M","?","M","M","E","T","R","T","R","$","R","E","$","R","B",null,"M","?","?","M","?","R","E","M","T","?","R","M","E","M","R","B"],"character_chosen":"THE_SILENT","items_purchased":["Well Laid Plans","Sucker Punch"],"campfire_rested":2,"item_purchase_floors":[11,11],"current_hp_per_floor":[55,54,54,54,35,23,23,44,44,44,44,44,29,29,29,23,60,60,60,60,54,33,33,32,29,29,29,50,50,50,50,50,0,0],"gold":255,"neow_bonus":"TEN_PERCENT_HP_BONUS","is_daily":false,"chose_seed":false,"campfire_upgraded":5,"win_rate":0.0,"timestamp":1611379345,"path_taken":["M","M","?","M","?","E","?","R","T","R","$","R","E","?","R","BOSS","M","?","?","?","?","R","E","M","T","?","R","M","E","?","R","BOSS"],"items_purchased_type":["Card","Card"],"build_version":"2020-12-22","purchased_purges":1,"victory":false,"max_hp_per_floor":[72,72,72,72,72,72,72,72,72,72,72,72,72,72,72,72,72,72,72,72,72,72,72,72,72,72,72,72,72,72,72,72,72,72],"card_choices":[{"not_picked":["Backflip","Prepared"],"picked":"Dagger Spray","floor":1.0},{"not_picked":["Bane","Escape Plan"],"picked":"Cloak And Dagger","floor":2.0},{"not_picked":["Infinite Blades","Acrobatics"],"picked":"Poisoned Stab","floor":4.0},{"not_picked":["Cloak And Dagger","PiercingWail"],"picked":"Poisoned Stab","floor":5.0},{"not_picked":["Deflect","Dagger Spray"],"picked":"Bouncing Flask","floor":6.0},{"not_picked":["Expertise","Blur"],"picked":"Cloak And Dagger","floor":13.0},{"not_picked":["Bullet Time","Doppelganger"],"picked":"Glass Knife","floor":16.0},{"not_picked":["Acrobatics","Prepared"],"picked":"Flying Knee","floor":18},{"not_picked":["Distraction","Well Laid Plans","Masterful Stab"],"picked":"SKIP","floor":21},{"not_picked":["Backflip","Concentrate"],"picked":"Riddle With Holes","floor":24},{"not_picked":["Dash","Bane"],"picked":"Cloak And Dagger","floor":25},{"not_picked":["Escape Plan","Concentrate"],"picked":"Blade Dance","floor":29},{"not_picked":["Deadly Poison","Masterful Stab","Skewer"],"picked":"SKIP","floor":30},{"not_picked":["Finisher","Footwork"],"picked":"Venomology","floor":31}],"player_experience":1955547,"relics_obtained":[{"floor":6.0,"key":"Bronze Scales"},{"floor":7.0,"key":"Paper Crane"},{"floor":9.0,"key":"Ancient Tea Set"},{"floor":13.0,"key":"CaptainsWheel"},{"floor":22,"key":"Enchiridion"},{"floor":24,"key":"Ornamental Fan"},{"floor":26,"key":"Anchor"},{"floor":30,"key":"Potion Belt"}],"event_choices":[{"damage_healed":0.0,"max_hp_gain":0.0,"max_hp_loss":0.0,"gold_gain":0.0,"event_name":"Lab","player_choice":"Got Potions","floor":3.0,"gold_loss":0.0,"damage_taken":0.0},{"damage_healed":0,"gold_gain":0,"cards_transformed":["Concentrate","Infinite Blades"],"player_choice":"Became Test Subject","damage_taken":0,"max_hp_gain":0,"max_hp_loss":0,"event_name":"Drug Dealer","floor":19,"gold_loss":0,"cards_obtained":["Eviscerate","After Image"]},{"damage_healed":0,"gold_gain":0,"player_choice":"Ignored","damage_taken":0,"max_hp_gain":0,"max_hp_loss":0,"event_name":"Vampires","floor":20,"gold_loss":0},{"damage_healed":0,"gold_gain":0,"player_choice":"Obtained Book","damage_taken":21,"max_hp_gain":0,"max_hp_loss":0,"event_name":"Cursed Tome","floor":22,"gold_loss":0},{"damage_healed":0,"gold_gain":0,"player_choice":"Cursed","damage_taken":0,"max_hp_gain":0,"max_hp_loss":0,"event_name":"Wheel of Change","floor":27,"gold_loss":0,"cards_obtained":["Decay"]}],"is_beta":false,"boss_relics":[{"not_picked":["HoveringKite","Coffee Dripper"],"picked":"Pandora\u0027s Box"}],"items_purged_floors":[11],"is_endless":false,"potions_floor_spawned":[5,6,13,21,30],"killed_by":"Collector","ascension_level":20}}