{"host":"eaiphzh066bwqdh7","time":1611420555,"event":{"mods":["BaseMod","Hubris","Minty Spire (QoL Compilation)","Replay The Spire","StSLib"],"gold_per_floor":[114,39,39,39,57,57,120,120,120,135,135,135,135],"floor_reached":12,"language":"ENG","playtime":346,"items_purged":["Defend_R"],"score":73,"play_id":"faeb90ed-1968-4934-803c-bbf01e944200","local_time":"20210123114915","is_ascension_mode":true,"campfire_choices":[{"data":"Carnage","floor":6,"key":"SMITH"},{"floor":8,"key":"REST"}],"circlet_count":0,"master_deck":["Strike_R","Strike_R","Strike_R","Strike_R","Strike_R","Defend_R","Defend_R","Defend_R","Bash","Carnage+1","Headbutt","Pommel Strike","Blood for Blood","Pommel Strike"],"relics":["Burning Blood","Self Forming Clay","Charon\u0027s Ashes","Bird Faced Urn","hubris:Macrotransations","hubris:FruitBowl","hubris:EvacipatedBox","Membership Card"],"acts_visited":["Exordium"],"potions_floor_usage":[12,12],"damage_taken":[{"damage":1,"enemies":"Cultist","floor":1,"turns":3},{"damage":10,"enemies":"Small Slimes","floor":5,"turns":2},{"damage":33,"enemies":"Lagavulin Event","floor":7,"turns":5},{"damage":7,"enemies":"Jaw Worm","floor":10,"turns":2},{"damage":5,"enemies":"3 Sentries","floor":12,"turns":4}],"seed_played":"6914103708256390202","potions_obtained":[{"floor":1,"key":"Cursed Concoction"},{"floor":10,"key":"Swift Potion"}],"is_trial":false,"path_per_floor":["M","$","T","$","M","R","?","R","T","M","$","E"],"character_chosen":"IRONCLAD","items_purchased":["hubris:Macrotransations","hubris:FruitBowl","hubris:EvacipatedBox","Membership Card"],"campfire_rested":1,"item_purchase_floors":[11,11,11,11],"current_hp_per_floor":[80,80,80,80,76,76,49,73,73,72,5,0,0],"gold":135,"neow_bonus":"RANDOM_EVENT","is_daily":false,"chose_seed":false,"campfire_upgraded":1,"win_rate":0.0,"timestamp":1611420555,"path_taken":["M","$","?","$","M","R","?","R","T","M","?","E"],"items_purchased_type":["Relic","Relic","Relic","Relic"],"build_version":"2020-12-22","purchased_purges":1,"victory":false,"max_hp_per_floor":[80,80,80,80,80,80,80,80,80,80,80,80,80],"card_choices":[{"not_picked":["Warcry","Clothesline"],"picked":"Headbutt","floor":1},{"not_picked":["Twin Strike","Clash"],"picked":"Pommel Strike","floor":5},{"not_picked":["Rupture","Life Link"],"picked":"Blood for Blood","floor":7},{"not_picked":["Warcry","Iron Wave"],"picked":"Pommel Strike","floor":10}],"player_experience":178996,"relics_obtained":[{"floor":3,"key":"Self Forming Clay"},{"floor":7,"key":"Charon\u0027s Ashes"},{"floor":9,"key":"Bird Faced Urn"}],"event_choices":[{"damage_healed":0,"gold_gain":30,"player_choice":"Searched \u00273\u0027 times","damage_taken":0,"max_hp_gain":0,"max_hp_loss":0,"event_name":"Dead Adventurer","floor":7,"gold_loss":0}],"is_beta":false,"boss_relics":[],"items_purged_floors":[2],"is_endless":false,"potions_floor_spawned":[1,10],"killed_by":"3 Sentries","ascension_level":2}}