{"host":"928gv66myv2vlnsd","time":1611381275,"event":{"mods":["BaseMod","Minty Spire (QoL Compilation)","StSLib"],"gold_per_floor":[109,109,109,109,126,161,161,194,219,219,233,244,276,296,296,296,296],"floor_reached":16,"language":"ENG","playtime":462,"items_purged":[],"score":283,"play_id":"0a53c3f6-9fad-4091-b60b-f47818308987","local_time":"20210123005435","is_ascension_mode":true,"campfire_choices":[{"data":"Entrench","floor":7,"key":"SMITH"},{"data":"Sword Boomerang","floor":10,"key":"SMITH"},{"floor":15,"key":"REST"}],"circlet_count":0,"master_deck":["AscendersBane","Strike_R","Strike_R","Strike_R","Defend_R","Defend_R","Defend_R+1","Defend_R","Bash","Spot Weakness+1","Entrench+1","Sword Boomerang+1","Offering","Whirlwind","Seeing Red","Body Slam","True Grit"],"relics":["Burning Blood","NeowsBlessing","Happy Flower","Torii","Strawberry","Regal Pillow"],"acts_visited":["Exordium"],"potions_floor_usage":[13,16,16],"damage_taken":[{"damage":0,"enemies":"Jaw Worm","floor":1,"turns":1},{"damage":0,"enemies":"Small Slimes","floor":5,"turns":1},{"damage":0,"enemies":"3 Sentries","floor":6,"turns":2},{"damage":33,"enemies":"Lagavulin","floor":8,"turns":6},{"damage":1,"enemies":"Cultist","floor":11,"turns":3},{"damage":1,"enemies":"Red Slaver","floor":12,"turns":2},{"damage":17,"enemies":"3 Sentries","floor":13,"turns":5},{"damage":12,"enemies":"Looter","floor":14,"turns":2},{"damage":77,"enemies":"Hexaghost","floor":16,"turns":10}],"seed_played":"1042010900206679822","potions_obtained":[{"floor":8,"key":"AttackPotion"},{"floor":12,"key":"Strength Potion"},{"floor":13,"key":"Fruit Juice"}],"is_trial":false,"path_per_floor":["M","?","?","?","M","E","R","E","T","R","M","M","E","M","R","B"],"character_chosen":"IRONCLAD","items_purchased":[],"campfire_rested":1,"item_purchase_floors":[],"current_hp_per_floor":[74,74,51,44,50,56,56,29,36,36,41,46,35,29,68,0,0],"gold":296,"neow_bonus":"THREE_ENEMY_KILL","is_daily":false,"chose_seed":false,"campfire_upgraded":2,"win_rate":0.0,"timestamp":1611381275,"path_taken":["M","?","?","?","M","E","R","E","T","R","M","M","E","M","R","BOSS"],"items_purchased_type":[],"build_version":"2020-12-22","purchased_purges":0,"victory":false,"max_hp_per_floor":[75,75,75,75,75,75,75,75,82,82,82,82,82,82,82,87,87],"card_choices":[{"not_picked":["Heavy Blade","Headbutt"],"picked":"Spot Weakness","floor":1},{"not_picked":["Twin Strike","Headbutt"],"picked":"Sword Boomerang","floor":5},{"not_picked":["Clash","Warcry"],"picked":"Offering","floor":6},{"not_picked":["Rupture","Shrug It Off"],"picked":"Whirlwind","floor":8},{"not_picked":["Sword Boomerang","Searing Blow"],"picked":"Seeing Red","floor":11},{"not_picked":["Sever Soul","Anger"],"picked":"Body Slam","floor":12},{"not_picked":["Combust","Bloodletting","Clash"],"picked":"SKIP","floor":13},{"not_picked":["Flex","Iron Wave"],"picked":"True Grit","floor":14}],"player_experience":1303351,"relics_obtained":[{"floor":6,"key":"Happy Flower"},{"floor":8,"key":"Torii"},{"floor":9,"key":"Strawberry"},{"floor":13,"key":"Regal Pillow"}],"event_choices":[{"damage_healed":0,"gold_gain":0,"cards_transformed":["Strike_R"],"player_choice":"Change","damage_taken":0,"max_hp_gain":0,"max_hp_loss":0,"event_name":"Living Wall","floor":2,"gold_loss":0,"cards_obtained":["Entrench"]},{"damage_healed":0,"gold_gain":0,"player_choice":"Entered Light","damage_taken":23,"max_hp_gain":0,"max_hp_loss":0,"event_name":"Shining Light","floor":3,"gold_loss":0,"cards_upgraded":["Spot Weakness","Defend_R"]},{"cards_removed":["Strike_R"],"damage_healed":0,"gold_gain":0,"player_choice":"Card Removal","damage_taken":7,"max_hp_gain":0,"max_hp_loss":0,"event_name":"Golden Wing","floor":4,"gold_loss":0}],"is_beta":false,"boss_relics":[],"items_purged_floors":[],"is_endless":false,"potions_floor_spawned":[8,12,13],"killed_by":"Hexaghost","ascension_level":19}}