{"host":"1vqon1dbpr5c1qll","time":1611398658,"event":{"mods":["2.2 Compatiblity","AchievementEnabler","BaseMod","BetterRewards","Colored Map","DeckTracker","GungeonMod","Hermit","Highlight Path","Lobotomy","Minty Spire (QoL Compilation)","Permanent Neow","Quick Restart","Random Character Button","Replay The Spire","StSLib","SuperFastMode","The Cursed","The Dragon Tamer","The Servant 0.9.4","everything is the same but u backflip on backflip"],"gold_per_floor":[114,114,114,129,144,174,189,189,264,66,96,96,111,126,126,226,226,241,24,24,24,24,39,69,84,84,114,114,129,144,174,174,274,274,289,54,54,69,84,114,114,129,129,129,144,174,174,204,204,204],"floor_reached":51,"language":"KOR","playtime":3496,"items_purged":[],"score":1032,"play_id":"70ce7f4a-e2ed-41d9-8369-207f3380b398","local_time":"20210123194418","daily_mods":["Cursed Run","Purple Cards","DeadlyEvents"],"is_ascension_mode":false,"campfire_choices":[{"data":"Crippling Poison","floor":8.0,"key":"SMITH"},{"data":"Catalyst","floor":12.0,"key":"SMITH"},{"data":"Blur","floor":15.0,"key":"SMITH"},{"data":"ReplayTheSpireMod:Brewmster","floor":28,"key":"SMITH"},{"floor":32,"key":"REST"},{"data":"Omniscience","floor":41,"key":"SMITH"},{"data":"Scrawl","floor":44,"key":"SMITH"},{"floor":49,"key":"REST"}],"circlet_count":0,"master_deck":["Strike_G+1","Strike_G+1","Strike_G","Strike_G+1","Strike_G+1","Defend_G","Defend_G","Defend_G","Defend_G","Defend_G","Survivor","Neutralize","Deadly Poison+1","Endless Agony","Catalyst+1","Blur+1","Crippling Poison+1","ReplayTheSpireMod:IOU","CrushJoints+1","Prepared","Replay:Hysterical Blindness","Corpse Explosion","SignatureMove","ReplayTheSpireMod:Brewmster+1","Escape Plan","Omniscience+1","Dagger Spray","Delirium","Hidden Blade","Dodge and Roll+1","Riddle With Holes","Fasting2+1","Delirium","Scrawl+1","AbeCurse","Evaluate+1","ReplayUltimateDefense+1","Hidden Blade+1","Fluid Movement+1","PiercingWail","Wraith Form v2+1","Doubt","Catalyst+1","PiercingWail+1","ReplayTheSpireMod:Trickstab","Flash of Steel","WreathOfFlame+1","TheCursedMod:Dregs"],"relics":["Cursed Key","Darkstone Periapt","Du-Vu Doll","DemoMod:Orange","DemoMod:MeltedRock","OrangePellets","Whetstone","Honey Jar","Frozen Egg 2","Replay:Ringing Soul","Unceasing Top","Vajra","Abe\u0027s Treasure","Replay:Baseball","DemoMod:MemoryAlloy","Anchor","Simple Rune"],"acts_visited":["Exordium","TheCity","TheBeyond"],"potions_floor_usage":[16,23,24,24,25,27,27,30,30,31,31,33,33,33,33,33,35,35,38,39,40,42,42,45,45,45,45,45,45,48,48,48,50,50,50,50,50,50,50,50],"damage_taken":[{"damage":0.0,"enemies":"Jaw Worm","floor":1.0,"turns":6.0},{"damage":0.0,"enemies":"2 Louse","floor":4.0,"turns":2.0},{"damage":1.0,"enemies":"Cultist","floor":5.0,"turns":3.0},{"damage":13.0,"enemies":"Gremlin Nob","floor":6.0,"turns":4.0},{"damage":0.0,"enemies":"Exordium Thugs","floor":7.0,"turns":4.0},{"damage":11.0,"enemies":"3 Sentries","floor":11.0,"turns":5.0},{"damage":11.0,"enemies":"Exordium Wildlife","floor":13.0,"turns":2.0},{"damage":0.0,"enemies":"3 Louse","floor":14.0,"turns":2.0},{"damage":20,"enemies":"Slime Boss","floor":16,"turns":11},{"damage":0,"enemies":"Spheric Guardian","floor":18,"turns":3},{"damage":0,"enemies":"2 Thieves","floor":23,"turns":3},{"damage":3,"enemies":"Book of Stabbing","floor":24,"turns":4},{"damage":6,"enemies":"Shelled Parasite and Fungi","floor":25,"turns":3},{"damage":8,"enemies":"Replay:Snechameleon","floor":27,"turns":4},{"damage":0,"enemies":"Centurion and Healer","floor":29,"turns":3},{"damage":0,"enemies":"Snake Plant","floor":30,"turns":2},{"damage":39,"enemies":"Slavers","floor":31,"turns":3},{"damage":45,"enemies":"Pondfish","floor":33,"turns":9},{"damage":0,"enemies":"3 Shapes","floor":35,"turns":2},{"damage":0,"enemies":"3 Darklings","floor":38,"turns":2},{"damage":0,"enemies":"Maw","floor":39,"turns":5},{"damage":12,"enemies":"Reptomancer","floor":40,"turns":5},{"damage":0,"enemies":"Writhing Mass","floor":42,"turns":4},{"damage":0,"enemies":"Transient","floor":45,"turns":5},{"damage":0,"enemies":"Nemesis","floor":46,"turns":3},{"damage":0,"enemies":"Giant Head","floor":48,"turns":4},{"damage":1,"enemies":"Replay:Hell Engine","floor":50,"turns":7}],"seed_played":"-4692305807027556167","potions_obtained":[{"floor":5.0,"key":"DuplicationPotion"},{"floor":6.0,"key":"Fire Potion"},{"floor":11.0,"key":"EssenceOfSteel"},{"floor":13.0,"key":"Reflective Coating"},{"floor":18,"key":"ColorlessPotion"},{"floor":24,"key":"Adrenaline Potion"},{"floor":25,"key":"Energy Potion"},{"floor":31,"key":"BlessingOfTheForge"},{"floor":33,"key":"Milkshake"},{"floor":39,"key":"Ancient Potion"},{"floor":46,"key":"Cursed Concoction"},{"floor":48,"key":"DemoMod:LeadSkinPotion"}],"is_trial":false,"path_per_floor":["M","?","?","M","M","E","M","R","T","$","E","R","M","M","R","B",null,"M","$","?","$","$","M","E","M","T","E","R","M","M","E","R","B",null,"M","$","?","M","M","E","R","M","T","R","M","E","?","E","R","B",null],"character_chosen":"THE_SILENT","items_purchased":["OrangePellets","CrushJoints","ReplayTheSpireMod:Brewmster","Escape Plan","ReplayUltimateDefense+1","Energy Potion"],"campfire_rested":2,"item_purchase_floors":[10,10,19,19,36,36],"current_hp_per_floor":[70,70,70,70,69,68,68,68,74,74,63,63,52,52,52,38,94,94,94,94,94,94,94,91,85,91,86,86,89,101,65,98,74,130,133,136,136,139,142,133,133,136,145,145,148,151,149,152,169,177],"gold":204,"neow_bonus":"","is_daily":true,"chose_seed":false,"campfire_upgraded":6,"win_rate":0.0,"timestamp":1611398658,"path_taken":["M","?","?","M","M","E","M","R","T","$","E","R","?","M","R","BOSS","M","$","?","?","$","?","E","M","T","E","R","M","M","E","R","BOSS","M","$","?","M","M","E","R","M","T","R","M","E","?","E","R","BOSS"],"items_purchased_type":["Relic","Card","Card","Card","Card","Potion"],"build_version":"2020-12-22","purchased_purges":0,"victory":true,"max_hp_per_floor":[70,70,70,70,70,82,82,82,88,88,88,88,88,88,88,94,94,94,94,94,94,94,94,94,94,100,103,103,106,109,112,112,121,130,133,136,136,139,142,145,145,148,157,157,160,163,166,169,169,178],"card_choices":[{"not_picked":["Replay:AtTheReady","Dodge and Roll"],"picked":"Deadly Poison","floor":1.0},{"not_picked":["Deflect","Study"],"picked":"Endless Agony","floor":4.0},{"not_picked":["ClearTheMind","Replay:ManipulateFuture"],"picked":"Catalyst","floor":5.0},{"not_picked":["ReplayTheSpireMod:Shiv Toss","Grand Finale"],"picked":"Blur","floor":6.0},{"not_picked":["Quick Slash","Underhanded Strike"],"picked":"Crippling Poison","floor":7.0},{"not_picked":["ThirdEye","Sneak Up","DeceiveReality"],"picked":"SKIP","floor":11.0},{"not_picked":["ThirdEye","Sneak Up","DeceiveReality"],"picked":"SKIP","floor":11.0},{"not_picked":["Acrobatics","Underhanded Strike"],"picked":"Prepared","floor":13.0},{"not_picked":["CrushJoints","ReplayTheSpireMod:The Works","Crescendo"],"picked":"SKIP","floor":14.0},{"not_picked":["Replay:Bag of Tricks","Malaise"],"picked":"Corpse Explosion","floor":16},{"not_picked":["WheelKick","EmptyFist","Flechettes"],"picked":"SignatureMove","floor":18},{"not_picked":["Expertise","Replay:Poison Smokescreen","SignatureMove"],"picked":"Omniscience","floor":23},{"not_picked":["Conclude","Crippling Poison","Replay:Vibes"],"picked":"Fluid Movement+1","floor":24},{"not_picked":["Eviscerate","Reflex","BowlingBash"],"picked":"Dagger Spray","floor":25},{"not_picked":["FlurryOfBlows","Crescendo","CrushJoints"],"picked":"Hidden Blade","floor":27},{"not_picked":["Replay:AtTheReady+1","EmptyMind","Hidden Blade+1"],"picked":"Dodge and Roll+1","floor":29},{"not_picked":["Sucker Punch","ReachHeaven","ThirdEye"],"picked":"Riddle With Holes","floor":30},{"not_picked":["Brilliance","Catalyst","Weave+1"],"picked":"Fasting2+1","floor":31},{"not_picked":["Replay:LoomingThreat+1","Corpse Explosion","ReplayTheSpireMod:Necrosis"],"picked":"Scrawl","floor":33},{"not_picked":["EmptyBody","Weave","Backstab"],"picked":"Evaluate+1","floor":35},{"not_picked":["BattleHymn+1","Poisoned Stab+1","Collect+1"],"picked":"Hidden Blade+1","floor":38},{"not_picked":["EmptyBody","FlurryOfBlows+1","Indignation"],"picked":"Fluid Movement+1","floor":39},{"not_picked":["Tactician","Concentrate+1","Halt"],"picked":"PiercingWail","floor":40},{"not_picked":["Bane","Calculated Gamble+1","Dagger Spray"],"picked":"Wraith Form v2+1","floor":42},{"not_picked":["SandsOfTime","Cloak And Dagger+1","Replay:AtTheReady"],"picked":"Catalyst+1","floor":45},{"not_picked":["Sanctity+1","ReplayTheSpireMod:The Works+1","Dagger Throw"],"picked":"PiercingWail+1","floor":46},{"not_picked":["DemoMod:Spice","Replay:Sssssssssshield","Purity"],"picked":"ReplayTheSpireMod:Trickstab","floor":47},{"not_picked":["Replay:BasicMightCard+1","Impatience","Forethought"],"picked":"Flash of Steel","floor":47},{"not_picked":["ThirdEye","Halt","Night Terror"],"picked":"WreathOfFlame+1","floor":48}],"player_experience":967674,"relics_obtained":[{"floor":6.0,"key":"DemoMod:Orange"},{"floor":9.0,"key":"DemoMod:MeltedRock"},{"floor":11.0,"key":"Whetstone"},{"floor":24,"key":"Frozen Egg 2"},{"floor":26,"key":"Replay:Ringing Soul"},{"floor":27,"key":"Unceasing Top"},{"floor":31,"key":"Vajra"},{"floor":40,"key":"Replay:Baseball"},{"floor":43,"key":"DemoMod:MemoryAlloy"},{"floor":46,"key":"Anchor"},{"floor":48,"key":"Simple Rune"}],"event_choices":[{"damage_healed":0.0,"max_hp_gain":0.0,"max_hp_loss":0.0,"gold_gain":0.0,"event_name":"Living Wall","player_choice":"Grow","floor":2.0,"gold_loss":0.0,"damage_taken":0.0,"cards_upgraded":["Deadly Poison"]},{"damage_healed":0,"gold_gain":0,"player_choice":"Ignored","damage_taken":0,"max_hp_gain":0,"max_hp_loss":0,"event_name":"Ghosts","floor":20,"gold_loss":0},{"cards_removed":["Fluid Movement"],"damage_healed":0,"gold_gain":0,"player_choice":"Removed Power","damage_taken":0,"max_hp_gain":0,"max_hp_loss":0,"event_name":"Falling","floor":37,"gold_loss":0},{"damage_healed":0,"gold_gain":0,"player_choice":"Memory 2","damage_taken":5,"max_hp_gain":0,"max_hp_loss":0,"event_name":"SensoryStone","floor":47,"gold_loss":0}],"is_beta":false,"boss_relics":[{"not_picked":["Replay:Bronze Core","Painkiller Herb"],"picked":"Honey Jar"},{"not_picked":["Pandora\u0027s Box","Replay:Drink Me"],"picked":"Abe\u0027s Treasure"}],"items_purged_floors":[],"is_endless":false,"potions_floor_spawned":[5,6,11,13,18,24,25,31,33,39,40,42,46,48],"ascension_level":0}}