{"host":"6rz02yiipefhcw4r","time":1611423690,"event":{"mods":["2.2 Compatiblity","BaseMod","Block Reminder","Colored Map","Curses Come First","DeckTracker","Googly Eyes","Minty Spire (QoL Compilation)","Quick Restart","Rare Cards Sparkle","StSLib"],"gold_per_floor":[10,26,26,38,0,0,29,42,68,68,82,109,109,119,119,196,196,196,196,119,39,39,39,39,39,39,39,39,39,39,39],"floor_reached":30,"language":"ENG","playtime":1383,"items_purged":[],"score":566,"play_id":"a2376958-3250-4d65-b700-32e09ddc5d6e","local_time":"20210123154130","is_ascension_mode":true,"campfire_choices":[{"data":"Caltrops","floor":6.0,"key":"SMITH"},{"floor":10.0,"key":"REST"},{"floor":13.0,"key":"REST"},{"data":"Cloak And Dagger","floor":15.0,"key":"SMITH"},{"floor":23.0,"key":"REST"},{"data":"A Thousand Cuts","floor":27.0,"key":"SMITH"}],"circlet_count":0,"master_deck":["AscendersBane","Strike_G","Strike_G","Strike_G","Strike_G","Defend_G","Defend_G","Defend_G","Defend_G","Defend_G","Survivor","Neutralize","Corpse Explosion","Caltrops+1","Cloak And Dagger","All Out Attack","PiercingWail","Backflip","Cloak And Dagger+1","Backflip","Sucker Punch","A Thousand Cuts+1","Leg Sweep","Footwork","Deadly Poison","A Thousand Cuts"],"relics":["Ring of the Snake","Omamori","Regal Pillow","Bag of Preparation","Ectoplasm","Snake Skull","Smiling Mask","Tiny Chest"],"acts_visited":["Exordium","TheCity"],"potions_floor_usage":[30,30],"damage_taken":[{"damage":1.0,"enemies":"2 Louse","floor":1.0,"turns":3.0},{"damage":4.0,"enemies":"Cultist","floor":2.0,"turns":4.0},{"damage":1.0,"enemies":"Small Slimes","floor":4.0,"turns":3.0},{"damage":0.0,"enemies":"Looter","floor":5.0,"turns":4.0},{"damage":22.0,"enemies":"3 Sentries","floor":7.0,"turns":5.0},{"damage":7.0,"enemies":"Blue Slaver","floor":8.0,"turns":4.0},{"damage":20.0,"enemies":"Exordium Thugs","floor":11.0,"turns":5.0},{"damage":48.0,"enemies":"Gremlin Nob","floor":12.0,"turns":5.0},{"damage":5.0,"enemies":"Large Slime","floor":14.0,"turns":8.0},{"damage":25.0,"enemies":"Hexaghost","floor":16.0,"turns":14.0},{"damage":21.0,"enemies":"Spheric Guardian","floor":18.0,"turns":5.0},{"damage":11.0,"enemies":"2 Thieves","floor":21.0,"turns":3.0},{"damage":3.0,"enemies":"Snake Plant","floor":24.0,"turns":5.0},{"damage":47.0,"enemies":"Gremlin Leader","floor":28.0,"turns":6.0},{"damage":7,"enemies":"Slavers","floor":30,"turns":1}],"seed_played":"-6160088493348852582","potions_obtained":[{"floor":1.0,"key":"ColorlessPotion"},{"floor":4.0,"key":"SkillPotion"},{"floor":8.0,"key":"SkillPotion"},{"floor":11.0,"key":"Regen Potion"},{"floor":28.0,"key":"EntropicBrew"}],"is_trial":false,"path_per_floor":["M","M","?","M","M","R","E","M","T","R","M","E","R","M","R","B",null,"M","?","$","M","?","R","M","?","T","R","E","?","E"],"character_chosen":"THE_SILENT","items_purchased":["Footwork"],"campfire_rested":3,"item_purchase_floors":[20],"current_hp_per_floor":[58,54,54,53,53,53,31,24,24,58,38,5,39,34,34,9,52,31,31,31,20,20,54,51,51,51,51,4,4,0,0],"gold":39,"neow_bonus":"THREE_RARE_CARDS","is_daily":false,"chose_seed":false,"campfire_upgraded":3,"win_rate":0.0,"timestamp":1611423690,"path_taken":["M","M","?","M","M","R","E","M","T","R","M","E","R","?","R","BOSS","M","?","$","M","?","R","?","?","T","R","E","?","E"],"items_purchased_type":["Card"],"build_version":"2020-12-22","purchased_purges":0,"victory":false,"max_hp_per_floor":[66,66,66,66,66,66,66,66,66,66,66,66,66,66,66,66,66,66,66,66,66,66,66,66,66,66,66,66,66,66,66],"card_choices":[{"not_picked":["A Thousand Cuts","After Image"],"picked":"Corpse Explosion","floor":0.0},{"not_picked":["Slice","Underhanded Strike"],"picked":"Caltrops","floor":1.0},{"not_picked":["Blade Dance","Sucker Punch"],"picked":"Cloak And Dagger","floor":2.0},{"not_picked":["Dodge and Roll","Dagger Spray"],"picked":"PiercingWail","floor":4.0},{"not_picked":["Heel Hook","Flying Knee","Slice"],"picked":"SKIP","floor":5.0},{"not_picked":["Dodge and Roll","Finisher"],"picked":"Backflip","floor":7.0},{"not_picked":["Glass Knife","Flying Knee"],"picked":"Cloak And Dagger","floor":8.0},{"not_picked":["Dagger Throw","Cloak And Dagger"],"picked":"Backflip","floor":11.0},{"not_picked":["Eviscerate","Infinite Blades","Blade Dance"],"picked":"SKIP","floor":12.0},{"not_picked":["Quick Slash","Calculated Gamble"],"picked":"Sucker Punch","floor":14.0},{"not_picked":["Tools of the Trade","Corpse Explosion"],"picked":"A Thousand Cuts","floor":16.0},{"not_picked":["Dagger Spray","Masterful Stab","Slice"],"picked":"SKIP","floor":18.0},{"not_picked":["Finisher","Predator"],"picked":"Deadly Poison","floor":21.0},{"not_picked":["Backstab+1","Acrobatics","Deflect"],"picked":"SKIP","floor":24.0},{"not_picked":["Setup","Riddle With Holes"],"picked":"A Thousand Cuts","floor":28.0}],"player_experience":725648,"relics_obtained":[{"floor":7.0,"key":"Omamori"},{"floor":9.0,"key":"Regal Pillow"},{"floor":12.0,"key":"Bag of Preparation"},{"floor":26.0,"key":"Snake Skull"},{"floor":28.0,"key":"Smiling Mask"}],"event_choices":[{"damage_healed":0.0,"max_hp_gain":0.0,"max_hp_loss":0.0,"gold_gain":0.0,"cards_transformed":["Strike_G"],"event_name":"Transmorgrifier","player_choice":"Transformed","floor":3.0,"gold_loss":0.0,"damage_taken":0.0,"cards_obtained":["All Out Attack"]},{"damage_healed":0.0,"max_hp_gain":0.0,"max_hp_loss":0.0,"gold_gain":0.0,"event_name":"The Library","player_choice":"Read","floor":19.0,"gold_loss":0.0,"damage_taken":0.0,"cards_obtained":["Leg Sweep"]},{"damage_healed":0.0,"max_hp_gain":0.0,"max_hp_loss":0.0,"gold_gain":0.0,"event_name":"WeMeetAgain","player_choice":"Ignored","floor":22.0,"gold_loss":0.0,"damage_taken":0.0},{"damage_healed":0.0,"max_hp_gain":0.0,"max_hp_loss":0.0,"gold_gain":0.0,"event_name":"Ghosts","player_choice":"Ignored","floor":25.0,"gold_loss":0.0,"damage_taken":0.0},{"damage_healed":0.0,"max_hp_gain":0.0,"max_hp_loss":0.0,"gold_gain":0.0,"event_name":"Addict","player_choice":"Stole Relic","floor":29.0,"gold_loss":0.0,"damage_taken":0.0,"relics_obtained":["Tiny Chest"],"cards_obtained":["Shame"]}],"is_beta":false,"boss_relics":[{"not_picked":["Runic Dome","Coffee Dripper"],"picked":"Ectoplasm"}],"items_purged_floors":[],"is_endless":false,"potions_floor_spawned":[1,4,8,11,28],"killed_by":"Slavers","ascension_level":20}}