{"host":"h3bgw7p7cb1roykn","time":1611440770,"event":{"mods":["AchievementEnabler","BaseMod","Colored Map","Minty Spire (QoL Compilation)","StSLib"],"gold_per_floor":[16,35,47,47,58,85,85,85,85],"floor_reached":8,"language":"ENG","playtime":275,"items_purged":[],"score":61,"play_id":"cc6b6117-0af0-49fc-b70a-abcca881786a","local_time":"20210123232610","is_ascension_mode":true,"campfire_choices":[{"floor":7,"key":"REST"}],"circlet_count":0,"master_deck":["Strike_B","Strike_B","Strike_B","Strike_B","Defend_B","Defend_B","Defend_B","Defend_B","Zap","Dualcast","Auto Shields","Static Discharge","Storm","Hologram","Self Repair"],"relics":["Cracked Core","StoneCalendar","Tiny Chest"],"acts_visited":["Exordium"],"potions_floor_usage":[5,8],"damage_taken":[{"damage":1,"enemies":"2 Louse","floor":1,"turns":2},{"damage":1,"enemies":"Jaw Worm","floor":2,"turns":3},{"damage":0,"enemies":"Cultist","floor":3,"turns":4},{"damage":7,"enemies":"Gremlin Gang","floor":5,"turns":5},{"damage":60,"enemies":"Gremlin Nob","floor":6,"turns":6},{"damage":36,"enemies":"Lagavulin","floor":8,"turns":6}],"seed_played":"-584430720835375576","potions_obtained":[{"floor":1,"key":"EssenceOfSteel"},{"floor":3,"key":"DistilledChaos"}],"is_trial":false,"path_per_floor":["M","M","M","?","M","E","R","E"],"character_chosen":"DEFECT","items_purchased":[],"campfire_rested":1,"item_purchase_floors":[],"current_hp_per_floor":[74,73,73,73,66,6,28,0,0],"gold":85,"neow_bonus":"ONE_RARE_RELIC","is_daily":false,"chose_seed":false,"campfire_upgraded":0,"win_rate":0.0,"timestamp":1611440770,"path_taken":["M","M","M","?","M","E","R","E"],"items_purchased_type":[],"build_version":"2020-12-22","purchased_purges":0,"victory":false,"max_hp_per_floor":[75,75,75,75,75,75,75,75,75],"card_choices":[{"not_picked":["Steam Power","Ball Lightning"],"picked":"Auto Shields","floor":1},{"not_picked":["Steam","Go for the Eyes"],"picked":"Static Discharge","floor":2},{"not_picked":["Leap","Stack"],"picked":"Storm","floor":3},{"not_picked":["Doom and Gloom","Undo"],"picked":"Hologram","floor":5},{"not_picked":["Stack","Barrage"],"picked":"Self Repair","floor":6}],"player_experience":223048,"relics_obtained":[{"floor":6,"key":"Tiny Chest"}],"event_choices":[{"damage_healed":0,"gold_gain":0,"player_choice":"Ignored","damage_taken":0,"max_hp_gain":0,"max_hp_loss":0,"event_name":"Shining Light","floor":4,"gold_loss":0}],"is_beta":false,"boss_relics":[],"items_purged_floors":[],"is_endless":false,"potions_floor_spawned":[1,3],"killed_by":"Lagavulin","ascension_level":1}}