{"host":"7s9cy3ihj997zbmc","time":1611397925,"event":{"mods":["Act Like it!","BaseMod","Card Filter","Custom Start","Downfall","Highlight Path","Minty Spire (QoL Compilation)","Permanent Neow","Quick Restart","Relic Filter","Relic Sorter","StSLib","SuperFastMode"],"gold_per_floor":[99,199,215,225,239,239,239,239,257,257,257,273,332,343,363,463,463,363,374,191,202,202,229,253,138,158,158,58,43,59,92,109,109,109,109],"floor_reached":33,"language":"ZHS","playtime":1347,"items_purged":["bronze:Strike","bronze:Strike"],"score":304,"play_id":"63cab469-a8c3-4ec4-9d1f-6c9830c7ff4c","local_time":"20210123183205","is_ascension_mode":false,"campfire_choices":[{"data":"bronze:Goto","floor":1.0,"key":"SMITH"},{"data":"bronze:Flail","floor":6.0,"key":"SMITH"},{"data":"bronze:FineTuning","floor":8.0,"key":"SMITH"},{"data":"bronze:Boost","floor":10.0,"key":"SMITH"},{"floor":18.0,"key":"RECALL"},{"floor":28,"key":"REST"}],"circlet_count":0,"master_deck":["bronze:Strike+1","bronze:Strike+1","bronze:Defend","bronze:Defend","bronze:Defend","bronze:Defend","bronze:Replicate+1","bronze:Goto+1","bronze:FineTuning+1","bronze:Flail+1","bronze:Boost+1","downfall:Malfunctioning","bronze:Turbo+1","Discovery+1","bronze:FineTuning+1","bronze:Return+1","bronze:FineTuning+1"],"relics":["bronze:BronzeCore","Prayer Wheel","Toxic Egg 2","Runic Dome","downfall:HeartBlessingBlue","StoneCalendar","Regal Pillow","Boot","downfall:HeartBlessingRed","Omamori"],"acts_visited":["Exordium","TheCity"],"potions_floor_usage":[],"damage_taken":[{"damage":4.0,"enemies":"2 Louse","floor":3.0,"turns":3.0},{"damage":1.0,"enemies":"Jaw Worm","floor":4.0,"turns":4.0},{"damage":0.0,"enemies":"Small Slimes","floor":5.0,"turns":2.0},{"damage":1.0,"enemies":"3 Louse","floor":9.0,"turns":2.0},{"damage":6.0,"enemies":"Exordium Wildlife","floor":12.0,"turns":4.0},{"damage":16.0,"enemies":"Gremlin Nob","floor":13.0,"turns":3.0},{"damage":2.0,"enemies":"Large Slime","floor":14.0,"turns":4.0},{"damage":4.0,"enemies":"Blue Slaver","floor":15.0,"turns":3.0},{"damage":8.0,"enemies":"IC_STATUS_ARCHETYPE","floor":16.0,"turns":7.0},{"damage":0.0,"enemies":"Chosen","floor":19.0,"turns":3.0},{"damage":0.0,"enemies":"downfall:FleeingMerchant","floor":20.0,"turns":4.0},{"damage":10.0,"enemies":"Spheric Guardian","floor":21.0,"turns":3.0},{"damage":22,"enemies":"Slavers","floor":23,"turns":2},{"damage":6,"enemies":"downfall:FleeingMerchant","floor":25,"turns":4},{"damage":3,"enemies":"Snecko","floor":26,"turns":4},{"damage":0,"enemies":"downfall:FleeingMerchant","floor":29,"turns":4},{"damage":9,"enemies":"3 Cultists","floor":30,"turns":4},{"damage":20,"enemies":"Book of Stabbing","floor":31,"turns":5},{"damage":9,"enemies":"Centurion and Healer","floor":32,"turns":2},{"damage":26,"enemies":"WA_ARCHETYPE_CALM","floor":33,"turns":5}],"seed_played":"4859217271180299469","potions_obtained":[{"floor":4.0,"key":"BlessingOfTheForge"},{"floor":12.0,"key":"bronze:BurnAndBuffPotion"},{"floor":15.0,"key":"FearPotion"},{"floor":19.0,"key":"Slimebound:ThreeZeroPotion"},{"floor":30,"key":"bronze:CleanCodePotion"},{"floor":32,"key":"BlessingOfTheForge"}],"is_trial":false,"path_per_floor":["R","?","M","M","M","R","T","R","M","R","?","M","?","M","M","B",null,"R","M","$","M","?","E","T","$","M","?","R","$","M","E","M","B"],"character_chosen":"THE_AUTOMATON","items_purchased":["Discovery+1"],"campfire_rested":1,"item_purchase_floors":[20],"current_hp_per_floor":[49,49,45,44,44,44,44,44,43,43,43,37,21,19,15,7,70,80,80,80,70,55,33,33,27,24,24,64,64,55,35,26,0,0,0],"gold":109,"neow_bonus":"ONE_RARE_RELIC","is_daily":false,"chose_seed":false,"campfire_upgraded":4,"win_rate":0.0,"timestamp":1611397925,"path_taken":["R","?","M","M","M","R","T","R","M","R","?","M","?","M","M","BOSS","R","M","$","M","?","E","T","$","M","?","R","?","?","E","M","BOSS"],"items_purchased_type":["Card"],"build_version":"2020-12-22","purchased_purges":2,"victory":false,"max_hp_per_floor":[70,70,70,70,70,70,70,70,70,70,70,70,70,70,70,70,70,80,80,80,80,85,85,85,85,85,85,85,85,85,85,85,85,85,85],"card_choices":[{"not_picked":["bronze:Deprecate","bronze:WhirlingStrike","bronze:OilSpill"],"picked":"SKIP","floor":3.0},{"not_picked":["bronze:BitShift","bronze:GetLatest","bronze:BugBarrage"],"picked":"SKIP","floor":3.0},{"not_picked":["bronze:Deprecate","bronze:WildBeam"],"picked":"bronze:FineTuning","floor":4.0},{"not_picked":["bronze:Invalidate","bronze:BugBarrage","bronze:OilSpill"],"picked":"SKIP","floor":4.0},{"not_picked":["bronze:Fortify","bronze:Allocate"],"picked":"bronze:Flail","floor":5.0},{"not_picked":["bronze:Return","bronze:BitShift","bronze:DelayedSlice"],"picked":"SKIP","floor":5.0},{"not_picked":["bronze:BuggyMess","bronze:ForLoop"],"picked":"bronze:Boost","floor":9.0},{"not_picked":["bronze:Overheat","bronze:MaxOutput","bronze:OilSpill"],"picked":"SKIP","floor":9.0},{"not_picked":["bronze:BugBarrage","bronze:CleanCode","bronze:ItsAFeature"],"picked":"SKIP","floor":12.0},{"not_picked":["bronze:WhirlingStrike","bronze:WildBeam","bronze:DelayedGuard"],"picked":"SKIP","floor":12.0},{"not_picked":["bronze:WhirlingStrike","bronze:ForceShield+1","bronze:Safeguard+1"],"picked":"SKIP","floor":14.0},{"not_picked":["bronze:DelayedSlice","bronze:Shell+1","bronze:CleanCode"],"picked":"SKIP","floor":14.0},{"not_picked":["bronze:DelayedGuard+1","bronze:Fortify"],"picked":"bronze:Turbo+1","floor":15.0},{"not_picked":["bronze:Shell+1","bronze:BronzeArmor+1","bronze:Backtrace"],"picked":"SKIP","floor":15.0},{"not_picked":["bronze:BuggyMess+1","bronze:Turbo+1","bronze:Backtrace"],"picked":"SKIP","floor":19.0},{"not_picked":["bronze:BuggyMess+1","bronze:Allocate+1","bronze:DelayedSlice"],"picked":"SKIP","floor":19.0},{"not_picked":["bronze:HardenedForm","bronze:Frontload+1","bronze:WhirlingStrike"],"picked":"SKIP","floor":20.0},{"not_picked":["bronze:Safeguard+1","bronze:WhirlingStrike+1","bronze:CloningBeam"],"picked":"SKIP","floor":21.0},{"not_picked":["bronze:NullPointer","bronze:Turbo+1","bronze:WildBeam"],"picked":"SKIP","floor":21.0},{"not_picked":["bronze:GetLatest+1","bronze:ShipIt","bronze:BitShift+1"],"picked":"SKIP","floor":23},{"not_picked":["bronze:Allocate+1","bronze:ChildClass+1","bronze:CutThrough"],"picked":"SKIP","floor":25},{"not_picked":["bronze:Shield+1","bronze:Boost+1"],"picked":"bronze:FineTuning+1","floor":26},{"not_picked":["bronze:DelayedSlice+1","bronze:CutThrough","bronze:Shield+1"],"picked":"SKIP","floor":26},{"not_picked":["bronze:Shell+1","bronze:Shield+1","bronze:OilSpill"],"picked":"SKIP","floor":29},{"not_picked":["bronze:Deprecate+1","bronze:ForceShield+1","bronze:WildBeam"],"picked":"SKIP","floor":30},{"not_picked":["bronze:HyperBeam","bronze:Branch","bronze:CutThrough"],"picked":"SKIP","floor":30},{"not_picked":["bronze:ThunderWave","bronze:FollowUp"],"picked":"bronze:Return+1","floor":31},{"not_picked":["bronze:Turbo+1","bronze:BitShift+1"],"picked":"bronze:FineTuning+1","floor":32},{"not_picked":["bronze:Invalidate+1","bronze:BugBarrage","bronze:MaxOutput"],"picked":"SKIP","floor":32}],"player_experience":332450,"relics_obtained":[{"floor":13.0,"key":"Toxic Egg 2"},{"floor":23,"key":"StoneCalendar"},{"floor":24,"key":"Regal Pillow"},{"floor":31,"key":"Omamori"}],"event_choices":[],"is_beta":false,"boss_relics":[{"not_picked":["Snecko Eye","Velvet Choker"],"picked":"Runic Dome"}],"items_purged_floors":[20,25],"is_endless":false,"potions_floor_spawned":[4,12,15,19,23,30,32],"killed_by":"WA_ARCHETYPE_CALM","ascension_level":0}}