{"host":"lxihx0b6awoz2w1j","time":1611360279,"event":{"mods":["Act Like it!","BaseMod","Better Third Choice","CapriCore","Colored Powertips","Conspire","Downfall","Fox Events","Gensokyo","Hermit","Hubris","Infinite Spire","JesterMod","Luminous","Marisa????????","Melee Mod","Minty Spire (QoL Compilation)","Prisma Mod","Quick Restart","Relic Stats","Replay The Spire","Shade Mod","Spicy Shops","StSLib","The Alterego","The Blue Laboratory","The Cursed","The Disciple","The Forsaken","The Gatherer","The Immortal","The Jungle","The Marked","The Runesmith","The Senshi","The Servant 0.9.4","The Spell Scribe","Waifu the Spire"],"gold_per_floor":[109,109,119,38,54,54,81,81,81,81,91,91,102,6,6,106,106,116,131,150,169,169,182,214,214,267,277,288,388,388,418,418,516,516,516,516],"floor_reached":35,"language":"ENG","playtime":2062,"items_purged":[],"score":424,"play_id":"db35f485-edce-4783-9c17-0e7d4b2d4518","local_time":"20210123010439","is_ascension_mode":false,"campfire_choices":[{"data":"theSenshi:MoonPrincessHalation","floor":6.0,"key":"SMITH"},{"data":"theSenshi:MoonCrisisMakeUp","floor":8.0,"key":"SMITH"},{"data":"theSenshi:MoonPrismPowerMakeUp","floor":12.0,"key":"SMITH"},{"data":"theSenshi:MoonPrincessHalation","floor":15.0,"key":"SMITH"},{"data":"theSenshi:StarlightHoneymoonTherapyKiss","floor":25.0,"key":"SMITH"},{"floor":32.0,"key":"REST"}],"circlet_count":0,"master_deck":["theSenshi:SailorKick","theSenshi:SailorKick","theSenshi:SailorKick","theSenshi:SailorKick","theSenshi:SailorBlock","theSenshi:SailorBlock","theSenshi:SailorBlock","theSenshi:SailorBlock+1","theSenshi:RoseThrow+1","theSenshi:MoonPrismPowerMakeUp+1","theSenshi:SailorJupiterAssists","theSenshi:SailorJupiterAssists","theSenshi:MoonPrincessHalation+1","theSenshi:MoonPunch","theSenshi:MoonCrisisMakeUp+1","theSenshi:MoonPower","theSenshi:MercurysCunning","theSenshi:MoonPrincessHalation+1","theSenshi:StarlightHoneymoonTherapyKiss+1","theSenshi:SailorNeptuneAssists","theSenshi:SailorChibiMoonAssists+1","theSenshi:VenusGlamour","theSenshi:LunaWiseMentor","theSenshi:SailorVenusAssists+1","theSenshi:TallSilhouette","theSenshi:SailorMarsAssists+1","theSenshi:MoonPrincessHalation+1","ReplayTheSpireMod:Muscle Training","Guardian:WalkerClaw","theSenshi:FatedKiss","Injury","m_Bronzebash","theSenshi:MoonEternalMakeUp","Madness","infinitespire:SevenWalls"],"relics":["theSenshi:TransformationBroochRelic","Incense Burner","Replay:Wax Seal","Gremlin Food","Matryoshka","hubris:Backtick","m_GuardianBlood","Ancient Tea Set","Juzu Bracelet","Replay:Baseball","ReplayFunnel","conspire:GlowingRock","Bottled Lightning","Orichalcum","Black Star","Bag of Preparation","hubris:TenFootPole","ReplayTheSpireMod:SealedPack"],"acts_visited":["Exordium","TheCity","TheBeyond"],"potions_floor_usage":[],"damage_taken":[{"damage":0.0,"enemies":"Small Slimes","floor":1.0,"turns":4.0},{"damage":2.0,"enemies":"Jaw Worm","floor":3.0,"turns":3.0},{"damage":0.0,"enemies":"Cultist","floor":5.0,"turns":3.0},{"damage":3.0,"enemies":"3 Sentries","floor":7.0,"turns":7.0},{"damage":4.0,"enemies":"2 Fungi Beasts","floor":11.0,"turns":3.0},{"damage":2.0,"enemies":"Gremlin Gang","floor":13.0,"turns":5.0},{"damage":20.0,"enemies":"Hexaghost","floor":16.0,"turns":10.0},{"damage":8.0,"enemies":"2 Thieves","floor":18.0,"turns":4.0},{"damage":0.0,"enemies":"Chosen","floor":19.0,"turns":3.0},{"damage":10.0,"enemies":"Centurion and Healer","floor":20.0,"turns":6.0},{"damage":6.0,"enemies":"Cultist and Chosen","floor":21.0,"turns":6.0},{"damage":4.0,"enemies":"Chosen and Byrds","floor":23.0,"turns":4.0},{"damage":4.0,"enemies":"conspire:SneckoGhost","floor":24.0,"turns":3.0},{"damage":6.0,"enemies":"3 Cultists","floor":27.0,"turns":3.0},{"damage":13.0,"enemies":"Centurion and Healer","floor":28.0,"turns":4.0},{"damage":16.0,"enemies":"Colosseum Slavers","floor":29.0,"turns":5.0},{"damage":3.0,"enemies":"Colosseum Nobs","floor":29.0,"turns":2.0},{"damage":18.0,"enemies":"Nightmare","floor":31.0,"turns":7.0},{"damage":14.0,"enemies":"Collector","floor":33.0,"turns":9.0},{"damage":0,"enemies":"Orb Walker","floor":35,"turns":1}],"seed_played":"4886445552026382639","potions_obtained":[{"floor":5.0,"key":"blueLaboratory:BottleOfRum"},{"floor":7.0,"key":"blueLaboratory:PyrophylliteBrew"},{"floor":20.0,"key":"SmokeBomb"},{"floor":23.0,"key":"Swift Potion"},{"floor":28.0,"key":"blueLaboratory:PolymorphPotion"},{"floor":31.0,"key":"AttackPotion"}],"is_trial":false,"path_per_floor":["M","?","M","$","M","R","E","R","T","?","M","R","M","$","R","B",null,"M","M","M","M","?","M","E","R","T","M","M","?","AVR","NM","R","B",null,"M"],"character_chosen":"THE_SENSHI","items_purchased":["Replay:Wax Seal","theSenshi:MoonPrincessHalation"],"campfire_rested":1,"item_purchase_floors":[4,14],"current_hp_per_floor":[75,75,73,73,73,73,70,70,70,70,66,66,64,64,64,44,75,73,75,71,71,71,73,75,75,75,75,68,61,61,49,71,63,75,75,75],"gold":516,"neow_bonus":"THREE_CARDS","is_daily":false,"chose_seed":false,"campfire_upgraded":5,"win_rate":0.0,"timestamp":1611360279,"path_taken":["M","?","M","$","M","R","E","R","T","?","M","R","M","$","R","BOSS","M","?","M","M","?","M","E","R","T","M","M","?","AVR","NM","R","BOSS","M"],"items_purchased_type":["Relic","Card"],"build_version":"2020-12-22","purchased_purges":0,"victory":false,"max_hp_per_floor":[75,75,75,75,75,75,75,75,75,75,75,75,75,75,75,75,75,75,75,75,75,75,75,75,75,75,75,75,75,75,75,75,75,75,75,75],"relic_stats":{"counters":[20,92],"Juzu Bracelet":1,"Black Star":1,"Bag of Preparation":[4],"Orichalcum":[30],"obtain_stats":[{"Gremlin Food":7,"ReplayFunnel":26,"ReplayTheSpireMod:SealedPack":34,"Incense Burner":2,"Juzu Bracelet":24,"Bag of Preparation":31,"Orichalcum":30,"m_GuardianBlood":17,"Ancient Tea Set":22,"Replay:Baseball":26,"conspire:GlowingRock":29,"theSenshi:TransformationBroochRelic":0,"Matryoshka":9,"hubris:Backtick":17,"Black Star":30,"hubris:TenFootPole":31,"Bottled Lightning":29,"Replay:Wax Seal":4},{"Gremlin Food":4,"ReplayFunnel":13,"ReplayTheSpireMod:SealedPack":19,"Incense Burner":1,"Juzu Bracelet":13,"Bag of Preparation":18,"Orichalcum":17,"m_GuardianBlood":7,"Ancient Tea Set":11,"Replay:Baseball":13,"conspire:GlowingRock":17,"theSenshi:TransformationBroochRelic":0,"Matryoshka":4,"hubris:Backtick":7,"Black Star":17,"hubris:TenFootPole":18,"Bottled Lightning":17,"Replay:Wax Seal":2},{"Gremlin Food":17,"ReplayFunnel":61,"ReplayTheSpireMod:SealedPack":91,"Incense Burner":4,"Juzu Bracelet":61,"Bag of Preparation":82,"Orichalcum":75,"m_GuardianBlood":35,"Ancient Tea Set":54,"Replay:Baseball":61,"conspire:GlowingRock":75,"theSenshi:TransformationBroochRelic":0,"Matryoshka":17,"hubris:Backtick":35,"Black Star":75,"hubris:TenFootPole":82,"Bottled Lightning":75,"Replay:Wax Seal":7}]},"card_choices":[{"not_picked":["theSenshi:LateForSchool","theSenshi:TuxedoSmokingBomber"],"picked":"theSenshi:SailorJupiterAssists","floor":0.0},{"not_picked":["theSenshi:SailorMarsAssists","theSenshi:MoonPunch"],"picked":"theSenshi:SailorJupiterAssists","floor":1.0},{"not_picked":["theSenshi:MoonPower","theSenshi:SailorMarsAssists"],"picked":"theSenshi:MoonPrincessHalation","floor":3.0},{"not_picked":["theSenshi:RainbowMoonHeartAche","theSenshi:MoonPower"],"picked":"theSenshi:MoonPunch","floor":5.0},{"not_picked":["theSenshi:SailorMarsAssists","theSenshi:MoonPunch"],"picked":"theSenshi:MoonCrisisMakeUp","floor":7.0},{"not_picked":["theSenshi:SupersonicWaves","theSenshi:NeptunesGrace"],"picked":"theSenshi:MoonPower","floor":11.0},{"not_picked":["theSenshi:SailorMarsAssists","theSenshi:MoonPunch"],"picked":"theSenshi:MercurysCunning","floor":13.0},{"not_picked":["theSenshi:ChibiMoonsLove","theSenshi:FatedKiss"],"picked":"theSenshi:StarlightHoneymoonTherapyKiss","floor":16.0},{"not_picked":["theSenshi:KlutzyLuck+1","theSenshi:MoonKick"],"picked":"theSenshi:SailorNeptuneAssists","floor":18.0},{"not_picked":["theSenshi:SchoolBag","theSenshi:LateForSchool"],"picked":"theSenshi:SailorChibiMoonAssists+1","floor":19.0},{"not_picked":["theSenshi:MoonTiaraMagic","theSenshi:EncouragingSpeech"],"picked":"theSenshi:VenusGlamour","floor":20.0},{"not_picked":["theSenshi:SchoolBag","theSenshi:MarsPride"],"picked":"theSenshi:LunaWiseMentor","floor":21.0},{"not_picked":["theSenshi:ChibiMoonsLove","theSenshi:MoonPunch+1"],"picked":"theSenshi:SailorVenusAssists+1","floor":23.0},{"not_picked":["theSenshi:CrisisMakeUp","theSenshi:MoonCrisisMakeUp"],"picked":"theSenshi:TallSilhouette","floor":24.0},{"not_picked":["theSenshi:LateForSchool","theSenshi:SailorVenusAssists"],"picked":"theSenshi:SailorMarsAssists+1","floor":27.0},{"not_picked":["theSenshi:VenusGlamour+1","theSenshi:MoonPower"],"picked":"theSenshi:MoonPrincessHalation+1","floor":28.0},{"not_picked":["theSenshi:LunasBite","theSenshi:MoonTiaraMagic"],"picked":"ReplayTheSpireMod:Muscle Training","floor":29.0},{"not_picked":["Guardian:Gem_Red","Guardian:WeakpointTargeting"],"picked":"Guardian:WalkerClaw","floor":31.0},{"not_picked":["theSenshi:SailorPlutoAssists","theSenshi:GlimpseOfThePast"],"picked":"theSenshi:FatedKiss","floor":33.0},{"not_picked":["SecondHand","bronze:Replicate"],"picked":"m_Bronzebash","floor":34.0},{"not_picked":["theSenshi:GlimpseOfThePast","theSenshi:FatedKiss"],"picked":"theSenshi:MoonEternalMakeUp","floor":34.0},{"not_picked":["Swift Strike","Purity"],"picked":"Madness","floor":34.0},{"not_picked":["infinitespire:FutureSight","infinitespire:FinalStrike"],"picked":"infinitespire:SevenWalls","floor":34.0}],"player_experience":657291,"relics_obtained":[{"floor":2.0,"key":"Incense Burner"},{"floor":7.0,"key":"Gremlin Food"},{"floor":9.0,"key":"Matryoshka"},{"floor":24.0,"key":"Juzu Bracelet"},{"floor":26.0,"key":"Replay:Baseball"},{"floor":26.0,"key":"ReplayFunnel"},{"floor":29.0,"key":"conspire:GlowingRock"},{"floor":29.0,"key":"Bottled Lightning"},{"floor":31.0,"key":"Bag of Preparation"},{"floor":31.0,"key":"hubris:TenFootPole"}],"event_choices":[{"damage_healed":0.0,"max_hp_gain":0.0,"max_hp_loss":0.0,"gold_gain":0.0,"event_name":"Accursed Blacksmith","player_choice":"Forge","floor":10.0,"gold_loss":0.0,"damage_taken":0.0,"cards_upgraded":["theSenshi:RoseThrow"]},{"damage_healed":0.0,"max_hp_gain":0.0,"max_hp_loss":0.0,"gold_gain":0.0,"event_name":"WeMeetAgain","player_choice":"Gave Potion","floor":22.0,"gold_loss":0.0,"damage_taken":0.0,"relics_obtained":["Ancient Tea Set"]},{"damage_healed":0.0,"max_hp_gain":0.0,"max_hp_loss":0.0,"gold_gain":0.0,"event_name":"Colosseum","player_choice":"Fight","floor":29.0,"gold_loss":0.0,"damage_taken":0.0},{"damage_healed":0.0,"max_hp_gain":0.0,"max_hp_loss":0.0,"gold_gain":0.0,"event_name":"Colosseum","player_choice":"Fought Nobs","floor":29.0,"gold_loss":0.0,"damage_taken":0.0}],"is_beta":false,"boss_relics":[{"not_picked":["Replay:Ancient Bell","Replay:Drink Me"],"picked":"hubris:Backtick"},{"not_picked":["conspire:RoyalGoblet","Tiny House"],"picked":"ReplayTheSpireMod:SealedPack"}],"items_purged_floors":[],"is_endless":true,"potions_floor_spawned":[5,7,20,23,28,29,31],"killed_by":"Orb Walker","ascension_level":0}}