{"host":"ao4lxi9bhtts409i","time":1611439090,"event":{"mods":["AchievementEnabler","BaseMod","Colored Map","Colored Powertips","Minty Spire (QoL Compilation)","SuperFastMode"],"gold_per_floor":[113,125,77,104,120,155,155,26,26,46,6,19,46,60,60,158,158,173,189,89,89,99,128,128,128,128,141,141,16,16,16,16],"floor_reached":31,"language":"ENG","playtime":1589,"items_purged":["Strike_R","Strike_R","Strike_R"],"score":318,"play_id":"06d637ca-37c8-454a-a80c-ba200d9cc8c2","local_time":"20210123225810","is_ascension_mode":true,"campfire_choices":[{"floor":7,"key":"REST"},{"floor":15,"key":"REST"},{"floor":24,"key":"REST"},{"floor":30,"key":"REST"}],"circlet_count":0,"master_deck":["Defend_R","Defend_R","Defend_R","Defend_R","Bash","Armaments","Anger","Shrug It Off","Blood for Blood","Iron Wave","Cleave","Ghostly Armor","Combust","Carnage","Demon Form+1","Rupture","Armaments+1","Battle Trance","True Grit+1","Writhe"],"relics":["Philosopher\u0027s Stone","Potion Belt","Matryoshka","Centennial Puzzle","Pantograph","Sundial","Empty Cage","Bronze Scales","Letter Opener","Mango","Tiny Chest"],"acts_visited":["Exordium","TheCity"],"potions_floor_usage":[13,16,16,23,23,31],"damage_taken":[{"damage":0,"enemies":"Cultist","floor":1,"turns":3},{"damage":0,"enemies":"Jaw Worm","floor":2,"turns":3},{"damage":0,"enemies":"Small Slimes","floor":5,"turns":3},{"damage":40,"enemies":"3 Sentries","floor":6,"turns":8},{"damage":5,"enemies":"Red Slaver","floor":10,"turns":4},{"damage":11,"enemies":"Blue Slaver","floor":12,"turns":3},{"damage":36,"enemies":"Gremlin Nob","floor":13,"turns":4},{"damage":0,"enemies":"3 Louse","floor":14,"turns":3},{"damage":37,"enemies":"The Guardian","floor":16,"turns":13},{"damage":24,"enemies":"2 Thieves","floor":18,"turns":3},{"damage":23,"enemies":"Spheric Guardian","floor":19,"turns":4},{"damage":40,"enemies":"Shelled Parasite and Fungi","floor":22,"turns":5},{"damage":32,"enemies":"Book of Stabbing","floor":23,"turns":5},{"damage":40,"enemies":"Snake Plant","floor":27,"turns":5},{"damage":13,"enemies":"Colosseum Slavers","floor":31,"turns":4},{"damage":21,"enemies":"Colosseum Nobs","floor":31,"turns":3}],"seed_played":"4546566162537156411","potions_obtained":[{"floor":5,"key":"Dexterity Potion"},{"floor":10,"key":"SkillPotion"},{"floor":12,"key":"ColorlessPotion"},{"floor":13,"key":"SkillPotion"},{"floor":19,"key":"SkillPotion"},{"floor":27,"key":"BlessingOfTheForge"}],"is_trial":false,"path_per_floor":["M","M","$","T","M","E","R","$","T","M","$","M","E","M","R","B",null,"M","M","$","?","M","E","R","?","T","M","?","$","R","?"],"character_chosen":"IRONCLAD","items_purchased":["Shrug It Off","Cleave","Combust"],"campfire_rested":4,"item_purchase_floors":[3,8,11],"current_hp_per_floor":[80,80,80,80,80,40,64,64,64,59,59,48,12,12,36,24,80,56,33,33,80,40,8,32,32,46,6,6,6,34,0,0],"gold":16,"neow_bonus":"BOSS_RELIC","is_daily":false,"chose_seed":false,"campfire_upgraded":0,"win_rate":0.0,"timestamp":1611439090,"path_taken":["M","M","?","?","M","E","R","$","T","M","?","M","E","?","R","BOSS","M","M","$","?","?","E","R","?","T","?","?","$","R","?"],"items_purchased_type":["Card","Card","Card"],"build_version":"2020-12-22","purchased_purges":3,"victory":false,"max_hp_per_floor":[80,80,80,80,80,80,80,80,80,80,80,80,80,80,80,80,80,80,80,80,80,80,80,80,80,94,94,94,94,94,94,94],"card_choices":[{"not_picked":["Bloodletting","Burning Pact"],"picked":"Armaments","floor":1},{"not_picked":["Entrench","Armaments"],"picked":"Anger","floor":2},{"not_picked":["Clothesline","Headbutt"],"picked":"Blood for Blood","floor":5},{"not_picked":["Infernal Blade","Headbutt"],"picked":"Iron Wave","floor":6},{"not_picked":["Havoc","Perfected Strike"],"picked":"Ghostly Armor","floor":10},{"not_picked":["Sever Soul","Reckless Charge","Perfected Strike"],"picked":"SKIP","floor":12},{"not_picked":["Pommel Strike","Burning Pact"],"picked":"Carnage","floor":13},{"not_picked":["Dark Embrace","Iron Wave","Perfected Strike"],"picked":"SKIP","floor":14},{"not_picked":["Reaper","Fiend Fire"],"picked":"Demon Form","floor":16},{"not_picked":["Combust","Iron Wave"],"picked":"Rupture","floor":18},{"not_picked":["Rage+1","Clash"],"picked":"Armaments+1","floor":19},{"not_picked":["Clothesline","Sword Boomerang"],"picked":"Battle Trance","floor":22},{"not_picked":["Pummel","Shockwave"],"picked":"True Grit+1","floor":23},{"not_picked":["True Grit","Rage","Ghostly Armor"],"picked":"SKIP","floor":27}],"player_experience":253563,"relics_obtained":[{"floor":4,"key":"Potion Belt"},{"floor":6,"key":"Matryoshka"},{"floor":9,"key":"Centennial Puzzle"},{"floor":9,"key":"Pantograph"},{"floor":13,"key":"Sundial"},{"floor":23,"key":"Bronze Scales"},{"floor":26,"key":"Letter Opener"},{"floor":26,"key":"Mango"}],"event_choices":[{"damage_healed":47,"gold_gain":0,"player_choice":"Full Heal","damage_taken":0,"max_hp_gain":0,"max_hp_loss":0,"event_name":"Wheel of Change","floor":21,"gold_loss":0},{"damage_healed":0,"gold_gain":0,"player_choice":"Upgraded","damage_taken":0,"max_hp_gain":0,"max_hp_loss":0,"event_name":"Upgrade Shrine","floor":25,"gold_loss":0,"cards_upgraded":["Demon Form"]},{"damage_healed":0,"gold_gain":0,"player_choice":"Opened","damage_taken":0,"relics_obtained":["Tiny Chest"],"max_hp_gain":0,"max_hp_loss":0,"event_name":"The Mausoleum","floor":28,"gold_loss":0,"cards_obtained":["Writhe"]},{"damage_healed":0,"gold_gain":0,"player_choice":"Fight","damage_taken":0,"max_hp_gain":0,"max_hp_loss":0,"event_name":"Colosseum","floor":31,"gold_loss":0},{"damage_healed":0,"gold_gain":0,"player_choice":"Fought Nobs","damage_taken":0,"max_hp_gain":0,"max_hp_loss":0,"event_name":"Colosseum","floor":31,"gold_loss":0}],"is_beta":false,"boss_relics":[{"not_picked":["SacredBark","Astrolabe"],"picked":"Empty Cage"}],"items_purged_floors":[8,20,29],"is_endless":false,"potions_floor_spawned":[5,10,12,13,19,27,31],"killed_by":"Colosseum Nobs","ascension_level":4}}