{"host":"ymn6un3ro3vi042j","time":1611392549,"event":{"mods":["AchievementEnabler","Act Like it!","Aspiration","BaseMod","Bestiary","Better Match","Better Note","Better Skull","Better Third Choice","BetterRewards","Block Reminder","Colored Map","Colored Powertips","Conspire","Curses Come First","Dark Map","DeckTracker","Downfall","Energized Spire","Friendly Minions","GifTheSpireLib","Googly Eyes","Highlight Path","Mimic Mod","Minty Spire (QoL Compilation)","Poor People Problems","Quick Restart","Rare Cards Sparkle","Relic Stats","Spicy Shops","StSLib","SuperFastMode","Synergy Search","The IronCluck","Wandering Minibosses","everything is the same but u backflip on backflip","slay the spire mod where everything is the same but ironclad has a cowboy hat"],"gold_per_floor":[112,112,124,136,168,213,34,34,59,59,75,75,75,90,90,90,90],"floor_reached":16,"language":"ENG","playtime":551,"items_purged":[],"score":148,"play_id":"75c7861b-b58d-443a-865f-5212eeffb1d6","local_time":"20210123010229","is_ascension_mode":false,"campfire_choices":[{"floor":8,"key":"REST"},{"floor":10,"key":"REST"},{"floor":15,"key":"REST"}],"circlet_count":0,"master_deck":["conspire:GhostlyStrike","conspire:GhostlyStrike","conspire:GhostlyStrike","conspire:GhostlyStrike","conspire:GhostlyStrike","conspire:GhostlyDefend","conspire:GhostlyDefend+1","conspire:GhostlyDefend+1","conspire:GhostlyDefend","conspire:GhostlyDefend","Survivor+1","Neutralize+1","Endless Agony","Injury","Poisoned Stab","Infinite Blades","Footwork","Outmaneuver","Phantasmal Killer"],"relics":["Ring of the Snake","MawBank","Golden Idol","Girya","War Paint","Nunchaku"],"acts_visited":["Exordium"],"potions_floor_usage":[5,6,6,16],"damage_taken":[{"damage":7,"enemies":"Jaw Worm","floor":1,"turns":8},{"damage":0,"enemies":"2 Louse","floor":5,"turns":2},{"damage":32,"enemies":"3 Sentries","floor":6,"turns":8},{"damage":9,"enemies":"Small Slimes","floor":11,"turns":5},{"damage":6,"enemies":"2 Fungi Beasts","floor":14,"turns":4},{"damage":58,"enemies":"The Guardian","floor":16,"turns":10}],"seed_played":"-4127415263212537420","potions_obtained":[{"floor":0,"key":"PowerPotion"},{"floor":0,"key":"ColorlessPotion"},{"floor":0,"key":"LiquidMemories"},{"floor":11,"key":"CunningPotion"}],"is_trial":false,"path_per_floor":["M","?","?","?","M","E","$","R","T","R","M","?","?","M","R","B"],"character_chosen":"THE_SILENT","items_purchased":["Footwork","War Paint"],"campfire_rested":3,"item_purchase_floors":[7,7],"current_hp_per_floor":[63,63,63,49,49,17,17,38,38,59,50,43,43,37,58,0,0],"gold":90,"neow_bonus":"THREE_SMALL_POTIONS","is_daily":false,"chose_seed":false,"campfire_upgraded":0,"win_rate":0.0,"timestamp":1611392549,"path_taken":["M","?","?","?","M","E","$","R","T","R","M","?","?","M","R","BOSS"],"items_purchased_type":["Card","Relic"],"build_version":"2020-12-22","purchased_purges":0,"victory":false,"max_hp_per_floor":[70,70,70,70,70,70,70,70,70,70,70,70,70,70,70,70,70],"relic_stats":{"Nunchaku":[4],"counters":[6,37],"Golden Idol":17,"War Paint":["Defend_G","Survivor"],"MawBank":60,"obtain_stats":[{"Girya":6,"Nunchaku":9,"Golden Idol":3,"War Paint":7,"MawBank":2,"Ring of the Snake":0},{"Girya":3,"Nunchaku":3,"Golden Idol":1,"War Paint":3,"MawBank":1,"Ring of the Snake":0},{"Girya":18,"Nunchaku":18,"Golden Idol":8,"War Paint":18,"MawBank":8,"Ring of the Snake":0}],"Ring of the Snake":[12]},"card_choices":[{"not_picked":["Underhanded Strike","Escape Plan"],"picked":"Endless Agony","floor":1},{"not_picked":["Flechettes","Prepared"],"picked":"Poisoned Stab","floor":5},{"not_picked":["Slice","Underhanded Strike"],"picked":"Infinite Blades","floor":6},{"not_picked":["Choke","Sucker Punch"],"picked":"Outmaneuver","floor":11},{"not_picked":["Crippling Poison","Leg Sweep"],"picked":"Phantasmal Killer","floor":14}],"player_experience":50201,"relics_obtained":[{"floor":6,"key":"Girya"},{"floor":9,"key":"Nunchaku"}],"event_choices":[{"damage_healed":0,"gold_gain":0,"player_choice":"Box","damage_taken":0,"relics_obtained":["MawBank"],"max_hp_gain":0,"max_hp_loss":0,"event_name":"Big Fish","floor":2,"gold_loss":0,"cards_obtained":["Regret"]},{"damage_healed":0,"gold_gain":0,"player_choice":"Take Wound","damage_taken":0,"relics_obtained":["Golden Idol"],"max_hp_gain":0,"max_hp_loss":0,"event_name":"Golden Idol","floor":3,"gold_loss":0,"cards_obtained":["Injury"]},{"damage_healed":63,"gold_gain":0,"player_choice":"Upgrade","damage_taken":14,"max_hp_gain":0,"max_hp_loss":70,"event_name":"betterThird:BetterShining","floor":4,"gold_loss":0,"cards_upgraded":["Defend_G","Neutralize"]},{"cards_removed":["Regret"],"damage_healed":0,"gold_gain":0,"player_choice":"Card Removal","damage_taken":7,"max_hp_gain":0,"max_hp_loss":0,"event_name":"Golden Wing","floor":12,"gold_loss":0},{"damage_healed":0,"gold_gain":0,"player_choice":"Agree","damage_taken":0,"max_hp_gain":0,"max_hp_loss":0,"event_name":"conspire:LoneGhost","floor":13,"gold_loss":0}],"is_beta":false,"boss_relics":[],"items_purged_floors":[],"is_endless":false,"potions_floor_spawned":[1,11],"killed_by":"The Guardian","ascension_level":0}}