{"host":"4np54w3ai1r5lqo1","time":1611363051,"event":{"mods":["BaseMod","Colored Map","Minty Spire (QoL Compilation)","Quick Restart"],"gold_per_floor":[116,116,130,140,90,121,121,149,225,225,242,242,242,12,12,107,107,122,75,75,86,97,97,124,152,232,244,268,307,319,346,358,470,482,507,530,764,789,477,477,99,99,99,112,131,131,131,151,151,151,151,151,2,33,33,33],"floor_reached":55,"language":"ENG","playtime":2219,"items_purged":["Strike_G","Defend_G"],"score":1140,"play_id":"77733e54-9543-479c-87e2-0b60b3910e52","local_time":"20210122225051","is_ascension_mode":true,"campfire_choices":[{"data":"Blade Dance","floor":7.0,"key":"SMITH"},{"floor":10.0,"key":"REST"},{"data":"Blade Dance","floor":12.0,"key":"SMITH"},{"data":"Calculated Gamble","floor":15.0,"key":"SMITH"},{"data":"Acrobatics","floor":23.0,"key":"SMITH"},{"floor":32.0,"key":"REST"},{"floor":40.0,"key":"REST"},{"floor":42.0,"key":"RECALL"},{"data":"Well Laid Plans","floor":47.0,"key":"SMITH"},{"data":"Dodge and Roll","floor":49.0,"key":"SMITH"},{"data":"After Image","floor":52.0,"key":"SMITH"}],"circlet_count":0,"master_deck":["AscendersBane","Defend_G","Defend_G","Defend_G","Survivor","Cloak And Dagger+1","Escape Plan","PiercingWail","Blade Dance+1","Backstab","Blade Dance+1","Accuracy","Calculated Gamble+1","After Image+1","Footwork+1","Grand Finale+1","Catalyst+1","Reflex","Acrobatics+1","Prepared","Slice","Blade Dance","Expertise","Backflip","Well Laid Plans+1","After Image","Backflip+1","Noxious Fumes","Noxious Fumes","Dodge and Roll+1","Footwork","Escape Plan","Blur"],"relics":["WristBlade","Tingsha","Regal Pillow","HornCleat","Astrolabe","MawBank","Eternal Feather","Red Mask","Busted Crown","OrangePellets","Snake Skull","Medical Kit","Blue Candle"],"acts_visited":["Exordium","TheCity","TheBeyond","TheEnding"],"potions_floor_usage":[],"damage_taken":[{"damage":3.0,"enemies":"2 Louse","floor":1.0,"turns":5.0},{"damage":0.0,"enemies":"Small Slimes","floor":3.0,"turns":5.0},{"damage":0.0,"enemies":"Jaw Worm","floor":4.0,"turns":4.0},{"damage":17.0,"enemies":"Lagavulin","floor":6.0,"turns":6.0},{"damage":21.0,"enemies":"Gremlin Nob","floor":8.0,"turns":4.0},{"damage":4.0,"enemies":"Large Slime","floor":11.0,"turns":3.0},{"damage":0.0,"enemies":"Slime Boss","floor":16.0,"turns":2.0},{"damage":0.0,"enemies":"Spheric Guardian","floor":18.0,"turns":2.0},{"damage":0.0,"enemies":"Chosen","floor":21.0,"turns":3.0},{"damage":0.0,"enemies":"Snecko","floor":22.0,"turns":3.0},{"damage":2.0,"enemies":"Slavers","floor":24.0,"turns":6.0},{"damage":24.0,"enemies":"Snake Plant","floor":25.0,"turns":4.0},{"damage":14.0,"enemies":"Centurion and Healer","floor":28.0,"turns":4.0},{"damage":6.0,"enemies":"Masked Bandits","floor":29.0,"turns":3.0},{"damage":0.0,"enemies":"Shelled Parasite and Fungi","floor":31.0,"turns":4.0},{"damage":25.0,"enemies":"Champ","floor":33.0,"turns":9.0},{"damage":0.0,"enemies":"Orb Walker","floor":35.0,"turns":1.0},{"damage":1.0,"enemies":"3 Darklings","floor":36.0,"turns":4.0},{"damage":18.0,"enemies":"Spire Growth","floor":38.0,"turns":4.0},{"damage":9.0,"enemies":"4 Shapes","floor":44.0,"turns":4.0},{"damage":7.0,"enemies":"Writhing Mass","floor":45.0,"turns":6.0},{"damage":0.0,"enemies":"Transient","floor":48.0,"turns":5.0},{"damage":52.0,"enemies":"Time Eater","floor":50.0,"turns":7.0},{"damage":24,"enemies":"Shield and Spear","floor":54,"turns":7},{"damage":78,"enemies":"The Heart","floor":55,"turns":5}],"seed_played":"-8322327169502749014","potions_obtained":[{"floor":1.0,"key":"CunningPotion"},{"floor":8.0,"key":"DistilledChaos"},{"floor":16.0,"key":"DistilledChaos"},{"floor":22.0,"key":"FairyPotion"},{"floor":24.0,"key":"Swift Potion"},{"floor":31.0,"key":"SneckoOil"},{"floor":33.0,"key":"Fire Potion"},{"floor":36.0,"key":"Energy Potion"},{"floor":38.0,"key":"Regen Potion"}],"is_trial":false,"path_per_floor":["M","?","M","M","?","E","R","E","T","R","M","R","?","$","R","B",null,"M","$","?","M","M","R","E","M","T","?","M","?","?","M","R","B",null,"M","M","?","M","$","R","$","R","T","M","M","?","R","M","R","B",null,"R","$","E","B"],"character_chosen":"THE_SILENT","items_purchased":["Accuracy","Calculated Gamble","Acrobatics","OrangePellets","Noxious Fumes","Snake Skull","Medical Kit","Noxious Fumes","Footwork","Escape Plan"],"campfire_rested":3,"item_purchase_floors":[14,14,19,39,39,41,41,41,53,53],"current_hp_per_floor":[60,60,60,60,60,43,43,22,22,58,54,54,47,47,47,47,64,64,64,64,64,64,64,62,38,38,38,24,18,18,18,69,44,64,64,63,63,45,45,70,70,70,70,61,54,54,69,69,70,32,61,70,70,46,0,0],"gold":33,"neow_bonus":"BOSS_RELIC","is_daily":false,"chose_seed":false,"campfire_upgraded":7,"win_rate":0.0,"timestamp":1611363051,"path_taken":["M","?","M","M","?","E","R","E","T","R","M","R","?","$","R","BOSS","M","$","?","M","M","R","E","M","T","?","M","?","?","M","R","BOSS","M","M","?","M","$","R","$","R","T","M","M","?","R","M","R","BOSS","R","$","E","BOSS"],"items_purchased_type":["Card","Card","Card","Relic","Card","Relic","Relic","Card","Card","Card"],"build_version":"2020-12-22","purchased_purges":2,"victory":false,"max_hp_per_floor":[70,70,70,70,70,70,70,70,70,70,70,70,70,70,70,70,70,70,70,70,70,70,70,70,70,70,70,70,70,70,70,70,70,70,70,70,70,70,70,70,70,70,70,70,70,70,70,70,70,70,70,70,70,70,70,70],"card_choices":[{"not_picked":["Flechettes","PiercingWail"],"picked":"Cloak And Dagger","floor":1.0},{"not_picked":["Outmaneuver","Bane"],"picked":"Escape Plan","floor":3.0},{"not_picked":["Dodge and Roll","Dagger Throw"],"picked":"PiercingWail","floor":4.0},{"not_picked":["Deadly Poison","Poisoned Stab"],"picked":"Blade Dance","floor":6.0},{"not_picked":["Tactician","Crippling Poison"],"picked":"Backstab","floor":8.0},{"not_picked":["Deflect","Predator"],"picked":"Blade Dance","floor":11.0},{"not_picked":["Doppelganger","Tools of the Trade"],"picked":"After Image","floor":16.0},{"not_picked":["Riddle With Holes","Flechettes"],"picked":"Reflex","floor":18.0},{"not_picked":["Bane","Flechettes","Dash"],"picked":"SKIP","floor":21.0},{"not_picked":["Sucker Punch+1","Underhanded Strike"],"picked":"Prepared","floor":22.0},{"not_picked":["Catalyst","Escape Plan"],"picked":"Slice","floor":24.0},{"not_picked":["Deflect","Quick Slash"],"picked":"Blade Dance","floor":25.0},{"not_picked":["Reflex","Bane"],"picked":"Backflip","floor":28.0},{"not_picked":["Eviscerate+1","Heel Hook"],"picked":"Well Laid Plans","floor":29.0},{"not_picked":["Backstab","Terror","Underhanded Strike"],"picked":"SKIP","floor":31.0},{"not_picked":["Tools of the Trade","Phantasmal Killer"],"picked":"After Image","floor":33.0},{"not_picked":["Underhanded Strike+1"],"picked":"SKIP","floor":35.0},{"not_picked":[],"picked":"Backflip+1","floor":36.0},{"not_picked":["Catalyst"],"picked":"SKIP","floor":38.0},{"not_picked":["Infinite Blades"],"picked":"SKIP","floor":44.0},{"not_picked":["Quick Slash"],"picked":"SKIP","floor":45.0},{"not_picked":[],"picked":"Dodge and Roll","floor":48.0},{"not_picked":[],"picked":"Blur","floor":54}],"player_experience":492168,"relics_obtained":[{"floor":6.0,"key":"Tingsha"},{"floor":8.0,"key":"Regal Pillow"},{"floor":9.0,"key":"HornCleat"},{"floor":24.0,"key":"MawBank"},{"floor":26.0,"key":"Eternal Feather"},{"floor":29.0,"key":"Red Mask"},{"floor":54,"key":"Blue Candle"}],"event_choices":[{"damage_healed":0.0,"max_hp_gain":0.0,"max_hp_loss":0.0,"gold_gain":0.0,"event_name":"Living Wall","player_choice":"Grow","floor":2.0,"gold_loss":0.0,"damage_taken":0.0,"cards_upgraded":["Cloak And Dagger"]},{"cards_removed":["Defend_G"],"damage_healed":0.0,"max_hp_gain":0.0,"max_hp_loss":0.0,"gold_gain":0.0,"event_name":"The Cleric","player_choice":"Card Removal","floor":5.0,"gold_loss":50.0,"damage_taken":0.0},{"cards_removed":["Strike_G"],"damage_healed":0.0,"max_hp_gain":0.0,"max_hp_loss":0.0,"gold_gain":0.0,"event_name":"Golden Wing","player_choice":"Card Removal","floor":13.0,"gold_loss":0.0,"damage_taken":7.0},{"damage_healed":0.0,"max_hp_gain":0.0,"max_hp_loss":0.0,"gold_gain":0.0,"event_name":"Vampires","player_choice":"Ignored","floor":20.0,"gold_loss":0.0,"damage_taken":0.0},{"damage_healed":0.0,"max_hp_gain":0.0,"max_hp_loss":0.0,"gold_gain":0.0,"event_name":"The Library","player_choice":"Read","floor":27.0,"gold_loss":0.0,"damage_taken":0.0,"cards_obtained":["Expertise"]},{"damage_healed":0.0,"max_hp_gain":0.0,"max_hp_loss":0.0,"gold_gain":0.0,"event_name":"Masked Bandits","player_choice":"Fought Bandits","floor":29.0,"gold_loss":0.0,"damage_taken":0.0},{"damage_healed":0.0,"max_hp_gain":0.0,"max_hp_loss":0.0,"gold_gain":0.0,"event_name":"Ghosts","player_choice":"Ignored","floor":30.0,"gold_loss":0.0,"damage_taken":0.0},{"damage_healed":0.0,"max_hp_gain":0.0,"max_hp_loss":0.0,"gold_gain":222.0,"event_name":"Tomb of Lord Red Mask","player_choice":"Wore Mask","floor":37.0,"gold_loss":0.0,"damage_taken":0.0},{"cards_removed":["Neutralize"],"damage_healed":0.0,"max_hp_gain":0.0,"max_hp_loss":0.0,"gold_gain":0.0,"event_name":"Falling","player_choice":"Removed Attack","floor":46.0,"gold_loss":0.0,"damage_taken":0.0}],"is_beta":false,"boss_relics":[{"not_picked":["SacredBark","SlaversCollar"],"picked":"Astrolabe"},{"not_picked":["Calling Bell","Coffee Dripper"],"picked":"Busted Crown"}],"items_purged_floors":[14,39],"is_endless":false,"potions_floor_spawned":[1,8,16,22,24,28,31,33,36,38,45],"killed_by":"The Heart","ascension_level":12}}