{"host":"7k2a2omxz3voj5ax","time":1611373977,"event":{"mods":["BaseMod","Marisa£¨ìFÓê¡¡Ä§ÀíÉ³£©","Minty Spire (QoL Compilation)","Quick Restart","Spicy Shops","StSLib","Starting Relic: Pandora\u0027s Box","¡¾ÒÅÎï¿¨ÅÆ¡¿REMEMod","óô»ðÖ¸ÄÏ"],"gold_per_floor":[130,140,140,165,1603,1638,1674,1304,1379,812,812,872,934,980,347,57,57,183,183,211,123,123,123,123,181,181,222,273,273,284,325,325,338,436,294,991,991,1159,1581,1759,1797,1797,1600,1270,1680,1863,2025,2051,2317,2509,2778,2921,4543,4572,4572,4084,4084,4084,4084,3705,3251,3282,3282],"floor_reached":64,"language":"ZHS","playtime":2841,"items_purged":["MysteriousBeam","ShootingEcho","UpSweep","MasterSpark+1","DC+1","StarBarrage","MachineGunSpark+1","WitchOfGreed+1","LessonLearned+1","BlazingStar+1"],"score":3854,"play_id":"11d8e113-19d3-43b2-a525-ab88303feccb","local_time":"20210123125257","is_ascension_mode":true,"campfire_choices":[{"floor":17.0,"key":"REST"},{"floor":26.0,"key":"REST"},{"floor":32.0,"key":"RECALL"}],"circlet_count":0,"master_deck":["AscendersBane","6A+1","Acceleration+1","PowerUp+1","PowerUp+1","Singularity+1","BlazeAway+1","UltimateShortwave+1","EarthLightRay+1","MillisecondPulsars+1"],"relics":["BewitchedHakkero","REME_ComplimentaryCards","NeowsBlessing","Calipers","AmplifyWand","Strange Spoon","Orrery","Matryoshka","DollysMirror","MawBank","Orichalcum","Membership Card","SimpleLauncher","Ice Cream","Medical Kit","FossilizedHelix","Sundial","RampagingMagicTools","Pantograph","Singing Bowl","Darkstone Periapt","Blood Vial","TungstenRod","Potion Belt","TheAbacus","Bag of Preparation","Boot","Bottled Tornado","REME_LimitBreaker","CeramicFish","Bottled Lightning","Blue Candle","Torii","Lantern","Chemical X","Kunai","Toy Ornithopter","HornCleat","Anchor","Bird Faced Urn","Akabeko","Pear","InkBottle","SproutingBranch"],"acts_visited":["Exordium","TheCity","TheBeyond","TheEnding"],"potions_floor_usage":[40,40,41,46,49,49,51,52,63],"damage_taken":[{"damage":0.0,"enemies":"2 Louse","floor":1.0,"turns":1.0},{"damage":0.0,"enemies":"Cultist","floor":2.0,"turns":1.0},{"damage":0.0,"enemies":"Small Slimes","floor":4.0,"turns":1.0},{"damage":20.0,"enemies":"Exordium Thugs","floor":6.0,"turns":5.0},{"damage":5.0,"enemies":"Blue Slaver","floor":7.0,"turns":4.0},{"damage":1.0,"enemies":"Exordium Wildlife","floor":12.0,"turns":3.0},{"damage":2.0,"enemies":"3 Louse","floor":13.0,"turns":6.0},{"damage":0.0,"enemies":"Looter","floor":14.0,"turns":3.0},{"damage":0.0,"enemies":"Slime Boss","floor":18.0,"turns":4.0},{"damage":0.0,"enemies":"Chosen","floor":20.0,"turns":3.0},{"damage":23.0,"enemies":"Slavers","floor":25.0,"turns":4.0},{"damage":18.0,"enemies":"Spheric Guardian","floor":27.0,"turns":4.0},{"damage":0.0,"enemies":"Book of Stabbing","floor":28.0,"turns":2.0},{"damage":24.0,"enemies":"Snake Plant","floor":30.0,"turns":2.0},{"damage":14.0,"enemies":"Sentry and Sphere","floor":31.0,"turns":4.0},{"damage":0.0,"enemies":"Shelled Parasite and Fungi","floor":33.0,"turns":2.0},{"damage":0.0,"enemies":"3 Cultists","floor":34.0,"turns":4.0},{"damage":0.0,"enemies":"Collector","floor":36.0,"turns":6.0},{"damage":5.0,"enemies":"3 Shapes","floor":38.0,"turns":3.0},{"damage":0.0,"enemies":"2 Orb Walkers","floor":39.0,"turns":3.0},{"damage":0,"enemies":"3 Darklings","floor":40,"turns":3},{"damage":0,"enemies":"Spire Growth","floor":41,"turns":3},{"damage":0,"enemies":"Giant Head","floor":45,"turns":2},{"damage":0,"enemies":"Sphere and 2 Shapes","floor":46,"turns":2},{"damage":0,"enemies":"Reptomancer","floor":47,"turns":3},{"damage":0,"enemies":"Nemesis","floor":49,"turns":3},{"damage":0,"enemies":"4 Shapes","floor":50,"turns":3},{"damage":0,"enemies":"3 Darklings","floor":51,"turns":2},{"damage":50,"enemies":"Reptomancer","floor":52,"turns":4},{"damage":0,"enemies":"Transient","floor":53,"turns":6},{"damage":0,"enemies":"Nemesis","floor":54,"turns":1},{"damage":0,"enemies":"Time Eater","floor":57,"turns":3},{"damage":0,"enemies":"Donu and Deca","floor":58,"turns":3},{"damage":0,"enemies":"Shield and Spear","floor":62,"turns":2},{"damage":1,"enemies":"The Heart","floor":63,"turns":6}],"seed_played":"9141018884936486894","potions_obtained":[{"floor":1.0,"key":"LiquidMemories"},{"floor":2.0,"key":"SkillPotion"},{"floor":6.0,"key":"REME_GoldPotion"},{"floor":7.0,"key":"ShroomBrew"},{"floor":14.0,"key":"Fruit Juice"},{"floor":14.0,"key":"Swift Potion"},{"floor":18.0,"key":"DistilledChaos"},{"floor":20.0,"key":"Explosive Potion"},{"floor":25.0,"key":"LiquidMemories"},{"floor":27.0,"key":"Explosive Potion"},{"floor":27.0,"key":"REME_GoldPotion"},{"floor":28.0,"key":"Energy Potion"},{"floor":30.0,"key":"BottledSpark"},{"floor":31.0,"key":"Energy Potion"},{"floor":36.0,"key":"Swift Potion"},{"floor":38.0,"key":"AttackPotion"},{"floor":39.0,"key":"SteroidPotion"},{"floor":40,"key":"REME_GoldPotion"},{"floor":40,"key":"Energy Potion"},{"floor":41,"key":"ColorlessPotion"},{"floor":47,"key":"LiquidMemories"},{"floor":49,"key":"SpeedPotion"},{"floor":50,"key":"ShroomBrew"},{"floor":51,"key":"Fruit Juice"},{"floor":54,"key":"FearPotion"}],"is_trial":false,"path_per_floor":["M","M","?","M","$","M","M","R","?","R","T","M","M","M","R","$","R","B",null,"M","$","?","?","?","E","R","M","E","T","M","M","R","M","M","R","B",null,"M","?","M","M","?","$","R","E","M","E","T","E","M","M","E","M","E","?","R","B","B",null,"R","$","E","B",null],"character_chosen":"MARISA","items_purchased":["Calipers","AmplifyWand","Strange Spoon","PowerUp","Orrery","Matryoshka","DollysMirror","Membership Card","SimpleLauncher","Ice Cream","UltimateShortwave","Medical Kit","FossilizedHelix","Sundial","Blood Vial","Potion Belt","TheAbacus","Bag of Preparation","Boot","Lantern","Chemical X","Kunai","Toy Ornithopter","HornCleat","Anchor","Bird Faced Urn","Akabeko","Pear","InkBottle"],"campfire_rested":2,"item_purchase_floors":[5,5,5,8,8,10,10,15,15,15,15,16,16,16,35,43,44,44,44,56,56,56,56,60,60,60,61,61,61],"current_hp_per_floor":[63,63,63,63,63,43,38,38,27,27,27,26,24,29,29,29,51,51,69,69,69,69,69,48,33,57,43,49,49,31,23,23,25,31,31,66,86,89,96,98,100,100,100,100,102,104,106,106,108,110,117,69,91,101,101,101,123,123,123,123,133,135,135],"gold":3282,"neow_bonus":"THREE_ENEMY_KILL","is_daily":false,"chose_seed":false,"campfire_upgraded":0,"win_rate":0.0,"timestamp":1611373977,"path_taken":["M","M","?","M","$","?","M","R","?","R","T","M","M","M","R","?","R","BOSS","M","$","?","?","?","E","R","M","E","T","M","M","R","M","M","R","BOSS","M","?","M","M","?","$","R","E","M","E","T","E","M","M","E","M","E","?","R","BOSS","BOSS","R","$","E","BOSS"],"items_purchased_type":["Relic","Relic","Relic","Card","Relic","Relic","Relic","Relic","Relic","Relic","Card","Relic","Relic","Relic","Relic","Relic","Relic","Relic","Relic","Relic","Relic","Relic","Relic","Relic","Relic","Relic","Relic","Relic","Relic"],"build_version":"2020-12-22","purchased_purges":10,"victory":true,"max_hp_per_floor":[70,70,70,70,70,70,70,70,70,70,70,70,70,75,75,75,75,75,75,75,75,75,75,80,80,80,80,82,82,84,86,86,88,90,90,92,92,94,96,98,100,100,100,100,102,104,106,106,108,110,117,119,121,123,123,123,123,123,123,123,133,135,135],"card_choices":[{"not_picked":["MysteriousBeam","ChargeUpSpray","MilkyWay"],"picked":"SKIP","floor":1.0},{"not_picked":["MysteriousBeam","GalacticHalo","ManaConvection"],"picked":"SKIP","floor":2.0},{"not_picked":["AsteroidBelt","ManaRampage","StarlightTyphoon"],"picked":"SKIP","floor":4.0},{"not_picked":["ShootingEcho","UnstableBomb","DC"],"picked":"SKIP","floor":6.0},{"not_picked":["DeepEcoloBomb","RefractionSpark","OpenUniverse"],"picked":"SKIP","floor":7.0},{"not_picked":["GrandCross","EnergyRecoil"],"picked":"DC","floor":8.0},{"not_picked":["LuminesStrike","NonDirectionalLaser"],"picked":"MachineGunSpark","floor":8.0},{"not_picked":["OortCloud","ShootingEcho"],"picked":"Singularity","floor":12.0},{"not_picked":["AlicesGift","DeepEcoloBomb"],"picked":"BlazeAway","floor":13.0},{"not_picked":["NonDirectionalLaser","GrandCross","DeepEcoloBomb"],"picked":"SKIP","floor":14.0},{"not_picked":["UltimateShortwave","ManaRampage"],"picked":"BlazingStar","floor":18.0},{"not_picked":["GrandCross","StarlightTyphoon","OrrerysSun"],"picked":"SKIP","floor":20.0},{"not_picked":["MilkyWay","PulseMagic","GrandCross"],"picked":"SKIP","floor":25.0},{"not_picked":["SprinkleStarSeal","OrrerysSun","WitchLeyline"],"picked":"SKIP","floor":27.0},{"not_picked":["WitchLeyline","PowerUp","EnergyFlow"],"picked":"Singing Bowl","floor":28.0},{"not_picked":["WitchLeyline","CasketOfStar","6A"],"picked":"Singing Bowl","floor":30.0},{"not_picked":["DC+1","Acceleration","EarthLightRay"],"picked":"Singing Bowl","floor":31.0},{"not_picked":["AsteroidBelt+1","OortCloud","GravityBeat"],"picked":"Singing Bowl","floor":33.0},{"not_picked":["DoubleSpark","SporeBomb+1","Acceleration"],"picked":"Singing Bowl","floor":34.0},{"not_picked":["BlazingStar","EscapeVelocity","FinalSpark"],"picked":"Singing Bowl","floor":36.0},{"not_picked":["ShootingEcho","UnstableBomb+1","OneTimeOff"],"picked":"Singing Bowl","floor":38.0},{"not_picked":["DC","ShootingEcho","AbsoluteMagnitude"],"picked":"Singing Bowl","floor":39.0},{"not_picked":["DarkMatter","PowerUp","Occultation+1"],"picked":"Singing Bowl","floor":40},{"not_picked":["MilkyWay","ShootTheMoon","WitchOfGreed"],"picked":"Singing Bowl","floor":41},{"not_picked":["ManaConvection","ChargingUp","ShootingEcho"],"picked":"Singing Bowl","floor":45},{"not_picked":["MilkyWay","WitchLeyline","IllusionStar"],"picked":"Singing Bowl","floor":46},{"not_picked":["MagicAbsorber+1","6A","DeepEcoloBomb+1"],"picked":"Singing Bowl","floor":47},{"not_picked":["OneTimeOff","RefractionSpark+1","MilkyWay+1"],"picked":"Singing Bowl","floor":49},{"not_picked":["RefractionSpark","StarDustReverie","LuminesStrike"],"picked":"Singing Bowl","floor":50},{"not_picked":["MagicAbsorber+1","FairyDestructionRay","PowerUp"],"picked":"Singing Bowl","floor":51},{"not_picked":["GalacticHalo","MeteoricShower+1","ShootTheMoon"],"picked":"Singing Bowl","floor":52},{"not_picked":["IllusionStar","UltimateShortwave","DC"],"picked":"Singing Bowl","floor":53},{"not_picked":["DragonMeteor","DarkSpark","DoubleSpark"],"picked":"Singing Bowl","floor":54},{"not_picked":["GravityBeat+1","FairyDestructionRay+1","EventHorizon+1"],"picked":"Singing Bowl","floor":62}],"player_experience":476879,"relics_obtained":[{"floor":11.0,"key":"MawBank"},{"floor":11.0,"key":"Orichalcum"},{"floor":25.0,"key":"Pantograph"},{"floor":28.0,"key":"Singing Bowl"},{"floor":29.0,"key":"Darkstone Periapt"},{"floor":39.0,"key":"TungstenRod"},{"floor":45,"key":"Bottled Tornado"},{"floor":47,"key":"REME_LimitBreaker"},{"floor":48,"key":"CeramicFish"},{"floor":49,"key":"Bottled Lightning"},{"floor":52,"key":"Blue Candle"},{"floor":54,"key":"Torii"},{"floor":62,"key":"SproutingBranch"}],"event_choices":[{"damage_healed":0.0,"max_hp_gain":0.0,"max_hp_loss":0.0,"gold_gain":0.0,"cards_transformed":["IllusionStar"],"event_name":"Transmorgrifier","player_choice":"Transformed","floor":3.0,"gold_loss":0.0,"damage_taken":0.0,"cards_obtained":["Robbery"]},{"damage_healed":0.0,"max_hp_gain":0.0,"max_hp_loss":0.0,"gold_gain":75.0,"event_name":"World of Goop","player_choice":"Gather Gold","floor":9.0,"gold_loss":0.0,"damage_taken":11.0},{"damage_healed":0.0,"max_hp_gain":0.0,"max_hp_loss":0.0,"gold_gain":0.0,"event_name":"The Library","player_choice":"Read","floor":22.0,"gold_loss":0.0,"damage_taken":0.0,"cards_obtained":["EarthLightRay"]},{"damage_healed":0.0,"max_hp_gain":0.0,"max_hp_loss":0.0,"gold_gain":0.0,"cards_transformed":["GalacticHalo","MilkyWay"],"event_name":"Drug Dealer","player_choice":"Became Test Subject","floor":23.0,"gold_loss":0.0,"damage_taken":0.0,"cards_obtained":["MillisecondPulsars","StarBarrage"]},{"damage_healed":0.0,"max_hp_gain":5.0,"max_hp_loss":0.0,"gold_gain":0.0,"event_name":"Forgotten Altar","player_choice":"Shed Blood","floor":24.0,"gold_loss":0.0,"damage_taken":26.0},{"damage_healed":0.0,"max_hp_gain":0.0,"max_hp_loss":0.0,"gold_gain":0.0,"event_name":"Mysterious Sphere","player_choice":"Fight","floor":39.0,"gold_loss":0.0,"damage_taken":0.0},{"damage_healed":0,"gold_gain":0,"player_choice":"Ignored","damage_taken":0,"max_hp_gain":0,"max_hp_loss":0,"event_name":"Tomb of Lord Red Mask","floor":42,"gold_loss":0},{"cards_removed":["Robbery"],"damage_healed":0,"gold_gain":0,"player_choice":"Removed Attack","damage_taken":0,"max_hp_gain":0,"max_hp_loss":0,"event_name":"Falling","floor":55,"gold_loss":0}],"is_beta":false,"boss_relics":[{"not_picked":["Snecko Eye","Pandora\u0027s Box"],"picked":"RampagingMagicTools"},{"not_picked":["Busted Crown","Cursed Key"],"picked":"BewitchedHakkero"}],"items_purged_floors":[5,8,10,15,21,35,43,44,56,61],"is_endless":false,"potions_floor_spawned":[2,6,7,13,14,20,27,30,36,40,47,49,50,51,54],"ascension_level":20}}