{"host":"3a1ypf1irl30q4k8","time":1611417528,"event":{"mods":["AchievementEnabler","BaseMod","Bestiary","Colored Map","Minty Spire (QoL Compilation)","Relic Stats"],"gold_per_floor":[19,36,53,53,19,44,44,69,69,69,88,19,30,46,46,148,148,162,179,203,26,26,59,77,109,132,148,148,148,148],"floor_reached":29,"language":"ENG","playtime":2019,"items_purged":["Strike_P"],"score":316,"play_id":"f52c2fe1-3f9e-4d17-b687-51754a1fa100","local_time":"20210123155847","is_ascension_mode":true,"campfire_choices":[{"floor":7,"key":"REST"},{"data":"BowlingBash","floor":15,"key":"SMITH"},{"floor":28,"key":"REST"}],"circlet_count":0,"master_deck":["Strike_P+1","Strike_P","Defend_P","Defend_P","Defend_P","Defend_P+1","Eruption","Vigilance","Transmutation","BowlingBash+1","CutThroughFate","BattleHymn","Meditate","ThirdEye","SashWhip+1","Parasite","EmptyMind","Consecrate+1","TalkToTheHand+1","Devotion","MentalFortress","Crescendo","CutThroughFate+1","SpiritShield","EmptyFist+1","Indignation","Conclude+1"],"relics":["PureWater","Pen Nib","Molten Egg 2","Bag of Marbles","Toy Ornithopter","Runic Pyramid","Orichalcum","TeardropLocket","Tiny Chest","Anchor"],"acts_visited":["Exordium","TheCity"],"potions_floor_usage":[11,14,16,16,16,16,18,19,23,23,24],"damage_taken":[{"damage":0,"enemies":"Small Slimes","floor":1,"turns":2},{"damage":1,"enemies":"2 Louse","floor":2,"turns":2},{"damage":0,"enemies":"Cultist","floor":3,"turns":3},{"damage":32,"enemies":"Gremlin Nob","floor":6,"turns":4},{"damage":5,"enemies":"Lagavulin","floor":8,"turns":6},{"damage":9,"enemies":"2 Fungi Beasts","floor":11,"turns":2},{"damage":0,"enemies":"Exordium Thugs","floor":13,"turns":3},{"damage":0,"enemies":"3 Louse","floor":14,"turns":2},{"damage":21,"enemies":"Slime Boss","floor":16,"turns":8},{"damage":0,"enemies":"3 Byrds","floor":18,"turns":3},{"damage":29,"enemies":"2 Thieves","floor":19,"turns":4},{"damage":23,"enemies":"Gremlin Leader","floor":23,"turns":6},{"damage":5,"enemies":"Snake Plant","floor":24,"turns":4},{"damage":35,"enemies":"Slavers","floor":25,"turns":5},{"damage":11,"enemies":"Cultist and Chosen","floor":27,"turns":5},{"damage":33,"enemies":"Book of Stabbing","floor":29,"turns":5}],"seed_played":"-791968135779190175","potions_obtained":[{"floor":6,"key":"Strength Potion"},{"floor":11,"key":"Fire Potion"},{"floor":13,"key":"Dexterity Potion"},{"floor":14,"key":"EntropicBrew"},{"floor":16,"key":"AttackPotion"},{"floor":19,"key":"Ambrosia"},{"floor":23,"key":"Weak Potion"},{"floor":25,"key":"Swift Potion"}],"is_trial":false,"path_per_floor":["M","M","M","?","$","E","R","E","T","?","M","?","M","M","R","B",null,"M","M","T","$","?","E","M","E","T","M","R","E"],"character_chosen":"WATCHER","items_purchased":["Meditate","CutThroughFate+1","Regen Potion"],"campfire_rested":2,"item_purchase_floors":[5,21,21],"current_hp_per_floor":[72,71,71,57,57,25,46,41,41,59,50,50,50,55,55,51,72,72,57,57,57,57,58,58,23,23,12,33,0,0],"gold":148,"neow_bonus":"RANDOM_COLORLESS_2","is_daily":false,"chose_seed":false,"campfire_upgraded":1,"win_rate":0.0,"timestamp":1611417527,"path_taken":["M","M","M","?","$","E","R","E","T","?","M","?","M","M","R","BOSS","M","M","?","$","?","E","M","E","T","?","R","E"],"items_purchased_type":["Card","Card","Potion"],"build_version":"2020-12-22","purchased_purges":1,"victory":false,"max_hp_per_floor":[72,72,72,72,72,72,72,72,72,72,72,72,72,72,72,72,72,72,72,72,72,72,72,72,72,72,72,72,72,72],"relic_stats":{"counters":[16,64],"Tiny Chest":0,"Pen Nib":[10],"Orichalcum":[18],"obtain_stats":[{"Anchor":26,"Molten Egg 2":8,"Tiny Chest":25,"Pen Nib":6,"Bag of Marbles":9,"TeardropLocket":23,"PureWater":0,"Orichalcum":20,"Toy Ornithopter":12,"Runic Pyramid":17},{"Anchor":14,"Molten Egg 2":5,"Tiny Chest":14,"Pen Nib":4,"Bag of Marbles":5,"TeardropLocket":12,"PureWater":0,"Orichalcum":11,"Toy Ornithopter":6,"Runic Pyramid":9},{"Anchor":54,"Molten Egg 2":17,"Tiny Chest":54,"Pen Nib":11,"Bag of Marbles":17,"TeardropLocket":45,"PureWater":0,"Orichalcum":39,"Toy Ornithopter":19,"Runic Pyramid":32}],"Toy Ornithopter":42},"card_choices":[{"not_picked":["Secret Technique","Mayhem"],"picked":"Transmutation","floor":0},{"not_picked":["Study","InnerPeace"],"picked":"BowlingBash","floor":1},{"not_picked":["Perseverance","EmptyFist"],"picked":"CutThroughFate","floor":2},{"not_picked":["ThirdEye","FlurryOfBlows"],"picked":"BattleHymn","floor":3},{"not_picked":["CutThroughFate","SpiritShield"],"picked":"ThirdEye","floor":6},{"not_picked":["CrushJoints+1","Prostrate"],"picked":"SashWhip+1","floor":8},{"not_picked":["DeusExMachina","Pray"],"picked":"EmptyMind","floor":11},{"not_picked":["JustLucky+1","ThirdEye"],"picked":"Consecrate+1","floor":13},{"not_picked":["InnerPeace","WreathOfFlame"],"picked":"TalkToTheHand+1","floor":14},{"not_picked":["ConjureBlade","Alpha"],"picked":"Devotion","floor":16},{"not_picked":["CrushJoints+1","Halt"],"picked":"MentalFortress","floor":18},{"not_picked":["Evaluate","PathToVictory"],"picked":"Crescendo","floor":19},{"not_picked":["EmptyMind","Vengeance"],"picked":"EmptyFist+1","floor":23},{"not_picked":["JustLucky+1","FollowUp+1"],"picked":"Indignation","floor":24},{"not_picked":["Vengeance","CrushJoints+1","Prostrate+1"],"picked":"SKIP","floor":25},{"not_picked":["EmptyBody","CutThroughFate+1"],"picked":"Conclude+1","floor":27}],"player_experience":1175496,"relics_obtained":[{"floor":6,"key":"Pen Nib"},{"floor":8,"key":"Molten Egg 2"},{"floor":9,"key":"Bag of Marbles"},{"floor":20,"key":"Orichalcum"},{"floor":23,"key":"TeardropLocket"},{"floor":25,"key":"Tiny Chest"},{"floor":26,"key":"Anchor"}],"event_choices":[{"damage_healed":0,"gold_gain":0,"player_choice":"Entered Light","damage_taken":14,"max_hp_gain":0,"max_hp_loss":0,"event_name":"Shining Light","floor":4,"gold_loss":0,"cards_upgraded":["Defend_P","Strike_P"]},{"damage_healed":18,"gold_gain":0,"player_choice":"Healed and dodged fight","damage_taken":0,"max_hp_gain":0,"max_hp_loss":0,"event_name":"Mushrooms","floor":10,"gold_loss":0,"cards_obtained":["Parasite"]},{"damage_healed":0,"gold_gain":0,"player_choice":"Paid Gold","damage_taken":0,"relics_obtained":["Toy Ornithopter"],"max_hp_gain":0,"max_hp_loss":0,"event_name":"WeMeetAgain","floor":12,"gold_loss":69},{"damage_healed":0,"gold_gain":0,"cards_transformed":["Strike_P"],"player_choice":"Transformed","damage_taken":0,"max_hp_gain":0,"max_hp_loss":0,"event_name":"Transmorgrifier","floor":22,"gold_loss":0,"cards_obtained":["SpiritShield"]}],"is_beta":false,"boss_relics":[{"not_picked":["Empty Cage","Ectoplasm"],"picked":"Runic Pyramid"}],"items_purged_floors":[21],"is_endless":false,"potions_floor_spawned":[6,11,13,14,16,19,23,25],"killed_by":"Book of Stabbing","ascension_level":3}}