{"host":"rgy6n2eoa9ji6d0c","time":1611441711,"event":{"mods":["BaseMod","Downfall","Minty Spire (QoL Compilation)","Quick Restart","StSLib"],"gold_per_floor":[99,114,114,128,42,55,81,81,100,130,142,142,156,606,616,712,712,512,512,512,512,512],"floor_reached":20,"language":"ENG","playtime":1044,"items_purged":[],"score":333,"play_id":"bcd5945e-31d1-4ffc-9df8-ea75a6fbb5af","local_time":"20210123234151","is_ascension_mode":true,"campfire_choices":[{"floor":1,"key":"RECALL"},{"data":"bronze:Verify","floor":18,"key":"SMITH"}],"circlet_count":0,"master_deck":["bronze:Strike","bronze:Strike","bronze:Strike","bronze:Strike","bronze:Defend","bronze:Defend","bronze:Defend","bronze:Defend","bronze:Replicate","bronze:Goto","bronze:InfiniteBeams","downfall:Haunted","downfall:Haunted","bronze:OilSpill","bronze:InfiniteBeams","bronze:Deprecate","bronze:Repulsor","bronze:FineTuning","Trip","downfall:Icky","downfall:Icky","downfall:Icky","bronze:OilSpill","bronze:Verify+1","bronze:Iterate"],"relics":["SlaversCollar","Darkstone Periapt","Bottled Tornado","Cursed Key","downfall:HeartBlessingRed","downfall:HeartBlessingBlue"],"acts_visited":["Exordium","TheCity"],"potions_floor_usage":[15,16,16,16],"damage_taken":[{"damage":0,"enemies":"Small Slimes","floor":2,"turns":3},{"damage":7,"enemies":"2 Louse","floor":4,"turns":3},{"damage":5,"enemies":"downfall:FleeingMerchant","floor":5,"turns":4},{"damage":1,"enemies":"Jaw Worm","floor":6,"turns":4},{"damage":12,"enemies":"Exordium Thugs","floor":9,"turns":4},{"damage":24,"enemies":"Gremlin Nob","floor":10,"turns":4},{"damage":9,"enemies":"3 Louse","floor":11,"turns":4},{"damage":16,"enemies":"Red Slaver","floor":13,"turns":5},{"damage":22,"enemies":"Lots of Slimes","floor":15,"turns":5},{"damage":14,"enemies":"WA_ARCHETYPE_RETAIN","floor":16,"turns":6},{"damage":0,"enemies":"Chosen","floor":19,"turns":1},{"damage":5,"enemies":"Spheric Guardian","floor":20,"turns":3}],"seed_played":"-2459638409447933112","potions_obtained":[{"floor":9,"key":"Swift Potion"},{"floor":11,"key":"DistilledChaos"},{"floor":13,"key":"Dexterity Potion"},{"floor":15,"key":"Regen Potion"}],"is_trial":false,"path_per_floor":["R","M","?","M","$","M","T","?","M","E","M","?","M","?","M","B",null,"R","M","M"],"character_chosen":"THE_AUTOMATON","items_purchased":["bronze:InfiniteBeams"],"campfire_rested":0,"item_purchase_floors":[5],"current_hp_per_floor":[70,70,82,75,70,69,69,69,57,33,24,24,8,26,4,5,100,110,110,105,105,105],"gold":512,"neow_bonus":"BOSS_RELIC","is_daily":false,"chose_seed":false,"campfire_upgraded":1,"win_rate":0.0,"timestamp":1611441711,"path_taken":["R","M","?","M","$","M","T","?","M","E","M","?","?","?","M","BOSS","R","M","M"],"items_purchased_type":["Card"],"build_version":"2020-12-22","purchased_purges":0,"victory":false,"max_hp_per_floor":[70,70,82,82,82,82,82,82,82,82,82,82,82,100,100,100,100,110,110,110,110,110],"card_choices":[{"not_picked":["bronze:Branch","bronze:MaxOutput"],"picked":"bronze:InfiniteBeams","floor":2},{"not_picked":["bronze:BuggyMess","bronze:Optimize"],"picked":"bronze:OilSpill","floor":4},{"not_picked":["bronze:HyperBeam","bronze:Philosophize","bronze:WhirlingStrike"],"picked":"SKIP","floor":5},{"not_picked":["bronze:Separator","bronze:BugBarrage"],"picked":"bronze:Deprecate","floor":6},{"not_picked":["bronze:BitShift","bronze:Shield","bronze:Deprecate"],"picked":"SKIP","floor":9},{"not_picked":["bronze:Invalidate","bronze:ForLoop"],"picked":"bronze:Repulsor","floor":10},{"not_picked":["bronze:Separator","bronze:Deprecate"],"picked":"bronze:FineTuning","floor":11},{"not_picked":["bronze:CutThrough","bronze:DelayedSlice","bronze:BugBarrage"],"picked":"SKIP","floor":13},{"not_picked":["bronze:Turbo","bronze:Constructor"],"picked":"bronze:OilSpill","floor":15},{"not_picked":["bronze:Break","bronze:Format"],"picked":"bronze:Verify","floor":16},{"not_picked":["bronze:Shell","bronze:Shield"],"picked":"bronze:Iterate","floor":19}],"player_experience":1482912,"relics_obtained":[{"floor":10,"key":"Bottled Tornado"}],"event_choices":[],"is_beta":false,"boss_relics":[{"not_picked":["Busted Crown","Philosopher\u0027s Stone"],"picked":"Cursed Key"}],"items_purged_floors":[],"is_endless":false,"potions_floor_spawned":[9,11,13,15],"killed_by":"Spheric Guardian","ascension_level":1}}