{"host":"o7j6aatxjwpw1421","time":1611394531,"event":{"mods":["2.2 Compatiblity","AchievementEnabler","BaseMod","Colored Map","DeckTracker","Highlight Path","Keyboard Shortcuts","Minty Spire (QoL Compilation)","Permanent Neow","Quick Restart","StSLib","SuperFastMode","everything is the same but u backflip on backflip"],"gold_per_floor":[114,39,54,4,4,4,18,54,77,120,145,145,95,120,120,219,219,233,233,103,113,113,113,113,113],"floor_reached":24,"language":"KOR","playtime":736,"items_purged":["Strike_P","Defend_P","Strike_P"],"score":388,"play_id":"46adea27-4be9-45b8-9c27-41e4ce986f4a","local_time":"20210123183531","is_ascension_mode":true,"campfire_choices":[{"data":"Eruption","floor":6.0,"key":"SMITH"},{"floor":12.0,"key":"REST"},{"floor":15.0,"key":"REST"},{"floor":23.0,"key":"REST"}],"circlet_count":0,"master_deck":["AscendersBane","Strike_P","Strike_P","Defend_P","Defend_P","Eruption+1","Vigilance","Adaptation","FlurryOfBlows","Vault","Tantrum","MentalFortress"],"relics":["PureWater","Smiling Mask","Bloody Idol","Art of War","Omamori","TeardropLocket","VioletLotus","Juzu Bracelet"],"acts_visited":["Exordium","TheCity"],"potions_floor_usage":[24],"damage_taken":[{"damage":0.0,"enemies":"Jaw Worm","floor":1.0,"turns":3.0},{"damage":5.0,"enemies":"Small Slimes","floor":3.0,"turns":4.0},{"damage":1.0,"enemies":"Cultist","floor":7.0,"turns":3.0},{"damage":12.0,"enemies":"Lagavulin","floor":8.0,"turns":5.0},{"damage":31.0,"enemies":"3 Sentries","floor":10.0,"turns":9.0},{"damage":0.0,"enemies":"Looter","floor":11.0,"turns":1.0},{"damage":0.0,"enemies":"Blue Slaver","floor":14.0,"turns":2.0},{"damage":48.0,"enemies":"The Guardian","floor":16.0,"turns":16.0},{"damage":9.0,"enemies":"2 Thieves","floor":18.0,"turns":4.0},{"damage":38.0,"enemies":"Shell Parasite","floor":21.0,"turns":4.0},{"damage":24,"enemies":"Slavers","floor":24,"turns":3}],"seed_played":"-7346100258533572826","potions_obtained":[{"floor":1.0,"key":"Swift Potion"},{"floor":7.0,"key":"BlessingOfTheForge"},{"floor":10.0,"key":"EntropicBrew"},{"floor":14.0,"key":"Fruit Juice"},{"floor":21.0,"key":"Ancient Potion"}],"is_trial":false,"path_per_floor":["M","?","M","$","?","R","M","E","T","E","M","R","$","M","R","B",null,"M","?","$","M","?","R","E"],"character_chosen":"WATCHER","items_purchased":["Tantrum"],"campfire_rested":3,"item_purchase_floors":[20],"current_hp_per_floor":[61,61,56,56,56,56,55,43,43,12,12,30,30,35,55,7,52,43,43,43,10,10,30,6,6],"gold":113,"neow_bonus":"RANDOM_COMMON_RELIC","is_daily":false,"chose_seed":false,"campfire_upgraded":1,"win_rate":0.0,"timestamp":1611394531,"path_taken":["M","?","M","$","?","R","M","E","T","E","M","R","$","M","R","BOSS","M","?","$","M","?","R","E"],"items_purchased_type":["Card"],"build_version":"2020-12-22","purchased_purges":3,"victory":false,"max_hp_per_floor":[68,68,68,68,62,62,62,62,62,62,62,62,62,67,67,67,67,67,67,67,67,67,67,67,67],"card_choices":[{"not_picked":["EmptyFist","FollowUp"],"picked":"Adaptation","floor":1.0},{"not_picked":["Nirvana","Protect"],"picked":"FlurryOfBlows","floor":3.0},{"not_picked":["ReachHeaven","EmptyBody","PathToVictory"],"picked":"SKIP","floor":7.0},{"not_picked":["Blasphemy","Weave","FollowUp"],"picked":"SKIP","floor":8.0},{"not_picked":["Prostrate","Omniscience","Fasting2"],"picked":"SKIP","floor":10.0},{"not_picked":["Protect","CrushJoints","BowlingBash"],"picked":"SKIP","floor":11.0},{"not_picked":["Protect","ClearTheMind","CarveReality"],"picked":"SKIP","floor":14.0},{"not_picked":["Ragnarok","Devotion"],"picked":"Vault","floor":16.0},{"not_picked":["Crescendo","Nirvana","FlurryOfBlows"],"picked":"SKIP","floor":18.0},{"not_picked":["ForeignInfluence","EmptyBody"],"picked":"MentalFortress","floor":21.0}],"player_experience":606712,"relics_obtained":[{"floor":8.0,"key":"Art of War"},{"floor":9.0,"key":"Omamori"},{"floor":10.0,"key":"TeardropLocket"}],"event_choices":[{"cards_removed":["Defend_P"],"damage_healed":0.0,"max_hp_gain":0.0,"max_hp_loss":0.0,"gold_gain":0.0,"event_name":"The Cleric","player_choice":"Card Removal","floor":2.0,"gold_loss":75.0,"damage_taken":0.0},{"damage_healed":0.0,"max_hp_gain":0.0,"max_hp_loss":6.0,"gold_gain":0.0,"event_name":"Golden Idol","player_choice":"Lose Max HP","floor":5.0,"gold_loss":0.0,"damage_taken":0.0,"relics_obtained":["Golden Idol"]},{"damage_healed":0.0,"max_hp_gain":0.0,"max_hp_loss":0.0,"gold_gain":0.0,"event_name":"Forgotten Altar","player_choice":"Gave Idol","floor":19.0,"relics_lost":["Golden Idol"],"gold_loss":0.0,"damage_taken":0.0,"relics_obtained":["Bloody Idol"]},{"damage_healed":0.0,"max_hp_gain":0.0,"max_hp_loss":0.0,"gold_gain":0.0,"event_name":"The Mausoleum","player_choice":"Opened","floor":22.0,"gold_loss":0.0,"damage_taken":0.0,"relics_obtained":["Juzu Bracelet"],"cards_obtained":["Writhe"]}],"is_beta":false,"boss_relics":[{"not_picked":["Fusion Hammer","Busted Crown"],"picked":"VioletLotus"}],"items_purged_floors":[4,13,20],"is_endless":false,"potions_floor_spawned":[1,7,10,14,21],"killed_by":"Slavers","ascension_level":18}}