{"host":"3zmssa4s99zhxek5","time":1611369833,"event":{"mods":["AchievementEnabler","BaseMod","Minty Spire (QoL Compilation)","Permanent Neow","Relic Stats"],"gold_per_floor":[112,128,53,71,71,100,100,125,148,118,145,157,201,232,244,332,344,369,381,393,39,50,50,75,75,75,107,120,120,120,154,154,231,231,250,269,544,560,579,133,133,152,152,181,181,195,195,29,29,29,29],"floor_reached":50,"language":"KOR","playtime":2288,"items_purged":["Regret"],"score":1242,"play_id":"09827fac-75fb-48c4-ac4a-26e21d746db5","local_time":"20210123114353","is_ascension_mode":true,"campfire_choices":[{"floor":7.0,"key":"REST"},{"data":"Hyperbeam","floor":12.0,"key":"SMITH"},{"data":"Steam Power","floor":15.0,"key":"SMITH"},{"floor":23.0,"key":"REST"},{"floor":25.0,"key":"REST"},{"floor":32.0,"key":"REST"},{"floor":47.0,"key":"REST"},{"floor":49,"key":"RECALL"}],"circlet_count":0,"master_deck":["AscendersBane","Strike_B+1","Strike_B+1","Strike_B+1","Strike_B+1","Defend_B+1","Defend_B+1","Defend_B+1","Defend_B+1","Dualcast+1","Hyperbeam+1","Reprogram+1","Beam Cell+1","BootSequence+1","Conserve Battery+1","Steam Power+1","Steam+1","Core Surge+1","Rip and Tear+1","RitualDagger+1","Self Repair+1","Melter+1","Auto Shields+1","Beam Cell+1","Undo+1","Skim+1","Reinforced Body+1","Buffer+1","Hologram+1","Hologram+1","Double Energy+1","Blind+1","Skim","Fusion","Loop+1","Reprogram+1"],"relics":["Cracked Core","War Paint","Nunchaku","MealTicket","MawBank","Potion Belt","Fusion Hammer","Enchiridion","Toy Ornithopter","Bag of Marbles","Kunai","Centennial Puzzle","Singing Bowl","Bronze Scales","Cursed Key","HandDrill","Mark of the Bloom","Boot","DollysMirror"],"acts_visited":["TheCity","TheBeyond"],"potions_floor_usage":[],"damage_taken":[{"damage":7.0,"enemies":"Small Slimes","floor":1.0,"turns":3.0},{"damage":7.0,"enemies":"Jaw Worm","floor":2.0,"turns":3.0},{"damage":3.0,"enemies":"2 Louse","floor":4.0,"turns":3.0},{"damage":5.0,"enemies":"3 Sentries","floor":6.0,"turns":3.0},{"damage":2.0,"enemies":"Gremlin Nob","floor":11.0,"turns":3.0},{"damage":1.0,"enemies":"3 Sentries","floor":13.0,"turns":3.0},{"damage":0.0,"enemies":"Red Slaver","floor":14.0,"turns":1.0},{"damage":20.0,"enemies":"Slime Boss","floor":16.0,"turns":7.0},{"damage":22.0,"enemies":"Chosen","floor":18.0,"turns":6.0},{"damage":0.0,"enemies":"Spheric Guardian","floor":22.0,"turns":3.0},{"damage":14.0,"enemies":"Slavers","floor":24.0,"turns":4.0},{"damage":0.0,"enemies":"Gremlin Leader","floor":27.0,"turns":5.0},{"damage":0.0,"enemies":"3 Cultists","floor":28.0,"turns":3.0},{"damage":21.0,"enemies":"Book of Stabbing","floor":31.0,"turns":4.0},{"damage":25.0,"enemies":"Collector","floor":33.0,"turns":7.0},{"damage":0.0,"enemies":"3 Shapes","floor":35.0,"turns":4.0},{"damage":1.0,"enemies":"Orb Walker","floor":36.0,"turns":3.0},{"damage":0.0,"enemies":"3 Darklings","floor":38.0,"turns":1.0},{"damage":26.0,"enemies":"Writhing Mass","floor":39.0,"turns":6.0},{"damage":0.0,"enemies":"4 Shapes","floor":42.0,"turns":4.0},{"damage":0.0,"enemies":"Giant Head","floor":44.0,"turns":8.0},{"damage":11.0,"enemies":"Jaw Worm Horde","floor":46.0,"turns":2.0},{"damage":63,"enemies":"Time Eater","floor":50,"turns":11}],"seed_played":"7355664020389719224","potions_obtained":[{"floor":10.0,"key":"Ancient Potion"},{"floor":10.0,"key":"Ancient Potion"},{"floor":11.0,"key":"BlessingOfTheForge"},{"floor":14.0,"key":"LiquidMemories"},{"floor":16.0,"key":"DuplicationPotion"},{"floor":24.0,"key":"BlessingOfTheForge"},{"floor":28.0,"key":"Regen Potion"},{"floor":31.0,"key":"AttackPotion"},{"floor":33.0,"key":"SteroidPotion"},{"floor":36.0,"key":"LiquidMemories"},{"floor":44.0,"key":"DuplicationPotion"},{"floor":46.0,"key":"Energy Potion"}],"is_trial":false,"path_per_floor":["M","M","?","M","?","E","R","T","T","?","E","R","E","M","R","B",null,"M","?","?","$","M","R","E","R","T","E","M","?","T","E","R","B",null,"M","M","?","M","M","$","?","M","T","E","?","M","R","$","R","B"],"character_chosen":"DEFECT","items_purchased":["Toy Ornithopter","Self Repair","Melter","Auto Shields","Blind","HandDrill","AttackPotion","Strength Potion","DollysMirror"],"campfire_rested":5,"item_purchase_floors":[21,21,21,21,40,40,40,40,48],"current_hp_per_floor":[57,50,50,47,26,21,42,42,42,42,40,40,39,39,39,19,58,36,15,9,24,24,45,31,52,52,59,59,59,59,52,71,58,68,71,73,73,73,59,73,73,73,73,73,73,62,62,62,62,0,0],"gold":29,"neow_bonus":"ONE_RANDOM_RARE_CARD","is_daily":false,"chose_seed":false,"campfire_upgraded":2,"win_rate":0.0,"timestamp":1611369833,"path_taken":["M","M","?","M","?","E","R","?","T","?","E","R","E","M","R","BOSS","M","?","?","$","M","R","E","R","T","E","M","?","?","E","R","BOSS","M","M","?","M","?","$","?","M","T","E","?","M","R","$","R","BOSS"],"items_purchased_type":["Relic","Card","Card","Card","Card","Relic","Potion","Potion","Relic"],"build_version":"2020-12-22","purchased_purges":1,"victory":false,"max_hp_per_floor":[71,71,71,71,71,71,71,71,71,71,71,71,71,71,71,71,71,71,71,71,71,71,71,71,71,71,71,71,71,71,71,71,71,71,71,73,73,73,73,73,73,73,73,73,73,73,73,73,73,73,73],"relic_stats":{"Mark of the Bloom":61,"Singing Bowl":2,"counters":[23,97],"War Paint":["Conserve Battery","Reprogram"],"MawBank":120,"Cursed Key":0,"Boot":[0],"Nunchaku":[15],"Centennial Puzzle":[18],"Bronze Scales":[117],"MealTicket":29,"HandDrill":[8],"Kunai":[15],"obtain_stats":[{"Potion Belt":13,"Mark of the Bloom":41,"Singing Bowl":30,"Enchiridion":19,"War Paint":6,"MawBank":11,"Cursed Key":34,"Boot":44,"Nunchaku":8,"Centennial Puzzle":27,"DollysMirror":48,"Bronze Scales":31,"MealTicket":9,"Fusion Hammer":17,"Bag of Marbles":24,"HandDrill":40,"Kunai":26,"Cracked Core":0,"Toy Ornithopter":21},{"Potion Belt":6,"Mark of the Bloom":19,"Singing Bowl":13,"Enchiridion":9,"War Paint":4,"MawBank":5,"Cursed Key":15,"Boot":21,"Nunchaku":4,"Centennial Puzzle":12,"DollysMirror":22,"Bronze Scales":14,"MealTicket":4,"Fusion Hammer":8,"Bag of Marbles":11,"HandDrill":19,"Kunai":11,"Cracked Core":0,"Toy Ornithopter":9},{"Potion Belt":18,"Mark of the Bloom":72,"Singing Bowl":47,"Enchiridion":32,"War Paint":12,"MawBank":15,"Cursed Key":58,"Boot":84,"Nunchaku":12,"Centennial Puzzle":44,"DollysMirror":86,"Bronze Scales":51,"MealTicket":12,"Fusion Hammer":26,"Bag of Marbles":39,"HandDrill":72,"Kunai":39,"Cracked Core":0,"Toy Ornithopter":32}],"Toy Ornithopter":15},"card_choices":[{"not_picked":["Rebound","Barrage"],"picked":"Reprogram","floor":1.0},{"not_picked":["Coolheaded","Gash"],"picked":"Beam Cell","floor":2.0},{"not_picked":["Capacitor","Sweeping Beam"],"picked":"BootSequence","floor":4.0},{"not_picked":["Capacitor","Chill"],"picked":"Conserve Battery","floor":6.0},{"not_picked":["Hello World","Loop","Coolheaded"],"picked":"SKIP","floor":11.0},{"not_picked":["Capacitor","Beam Cell"],"picked":"Steam Power","floor":13.0},{"not_picked":["Barrage","Ball Lightning"],"picked":"Steam","floor":14.0},{"not_picked":["Creative AI","Multi-Cast"],"picked":"Core Surge","floor":16.0},{"not_picked":["Coolheaded","Barrage"],"picked":"Rip and Tear","floor":18.0},{"not_picked":["Force Field","Gash"],"picked":"Beam Cell","floor":22.0},{"not_picked":["Coolheaded","Capacitor","Static Discharge"],"picked":"SKIP","floor":24.0},{"not_picked":["Genetic Algorithm","Streamline"],"picked":"Undo","floor":27.0},{"not_picked":["Leap","Turbo"],"picked":"Skim","floor":28.0},{"not_picked":["Stack","Blizzard"],"picked":"Reinforced Body","floor":31.0},{"not_picked":["All For One","Creative AI"],"picked":"Buffer","floor":33.0},{"not_picked":["Streamline+1","Scrape"],"picked":"Hologram","floor":35.0},{"not_picked":["Go for the Eyes","Gash+1","Hello World"],"picked":"Singing Bowl","floor":36.0},{"not_picked":["Rebound","Consume"],"picked":"Hologram","floor":38.0},{"not_picked":["Ball Lightning","Defragment"],"picked":"Double Energy","floor":39.0},{"not_picked":["Ball Lightning","Capacitor"],"picked":"Skim","floor":42.0},{"not_picked":["BootSequence","Scrape"],"picked":"Fusion","floor":44.0},{"not_picked":["Chaos","Fusion"],"picked":"Loop+1","floor":46.0}],"player_experience":1565575,"relics_obtained":[{"floor":6.0,"key":"War Paint"},{"floor":8.0,"key":"Nunchaku"},{"floor":9.0,"key":"MealTicket"},{"floor":11.0,"key":"MawBank"},{"floor":13.0,"key":"Potion Belt"},{"floor":19.0,"key":"Enchiridion"},{"floor":24.0,"key":"Bag of Marbles"},{"floor":26.0,"key":"Kunai"},{"floor":27.0,"key":"Centennial Puzzle"},{"floor":30.0,"key":"Singing Bowl"},{"floor":31.0,"key":"Bronze Scales"},{"floor":44.0,"key":"Boot"}],"event_choices":[{"cards_removed":["Zap"],"damage_healed":0.0,"max_hp_gain":0.0,"max_hp_loss":0.0,"gold_gain":0.0,"event_name":"The Cleric","player_choice":"Card Removal","floor":3.0,"gold_loss":75.0,"damage_taken":0.0},{"damage_healed":0.0,"max_hp_gain":0.0,"max_hp_loss":0.0,"gold_gain":0.0,"event_name":"Shining Light","player_choice":"Entered Light","floor":5.0,"gold_loss":0.0,"damage_taken":21.0,"cards_upgraded":["Beam Cell","Dualcast"]},{"damage_healed":0.0,"max_hp_gain":0.0,"max_hp_loss":0.0,"gold_gain":0.0,"event_name":"The Woman in Blue","player_choice":"Bought 2 Potions","floor":10.0,"gold_loss":0.0,"damage_taken":0.0},{"damage_healed":0.0,"max_hp_gain":0.0,"max_hp_loss":0.0,"gold_gain":0.0,"event_name":"Cursed Tome","player_choice":"Obtained Book","floor":19.0,"gold_loss":0.0,"damage_taken":21.0},{"damage_healed":0.0,"max_hp_gain":0.0,"max_hp_loss":0.0,"gold_gain":0.0,"event_name":"Nest","player_choice":"Joined the Cult","floor":20.0,"gold_loss":0.0,"damage_taken":6.0,"cards_obtained":["RitualDagger"]},{"damage_healed":0.0,"max_hp_gain":0.0,"max_hp_loss":0.0,"gold_gain":0.0,"event_name":"The Mausoleum","player_choice":"Ignored","floor":29.0,"gold_loss":0.0,"damage_taken":0.0},{"damage_healed":0.0,"max_hp_gain":0.0,"max_hp_loss":0.0,"gold_gain":275.0,"event_name":"Golden Shrine","player_choice":"Desecrate","floor":37.0,"gold_loss":0.0,"damage_taken":0.0,"cards_obtained":["Regret"]},{"damage_healed":0.0,"max_hp_gain":0.0,"max_hp_loss":0.0,"gold_gain":0.0,"event_name":"MindBloom","player_choice":"Upgrade","floor":41.0,"gold_loss":0.0,"damage_taken":0.0,"cards_upgraded":["Strike_B","Strike_B","Strike_B","Strike_B","Defend_B","Defend_B","Defend_B","Defend_B","BootSequence","Steam","Core Surge","Rip and Tear","RitualDagger","Self Repair","Melter","Auto Shields","Beam Cell","Undo","Skim","Reinforced Body","Buffer","Hologram","Hologram","Double Energy","Blind"],"relics_obtained":["Mark of the Bloom"]},{"damage_healed":0.0,"max_hp_gain":0.0,"max_hp_loss":0.0,"gold_gain":0.0,"event_name":"Tomb of Lord Red Mask","player_choice":"Ignored","floor":45.0,"gold_loss":0.0,"damage_taken":0.0}],"is_beta":false,"boss_relics":[{"not_picked":["Pandora\u0027s Box","Philosopher\u0027s Stone"],"picked":"Fusion Hammer"},{"not_picked":["Tiny House","Inserter"],"picked":"Cursed Key"}],"items_purged_floors":[40],"is_endless":false,"potions_floor_spawned":[11,14,16,24,27,28,31,33,36,44,46],"killed_by":"Time Eater","ascension_level":20}}