{"host":"ja297la2wpvv1dvv","time":1611433638,"event":{"mods":["AchievementEnabler","BaseMod","Bestiary","Colored Map","Colored Powertips","Curses Come First","Minty Spire (QoL Compilation)","StSLib"],"gold_per_floor":[119,135,145,26,46,72,88,88,112,155,25,46,11,20,20,125,125,150,159,10,35,61,61,96,96,96,119,141,141,28,56,56,56,56],"floor_reached":33,"language":"ENG","playtime":11658,"items_purged":[],"score":370,"play_id":"c4f35962-3d50-441b-9b01-5b65a63a1548","local_time":"20210123142718","is_ascension_mode":true,"campfire_choices":[{"floor":8,"key":"REST"},{"data":"Defragment","floor":15,"key":"SMITH"},{"data":"Conserve Battery","floor":23,"key":"SMITH"},{"floor":25,"key":"REST"},{"data":"Static Discharge","floor":32,"key":"SMITH"}],"circlet_count":0,"master_deck":["Strike_B+1","Strike_B","Strike_B+1","Defend_B","Defend_B","Defend_B","Defend_B","Zap","Dualcast","Leap","Coolheaded","Lockon","Sweeping Beam","Hello World","Steam","Cold Snap","Blizzard","Skim","Defragment+1","Darkness","Ball Lightning","Barrage","Darkness","Electrodynamics","Beam Cell","Defragment+1","Darkness+1","Conserve Battery+1","Loop","Aggregate+1","Leap+1","Self Repair","Redo","Go for the Eyes","Static Discharge+1"],"relics":["Cracked Core","MealTicket","Whetstone","CeramicFish","Omamori","SlaversCollar","Lantern","Centennial Puzzle","StrikeDummy"],"acts_visited":["Exordium","TheCity"],"potions_floor_usage":[10,16,16,27,28,28,33],"damage_taken":[{"damage":1,"enemies":"Cultist","floor":1,"turns":4},{"damage":2,"enemies":"Small Slimes","floor":2,"turns":4},{"damage":1,"enemies":"Jaw Worm","floor":3,"turns":4},{"damage":23,"enemies":"Exordium Thugs","floor":5,"turns":5},{"damage":10,"enemies":"Lagavulin","floor":6,"turns":5},{"damage":12,"enemies":"Large Slime","floor":7,"turns":4},{"damage":8,"enemies":"3 Sentries","floor":10,"turns":6},{"damage":1,"enemies":"Looter","floor":12,"turns":2},{"damage":0,"enemies":"Slime Boss","floor":16,"turns":6},{"damage":1,"enemies":"Chosen","floor":18,"turns":4},{"damage":10,"enemies":"3 Byrds","floor":21,"turns":2},{"damage":13,"enemies":"Centurion and Healer","floor":22,"turns":5},{"damage":49,"enemies":"Slavers","floor":24,"turns":5},{"damage":14,"enemies":"Snecko","floor":27,"turns":5},{"damage":3,"enemies":"Cultist and Chosen","floor":28,"turns":4},{"damage":9,"enemies":"Shelled Parasite and Fungi","floor":31,"turns":5},{"damage":51,"enemies":"Champ","floor":33,"turns":6}],"seed_played":"2763849967795109580","potions_obtained":[{"floor":5,"key":"DistilledChaos"},{"floor":6,"key":"LiquidBronze"},{"floor":7,"key":"DistilledChaos"},{"floor":16,"key":"Explosive Potion"},{"floor":22,"key":"Dexterity Potion"},{"floor":27,"key":"Regen Potion"},{"floor":28,"key":"ColorlessPotion"}],"is_trial":false,"path_per_floor":["M","M","M","$","M","E","M","R","T","E","$","M","?","?","R","B",null,"M","?","$","M","M","R","E","R","T","M","M","?","$","M","R","B"],"character_chosen":"DEFECT","items_purchased":["Sweeping Beam","Hello World","Defragment","Darkness","Ball Lightning","Lantern","Self Repair","Redo","Go for the Eyes"],"campfire_rested":2,"item_purchase_floors":[4,4,11,11,11,20,30,30,30],"current_hp_per_floor":[74,72,71,75,52,42,30,52,52,44,59,58,75,75,75,75,75,74,74,75,65,52,52,3,25,25,11,20,45,60,51,51,0,0],"gold":56,"neow_bonus":"RANDOM_COMMON_RELIC","is_daily":false,"chose_seed":false,"campfire_upgraded":3,"win_rate":0.0,"timestamp":1611433638,"path_taken":["M","?","M","?","M","E","M","R","T","E","$","M","?","?","R","BOSS","M","?","?","M","M","R","E","R","T","M","M","?","$","M","R","BOSS"],"items_purchased_type":["Card","Card","Card","Card","Card","Relic","Card","Card","Card"],"build_version":"2020-12-22","purchased_purges":0,"victory":false,"max_hp_per_floor":[75,75,75,75,75,75,75,75,75,75,75,75,75,75,75,75,75,75,75,75,75,75,75,75,75,75,75,75,75,75,75,75,75,75],"card_choices":[{"not_picked":["Turbo","Streamline"],"picked":"Leap","floor":1},{"not_picked":["Beam Cell","Sunder"],"picked":"Coolheaded","floor":2},{"not_picked":["Biased Cognition","Chill"],"picked":"Lockon","floor":3},{"not_picked":["Double Energy","Consume"],"picked":"Steam","floor":5},{"not_picked":["Turbo","BootSequence"],"picked":"Cold Snap","floor":6},{"not_picked":["Cold Snap","Redo"],"picked":"Blizzard","floor":7},{"not_picked":["Reprogram","Steam Power"],"picked":"Skim","floor":10},{"not_picked":["BootSequence","Hologram"],"picked":"Barrage","floor":12},{"not_picked":["Meteor Strike","Creative AI"],"picked":"Electrodynamics","floor":16},{"not_picked":["Hologram","Sweeping Beam"],"picked":"Beam Cell","floor":18},{"not_picked":["Lockon","Stack"],"picked":"Darkness+1","floor":21},{"not_picked":["Skim","Streamline"],"picked":"Conserve Battery","floor":22},{"not_picked":["Barrage+1","Steam Power+1"],"picked":"Loop","floor":24},{"not_picked":["Reprogram","Streamline"],"picked":"Aggregate+1","floor":27},{"not_picked":["Tempest","All For One"],"picked":"Leap+1","floor":28},{"not_picked":["Stack","Cold Snap"],"picked":"Static Discharge","floor":31}],"player_experience":193062,"relics_obtained":[{"floor":6,"key":"Whetstone"},{"floor":9,"key":"CeramicFish"},{"floor":10,"key":"Omamori"},{"floor":24,"key":"Centennial Puzzle"},{"floor":26,"key":"StrikeDummy"}],"event_choices":[{"damage_healed":18,"gold_gain":0,"player_choice":"Healed","damage_taken":0,"max_hp_gain":0,"max_hp_loss":0,"event_name":"The Cleric","floor":13,"gold_loss":35},{"damage_healed":0,"gold_gain":0,"cards_transformed":["Strike_B"],"player_choice":"Change","damage_taken":0,"max_hp_gain":0,"max_hp_loss":0,"event_name":"Living Wall","floor":14,"gold_loss":0,"cards_obtained":["Darkness"]},{"damage_healed":0,"gold_gain":0,"player_choice":"Copied","damage_taken":0,"max_hp_gain":0,"max_hp_loss":0,"event_name":"Duplicator","floor":19,"gold_loss":0,"cards_obtained":["Defragment"]},{"damage_healed":25,"gold_gain":0,"player_choice":"Heal","damage_taken":0,"max_hp_gain":0,"max_hp_loss":0,"event_name":"The Library","floor":29,"gold_loss":0}],"is_beta":false,"boss_relics":[{"not_picked":["Astrolabe","Black Star"],"picked":"SlaversCollar"}],"items_purged_floors":[],"is_endless":false,"potions_floor_spawned":[5,6,7,16,22,27,28],"killed_by":"Champ","ascension_level":1}}