{"host":"3jjxuhjpio8e4zkv","time":1611431187,"event":{"mods":["BaseMod","Colored Map","Highlight Path","Minty Spire (QoL Compilation)","Permanent Neow","Relic Stats","StSLib"],"gold_per_floor":[111,122,122,197,207,207,242,5,30,30,50,60,71,106,106,182,182,182,82,82,82,82,82,82,82,82,82,29,29,29,29,29,29,29,29,29,29,0,0,0,0,0,0,0,0,0,0,0,0,0,0],"floor_reached":50,"language":"ENG","playtime":1798,"items_purged":["Strike_G","Setup"],"score":1074,"play_id":"528052e4-82ea-4363-8c55-a582607ed210","local_time":"20210123144627","is_ascension_mode":true,"campfire_choices":[{"data":"Masterful Stab","floor":6,"key":"SMITH"},{"floor":10,"key":"REST"},{"data":"Catalyst","floor":15,"key":"SMITH"},{"data":"Corpse Explosion","floor":23,"key":"SMITH"},{"data":"Deadly Poison","floor":25,"key":"SMITH"},{"data":"Deadly Poison","floor":27,"key":"SMITH"},{"floor":32,"key":"REST"},{"data":"Footwork","floor":40,"key":"SMITH"},{"floor":44,"key":"REST"},{"floor":47,"key":"REST"},{"floor":49,"key":"RECALL"}],"circlet_count":0,"master_deck":["AscendersBane","Defend_G+1","Defend_G","Defend_G","Defend_G","Defend_G+1","Survivor","Neutralize","Calculated Gamble+1","Quick Slash","Masterful Stab+1","Footwork+1","Venomology","Deadly Poison+1","Deadly Poison+1","Catalyst+1","Dagger Spray","Acrobatics","Dodge and Roll","Caltrops","Dash","Corpse Explosion+1","Dagger Throw+1","All Out Attack","Caltrops","Dagger Spray+1","Prepared+1","Blur","Adrenaline","Catalyst","Parasite"],"relics":["Ring of the Snake","PreservedInsect","Orrery","Ancient Tea Set","Pantograph","Ectoplasm","Potion Belt","Runic Dome","Red Mask","Strawberry","War Paint","Ice Cream"],"acts_visited":["Exordium","TheCity","TheBeyond"],"potions_floor_usage":[7,11,12,14,16,20,20,22,24,24,31,33,33,41,42,42,42,45,50,50,50,50],"damage_taken":[{"damage":2,"enemies":"2 Louse","floor":1,"turns":4},{"damage":2,"enemies":"Jaw Worm","floor":2,"turns":8},{"damage":0,"enemies":"Cultist","floor":5,"turns":4},{"damage":11,"enemies":"Gremlin Nob","floor":7,"turns":3},{"damage":0,"enemies":"3 Louse","floor":11,"turns":2},{"damage":6,"enemies":"Blue Slaver","floor":12,"turns":4},{"damage":2,"enemies":"Looter","floor":13,"turns":3},{"damage":19,"enemies":"3 Sentries","floor":14,"turns":8},{"damage":18,"enemies":"Hexaghost","floor":16,"turns":8},{"damage":3,"enemies":"3 Byrds","floor":18,"turns":2},{"damage":13,"enemies":"Shell Parasite","floor":20,"turns":5},{"damage":19,"enemies":"Snake Plant","floor":22,"turns":4},{"damage":1,"enemies":"Centurion and Healer","floor":24,"turns":5},{"damage":0,"enemies":"Chosen and Byrds","floor":31,"turns":3},{"damage":81,"enemies":"Collector","floor":33,"turns":9},{"damage":17,"enemies":"Orb Walker","floor":35,"turns":4},{"damage":4,"enemies":"3 Darklings","floor":36,"turns":3},{"damage":0,"enemies":"4 Shapes","floor":37,"turns":5},{"damage":14,"enemies":"Sphere and 2 Shapes","floor":41,"turns":5},{"damage":30,"enemies":"Reptomancer","floor":42,"turns":4},{"damage":22,"enemies":"Nemesis","floor":45,"turns":3},{"damage":11,"enemies":"Writhing Mass","floor":46,"turns":4},{"damage":0,"enemies":"Mind Bloom Boss Battle","floor":48,"turns":7},{"damage":82,"enemies":"Time Eater","floor":50,"turns":9}],"seed_played":"-2273828138602395489","potions_obtained":[{"floor":1,"key":"FearPotion"},{"floor":2,"key":"SkillPotion"},{"floor":7,"key":"FairyPotion"},{"floor":16,"key":"AttackPotion"},{"floor":22,"key":"Regen Potion"},{"floor":24,"key":"Block Potion"},{"floor":35,"key":"SteroidPotion"},{"floor":37,"key":"SkillPotion"},{"floor":42,"key":"SkillPotion"},{"floor":45,"key":"Fire Potion"}],"is_trial":false,"path_per_floor":["M","M","?","?","M","R","E","$","T","R","M","M","M","E","R","B",null,"M","$","M","?","M","R","M","R","T","R","$","?","?","M","R","B",null,"M","M","M","?","?","R","M","E","T","R","E","M","R","?","R","B"],"character_chosen":"THE_SILENT","items_purchased":["Orrery","PowerPotion"],"campfire_rested":4,"item_purchase_floors":[8,28],"current_hp_per_floor":[57,55,35,24,24,24,13,13,13,32,32,26,24,5,5,12,53,50,50,37,37,18,18,31,31,31,31,31,31,13,13,34,21,59,42,38,38,38,38,38,24,26,26,49,27,16,39,64,64,0,0],"gold":0,"neow_bonus":"TRANSFORM_CARD","is_daily":false,"chose_seed":false,"campfire_upgraded":6,"win_rate":0.0,"timestamp":1611431187,"path_taken":["M","M","?","?","M","R","E","$","T","R","M","M","?","E","R","BOSS","M","$","?","?","M","R","M","R","T","R","$","?","?","M","R","BOSS","M","M","M","?","?","R","M","E","T","R","E","M","R","?","R","BOSS"],"items_purchased_type":["Relic","Potion"],"build_version":"2020-12-22","purchased_purges":2,"victory":false,"max_hp_per_floor":[66,66,66,66,66,66,66,66,66,66,66,66,66,66,66,66,66,66,66,66,66,66,66,66,66,66,66,66,66,71,71,71,71,71,71,71,71,71,71,71,71,78,78,78,78,78,78,78,78,78,78],"relic_stats":{"counters":[24,116],"Pantograph":89,"PreservedInsect":146,"Ectoplasm":313,"War Paint":["Defend_G","Defend_G"],"obtain_stats":[{"Potion Belt":26,"Ice Cream":48,"Runic Dome":34,"Pantograph":14,"Strawberry":42,"Orrery":8,"PreservedInsect":7,"Ectoplasm":17,"Red Mask":38,"War Paint":45,"Ancient Tea Set":9,"Ring of the Snake":0},{"Potion Belt":13,"Ice Cream":23,"Runic Dome":15,"Pantograph":8,"Strawberry":20,"Orrery":4,"PreservedInsect":4,"Ectoplasm":9,"Red Mask":18,"War Paint":21,"Ancient Tea Set":4,"Ring of the Snake":0},{"Potion Belt":60,"Ice Cream":107,"Runic Dome":72,"Pantograph":36,"Strawberry":93,"Orrery":19,"PreservedInsect":19,"Ectoplasm":44,"Red Mask":84,"War Paint":96,"Ancient Tea Set":19,"Ring of the Snake":0}],"Ring of the Snake":[48]},"card_choices":[{"not_picked":["Predator","Reflex"],"picked":"Calculated Gamble","floor":1},{"not_picked":["Finisher","Sucker Punch"],"picked":"Quick Slash","floor":2},{"not_picked":["Tactician","Quick Slash"],"picked":"Masterful Stab","floor":5},{"not_picked":["Concentrate","Flying Knee"],"picked":"Footwork","floor":7},{"not_picked":["Bane","Cloak And Dagger"],"picked":"Venomology","floor":8},{"not_picked":["Envenom","Choke"],"picked":"Deadly Poison","floor":8},{"not_picked":["Distraction","Dodge and Roll"],"picked":"Deadly Poison","floor":8},{"not_picked":["Tactician","Deflect"],"picked":"Catalyst","floor":8},{"not_picked":["Dodge and Roll","Underhanded Strike"],"picked":"Dagger Spray","floor":8},{"not_picked":["Underhanded Strike","Dagger Throw"],"picked":"Acrobatics","floor":11},{"not_picked":["Deflect","Reflex"],"picked":"Dodge and Roll","floor":12},{"not_picked":["All Out Attack","Blade Dance"],"picked":"Caltrops","floor":13},{"not_picked":["Infinite Blades","Escape Plan"],"picked":"Dash","floor":14},{"not_picked":["Grand Finale","Tools of the Trade"],"picked":"Corpse Explosion","floor":16},{"not_picked":["Slice","Setup","Outmaneuver"],"picked":"SKIP","floor":18},{"not_picked":["Poisoned Stab","Accuracy"],"picked":"Dagger Throw+1","floor":20},{"not_picked":["Heel Hook","Flying Knee+1"],"picked":"Dagger Spray+1","floor":22},{"not_picked":["Cloak And Dagger","Dodge and Roll"],"picked":"Prepared+1","floor":24},{"not_picked":["Infinite Blades+1","Blade Dance"],"picked":"Blur","floor":31},{"not_picked":["Corpse Explosion","Storm of Steel"],"picked":"Adrenaline","floor":33},{"not_picked":["Eviscerate+1","Dagger Throw","Blade Dance+1"],"picked":"SKIP","floor":35},{"not_picked":["Sucker Punch","Adrenaline"],"picked":"Catalyst","floor":36},{"not_picked":["Cloak And Dagger+1","Quick Slash","Deflect"],"picked":"SKIP","floor":37},{"not_picked":["Deflect","Dagger Spray","Catalyst"],"picked":"SKIP","floor":41},{"not_picked":["Catalyst","Finisher","All Out Attack"],"picked":"SKIP","floor":42},{"not_picked":["Night Terror","All Out Attack","Cloak And Dagger"],"picked":"SKIP","floor":45},{"not_picked":["Underhanded Strike","Prepared","Deflect"],"picked":"SKIP","floor":46}],"player_experience":1235857,"relics_obtained":[{"floor":7,"key":"PreservedInsect"},{"floor":9,"key":"Ancient Tea Set"},{"floor":14,"key":"Pantograph"},{"floor":26,"key":"Potion Belt"},{"floor":42,"key":"Strawberry"},{"floor":45,"key":"War Paint"},{"floor":48,"key":"Ice Cream"}],"event_choices":[{"damage_healed":0,"gold_gain":0,"player_choice":"Entered Light","damage_taken":20,"max_hp_gain":0,"max_hp_loss":0,"event_name":"Shining Light","floor":3,"gold_loss":0,"cards_upgraded":["Strike_G","Calculated Gamble"]},{"damage_healed":0,"gold_gain":75,"player_choice":"Gather Gold","damage_taken":11,"max_hp_gain":0,"max_hp_loss":0,"event_name":"World of Goop","floor":4,"gold_loss":0},{"damage_healed":0,"gold_gain":0,"cards_transformed":["Strike_G","Strike_G"],"player_choice":"Became Test Subject","damage_taken":0,"max_hp_gain":0,"max_hp_loss":0,"event_name":"Drug Dealer","floor":21,"gold_loss":0,"cards_obtained":["All Out Attack","Caltrops"]},{"damage_healed":0,"gold_gain":0,"player_choice":"Ignored","damage_taken":0,"max_hp_gain":0,"max_hp_loss":0,"event_name":"Vampires","floor":29,"gold_loss":0},{"damage_healed":0,"gold_gain":0,"player_choice":"Shed Blood","damage_taken":23,"max_hp_gain":5,"max_hp_loss":0,"event_name":"Forgotten Altar","floor":30,"gold_loss":0},{"damage_healed":0,"gold_gain":0,"player_choice":"Paid","damage_taken":0,"relics_obtained":["Red Mask"],"max_hp_gain":0,"max_hp_loss":0,"event_name":"Tomb of Lord Red Mask","floor":38,"gold_loss":29},{"cards_removed":["Strike_G"],"damage_healed":0,"gold_gain":0,"player_choice":"Removed Attack","damage_taken":0,"max_hp_gain":0,"max_hp_loss":0,"event_name":"Falling","floor":39,"gold_loss":0},{"damage_healed":0,"gold_gain":0,"player_choice":"Fight","damage_taken":0,"max_hp_gain":0,"max_hp_loss":0,"event_name":"MindBloom","floor":48,"gold_loss":0}],"is_beta":false,"boss_relics":[{"not_picked":["Calling Bell","Ring of the Serpent"],"picked":"Ectoplasm"},{"not_picked":["SlaversCollar","WristBlade"],"picked":"Runic Dome"}],"items_purged_floors":[8,19],"is_endless":false,"potions_floor_spawned":[1,2,7,16,22,24,35,37,42,45],"killed_by":"Time Eater","ascension_level":20}}