{"host":"fiyb7gvx7tok3jeh","time":1611422983,"event":{"mods":["BaseMod","Colored Map","Colored Powertips","DeckTracker","Googly Eyes","Highlight Path","Minty Spire (QoL Compilation)"],"gold_per_floor":[117,117,117,42,53,81,81,112,165,165,176,189,189,43,43,142,142,142,42,42,42],"floor_reached":20,"language":"ENG","playtime":702,"items_purged":["Regret","Parasite"],"score":267,"play_id":"113ad2fb-72e6-44a5-835e-a2eb4d796562","local_time":"20210123192943","is_ascension_mode":true,"campfire_choices":[{"data":"Warcry","floor":7,"key":"SMITH"},{"data":"Rampage","floor":10,"key":"SMITH"},{"floor":15,"key":"REST"}],"circlet_count":0,"master_deck":["Strike_R+1","Strike_R","Strike_R","Strike_R","Defend_R","Defend_R","Defend_R","Defend_R","Bash+1","Warcry","Warcry+1","Rampage+1","Shrug It Off","Battle Trance","Berserk"],"relics":["Burning Blood","NeowsBlessing","Bag of Marbles","Boot","Matryoshka","Whetstone","Toy Ornithopter","Bag of Preparation","Ectoplasm"],"acts_visited":["Exordium","TheCity"],"potions_floor_usage":[16,16],"damage_taken":[{"damage":0,"enemies":"2 Louse","floor":1,"turns":1},{"damage":0,"enemies":"Jaw Worm","floor":5,"turns":1},{"damage":0,"enemies":"Gremlin Nob","floor":6,"turns":1},{"damage":60,"enemies":"Lagavulin","floor":8,"turns":6},{"damage":5,"enemies":"Small Slimes","floor":11,"turns":3},{"damage":6,"enemies":"Looter","floor":12,"turns":3},{"damage":76,"enemies":"Hexaghost","floor":16,"turns":11},{"damage":29,"enemies":"Spheric Guardian","floor":18,"turns":6},{"damage":0,"enemies":"2 Thieves","floor":20,"turns":1}],"seed_played":"5264234204853635497","potions_obtained":[{"floor":8,"key":"SneckoOil"},{"floor":12,"key":"SpeedPotion"}],"is_trial":false,"path_per_floor":["M","?","?","$","M","E","R","E","T","R","M","M","?","$","R","B",null,"M","$","M"],"character_chosen":"IRONCLAD","items_purchased":["Bag of Preparation"],"campfire_rested":1,"item_purchase_floors":[14],"current_hp_per_floor":[78,78,78,78,80,80,80,26,26,26,27,27,47,47,71,11,63,40,40,40,40],"gold":42,"neow_bonus":"THREE_ENEMY_KILL","is_daily":false,"chose_seed":false,"campfire_upgraded":2,"win_rate":0.0,"timestamp":1611422983,"path_taken":["M","?","?","$","M","E","R","E","T","R","M","M","?","?","R","BOSS","M","$","M"],"items_purchased_type":["Relic"],"build_version":"2020-12-22","purchased_purges":2,"victory":false,"max_hp_per_floor":[80,80,80,80,80,80,80,80,80,80,80,80,80,80,80,80,80,80,77,77,77],"card_choices":[{"not_picked":["Sword Boomerang","Iron Wave","Anger"],"picked":"SKIP","floor":1},{"not_picked":["Rupture","Disarm"],"picked":"Warcry","floor":5},{"not_picked":["Havoc","Blood for Blood"],"picked":"Warcry","floor":6},{"not_picked":["Twin Strike","Barricade"],"picked":"Rampage","floor":8},{"not_picked":["Perfected Strike","Thunderclap"],"picked":"Shrug It Off","floor":11},{"not_picked":["Havoc","Fire Breathing"],"picked":"Battle Trance","floor":12},{"not_picked":["Barricade","Demon Form"],"picked":"Berserk","floor":16},{"not_picked":["Combust","Blood for Blood","Body Slam"],"picked":"SKIP","floor":18}],"player_experience":274455,"relics_obtained":[{"floor":6,"key":"Boot"},{"floor":8,"key":"Matryoshka"},{"floor":9,"key":"Whetstone"},{"floor":9,"key":"Toy Ornithopter"}],"event_choices":[{"cards_removed":["Strike_R"],"damage_healed":0,"gold_gain":0,"player_choice":"Forget","damage_taken":0,"max_hp_gain":0,"max_hp_loss":0,"event_name":"Living Wall","floor":2,"gold_loss":0},{"damage_healed":0,"gold_gain":0,"player_choice":"Box","damage_taken":0,"relics_obtained":["Bag of Marbles"],"max_hp_gain":0,"max_hp_loss":0,"event_name":"Big Fish","floor":3,"gold_loss":0,"cards_obtained":["Regret"]},{"damage_healed":20,"gold_gain":0,"player_choice":"Healed and dodged fight","damage_taken":0,"max_hp_gain":0,"max_hp_loss":0,"event_name":"Mushrooms","floor":13,"gold_loss":0,"cards_obtained":["Parasite"]}],"is_beta":false,"boss_relics":[{"not_picked":["Calling Bell","Pandora\u0027s Box"],"picked":"Ectoplasm"}],"items_purged_floors":[4,19],"is_endless":false,"potions_floor_spawned":[8,12],"killed_by":"2 Thieves","ascension_level":6}}