{"host":"vj8ayykh40xqfkaq","time":1611416048,"event":{"mods":["Bard","BaseMod","Bestiary","Colored Map","Downfall","Jorbs\u0027s Wanderer Trilogy","Minty Spire (QoL Compilation)","StSLib"],"gold_per_floor":[116,116,132,148,158,193,193,226,226,226,237,252,264,284,284,389,389,408,420,93,38,51,82,101,131,131,62,78,89,102,102,102,102,102],"floor_reached":33,"language":"ENG","playtime":1650,"items_purged":[],"score":305,"play_id":"1d9c9f06-71e4-4258-88f1-007340c08c5e","local_time":"20210123173408","is_ascension_mode":false,"campfire_choices":[{"data":"Envenom","floor":7,"key":"SMITH"},{"data":"Neutralize","floor":10,"key":"SMITH"},{"floor":15,"key":"REST"},{"floor":32,"key":"REST"}],"circlet_count":0,"master_deck":["Strike_G+1","Strike_G+1","Defend_G+1","Defend_G+1","Defend_G+1","Defend_G+1","Defend_G+1","Survivor","Neutralize+1","Envenom+1","Neutralize","Blade Dance","Infinite Blades","Flying Knee","Dodge and Roll","Dodge and Roll","After Image","Wraith Form v2+1","PiercingWail+1","Poisoned Stab+1","Backflip","Dodge and Roll","Predator","Master of Strategy","Blade Dance+1","Finisher","Noxious Fumes+1","A Thousand Cuts","Backstab+1"],"relics":["Ring of the Snake","Nunchaku","Bag of Marbles","Ornamental Fan","Astrolabe","Mango","Bronze Scales","InkBottle"],"acts_visited":["Exordium","TheCity"],"potions_floor_usage":[23],"damage_taken":[{"damage":2,"enemies":"Jaw Worm","floor":1,"turns":6},{"damage":0,"enemies":"Cultist","floor":3,"turns":3},{"damage":0,"enemies":"2 Louse","floor":4,"turns":3},{"damage":10,"enemies":"Exordium Wildlife","floor":5,"turns":5},{"damage":19,"enemies":"3 Sentries","floor":6,"turns":13},{"damage":8,"enemies":"Lagavulin","floor":8,"turns":5},{"damage":1,"enemies":"Red Slaver","floor":11,"turns":2},{"damage":0,"enemies":"3 Louse","floor":12,"turns":3},{"damage":15,"enemies":"Large Slime","floor":13,"turns":6},{"damage":4,"enemies":"Blue Slaver","floor":14,"turns":3},{"damage":22,"enemies":"The Guardian","floor":16,"turns":12},{"damage":12,"enemies":"3 Byrds","floor":18,"turns":6},{"damage":5,"enemies":"Spheric Guardian","floor":19,"turns":6},{"damage":9,"enemies":"3 Cultists","floor":22,"turns":8},{"damage":17,"enemies":"Slavers","floor":23,"turns":6},{"damage":0,"enemies":"Snecko","floor":24,"turns":5},{"damage":10,"enemies":"Book of Stabbing","floor":25,"turns":5},{"damage":19,"enemies":"Sentry and Sphere","floor":28,"turns":5},{"damage":0,"enemies":"Centurion and Healer","floor":29,"turns":5},{"damage":13,"enemies":"Snake Plant","floor":30,"turns":4},{"damage":41,"enemies":"Collector","floor":33,"turns":6}],"seed_played":"8901196147499302480","potions_obtained":[{"floor":1,"key":"SneckoOil"},{"floor":3,"key":"Swift Potion"},{"floor":14,"key":"Explosive Potion"},{"floor":16,"key":"DistilledChaos"},{"floor":25,"key":"AttackPotion"},{"floor":29,"key":"SteroidPotion"}],"is_trial":false,"path_per_floor":["M","?","M","M","M","E","R","E","T","R","M","M","M","M","R","B",null,"M","M","$","?","M","E","M","E","T","$","M","M","M","?","R","B"],"character_chosen":"THE_SILENT","items_purchased":["Backflip","Dodge and Roll","Predator","Master of Strategy","A Thousand Cuts"],"campfire_rested":2,"item_purchase_floors":[20,20,20,20,27],"current_hp_per_floor":[68,68,68,68,58,39,39,31,31,31,30,30,15,11,32,10,70,58,53,53,70,61,58,58,48,48,48,29,29,16,16,41,0,0],"gold":102,"neow_bonus":"ONE_RANDOM_RARE_CARD","is_daily":false,"chose_seed":false,"campfire_upgraded":2,"win_rate":0.0,"timestamp":1611416048,"path_taken":["M","?","M","M","M","E","R","E","T","R","M","M","M","M","R","BOSS","M","M","?","?","M","E","M","E","T","?","?","M","M","?","R","BOSS"],"items_purchased_type":["Card","Card","Card","Card","Card"],"build_version":"2020-12-22","purchased_purges":0,"victory":false,"max_hp_per_floor":[70,70,70,70,70,70,70,70,70,70,70,70,70,70,70,70,70,70,70,70,70,70,84,84,84,84,84,84,84,84,84,84,84,84],"card_choices":[{"not_picked":["Riddle With Holes","Outmaneuver","Masterful Stab"],"picked":"SKIP","floor":1},{"not_picked":["Prepared","Distraction"],"picked":"Blade Dance","floor":3},{"not_picked":["Masterful Stab","Heel Hook"],"picked":"Infinite Blades","floor":4},{"not_picked":["Riddle With Holes","Calculated Gamble","Reflex"],"picked":"SKIP","floor":5},{"not_picked":["Bouncing Flask","Deadly Poison"],"picked":"Flying Knee","floor":6},{"not_picked":["Die Die Die","Reflex"],"picked":"Dodge and Roll","floor":8},{"not_picked":["Prepared","Quick Slash","Deflect"],"picked":"SKIP","floor":11},{"not_picked":["Prepared","Corpse Explosion"],"picked":"Dodge and Roll","floor":12},{"not_picked":["Acrobatics","Deflect","Prepared"],"picked":"SKIP","floor":13},{"not_picked":["Backstab","Deflect","Sucker Punch"],"picked":"SKIP","floor":14},{"not_picked":["Burst","Wraith Form v2"],"picked":"After Image","floor":16},{"not_picked":["Quick Slash","Prepared","Dagger Throw"],"picked":"SKIP","floor":18},{"not_picked":["Masterful Stab+1","Sucker Punch+1","Caltrops"],"picked":"SKIP","floor":19},{"not_picked":["Dash","Quick Slash"],"picked":"Blade Dance+1","floor":22},{"not_picked":["Distraction","Reflex","Flechettes"],"picked":"SKIP","floor":23},{"not_picked":["Endless Agony","Poisoned Stab+1"],"picked":"Finisher","floor":24},{"not_picked":["Deadly Poison","Infinite Blades+1"],"picked":"Noxious Fumes+1","floor":25},{"not_picked":["Flying Knee","Sucker Punch+1"],"picked":"Backstab+1","floor":28},{"not_picked":["Choke","Backflip","Slice"],"picked":"SKIP","floor":29},{"not_picked":["Caltrops+1","Bane","Tools of the Trade"],"picked":"SKIP","floor":30}],"player_experience":493605,"relics_obtained":[{"floor":6,"key":"Nunchaku"},{"floor":8,"key":"Bag of Marbles"},{"floor":9,"key":"Ornamental Fan"},{"floor":23,"key":"Mango"},{"floor":25,"key":"Bronze Scales"},{"floor":26,"key":"InkBottle"}],"event_choices":[{"damage_healed":0,"gold_gain":0,"player_choice":"1 cards matched","damage_taken":0,"max_hp_gain":0,"max_hp_loss":0,"event_name":"Match and Keep!","floor":2,"gold_loss":0,"cards_obtained":["Neutralize"]},{"damage_healed":0,"gold_gain":0,"player_choice":"Simplicity","damage_taken":0,"max_hp_gain":0,"max_hp_loss":0,"event_name":"Back to Basics","floor":31,"gold_loss":0,"cards_upgraded":["Strike_G","Strike_G","Defend_G","Defend_G","Defend_G","Defend_G","Defend_G"]}],"is_beta":false,"boss_relics":[{"not_picked":["Busted Crown","Runic Dome"],"picked":"Astrolabe"}],"items_purged_floors":[],"is_endless":false,"potions_floor_spawned":[1,3,14,16,18,25,28,29,30],"killed_by":"Collector","ascension_level":0}}