{"host":"q349ucdsdrgdzjwk","time":1611445906,"event":{"mods":["2.2 Compatiblity","A Penny For Your Troubles","AchievementEnabler","BaseMod","Beaked The Cultist","Better Altar","Better Match","Better Note","Better Skull","Better Third Choice","BetterRewards","Displayed Cursed Tome","Downfall","Friendly Minions","Googly Eyes","Gremlin Mod","Hermit","Hubris","Marisa????????","Minty Spire (QoL Compilation)","Permanent Neow","Robot Space Explorer","Shop Mod","Spire Arcade","StSLib","The Construct","The Cursed","The Disciple","The Marked","The Necromancer","The Servant 0.9.4","TheVacant","Transform Curses"],"gold_per_floor":[118,118,50,50,64,64,64,98,98,98,110,110,123,36,36,131,131,146,146,166,166,182,215,215,215,241,241,275,291,291,308,308,413,413,424,424,424,424,424,30,46,60,60,60,60,79,79,91,91,92],"floor_reached":51,"language":"ENG","playtime":2093,"items_purged":[],"score":708,"play_id":"35c6afeb-28e2-43c1-ab3c-498318caf548","local_time":"20210123235146","is_ascension_mode":false,"campfire_choices":[{"data":"Gremlin:BubbleBarrier","floor":6,"key":"SMITH"},{"data":"1","floor":10,"key":"LIFT"},{"data":"Gremlin:SharpenBlades","floor":15,"key":"SMITH"},{"data":"2","floor":24,"key":"LIFT"},{"data":"3","floor":27,"key":"LIFT"},{"data":"Gremlin:Pinprick","floor":30,"key":"SMITH"},{"data":"Gremlin:Pinprick","floor":32,"key":"SMITH"},{"data":"Gremlin:Pinprick","floor":49,"key":"SMITH"}],"circlet_count":0,"master_deck":["Gremlin:Strike","Gremlin:Strike","Gremlin:Strike","Gremlin:Strike","Gremlin:Defend","Gremlin:Defend","Gremlin:Defend","Gremlin:Defend+1","Gremlin:GremlinDance","Gremlin:BubbleBarrier+1","Gremlin:SharpenBlades+1","CurseOfTheBell","CurseOfTheBell","Gremlin:Pinprick+1","Gremlin:Glimmer","Gremlin:CounterStrike","Gremlin:CatScratch","Gremlin:FlipOut","Gremlin:IrksomeBlow","Gremlin:Pinprick+1","Gremlin:Stupend+1","downfall:Bewildered","Gremlin:DaggerDance+1","Gremlin:Pinprick+1","Gremlin:SecondVolley","Finesse","Gremlin:CounterStrike+1","Gremlin:Tricksy+1"],"relics":["Gremlin:GremlinBomb","downfall:ExtraCursedBell","Orichalcum","Torii","hubris:MysteriousPyramids","sneckomod:BlankCard","Girya","hubris:ScarierMask","Sundial","sneckomod:BabySnecko","War Paint","construct:BoolHorns","Sozu","hubris:Towel","TungstenRod","Letter Opener"],"acts_visited":["Exordium","TheCity","TheBeyond"],"potions_floor_usage":[8,8,23,23,33,33],"damage_taken":[{"damage":1,"enemies":"2 Louse","floor":1,"turns":2},{"damage":0,"enemies":"Small Slimes","floor":5,"turns":2},{"damage":13,"enemies":"Lagavulin","floor":8,"turns":5},{"damage":0,"enemies":"Cultist","floor":11,"turns":3},{"damage":0,"enemies":"Looter","floor":13,"turns":3},{"damage":5,"enemies":"Hexaghost","floor":16,"turns":10},{"damage":0,"enemies":"Chosen","floor":18,"turns":3},{"damage":0,"enemies":"2 Thieves","floor":20,"turns":1},{"damage":7,"enemies":"Snake Plant","floor":22,"turns":4},{"damage":11,"enemies":"Gremlin Leader","floor":23,"turns":5},{"damage":0,"enemies":"Slavers","floor":28,"turns":4},{"damage":0,"enemies":"Snecko","floor":29,"turns":3},{"damage":0,"enemies":"Cultist and Chosen","floor":31,"turns":1},{"damage":22,"enemies":"Collector","floor":33,"turns":6},{"damage":0,"enemies":"3 Shapes","floor":35,"turns":1},{"damage":0,"enemies":"Orb Walker","floor":41,"turns":1},{"damage":5,"enemies":"4 Shapes","floor":42,"turns":2},{"damage":18,"enemies":"Writhing Mass","floor":46,"turns":3},{"damage":0,"enemies":"Transient","floor":48,"turns":5},{"damage":51,"enemies":"Donu and Deca","floor":50,"turns":6}],"seed_played":"-5767742951166146164","potions_obtained":[{"floor":1,"key":"hexamod:SoulburnPotion"},{"floor":5,"key":"CultistPotion"},{"floor":13,"key":"hexamod:SoulburnPotion"},{"floor":20,"key":"Block Potion"},{"floor":23,"key":"Weak Potion"},{"floor":29,"key":"LiquidBronze"}],"is_trial":false,"path_per_floor":["M","?","$","?","M","R","?","E","T","R","M","?","M","$","R","B",null,"M","$","M","?","M","E","R","?","T","R","E","M","R","M","R","B",null,"M","?","?","?","?","$","M","M","T","R","$","M","$","M","R","B",null],"character_chosen":"GREMLIN","items_purchased":["Gremlin:SharpenBlades","Deep Breath","TungstenRod","Finesse"],"campfire_rested":0,"item_purchase_floors":[3,14,40,40],"current_hp_per_floor":[19,19,19,19,19,19,19,6,6,6,6,6,6,6,6,1,20,20,20,20,20,13,2,2,2,2,2,2,2,2,2,2,20,20,20,20,20,19,19,19,19,14,14,14,14,18,18,18,18,18],"gold":92,"neow_bonus":"BOSS_RELIC","is_daily":false,"chose_seed":false,"campfire_upgraded":5,"win_rate":0.0,"timestamp":1611445906,"path_taken":["M","?","$","?","M","R","?","E","T","R","?","?","M","$","R","BOSS","M","$","M","?","?","E","R","?","T","R","E","M","R","M","R","BOSS","M","?","?","?","?","?","M","M","T","R","$","M","$","M","R","BOSS"],"items_purchased_type":["Card","Card","Relic","Card"],"build_version":"2020-12-22","purchased_purges":0,"victory":true,"max_hp_per_floor":[20,20,20,20,20,20,20,20,20,20,20,20,20,20,20,20,20,20,20,20,20,20,20,20,20,20,20,20,20,20,20,20,20,20,20,20,20,19,19,19,19,19,19,18,18,18,18,18,18,18],"card_choices":[{"not_picked":["Gremlin:Astound","Gremlin:Tricksy"],"picked":"Gremlin:BubbleBarrier","floor":1},{"not_picked":["Gremlin:DaggerDance","Gremlin:Tricksy"],"picked":"Gremlin:Pinprick","floor":5},{"not_picked":["Gremlin:FeelTheAudience","Gremlin:DaggerDance"],"picked":"Gremlin:Glimmer","floor":8},{"not_picked":["Gremlin:InfiniteBlocks","Gremlin:Stupend"],"picked":"Gremlin:CounterStrike","floor":11},{"not_picked":["Gremlin:InfiniteBlocks","Gremlin:ShowOfHands"],"picked":"Gremlin:CatScratch","floor":13},{"not_picked":["Gremlin:ShowStopper","Gremlin:Necromancy"],"picked":"Gremlin:FlipOut","floor":16},{"not_picked":["Gremlin:GremlinMeal","Gremlin:Pretaliation","Gremlin:Mockery"],"picked":"SKIP","floor":18},{"not_picked":["Gremlin:GremlinMeal","Gremlin:InfiniteBlocks"],"picked":"Gremlin:IrksomeBlow","floor":20},{"not_picked":["Gremlin:Tricksy","Gremlin:PartyStick","Gremlin:Pretaliation+1"],"picked":"SKIP","floor":22},{"not_picked":["Gremlin:Encore","Gremlin:PourSalt"],"picked":"Gremlin:Stupend+1","floor":23},{"not_picked":["Gremlin:Tadah","Gremlin:PourSalt","Gremlin:BubbleBarrier"],"picked":"SKIP","floor":28},{"not_picked":["Gremlin:FollowThrough","Gremlin:GlitterGuard+1"],"picked":"Gremlin:DaggerDance+1","floor":29},{"not_picked":["Gremlin:Heckle","Gremlin:Changeo+1"],"picked":"Gremlin:Pinprick","floor":31},{"not_picked":["Gremlin:Fury","Gremlin:FlipOut"],"picked":"Gremlin:SecondVolley","floor":33},{"not_picked":["Gremlin:BubbleBarrier","Gremlin:Patsy","Gremlin:IrksomeBlow"],"picked":"SKIP","floor":35},{"not_picked":["Gremlin:PourSalt","Gremlin:CatScratch"],"picked":"Gremlin:CounterStrike+1","floor":41},{"not_picked":["Gremlin:GlitterGuard+1","Gremlin:GremlinToss+1","Gremlin:Glimmer"],"picked":"SKIP","floor":42},{"not_picked":["Gremlin:Tadah","Gremlin:TwistTheKnife"],"picked":"Gremlin:Tricksy+1","floor":46},{"not_picked":["Gremlin:Glimmer+1","Gremlin:BulkUp","Gremlin:Stupend"],"picked":"SKIP","floor":48}],"player_experience":441778,"relics_obtained":[{"floor":4,"key":"Orichalcum"},{"floor":4,"key":"Torii"},{"floor":4,"key":"hubris:MysteriousPyramids"},{"floor":8,"key":"sneckomod:BlankCard"},{"floor":9,"key":"Girya"},{"floor":23,"key":"Sundial"},{"floor":26,"key":"War Paint"},{"floor":28,"key":"construct:BoolHorns"},{"floor":43,"key":"Letter Opener"}],"event_choices":[{"damage_healed":0,"gold_gain":0,"player_choice":"Leave","damage_taken":0,"max_hp_gain":0,"max_hp_loss":0,"event_name":"The Cleric","floor":2,"gold_loss":0},{"cards_removed":["Gremlin:TagTeam"],"damage_healed":0,"gold_gain":0,"player_choice":"Offered Basic","damage_taken":0,"max_hp_gain":0,"max_hp_loss":0,"event_name":"Bonfire Elementals","floor":7,"gold_loss":0},{"damage_healed":0,"gold_gain":0,"player_choice":"Ignored","damage_taken":0,"max_hp_gain":0,"max_hp_loss":0,"event_name":"Golden Wing","floor":12,"gold_loss":0},{"damage_healed":0,"gold_gain":0,"player_choice":"Take","damage_taken":0,"max_hp_gain":0,"max_hp_loss":0,"event_name":"betterNote:BetterNote","floor":21,"gold_loss":0,"cards_obtained":["Gremlin:Pinprick"]},{"cards_removed":["Deep Breath"],"damage_healed":0,"gold_gain":0,"player_choice":"Removed Skill","damage_taken":0,"max_hp_gain":0,"max_hp_loss":0,"event_name":"Falling","floor":36,"gold_loss":0},{"damage_healed":0,"gold_gain":0,"player_choice":"Ignored","damage_taken":0,"max_hp_gain":0,"max_hp_loss":0,"event_name":"Tomb of Lord Red Mask","floor":37,"gold_loss":0},{"damage_healed":0,"gold_gain":0,"player_choice":"Max HP","damage_taken":0,"max_hp_gain":0,"max_hp_loss":1,"event_name":"Winding Halls","floor":38,"gold_loss":0}],"is_beta":false,"boss_relics":[{"not_picked":["bronze:MakeshiftBattery","beaked:MawFillet"],"picked":"hubris:ScarierMask"},{"not_picked":["hubris:HollowSoul","construct:ClawGrip"],"picked":"Sozu"}],"items_purged_floors":[],"is_endless":false,"potions_floor_spawned":[1,5,13,20,23,29,42,46,48],"ascension_level":0}}