{"host":"ao4lxi9bhtts409i","time":1611367515,"event":{"mods":["AchievementEnabler","BaseMod","Colored Map","Colored Powertips","Minty Spire (QoL Compilation)","SuperFastMode"],"gold_per_floor":[109,34,47,60,38,69,69,81,81,81,99,124,1,19,19,119,119,137,149,162,162,162,162,162],"floor_reached":23,"language":"ENG","playtime":918,"items_purged":["Strike_R","Defend_R"],"score":244,"play_id":"497542f7-4917-4854-983d-09f9af29f423","local_time":"20210123030515","is_ascension_mode":true,"campfire_choices":[{"floor":7,"key":"REST"},{"floor":15,"key":"REST"}],"circlet_count":0,"master_deck":["Strike_R","Strike_R","Defend_R","Defend_R","Bash","Sword Boomerang+1","Fire Breathing+1","Rampage+1","Reckless Charge","Whirlwind","Shrug It Off","Shrug It Off","Offering","Evolve","Headbutt","Wild Strike","Corruption","Spot Weakness","Wild Strike+1","Necronomicurse"],"relics":["Astrolabe","MealTicket","Bag of Preparation","StrikeDummy","Sozu","Necronomicon"],"acts_visited":["Exordium","TheCity"],"potions_floor_usage":[6,11,23],"damage_taken":[{"damage":7,"enemies":"Jaw Worm","floor":1,"turns":3},{"damage":0,"enemies":"Cultist","floor":3,"turns":3},{"damage":21,"enemies":"Small Slimes","floor":4,"turns":3},{"damage":16,"enemies":"Gremlin Nob","floor":6,"turns":3},{"damage":6,"enemies":"Blue Slaver","floor":8,"turns":4},{"damage":7,"enemies":"Large Slime","floor":11,"turns":4},{"damage":12,"enemies":"Lagavulin","floor":12,"turns":7},{"damage":6,"enemies":"Lots of Slimes","floor":14,"turns":1},{"damage":53,"enemies":"The Guardian","floor":16,"turns":11},{"damage":14,"enemies":"Shell Parasite","floor":18,"turns":4},{"damage":6,"enemies":"Chosen","floor":19,"turns":3},{"damage":40,"enemies":"Shelled Parasite and Fungi","floor":20,"turns":4},{"damage":41,"enemies":"Book of Stabbing","floor":23,"turns":3}],"seed_played":"-4395346492104511642","potions_obtained":[{"floor":3,"key":"PowerPotion"},{"floor":6,"key":"Block Potion"},{"floor":16,"key":"SpeedPotion"}],"is_trial":false,"path_per_floor":["M","$","M","M","$","E","R","M","T","?","M","E","$","M","R","B",null,"M","M","M","?","?","E"],"character_chosen":"IRONCLAD","items_purchased":["Shrug It Off","Wild Strike"],"campfire_rested":2,"item_purchase_floors":[5,13],"current_hp_per_floor":[73,73,73,52,52,36,60,54,54,54,47,35,50,44,68,15,80,66,60,20,4,30,0,0],"gold":162,"neow_bonus":"BOSS_RELIC","is_daily":false,"chose_seed":false,"campfire_upgraded":0,"win_rate":0.0,"timestamp":1611367515,"path_taken":["M","$","M","M","$","E","R","M","T","?","M","E","$","M","R","BOSS","M","M","?","?","?","E"],"items_purchased_type":["Card","Card"],"build_version":"2020-12-22","purchased_purges":2,"victory":false,"max_hp_per_floor":[80,80,80,80,80,80,80,80,80,80,80,80,80,80,80,80,80,80,80,80,80,80,80,80],"card_choices":[{"not_picked":["Twin Strike","Clash"],"picked":"Reckless Charge","floor":1},{"not_picked":["Iron Wave","True Grit"],"picked":"Whirlwind","floor":3},{"not_picked":["Combust","Berserk"],"picked":"Shrug It Off","floor":4},{"not_picked":["Clash","Whirlwind"],"picked":"Offering","floor":6},{"not_picked":["Clash","Warcry"],"picked":"Evolve","floor":8},{"not_picked":["Clash","Flex","Twin Strike"],"picked":"SKIP","floor":11},{"not_picked":["Entrench","Cleave"],"picked":"Headbutt","floor":12},{"not_picked":["Clothesline","Bloodletting","Anger"],"picked":"SKIP","floor":14},{"not_picked":["Limit Break","Exhume"],"picked":"Corruption","floor":16},{"not_picked":["Second Wind","Shrug It Off"],"picked":"Spot Weakness","floor":18},{"not_picked":["Hemokinesis+1","Iron Wave+1"],"picked":"Wild Strike+1","floor":19},{"not_picked":["Flex+1","Cleave","Headbutt"],"picked":"SKIP","floor":20}],"player_experience":246701,"relics_obtained":[{"floor":6,"key":"MealTicket"},{"floor":9,"key":"Bag of Preparation"},{"floor":12,"key":"StrikeDummy"},{"floor":21,"key":"Necronomicon"}],"event_choices":[{"damage_healed":0,"gold_gain":0,"player_choice":"Bought 0 Potions","damage_taken":0,"max_hp_gain":0,"max_hp_loss":0,"event_name":"The Woman in Blue","floor":10,"gold_loss":0},{"damage_healed":0,"gold_gain":0,"player_choice":"Obtained Book","damage_taken":16,"max_hp_gain":0,"max_hp_loss":0,"event_name":"Cursed Tome","floor":21,"gold_loss":0},{"damage_healed":26,"gold_gain":0,"player_choice":"Heal","damage_taken":0,"max_hp_gain":0,"max_hp_loss":0,"event_name":"The Library","floor":22,"gold_loss":0}],"is_beta":false,"boss_relics":[{"not_picked":["Runic Pyramid","Runic Cube"],"picked":"Sozu"}],"items_purged_floors":[2,13],"is_endless":false,"potions_floor_spawned":[3,6,16,18,19],"killed_by":"Book of Stabbing","ascension_level":4}}