{"host":"urvvf8749ekcxo1a","time":1611371717,"event":{"mods":["AchievementEnabler","BaseMod","Better Sensory Stone","BetterRewards","Colored Powertips","Evolution","Gold Saver","Marisa????????","Minty Spire (QoL Compilation)","Quick Restart","StSLib","SuperFastMode","The Cursed","The Hierophant","The Saiyan","The Servant 0.9.4","The Wild Card"],"gold_per_floor":[829,1004,1004,1064,989,989,989,989,1016,1103,1103,435,465,546,546,834,834,885,885,936,1011,574,574,655,754,754,459,552,353,452,149,149,440,440,485,539,639,293,395,395,395,166,166,166,166,271,364,424,424,424],"floor_reached":51,"language":"ENG","playtime":1840,"items_purged":["Reflex","Reset","Outmaneuver","Headbutt","Sword Boomerang","Sword Boomerang","Warcry","Warcry+1"],"score":1236,"play_id":"e770aabd-ecd6-4257-9e64-4d90d0d95ae2","local_time":"20210122221517","daily_mods":["SealedDeck","Vintage","Red Cards","Green Cards","Colorless Cards","Heirloom","Time Dilation","Flight","DeadlyEvents","Elite Swarm","Lethality","Midas"],"is_ascension_mode":false,"campfire_choices":[{"floor":6,"key":"RECALL"},{"floor":7,"key":"REST"},{"floor":8,"key":"REST"},{"floor":15,"key":"REST"},{"floor":23,"key":"REST"},{"floor":32,"key":"REST"},{"floor":40,"key":"REST"},{"floor":41,"key":"REST"},{"floor":44,"key":"REST"},{"floor":49,"key":"REST"}],"circlet_count":0,"master_deck":["ShatteredReality","Slice+1","Body Slam+1","Anger","Anger"],"relics":["Unceasing Top","EVO:Axolotl","Dead Branch","Vajra","Thread and Needle","Oddly Smooth Stone","Anchor","Torii","Pantograph","Ancient Tea Set","Mercury Hourglass","Black Star","Smiling Mask","Dream Catcher","Letter Opener","Meat on the Bone","Mummified Hand","Omamori","Art of War","PocketWatch","Kunai","Shuriken","Nunchaku","Lee\u0027s Waffle","Ice Cream","Turnip","Matryoshka","Calling Bell","Toy Ornithopter","Ornamental Fan","Calipers","InkBottle","Potion Belt","Medical Kit","Pen Nib","White Beast Statue","Centennial Puzzle","DollysMirror","PreservedInsect","Singing Bowl","Lantern","StrikeDummy","Pocketwatch","Gremlin Horn","The Courier"],"acts_visited":["Exordium","TheCity","TheBeyond"],"potions_floor_usage":[10,16,24,33,33,39,39],"damage_taken":[{"damage":0,"enemies":"2 Louse","floor":1,"turns":1},{"damage":0,"enemies":"Small Slimes","floor":4,"turns":1},{"damage":8,"enemies":"3 Sentries","floor":10,"turns":2},{"damage":0,"enemies":"Cultist","floor":13,"turns":1},{"damage":0,"enemies":"Lagavulin","floor":14,"turns":2},{"damage":0,"enemies":"Slime Boss","floor":16,"turns":5},{"damage":0,"enemies":"Chosen","floor":18,"turns":1},{"damage":0,"enemies":"Spheric Guardian","floor":20,"turns":2},{"damage":0,"enemies":"Gremlin Leader","floor":21,"turns":2},{"damage":15,"enemies":"Slavers","floor":24,"turns":2},{"damage":0,"enemies":"Gremlin Leader","floor":28,"turns":2},{"damage":0,"enemies":"Slavers","floor":30,"turns":1},{"damage":27,"enemies":"Collector","floor":33,"turns":5},{"damage":0,"enemies":"Orb Walker","floor":35,"turns":2},{"damage":0,"enemies":"3 Shapes","floor":36,"turns":1},{"damage":88,"enemies":"Nemesis","floor":39,"turns":5},{"damage":0,"enemies":"Reptomancer","floor":46,"turns":1},{"damage":0,"enemies":"Nemesis","floor":47,"turns":1},{"damage":0,"enemies":"Spire Growth","floor":48,"turns":1},{"damage":0,"enemies":"Awakened One","floor":50,"turns":2}],"seed_played":"4143946376049767165","potions_obtained":[{"floor":4,"key":"AttackPotion"},{"floor":13,"key":"Weak Potion"},{"floor":14,"key":"GamblersBrew"},{"floor":21,"key":"AttackPotion"},{"floor":24,"key":"Explosive Potion"},{"floor":33,"key":"FearPotion"},{"floor":35,"key":"Dexterity Potion"},{"floor":46,"key":"Weak Potion"},{"floor":47,"key":"SkillPotion"},{"floor":48,"key":"SkillPotion"}],"is_trial":true,"path_per_floor":["M","?","?","M","$","R","R","R","T","E","?","$","M","E","R","B",null,"M","?","M","E","$","R","E","?","T","$","E","$","E","$","R","B",null,"M","M","?","$","E","R","R","$","T","R","?","E","E","M","R","B",null],"character_chosen":"THE_SERVANT","items_purchased":["Torii","Pantograph","Mummified Hand","Omamori","Kunai","Lee\u0027s Waffle","Matryoshka","Medical Kit","Pen Nib","Anger","DollysMirror"],"campfire_rested":9,"item_purchase_floors":[12,12,22,22,27,29,31,38,38,42,42],"current_hp_per_floor":[73,73,66,66,66,66,73,73,73,65,50,50,50,50,71,73,73,73,73,73,73,73,73,58,58,58,58,58,80,80,80,80,53,80,80,80,80,80,14,38,62,62,62,82,78,80,82,82,84,84],"gold":424,"neow_bonus":"","is_daily":false,"chose_seed":false,"campfire_upgraded":0,"win_rate":0.0,"timestamp":1611371717,"path_taken":["M","?","?","?","$","R","R","R","T","E","?","$","?","?","R","BOSS","M","?","?","?","$","R","E","?","T","?","E","$","E","$","R","BOSS","M","M","?","$","?","R","R","$","T","R","?","E","E","M","R","BOSS"],"items_purchased_type":["Relic","Relic","Relic","Relic","Relic","Relic","Relic","Relic","Relic","Card","Relic"],"build_version":"2020-12-22","purchased_purges":8,"victory":true,"max_hp_per_floor":[73,73,73,73,73,73,73,73,73,73,73,73,73,73,73,73,73,73,73,73,73,73,73,73,73,73,73,73,80,80,80,80,80,80,80,80,80,80,80,80,80,80,80,82,78,80,82,82,84,84],"card_choices":[{"not_picked":["Impervious","Doppelganger","Secret Weapon"],"picked":"SKIP","floor":10},{"not_picked":["Solidify","Phantasmal Killer","Barricade"],"picked":"SKIP","floor":14},{"not_picked":["Phantasmal Killer","TheWorld","Unload"],"picked":"SKIP","floor":21},{"not_picked":["Malaise","Metamorphosis","Initiator"],"picked":"SKIP","floor":24},{"not_picked":["Feed","FlawlessForm","ForgedInTime"],"picked":"SKIP","floor":28},{"not_picked":["Berserk","Phantasmal Killer","Panache"],"picked":"SKIP","floor":30},{"not_picked":["Violence","Unload","Berserk"],"picked":"SKIP","floor":39},{"not_picked":["Comet","Entrench+1"],"picked":"Body Slam+1","floor":40},{"not_picked":["Dagger Throw+1","DoubleEdge+1","Second Wind"],"picked":"Singing Bowl","floor":44},{"not_picked":["Panache","Solidify","Exhume"],"picked":"Singing Bowl","floor":46},{"not_picked":["Doppelganger","Violence","Secret Technique"],"picked":"Singing Bowl","floor":47},{"not_picked":["Anger","TimeWarp+1","Armaments"],"picked":"Singing Bowl","floor":49}],"player_experience":150829,"relics_obtained":[{"floor":1,"key":"Vajra"},{"floor":4,"key":"Thread and Needle"},{"floor":9,"key":"Oddly Smooth Stone"},{"floor":10,"key":"Anchor"},{"floor":13,"key":"Ancient Tea Set"},{"floor":14,"key":"Mercury Hourglass"},{"floor":18,"key":"Smiling Mask"},{"floor":20,"key":"Dream Catcher"},{"floor":21,"key":"Letter Opener"},{"floor":21,"key":"Meat on the Bone"},{"floor":24,"key":"Art of War"},{"floor":24,"key":"PocketWatch"},{"floor":28,"key":"Shuriken"},{"floor":28,"key":"Nunchaku"},{"floor":30,"key":"Ice Cream"},{"floor":30,"key":"Turnip"},{"floor":34,"key":"Toy Ornithopter"},{"floor":34,"key":"Ornamental Fan"},{"floor":34,"key":"Calipers"},{"floor":35,"key":"InkBottle"},{"floor":36,"key":"Potion Belt"},{"floor":39,"key":"White Beast Statue"},{"floor":39,"key":"Centennial Puzzle"},{"floor":43,"key":"PreservedInsect"},{"floor":43,"key":"Singing Bowl"},{"floor":46,"key":"Lantern"},{"floor":46,"key":"StrikeDummy"},{"floor":47,"key":"Pocketwatch"},{"floor":47,"key":"Gremlin Horn"},{"floor":48,"key":"The Courier"}],"event_choices":[{"damage_healed":0,"gold_gain":175,"player_choice":"AGREE","damage_taken":0,"max_hp_gain":0,"max_hp_loss":0,"event_name":"Liars Game","floor":2,"gold_loss":0,"cards_obtained":["Doubt"]},{"damage_healed":0,"gold_gain":0,"player_choice":"Damaged","damage_taken":7,"max_hp_gain":0,"max_hp_loss":0,"event_name":"Wheel of Change","floor":3,"gold_loss":0},{"damage_healed":0,"gold_gain":0,"player_choice":"Entered Light","damage_taken":15,"max_hp_gain":0,"max_hp_loss":0,"event_name":"Shining Light","floor":11,"gold_loss":0,"cards_upgraded":["Warcry","Slice"]},{"cards_removed":["Doubt"],"damage_healed":0,"gold_gain":0,"player_choice":"Elegance","damage_taken":0,"max_hp_gain":0,"max_hp_loss":0,"event_name":"Back to Basics","floor":19,"gold_loss":0},{"damage_healed":0,"gold_gain":99,"player_choice":"Stole From Cult","damage_taken":0,"max_hp_gain":0,"max_hp_loss":0,"event_name":"Nest","floor":25,"gold_loss":0},{"damage_healed":0,"gold_gain":100,"player_choice":"Pray","damage_taken":0,"max_hp_gain":0,"max_hp_loss":0,"event_name":"Golden Shrine","floor":37,"gold_loss":0},{"damage_healed":0,"gold_gain":0,"player_choice":"Max HP","damage_taken":0,"max_hp_gain":0,"max_hp_loss":4,"event_name":"Winding Halls","floor":45,"gold_loss":0}],"is_beta":false,"boss_relics":[{"not_picked":["Astrolabe","SlaversCollar"],"picked":"Black Star"},{"not_picked":["Sozu","StoneMask"],"picked":"Calling Bell"}],"items_purged_floors":[5,12,22,27,29,31,38,42],"is_endless":false,"potions_floor_spawned":[4,13,14,21,24,33,35,46,47,48],"ascension_level":0}}