{"host":"f0gpob8hq9vgebej","time":1611415290,"event":{"mods":["AchievementEnabler","BaseMod","Minty Spire (QoL Compilation)","Quick Restart","SuperFastMode"],"gold_per_floor":[18,18,43,67,118,152,172,187,237,237,60,60,74,87,87,215,215,228,252,177,208,227,227,243,264,264,11,26,47,47,63,63,191,191,211,86,106,129,129,129,129,129],"floor_reached":41,"language":"KOR","playtime":1186,"items_purged":["Strike_G","Strike_G","Strike_G"],"score":622,"play_id":"2a698f1e-5920-44a8-96c3-70042324d997","local_time":"20210124002130","is_ascension_mode":true,"campfire_choices":[{"data":"Dagger Spray","floor":10.0,"key":"SMITH"},{"data":"Blade Dance","floor":12.0,"key":"SMITH"},{"data":"Poisoned Stab","floor":15.0,"key":"SMITH"},{"data":"Envenom","floor":23.0,"key":"SMITH"},{"data":"Phantasmal Killer","floor":30.0,"key":"SMITH"},{"floor":32.0,"key":"REST"},{"floor":40.0,"key":"REST"}],"circlet_count":0,"master_deck":["AscendersBane","Strike_G","Strike_G","Defend_G","Defend_G","Defend_G","Defend_G","Defend_G","Survivor","Neutralize","Backstab","Calculated Gamble","Dagger Spray+1","Poisoned Stab+1","Acrobatics","Blade Dance+1","Adrenaline","Crippling Poison","Envenom+1","Acrobatics+1","PiercingWail+1","Blade Dance+1","Tactician","Phantasmal Killer+1","Concentrate+1","Prepared","Venomology","Blade Dance+1","Finisher+1"],"relics":["Ring of the Snake","Thread and Needle","Golden Idol","Oddly Smooth Stone","The Specimen","Dream Catcher","HoveringKite","Red Mask","FossilizedHelix","SacredBark"],"acts_visited":["Exordium","TheCity","TheBeyond"],"potions_floor_usage":[41,41,41],"damage_taken":[{"damage":0.0,"enemies":"Jaw Worm","floor":1.0,"turns":5.0},{"damage":0.0,"enemies":"Small Slimes","floor":3.0,"turns":4.0},{"damage":0.0,"enemies":"2 Louse","floor":4.0,"turns":2.0},{"damage":6.0,"enemies":"3 Sentries","floor":6.0,"turns":8.0},{"damage":4.0,"enemies":"Lots of Slimes","floor":7.0,"turns":4.0},{"damage":0.0,"enemies":"Looter","floor":8.0,"turns":3.0},{"damage":0.0,"enemies":"Red Slaver","floor":13.0,"turns":3.0},{"damage":0.0,"enemies":"Exordium Thugs","floor":14.0,"turns":3.0},{"damage":28.0,"enemies":"Slime Boss","floor":16.0,"turns":12.0},{"damage":0.0,"enemies":"2 Thieves","floor":18.0,"turns":3.0},{"damage":0.0,"enemies":"3 Byrds","floor":19.0,"turns":4.0},{"damage":17.0,"enemies":"Masked Bandits","floor":21.0,"turns":4.0},{"damage":0.0,"enemies":"Snake Plant","floor":22.0,"turns":5.0},{"damage":0.0,"enemies":"3 Cultists","floor":24.0,"turns":3.0},{"damage":0.0,"enemies":"Cultist and Chosen","floor":25.0,"turns":4.0},{"damage":9.0,"enemies":"Shelled Parasite and Fungi","floor":28.0,"turns":4.0},{"damage":10.0,"enemies":"Snake Plant","floor":29.0,"turns":5.0},{"damage":0.0,"enemies":"Chosen and Byrds","floor":31.0,"turns":4.0},{"damage":42.0,"enemies":"Automaton","floor":33.0,"turns":7.0},{"damage":6.0,"enemies":"3 Shapes","floor":35.0,"turns":5.0},{"damage":8.0,"enemies":"3 Darklings","floor":37.0,"turns":6.0},{"damage":28.0,"enemies":"4 Shapes","floor":38.0,"turns":7.0},{"damage":38,"enemies":"Nemesis","floor":41,"turns":7}],"seed_played":"6941950013040281695","potions_obtained":[{"floor":4.0,"key":"EssenceOfSteel"},{"floor":6.0,"key":"Poison Potion"},{"floor":18.0,"key":"EntropicBrew"},{"floor":24.0,"key":"FairyPotion"},{"floor":29.0,"key":"Energy Potion"},{"floor":31.0,"key":"Strength Potion"},{"floor":39.0,"key":"PowerPotion"}],"is_trial":false,"path_per_floor":["M","?","M","M","T","E","M","M","T","R","$","R","M","M","R","B",null,"M","M","$","?","M","R","M","M","T","$","M","M","R","M","R","B",null,"M","$","M","M","?","R","E"],"character_chosen":"THE_SILENT","items_purchased":["Blade Dance","Adrenaline","Phantasmal Killer"],"campfire_rested":2,"item_purchase_floors":[11,11,27],"current_hp_per_floor":[63,46,46,46,46,40,36,36,36,36,36,36,36,36,36,8,55,55,55,55,38,38,38,38,38,38,38,29,19,19,19,40,21,58,52,52,44,16,16,37,0,0],"gold":129,"neow_bonus":"ONE_RARE_RELIC","is_daily":false,"chose_seed":false,"campfire_upgraded":5,"win_rate":0.0,"timestamp":1611415290,"path_taken":["M","?","M","M","?","E","M","M","T","R","$","R","M","M","R","BOSS","M","M","$","?","M","R","M","M","T","$","M","M","R","M","R","BOSS","M","$","M","M","?","R","E"],"items_purchased_type":["Card","Card","Card"],"build_version":"2020-12-22","purchased_purges":3,"victory":false,"max_hp_per_floor":[70,70,70,70,70,70,70,70,70,70,70,70,70,70,70,70,70,70,70,70,70,70,70,70,70,70,70,70,70,70,70,70,70,70,70,70,70,70,70,70,70,70],"card_choices":[{"not_picked":["Cloak And Dagger","Reflex"],"picked":"Backstab","floor":1.0},{"not_picked":["Outmaneuver","Sucker Punch"],"picked":"Calculated Gamble","floor":3.0},{"not_picked":["Quick Slash","Finisher"],"picked":"Dagger Spray","floor":4.0},{"not_picked":["Acrobatics","Underhanded Strike"],"picked":"Poisoned Stab","floor":6.0},{"not_picked":["Bane","Cloak And Dagger","Dagger Throw"],"picked":"SKIP","floor":7.0},{"not_picked":["Bane","Cloak And Dagger","Dagger Throw"],"picked":"SKIP","floor":7.0},{"not_picked":["Prepared","PiercingWail"],"picked":"Acrobatics","floor":8.0},{"not_picked":["Night Terror","Underhanded Strike","Cloak And Dagger"],"picked":"SKIP","floor":13.0},{"not_picked":["Calculated Gamble","Bane"],"picked":"Crippling Poison","floor":14.0},{"not_picked":["Tools of the Trade","Storm of Steel"],"picked":"Envenom","floor":16.0},{"not_picked":["Masterful Stab","PiercingWail"],"picked":"Acrobatics+1","floor":18.0},{"not_picked":["Dagger Throw","Slice"],"picked":"PiercingWail+1","floor":19.0},{"not_picked":["Leg Sweep","Footwork"],"picked":"Blade Dance+1","floor":22.0},{"not_picked":["Outmaneuver","PiercingWail"],"picked":"Tactician","floor":24.0},{"not_picked":["Distraction","Well Laid Plans","Dagger Spray"],"picked":"SKIP","floor":25.0},{"not_picked":["Terror","Deadly Poison","Underhanded Strike"],"picked":"SKIP","floor":28.0},{"not_picked":["Sucker Punch","Acrobatics"],"picked":"Concentrate+1","floor":29.0},{"not_picked":["Blur","Underhanded Strike","Flechettes"],"picked":"SKIP","floor":31.0},{"not_picked":["Flechettes","Escape Plan"],"picked":"Prepared","floor":32.0},{"not_picked":["Storm of Steel","Die Die Die"],"picked":"Venomology","floor":33.0},{"not_picked":["All Out Attack+1","Bane"],"picked":"Blade Dance+1","floor":35.0},{"not_picked":["Prepared","Deflect+1","Quick Slash+1"],"picked":"SKIP","floor":37.0},{"not_picked":["Malaise","Deflect+1","Outmaneuver"],"picked":"SKIP","floor":38.0},{"not_picked":["Blade Dance","Sucker Punch"],"picked":"Finisher+1","floor":40.0}],"player_experience":239303,"relics_obtained":[{"floor":5.0,"key":"Oddly Smooth Stone"},{"floor":6.0,"key":"The Specimen"},{"floor":9.0,"key":"Dream Catcher"},{"floor":21.0,"key":"Red Mask"},{"floor":26.0,"key":"FossilizedHelix"}],"event_choices":[{"damage_healed":0.0,"max_hp_gain":0.0,"max_hp_loss":0.0,"gold_gain":0.0,"event_name":"Golden Idol","player_choice":"Take Damage","floor":2.0,"gold_loss":0.0,"damage_taken":17.0,"relics_obtained":["Golden Idol"]},{"damage_healed":0.0,"max_hp_gain":0.0,"max_hp_loss":0.0,"gold_gain":0.0,"event_name":"Masked Bandits","player_choice":"Fought Bandits","floor":21.0,"gold_loss":0.0,"damage_taken":0.0},{"damage_healed":0.0,"max_hp_gain":0.0,"max_hp_loss":0.0,"gold_gain":0.0,"event_name":"Lab","player_choice":"Got Potions","floor":39.0,"gold_loss":0.0,"damage_taken":0.0}],"is_beta":false,"boss_relics":[{"not_picked":["Snecko Eye","Ring of the Serpent"],"picked":"HoveringKite"},{"not_picked":["Velvet Choker","Tiny House"],"picked":"SacredBark"}],"items_purged_floors":[20,27,36],"is_endless":false,"potions_floor_spawned":[4,6,7,18,22,24,29,31],"killed_by":"Nemesis","ascension_level":11}}