{"host":"5f3w3xqo483bhjcu","time":1611395754,"event":{"mods":["Act Like it!","BaseMod","KinomotoSakuraMod(木之本樱)","Koishi","Marisa（F雨　魔理沙）","Minty Spire (QoL Compilation)","Reimu（博丽灵梦）","Remilia（蕾米莉亚）","StSLib","The Servant 0.9.4","Waifu the Spire","WarShipGirlsR/战舰少女R mod","Yakumo Yukari mod","Youmu（魂魄妖梦）","Yuyuko","[IsaacMod]以撒尖塔","【遗物卡牌】REMEMod"],"gold_per_floor":[279,279,40,59,159,191,191,205,205,236,252,273,1,1,1,95,95,90,106,103,103,99,92,92,99,99,107,57,57,57,103,103,200,200,210,265,365,361,361,361,357,370,422,422,45,45,98,116,116,113],"floor_reached":51,"language":"ZHS","playtime":2166,"items_purged":["rmod:strick","Mirror_FourBoundary_purple","Poor:ReiMu","Poor:ReiMu"],"score":911,"play_id":"59df98e8-364e-497d-bbc8-f2f484b225fb","local_time":"20210123175554","is_ascension_mode":false,"campfire_choices":[{"data":"DoctorFetus","floor":7,"key":"SMITH"},{"floor":10,"key":"REST"},{"floor":15,"key":"REST"},{"data":"rmod:goodsister","floor":24,"key":"SMITH"},{"floor":29,"key":"REST"},{"floor":32,"key":"REST"},{"data":"rmod:salvage","floor":40,"key":"SMITH"},{"floor":46,"key":"REST"},{"floor":49,"key":"REST"}],"circlet_count":0,"master_deck":["rmod:strick","rmod:strick","rmod:strick","rmod:defend","rmod:defend","rmod:defend","rmod:basicallowance","rmod:maingunfire","DoctorFetus+1","rmod:salvage+1","rmod:goodsister+1","rmod:fuelsupply+1","rmod:fletcherpendant","rmod:tearstotiara","rmod:maintain+1","rmod:circuitoustactics+1","rmod:u235+1","rmod:luckystar+1","rmod:fuelsupply+1","rmod:fletcherpendant+1","Shame","rmod:ridicule+1","Shame","rmod:fletcherpendant"],"relics":["rmod:firstchargereward","REME_ComplimentaryCards","HushsDoor","PunchingBag","PureWhite:ReiMu","Toxic Egg 2","Tiny Chest","Ginger","Odd Mushroom","BloodBag","Chaos","YidongShenshe:ReiMu","Smiling Mask","TheBean","D6","TheAbacus","Nunchaku","Cursed Key","Leech","DeathBook","Pear","Bag of Marbles","REME_PuzzleBoxRelic","Lantern","JudasShadow"],"acts_visited":["Exordium","TheCity","TheBeyond"],"potions_floor_usage":[19,33,42,50,50],"damage_taken":[{"damage":1,"enemies":"Jaw Worm","floor":1,"turns":3},{"damage":0,"enemies":"Cultist","floor":4,"turns":3},{"damage":0,"enemies":"Lagavulin","floor":6,"turns":4},{"damage":0,"enemies":"2 Louse","floor":8,"turns":2},{"damage":4,"enemies":"Gremlin Gang","floor":11,"turns":4},{"damage":16,"enemies":"The Mushroom Lair","floor":12,"turns":3},{"damage":3,"enemies":"Hexaghost","floor":16,"turns":9},{"damage":0,"enemies":"Spheric Guardian","floor":18,"turns":2},{"damage":4,"enemies":"Chosen","floor":19,"turns":3},{"damage":12,"enemies":"Snake Plant","floor":20,"turns":5},{"damage":20,"enemies":"Cultist and Chosen","floor":22,"turns":5},{"damage":7,"enemies":"Centurion and Healer","floor":23,"turns":5},{"damage":10,"enemies":"Slavers","floor":25,"turns":6},{"damage":1,"enemies":"Gremlin Leader","floor":27,"turns":6},{"damage":8,"enemies":"Automaton","floor":33,"turns":8},{"damage":12,"enemies":"Orb Walker","floor":35,"turns":4},{"damage":4,"enemies":"3 Shapes","floor":38,"turns":3},{"damage":40,"enemies":"Spire Growth","floor":41,"turns":5},{"damage":46,"enemies":"Reptomancer","floor":42,"turns":7},{"damage":12,"enemies":"4 Shapes","floor":48,"turns":3},{"damage":121,"enemies":"Time Eater","floor":50,"turns":11}],"seed_played":"-5708511098069873640","potions_obtained":[{"floor":1,"key":"FairyPotion"},{"floor":6,"key":"Dexterity Potion"},{"floor":8,"key":"Fire Potion"},{"floor":20,"key":"SkillPotion"},{"floor":35,"key":"Weak Potion"},{"floor":48,"key":"Weak Potion"}],"is_trial":false,"path_per_floor":["M","?","$","M","?","E","R","M","T","R","M","?","$","?","R","B",null,"M","M","M","T","M","M","R","E","T","E","$","R","?","T","R","B",null,"M","T","?","M","?","R","M","E","T","?","$","R","T","M","R","B",null],"character_chosen":"PRAEFECT","items_purchased":["Toxic Egg 2","Chaos","DeathBook","Lantern","rmod:ridicule+1","Bomb"],"campfire_rested":6,"item_purchase_floors":[3,13,34,45,45,45],"current_hp_per_floor":[39,27,27,27,27,27,27,27,27,41,37,21,23,23,45,42,75,75,71,59,59,39,32,32,22,22,21,21,43,29,29,53,45,70,61,71,71,70,70,70,34,22,22,22,22,44,44,34,56,1],"gold":113,"neow_bonus":"ONE_RARE_RELIC","is_daily":false,"chose_seed":false,"campfire_upgraded":3,"win_rate":0.0,"timestamp":1611395754,"path_taken":["M","?","$","?","?","E","R","M","T","R","M","?","$","?","R","BOSS","M","?","M","?","M","M","R","E","T","E","?","R","?","?","R","BOSS","M","?","?","M","?","R","M","E","T","?","$","R","?","?","R","BOSS"],"items_purchased_type":["Relic","Card","Relic","Relic","Card","Card"],"build_version":"2020-12-22","purchased_purges":4,"victory":true,"max_hp_per_floor":[68,68,68,68,68,68,68,68,68,68,68,68,75,75,75,75,75,75,75,75,75,75,75,75,75,75,75,75,75,80,80,80,80,70,70,80,80,80,76,76,76,76,76,76,76,76,76,76,76,1],"card_choices":[{"not_picked":[],"picked":"DoctorFetus","floor":0},{"not_picked":["rmod:heivgo","rmod:circuitoustactics"],"picked":"rmod:salvage","floor":1},{"not_picked":["rmod:supportaircraftcarrier+1","rmod:intelligenceanalysis"],"picked":"rmod:goodsister","floor":4},{"not_picked":["rmod:aluminumsupply+1","rmod:expeditionaryescort"],"picked":"Bomb","floor":5},{"not_picked":["Bomb","rmod:diamondstrike"],"picked":"rmod:fuelsupply+1","floor":6},{"not_picked":["rmod:slowdown+1","rmod:intelligenceanalysis","rmod:fuelsupply+1"],"picked":"SKIP","floor":8},{"not_picked":["rmod:unsinkable+1","rmod:mineteam","rmod:diaomin+1"],"picked":"SKIP","floor":11},{"not_picked":["rmod:steelsupply+1","rmod:firesupport"],"picked":"rmod:tearstotiara","floor":12},{"not_picked":["rmod:victimresponsibility+1","rmod:intelligenceanalysis+1","rmod:supportescort+1"],"picked":"SKIP","floor":18},{"not_picked":["rmod:fletcherpendant","rmod:heivgo+1","rmod:intelligenceanalysis+1"],"picked":"SKIP","floor":19},{"not_picked":["rmod:intelligenceanalysis+1","rmod:aviationdawn+1","rmod:luckystar"],"picked":"SKIP","floor":20},{"not_picked":["rmod:ring+1","rmod:fuelsupply+1","rmod:guardianhero+1"],"picked":"SKIP","floor":22},{"not_picked":["rmod:sl+1","rmod:advancebysurprise+1","rmod:unsinkable+1"],"picked":"SKIP","floor":23},{"not_picked":["rmod:selfconfidence+1","rmod:expedition"],"picked":"rmod:maintain+1","floor":25},{"not_picked":["rmod:unsinkable+1","rmod:wolves+1","rmod:circuitoustactics+1"],"picked":"SKIP","floor":27},{"not_picked":["rmod:unsinkable+1","rmod:wolves+1"],"picked":"rmod:circuitoustactics+1","floor":27},{"not_picked":["rmod:fletcher","rmod:supriseattacks+1"],"picked":"rmod:u235+1","floor":33},{"not_picked":["rmod:firesupport+1","rmod:unsinkable+1"],"picked":"rmod:luckystar+1","floor":35},{"not_picked":["rmod:capitalist+1","rmod:aluminumsupply+1"],"picked":"rmod:fuelsupply+1","floor":38},{"not_picked":["rmod:firesupport+1","rmod:combined+1"],"picked":"rmod:fletcherpendant+1","floor":41},{"not_picked":["rmod:auspiciousomen+1","rmod:luckystar","rmod:sl+1"],"picked":"SKIP","floor":42},{"not_picked":["rmod:goodsister+1","rmod:robin+1","rmod:unsinkable+1"],"picked":"SKIP","floor":48}],"player_experience":400353,"relics_obtained":[{"floor":6,"key":"Tiny Chest"},{"floor":9,"key":"Ginger"},{"floor":12,"key":"Odd Mushroom"},{"floor":21,"key":"TheBean"},{"floor":25,"key":"D6"},{"floor":26,"key":"TheAbacus"},{"floor":27,"key":"Nunchaku"},{"floor":31,"key":"Cursed Key"},{"floor":36,"key":"Pear"},{"floor":42,"key":"Bag of Marbles"},{"floor":43,"key":"REME_PuzzleBoxRelic"},{"floor":47,"key":"JudasShadow"}],"event_choices":[{"damage_healed":0,"gold_gain":0,"player_choice":"Success","damage_taken":12,"relics_obtained":["PureWhite:ReiMu"],"max_hp_gain":0,"max_hp_loss":0,"event_name":"Scrap Ooze","floor":2,"gold_loss":0},{"damage_healed":0,"gold_gain":0,"player_choice":"Fought Mushrooms","damage_taken":0,"max_hp_gain":0,"max_hp_loss":0,"event_name":"Mushrooms","floor":12,"gold_loss":0},{"damage_healed":0,"gold_gain":0,"player_choice":"带走神社","damage_taken":0,"relics_obtained":["YidongShenshe:ReiMu"],"max_hp_gain":0,"max_hp_loss":0,"event_name":"yidonshenshe","floor":14,"gold_loss":0,"cards_obtained":["Poor:ReiMu"]},{"damage_healed":0,"gold_gain":0,"player_choice":"Shed Blood","damage_taken":19,"max_hp_gain":5,"max_hp_loss":0,"event_name":"Forgotten Altar","floor":30,"gold_loss":0},{"damage_healed":0,"gold_gain":0,"player_choice":"Max HP","damage_taken":0,"max_hp_gain":0,"max_hp_loss":4,"event_name":"Winding Halls","floor":39,"gold_loss":0},{"cards_removed":["rmod:defend"],"damage_healed":0,"gold_gain":0,"player_choice":"Removed Skill","damage_taken":0,"max_hp_gain":0,"max_hp_loss":0,"event_name":"Falling","floor":44,"gold_loss":0}],"is_beta":false,"boss_relics":[{"not_picked":["Sundial","RedLine:ReiMu"],"picked":"Smiling Mask"},{"not_picked":[]},{"not_picked":["Toy Ornithopter","Cauldron"],"picked":"Leech"},{"not_picked":[]}],"items_purged_floors":[13,13,28,45],"is_endless":false,"potions_floor_spawned":[1,6,8,12,18,20,25,35,41,48],"ascension_level":0}}