{"host":"6xsbn6ynqlzwllfm","time":1611422650,"event":{"mods":["2.2 Compatiblity","BaseMod","Bestiary","Colored Map","Colored Powertips","Curses Come First","Highlight Path","Keyboard Shortcuts","Minty Spire (QoL Compilation)","Quick Restart","Relic Stats","Slay the Relics Exporter","StSLib","SuperFastMode"],"gold_per_floor":[112,130,140,190,208,243,278,313,313,341,341,351,381,394,394,469,469,479,479,131,146,164,248,248,286,286,13,13,26,60,71,71,152,152,163,163,202,202,214,214,214],"floor_reached":40,"language":"ENG","playtime":3398,"items_purged":["FollowUp","Blood for Blood"],"score":1024,"play_id":"f501716a-050a-409b-82a2-183f6df26438","local_time":"20210123122410","daily_mods":["Draft","Diverse","Colorless Cards"],"is_ascension_mode":true,"campfire_choices":[{"data":"Rampage","floor":15.0,"key":"SMITH"},{"data":"Dagger Spray","floor":24.0,"key":"SMITH"},{"data":"Burning Pact","floor":28.0,"key":"SMITH"},{"data":"Aggregate","floor":32.0,"key":"SMITH"}],"circlet_count":0,"master_deck":["AscendersBane","True Grit+1","FlyingSleeves","Heavy Blade","Panacea","Crescendo","Intimidate","Streamline","Flame Barrier","CutThroughFate","Cold Snap","Sanctity","Capacitor+1","Rampage+1","Perseverance","Dagger Spray+1","Cold Snap","Transmutation+1","Evaluate","Berserk+1","CrushJoints","Evaluate","EmptyBody","Die Die Die","Aggregate+1","Dash","Burning Pact+1","LessonLearned+1","Scrawl"],"relics":["Burning Blood","Bottled Flame","War Paint","Sundial","Matryoshka","Akabeko","HornCleat","Boot","Sozu","PreservedInsect","Toy Ornithopter","CeramicFish","MealTicket","Centennial Puzzle","Smiling Mask","Snecko Eye"],"acts_visited":["Exordium","TheCity","TheBeyond"],"potions_floor_usage":[37],"damage_taken":[{"damage":1.0,"enemies":"Cultist","floor":1.0,"turns":3.0},{"damage":0.0,"enemies":"Jaw Worm","floor":2.0,"turns":3.0},{"damage":12.0,"enemies":"2 Louse","floor":3.0,"turns":2.0},{"damage":9.0,"enemies":"Lots of Slimes","floor":5.0,"turns":4.0},{"damage":10.0,"enemies":"3 Sentries","floor":6.0,"turns":4.0},{"damage":0.0,"enemies":"2 Fungi Beasts","floor":7.0,"turns":3.0},{"damage":15.0,"enemies":"Lagavulin","floor":8.0,"turns":7.0},{"damage":0.0,"enemies":"3 Sentries","floor":10.0,"turns":2.0},{"damage":6.0,"enemies":"Looter","floor":12.0,"turns":2.0},{"damage":0.0,"enemies":"Gremlin Nob","floor":13.0,"turns":3.0},{"damage":11.0,"enemies":"Exordium Thugs","floor":14.0,"turns":2.0},{"damage":11.0,"enemies":"The Guardian","floor":16.0,"turns":9.0},{"damage":16.0,"enemies":"Shell Parasite","floor":18.0,"turns":4.0},{"damage":0.0,"enemies":"Spheric Guardian","floor":21.0,"turns":3.0},{"damage":1.0,"enemies":"Snake Plant","floor":22.0,"turns":3.0},{"damage":24.0,"enemies":"Slavers","floor":23.0,"turns":9.0},{"damage":18.0,"enemies":"Snecko","floor":25.0,"turns":7.0},{"damage":1.0,"enemies":"3 Cultists","floor":29.0,"turns":3.0},{"damage":28.0,"enemies":"Gremlin Leader","floor":30.0,"turns":6.0},{"damage":4.0,"enemies":"Snake Plant","floor":31.0,"turns":6.0},{"damage":26,"enemies":"Collector","floor":33,"turns":6},{"damage":0,"enemies":"3 Shapes","floor":35,"turns":1},{"damage":7,"enemies":"3 Darklings","floor":37,"turns":2},{"damage":0,"enemies":"Jaw Worm Horde","floor":39,"turns":5},{"damage":83,"enemies":"Nemesis","floor":40,"turns":6}],"seed_played":"6856153503828918446","potions_obtained":[{"floor":2.0,"key":"DistilledChaos"},{"floor":6.0,"key":"SteroidPotion"},{"floor":10.0,"key":"FearPotion"},{"floor":12.0,"key":"SteroidPotion"},{"floor":14.0,"key":"SkillPotion"},{"floor":16.0,"key":"FearPotion"}],"is_trial":true,"path_per_floor":["M","M","M","?","M","E","M","E","T","E","T","M","E","M","R","B",null,"M","?","$","M","M","E","R","M","T","$","R","M","E","M","R","B",null,"M","?","M","?","M","E"],"character_chosen":"IRONCLAD","items_purchased":["PreservedInsect","Aggregate","Dash","Centennial Puzzle"],"campfire_rested":0,"item_purchase_floors":[20,20,20,27],"current_hp_per_floor":[73,75,69,62,59,55,61,52,52,58,58,58,64,59,59,54,70,60,60,60,66,71,53,53,41,41,56,56,61,39,41,41,21,62,68,68,72,72,75,0,0],"gold":214,"neow_bonus":"","is_daily":false,"chose_seed":false,"campfire_upgraded":4,"win_rate":0.0,"timestamp":1611422650,"path_taken":["M","?","M","?","?","E","M","E","T","E","?","M","E","M","R","BOSS","M","?","$","M","M","E","R","M","T","$","R","?","E","M","R","BOSS","M","?","M","?","M","E"],"items_purchased_type":["Relic","Card","Card","Relic"],"build_version":"2020-12-22","purchased_purges":2,"victory":false,"max_hp_per_floor":[75,75,75,75,75,75,75,75,75,75,75,75,75,75,75,75,75,75,75,75,75,75,75,75,75,75,75,75,75,75,75,75,75,75,75,75,75,75,75,75,75],"relic_stats":{"counters":[25,105],"CeramicFish":18,"PreservedInsect":141,"War Paint":["Transmutation","True Grit"],"Boot":[72],"Smiling Mask":0,"Burning Blood":137,"Sozu":3,"Centennial Puzzle":[18],"Sundial":[10],"Snecko Eye":[31,28,35,30],"MealTicket":15,"obtain_stats":[{"CeramicFish":26,"PreservedInsect":20,"War Paint":8,"Boot":13,"Smiling Mask":30,"Burning Blood":0,"Akabeko":11,"Sozu":17,"Bottled Flame":6,"Centennial Puzzle":27,"Matryoshka":10,"HornCleat":11,"Sundial":9,"Snecko Eye":34,"MealTicket":26,"Toy Ornithopter":23},{"CeramicFish":17,"PreservedInsect":13,"War Paint":7,"Boot":10,"Smiling Mask":19,"Burning Blood":0,"Akabeko":8,"Sozu":12,"Bottled Flame":5,"Centennial Puzzle":17,"Matryoshka":8,"HornCleat":8,"Sundial":7,"Snecko Eye":21,"MealTicket":17,"Toy Ornithopter":16},{"CeramicFish":70,"PreservedInsect":48,"War Paint":26,"Boot":33,"Smiling Mask":79,"Burning Blood":0,"Akabeko":28,"Sozu":44,"Bottled Flame":16,"Centennial Puzzle":70,"Matryoshka":28,"HornCleat":28,"Sundial":26,"Snecko Eye":91,"MealTicket":70,"Toy Ornithopter":63}],"Toy Ornithopter":5},"card_choices":[{"not_picked":["BowlingBash","Halt"],"picked":"True Grit","floor":0.0},{"not_picked":["Indignation","Perfected Strike"],"picked":"FlyingSleeves","floor":0.0},{"not_picked":["Tactician","Deadly Poison"],"picked":"Heavy Blade","floor":0.0},{"not_picked":["Heavy Blade","FlurryOfBlows"],"picked":"Panacea","floor":0.0},{"not_picked":["PathToVictory","CarveReality"],"picked":"Blood for Blood","floor":0.0},{"not_picked":["Clothesline","Swift Strike"],"picked":"Crescendo","floor":0.0},{"not_picked":["Ball Lightning","Nirvana"],"picked":"Intimidate","floor":0.0},{"not_picked":["Wild Strike","Blind"],"picked":"Streamline","floor":0.0},{"not_picked":["Melter","Iron Wave"],"picked":"Flame Barrier","floor":0.0},{"not_picked":["BowlingBash","Hello World"],"picked":"CutThroughFate","floor":0.0},{"not_picked":["Anger","Wild Strike"],"picked":"Cold Snap","floor":0.0},{"not_picked":["Heel Hook","Dagger Spray"],"picked":"Sanctity","floor":0.0},{"not_picked":["Pray","Halt"],"picked":"Capacitor","floor":0.0},{"not_picked":["Feel No Pain","Twin Strike"],"picked":"Rampage","floor":0.0},{"not_picked":["Swift Strike","WaveOfTheHand"],"picked":"Perseverance","floor":0.0},{"not_picked":["Catalyst","Evolve"],"picked":"FollowUp","floor":1.0},{"not_picked":["Heel Hook","Deadly Poison"],"picked":"FollowUp","floor":2.0},{"not_picked":["EmptyFist","Leap"],"picked":"Dagger Spray","floor":3.0},{"not_picked":["Pommel Strike","True Grit"],"picked":"Cold Snap","floor":5.0},{"not_picked":["Cleave","A Thousand Cuts"],"picked":"Transmutation","floor":6.0},{"not_picked":["Leap","Cold Snap"],"picked":"Evaluate","floor":7.0},{"not_picked":["FlurryOfBlows","Go for the Eyes"],"picked":"Berserk","floor":8.0},{"not_picked":["Blizzard","CutThroughFate"],"picked":"CrushJoints","floor":10.0},{"not_picked":["CrushJoints","Havoc"],"picked":"Evaluate","floor":12.0},{"not_picked":["Stack","Bloodletting"],"picked":"EmptyBody","floor":13.0},{"not_picked":["Double Energy","Rip and Tear","Chaos"],"picked":"SKIP","floor":14.0},{"not_picked":["Creative AI","Transmutation"],"picked":"Die Die Die","floor":16.0},{"not_picked":["Genetic Algorithm","Panacea"],"picked":"Wireheading","floor":18.0},{"not_picked":["Auto Shields","Consecrate","Dodge and Roll"],"picked":"SKIP","floor":21.0},{"not_picked":["EmptyFist","Consecrate"],"picked":"Burning Pact","floor":25.0},{"not_picked":["Halt","Choke"],"picked":"LessonLearned","floor":30.0},{"not_picked":["Violence","Bullet Time"],"picked":"Scrawl","floor":33},{"not_picked":["Pommel Strike+1","Sentinel","Anger"],"picked":"SKIP","floor":35},{"not_picked":["Wireheading+1","EmptyBody","Prostrate"],"picked":"SKIP","floor":37}],"player_experience":1085203,"relics_obtained":[{"floor":6.0,"key":"Bottled Flame"},{"floor":8.0,"key":"War Paint"},{"floor":9.0,"key":"Sundial"},{"floor":10.0,"key":"Matryoshka"},{"floor":11.0,"key":"Akabeko"},{"floor":11.0,"key":"HornCleat"},{"floor":13.0,"key":"Boot"},{"floor":23.0,"key":"Toy Ornithopter"},{"floor":26.0,"key":"CeramicFish"},{"floor":26.0,"key":"MealTicket"},{"floor":30.0,"key":"Smiling Mask"}],"event_choices":[{"damage_healed":0.0,"max_hp_gain":0.0,"max_hp_loss":0.0,"gold_gain":50.0,"event_name":"FaceTrader","player_choice":"Touch","floor":4.0,"gold_loss":0.0,"damage_taken":7.0},{"cards_removed":["FollowUp"],"damage_healed":0.0,"max_hp_gain":0.0,"max_hp_loss":0.0,"gold_gain":0.0,"event_name":"Purifier","player_choice":"Purged","floor":19.0,"gold_loss":0.0,"damage_taken":0.0},{"cards_removed":["Wireheading"],"damage_healed":0,"gold_gain":0,"player_choice":"Removed Power","damage_taken":0,"max_hp_gain":0,"max_hp_loss":0,"event_name":"Falling","floor":36,"gold_loss":0},{"damage_healed":0,"gold_gain":0,"player_choice":"Upgraded","damage_taken":0,"max_hp_gain":0,"max_hp_loss":0,"event_name":"Upgrade Shrine","floor":38,"gold_loss":0,"cards_upgraded":["LessonLearned"]}],"is_beta":false,"boss_relics":[{"not_picked":["Black Blood","SacredBark"],"picked":"Sozu"},{"not_picked":["SlaversCollar","Velvet Choker"],"picked":"Snecko Eye"}],"items_purged_floors":[20,27],"is_endless":true,"potions_floor_spawned":[2,6,10,12,14,16,18,29,33],"killed_by":"Nemesis","ascension_level":20}}