{"host":"oigynbtg272c19pw","time":1611395699,"event":{"mods":["BaseMod","Colored Map","Minty Spire (QoL Compilation)","Relic Stats","Slay the Relics Exporter","StSLib"],"gold_per_floor":[119,138,138,150,150,183,183,183,183],"floor_reached":8,"playtime":758,"items_purged":[],"score":112,"play_id":"3fbc26c0-c399-42a3-a728-6eeafcd12f03","local_time":"20210123105459","is_ascension_mode":true,"campfire_choices":[{"floor":7,"key":"REST"}],"circlet_count":0,"master_deck":["AscendersBane","Strike_G","Strike_G","Strike_G","Strike_G","Defend_G","Defend_G","Defend_G","Defend_G","Defend_G","Survivor","Neutralize","Dagger Throw","Reflex","Dodge and Roll","Riddle With Holes","Underhanded Strike","Expertise"],"relics":["Ring of the Snake","Dream Catcher","Paper Crane"],"acts_visited":["Exordium"],"potions_floor_usage":[6],"damage_taken":[{"damage":7,"enemies":"Small Slimes","floor":1,"turns":3},{"damage":3,"enemies":"2 Louse","floor":2,"turns":3},{"damage":2,"enemies":"Jaw Worm","floor":4,"turns":7},{"damage":49,"enemies":"3 Sentries","floor":6,"turns":20},{"damage":30,"enemies":"Lagavulin","floor":8,"turns":8}],"seed_played":"4692910323869676232","potions_obtained":[{"floor":2,"key":"Weak Potion"}],"is_trial":false,"path_per_floor":["M","M","?","M","?","E","R","E"],"character_chosen":"THE_SILENT","items_purchased":[],"campfire_rested":1,"item_purchase_floors":[],"current_hp_per_floor":[52,49,49,47,52,3,24,0,0],"gold":183,"neow_bonus":"RANDOM_COMMON_RELIC","is_daily":false,"chose_seed":false,"campfire_upgraded":0,"win_rate":0.0,"timestamp":1611395699,"path_taken":["M","M","?","M","?","E","R","E"],"items_purchased_type":[],"build_version":"2020-12-13","purchased_purges":0,"victory":false,"max_hp_per_floor":[66,66,66,66,71,71,71,71,71],"relic_stats":{"Dream Catcher":1,"counters":[5,41],"obtain_stats":[{"Dream Catcher":0,"Paper Crane":6,"Ring of the Snake":0},{"Dream Catcher":0,"Paper Crane":4,"Ring of the Snake":0},{"Dream Catcher":0,"Paper Crane":33,"Ring of the Snake":0}],"Ring of the Snake":[10]},"card_choices":[{"not_picked":["Backflip","Prepared"],"picked":"Dagger Throw","floor":1},{"not_picked":["Deflect","Quick Slash"],"picked":"Reflex","floor":2},{"not_picked":["Cloak And Dagger","Bullet Time"],"picked":"Riddle With Holes","floor":4},{"not_picked":["Flying Knee","Expertise"],"picked":"Underhanded Strike","floor":6},{"not_picked":["Quick Slash","Dagger Spray"],"picked":"Expertise","floor":7}],"player_experience":1471802,"relics_obtained":[{"floor":6,"key":"Paper Crane"}],"event_choices":[{"damage_healed":0,"gold_gain":0,"cards_transformed":["Strike_G"],"player_choice":"Change","damage_taken":0,"max_hp_gain":0,"max_hp_loss":0,"event_name":"Living Wall","floor":3,"gold_loss":0,"cards_obtained":["Dodge and Roll"]},{"damage_healed":0,"gold_gain":0,"player_choice":"Donut","damage_taken":0,"max_hp_gain":5,"max_hp_loss":0,"event_name":"Big Fish","floor":5,"gold_loss":0}],"is_beta":false,"boss_relics":[],"items_purged_floors":[],"is_endless":false,"potions_floor_spawned":[2],"killed_by":"Lagavulin","ascension_level":20}}