{"host":"ao4lxi9bhtts409i","time":1611366015,"event":{"mods":["AchievementEnabler","BaseMod","Colored Map","Colored Powertips","Minty Spire (QoL Compilation)","SuperFastMode"],"gold_per_floor":[111,111,111,61,72,102,121,155,155,155,187,39,39,52,52,151,151,162,162,172,191,15,15,15,15],"floor_reached":24,"language":"ENG","playtime":1162,"items_purged":["Strike_R","Strike_R"],"score":312,"play_id":"848a7998-6e48-41dc-b611-853cc31a9ecf","local_time":"20210123024015","is_ascension_mode":true,"campfire_choices":[{"data":"Armaments","floor":10,"key":"SMITH"},{"floor":15,"key":"REST"},{"data":"Berserk","floor":23,"key":"SMITH"}],"circlet_count":0,"master_deck":["Strike_R","Defend_R","Defend_R","Defend_R","Defend_R","Bash","Shockwave","Armaments+1","Berserk+1","Shrug It Off","Feed","True Grit","Inflame","Headbutt","Reaper","Uppercut","Twin Strike","Pommel Strike+1","Feel No Pain"],"relics":["Burning Blood","NeowsBlessing","Omamori","Bird Faced Urn","Paper Frog","Bottled Lightning","Gremlin Horn","Mark of Pain"],"acts_visited":["Exordium","TheCity"],"potions_floor_usage":[11,14,16,24],"damage_taken":[{"damage":0,"enemies":"Jaw Worm","floor":1,"turns":1},{"damage":0,"enemies":"2 Louse","floor":5,"turns":1},{"damage":0,"enemies":"Lagavulin","floor":6,"turns":1},{"damage":16,"enemies":"Small Slimes","floor":7,"turns":5},{"damage":42,"enemies":"3 Sentries","floor":8,"turns":12},{"damage":39,"enemies":"Lagavulin","floor":11,"turns":9},{"damage":5,"enemies":"Looter","floor":14,"turns":4},{"damage":24,"enemies":"The Guardian","floor":16,"turns":14},{"damage":11,"enemies":"Shell Parasite","floor":18,"turns":6},{"damage":8,"enemies":"Chosen","floor":20,"turns":4},{"damage":7,"enemies":"Snecko","floor":21,"turns":5},{"damage":133,"enemies":"Slavers","floor":24,"turns":11}],"seed_played":"5108722057532476605","potions_obtained":[{"floor":1,"key":"Swift Potion"},{"floor":5,"key":"SmokeBomb"},{"floor":11,"key":"Energy Potion"},{"floor":14,"key":"EssenceOfSteel"},{"floor":21,"key":"SteroidPotion"}],"is_trial":false,"path_per_floor":["M","?","?","?","M","E","M","E","T","R","E","$","?","M","R","B",null,"M","?","M","M","$","R","E"],"character_chosen":"IRONCLAD","items_purchased":["Inflame","Feel No Pain"],"campfire_rested":1,"item_purchase_floors":[12,22],"current_hp_per_floor":[80,85,73,73,79,85,75,41,41,41,14,14,14,23,50,40,97,97,97,98,104,104,104,0,0],"gold":15,"neow_bonus":"THREE_ENEMY_KILL","is_daily":false,"chose_seed":false,"campfire_upgraded":2,"win_rate":0.0,"timestamp":1611366015,"path_taken":["M","?","?","?","M","E","M","E","T","R","E","$","?","M","R","BOSS","M","?","M","?","$","R","E"],"items_purchased_type":["Card","Card"],"build_version":"2020-12-22","purchased_purges":2,"victory":false,"max_hp_per_floor":[80,85,85,85,85,85,85,85,85,85,89,89,89,93,93,97,97,97,97,100,104,104,104,104,104],"card_choices":[{"not_picked":["Second Wind","Pommel Strike"],"picked":"Shockwave","floor":1},{"not_picked":["Dark Embrace","Flex"],"picked":"Armaments","floor":5},{"not_picked":["Thunderclap","Feel No Pain"],"picked":"Berserk","floor":6},{"not_picked":["Havoc","Seeing Red"],"picked":"Shrug It Off","floor":7},{"not_picked":["Shrug It Off","Intimidate"],"picked":"Feed","floor":8},{"not_picked":["Wild Strike","Battle Trance"],"picked":"True Grit","floor":11},{"not_picked":["Warcry","Armaments"],"picked":"Headbutt","floor":14},{"not_picked":["Double Tap","Brutality"],"picked":"Reaper","floor":16},{"not_picked":["Rage","Clash"],"picked":"Uppercut","floor":18},{"not_picked":["Power Through+1","Flex"],"picked":"Twin Strike","floor":20},{"not_picked":["Twin Strike","Dual Wield"],"picked":"Pommel Strike+1","floor":21}],"player_experience":244985,"relics_obtained":[{"floor":6,"key":"Bird Faced Urn"},{"floor":8,"key":"Paper Frog"},{"floor":9,"key":"Bottled Lightning"},{"floor":11,"key":"Gremlin Horn"}],"event_choices":[{"damage_healed":0,"gold_gain":0,"player_choice":"Donut","damage_taken":0,"max_hp_gain":5,"max_hp_loss":0,"event_name":"Big Fish","floor":2,"gold_loss":0},{"damage_healed":0,"gold_gain":0,"player_choice":"Success","damage_taken":12,"relics_obtained":["Omamori"],"max_hp_gain":0,"max_hp_loss":0,"event_name":"Scrap Ooze","floor":3,"gold_loss":0},{"cards_removed":["Strike_R"],"damage_healed":0,"gold_gain":0,"player_choice":"Card Removal","damage_taken":0,"max_hp_gain":0,"max_hp_loss":0,"event_name":"The Cleric","floor":4,"gold_loss":50},{"damage_healed":0,"gold_gain":0,"player_choice":"Ignored","damage_taken":0,"max_hp_gain":0,"max_hp_loss":0,"event_name":"Golden Idol","floor":13,"gold_loss":0},{"cards_removed":["Strike_R"],"damage_healed":0,"gold_gain":0,"player_choice":"Purged","damage_taken":0,"max_hp_gain":0,"max_hp_loss":0,"event_name":"Purifier","floor":19,"gold_loss":0}],"is_beta":false,"boss_relics":[{"not_picked":["SacredBark","Runic Cube"],"picked":"Mark of Pain"}],"items_purged_floors":[12,22],"is_endless":false,"potions_floor_spawned":[1,5,11,14,21],"killed_by":"Slavers","ascension_level":4}}