{"host":"2b0fqapnd02ydmuo","time":1611443499,"event":{"mods":["AchievementEnabler","Aspiration","BaseMod","Better Altar","Better Match","Better Note","Better Sensory Stone","Better Skull","Better Third Choice","BetterRewards","CCEM","Clawfect","Colored Map","Conspire","GifTheSpireLib","Googly Eyes","Halation","Highlight Path","Hubris","Infinite Spire","Jedi Mod","Jorbs\u0027s Wanderer Trilogy","Marisa????????","Mimic Mod","Minty Spire (QoL Compilation)","Permanent Neow","Replay The Spire","Shade Mod","Shop Mod","Spicy Shops","StSLib","Stuff the Spire","The Blackbeard","The Bug Knight","The Elementalist","The Jungle","Unceasing Turn Reminder","everything is the same but u backflip on backflip","slay the spire mod where everything is the same but ironclad has a cowboy hat"],"gold_per_floor":[117,167,179,191,203,215,253,302,314,326,364,402,456,495,507,634,646,685,597,617,617,617],"floor_reached":20,"language":"ENG","playtime":812,"items_purged":[],"score":316,"play_id":"814cbec7-0f82-4003-8ccb-9cae4052994a","local_time":"20210124001139","is_ascension_mode":true,"campfire_choices":[{"floor":6,"key":"REST"},{"data":"blackbeard:WeaponProficiency","floor":10,"key":"SMITH"},{"floor":15,"key":"REST"}],"circlet_count":0,"master_deck":["blackbeard:BlackbeardStrike","blackbeard:BlackbeardStrike","blackbeard:BlackbeardStrike","blackbeard:BlackbeardStrike","blackbeard:IntimidatingStrike","blackbeard:BlackbeardDefend","blackbeard:BlackbeardDefend","blackbeard:BlackbeardDefend","blackbeard:BlackbeardDefend","blackbeard:Cutlass","StuffTheSpire:CuriosityCurse","conspire:NecroticWound","blackbeard:WeaponProficiency+1","blackbeard:GoldenStrike","blackbeard:Shrapnel","jedi:thedog","blackbeard:Sword","stsjorbsmod:Amnesia","blackbeard:BountyHunter","blackbeard:Shrapnel","blackbeard:VampiricScepter","CommonCold"],"relics":["blackbeard:LoadTheCannons","aspiration:Nostalgia","PureWater","Ring of Greed","Replay:Bandana","MawBank","Ring of Misfortune","CCEMRelics:GrindingGear","hubris:Towel","Regal Pillow","halation:Toothbrush","halation:BottledLove","StuffTheSpire:TintedRock","halation:Prosthetics"],"acts_visited":["Exordium","TheCity"],"potions_floor_usage":[13,16],"damage_taken":[{"damage":2,"enemies":"Jaw Worm","floor":1,"turns":4},{"damage":2,"enemies":"3 Sentries","floor":8,"turns":9},{"damage":0,"enemies":"Small Slimes","floor":11,"turns":3},{"damage":0,"enemies":"2 Louse","floor":12,"turns":2},{"damage":29,"enemies":"Gremlin Nob","floor":13,"turns":5},{"damage":16,"enemies":"Large Slime","floor":14,"turns":9},{"damage":52,"enemies":"The Guardian","floor":16,"turns":15},{"damage":31,"enemies":"Shell Parasite","floor":18,"turns":6},{"damage":16,"enemies":"conspire:FuzzyDice","floor":20,"turns":2}],"seed_played":"-4717755172550637512","potions_obtained":[{"floor":8,"key":"SpeedPotion"},{"floor":11,"key":"Weak Potion"},{"floor":14,"key":"PowerPotion"}],"is_trial":false,"path_per_floor":["M","?","?","$","?","R","T","E","T","R","M","M","E","M","R","B",null,"M","?","M"],"character_chosen":"BLACKBEARD_CLASS","items_purchased":[],"campfire_rested":2,"item_purchase_floors":[],"current_hp_per_floor":[73,73,73,73,73,75,75,73,73,73,73,73,44,28,65,13,40,9,9,0,0,0],"gold":617,"neow_bonus":"NOSTALGIA","is_daily":false,"chose_seed":false,"campfire_upgraded":1,"win_rate":0.0,"timestamp":1611443499,"path_taken":["M","?","?","$","?","R","?","E","T","R","?","M","E","M","R","BOSS","M","?","M"],"items_purchased_type":[],"build_version":"2020-12-22","purchased_purges":0,"victory":false,"max_hp_per_floor":[75,75,75,75,75,75,75,75,75,75,75,75,75,75,75,75,40,40,40,40,40,40],"card_choices":[{"not_picked":["blackbeard:FieryDefense","blackbeard:WiseDefense","blackbeard:InfiniteBarrage"],"picked":"SKIP","floor":1},{"not_picked":["blackbeard:Intoxication","blackbeard:Sharpening"],"picked":"blackbeard:WeaponProficiency","floor":8},{"not_picked":["blackbeard:Dagger","blackbeard:BeatUp"],"picked":"blackbeard:GoldenStrike","floor":11},{"not_picked":["blackbeard:TheDrunkenSailor","blackbeard:FieryDefense"],"picked":"blackbeard:Shrapnel","floor":12},{"not_picked":["blackbeard:PiratesWill","blackbeard:DeadlyArsenal","blackbeard:WiseDefense"],"picked":"SKIP","floor":13},{"not_picked":["blackbeard:ChaoticDefense","blackbeard:FieryDefense"],"picked":"blackbeard:Sword","floor":14},{"not_picked":["blackbeard:CaptainsHat","blackbeard:PirateStrength"],"picked":"blackbeard:BountyHunter","floor":16},{"not_picked":["blackbeard:TacticalRetreat","blackbeard:DeadlyArsenal"],"picked":"blackbeard:Shrapnel","floor":18}],"player_experience":94390,"relics_obtained":[{"floor":2,"key":"Ring of Greed"},{"floor":2,"key":"Replay:Bandana"},{"floor":2,"key":"MawBank"},{"floor":2,"key":"Ring of Misfortune"},{"floor":7,"key":"Regal Pillow"},{"floor":8,"key":"halation:Toothbrush"},{"floor":9,"key":"halation:BottledLove"},{"floor":13,"key":"StuffTheSpire:TintedRock"}],"event_choices":[{"damage_healed":0,"gold_gain":0,"player_choice":"Bought Vampiric Scepter","damage_taken":0,"max_hp_gain":0,"max_hp_loss":0,"event_name":"blackbeard:Vampires","floor":19,"gold_loss":125,"cards_obtained":["blackbeard:VampiricScepter"]}],"is_beta":false,"boss_relics":[{"not_picked":["Kintsugi","StuffTheSpire:Kangaroo"],"picked":"halation:Prosthetics"}],"items_purged_floors":[],"is_endless":false,"potions_floor_spawned":[8,11,14],"killed_by":"conspire:FuzzyDice","ascension_level":4}}