{"host":"p8pxxhl9h7qv5y4h","time":1611424125,"event":{"mods":["Ascension Reborn","BaseMod","BetterRewards","Colored Map","Custom Start","Ironclad Rager","Minty Spire (QoL Compilation)","Shop Mod","StSLib","êº¤õ«ü«n"],"gold_per_floor":[111,126,126,126,143,170,170,185,231,265,284,309,309,324,324,422,422,432,442,88,108,108,135,135,135,135,135,155,173,191,191,191,191,191],"floor_reached":33,"language":"ZHT","playtime":2432,"items_purged":["ICR:RageStrike"],"score":289,"play_id":"134fd1f4-db33-461c-8558-5182564ca649","local_time":"20210124014845","is_ascension_mode":false,"campfire_choices":[{"floor":7,"key":"RECALL"},{"data":"1","floor":13,"key":"LIFT"},{"data":"2","floor":15,"key":"LIFT"},{"floor":24,"key":"REST"},{"floor":27,"key":"REST"},{"floor":32,"key":"REST"}],"circlet_count":0,"master_deck":["Bash","ICR:RageStrike","ICR:RageStrike","ICR:RageStrike","ICR:RageStrike","ICR:ShieldBash","ICR:ShieldBash","ICR:ShieldBash","ICR:ShieldBash","Flex","Pommel Strike","Cleave","Dual Wield","Shrug It Off","Flex","Juggernaut","Armaments+1","Inflame","Shrug It Off","Pommel Strike","Barricade","Flex"],"relics":["Burning Blood","HornCleat","Potion Belt","Meat on the Bone","Girya","Runic Pyramid","MerchantsRug","Ancient Tea Set","Gremlin Horn","Boot"],"acts_visited":["Exordium","TheCity"],"potions_floor_usage":[12,16,16,16,16,16,23,23,30,33],"damage_taken":[{"damage":1,"enemies":"Cultist","floor":1,"turns":4},{"damage":4,"enemies":"2 Louse","floor":2,"turns":3},{"damage":0,"enemies":"Small Slimes","floor":5,"turns":3},{"damage":16,"enemies":"Gremlin Nob","floor":6,"turns":5},{"damage":11,"enemies":"Blue Slaver","floor":8,"turns":4},{"damage":34,"enemies":"Lagavulin","floor":10,"turns":8},{"damage":11,"enemies":"3 Louse","floor":11,"turns":3},{"damage":11,"enemies":"3 Sentries","floor":12,"turns":5},{"damage":13,"enemies":"Red Slaver","floor":14,"turns":5},{"damage":60,"enemies":"The Guardian","floor":16,"turns":11},{"damage":6,"enemies":"Chosen","floor":18,"turns":5},{"damage":16,"enemies":"Shell Parasite","floor":19,"turns":7},{"damage":16,"enemies":"Centurion and Healer","floor":21,"turns":6},{"damage":59,"enemies":"Slavers","floor":23,"turns":6},{"damage":18,"enemies":"Snake Plant","floor":28,"turns":5},{"damage":13,"enemies":"Chosen and Byrds","floor":29,"turns":7},{"damage":10,"enemies":"Centurion and Healer","floor":30,"turns":8},{"damage":80,"enemies":"Automaton","floor":33,"turns":12}],"seed_played":"-884412808979881338","potions_obtained":[{"floor":2,"key":"SteroidPotion"},{"floor":5,"key":"DuplicationPotion"},{"floor":11,"key":"DistilledChaos"},{"floor":14,"key":"EntropicBrew"},{"floor":16,"key":"Ancient Potion"},{"floor":19,"key":"SkillPotion"},{"floor":29,"key":"Block Potion"},{"floor":30,"key":"LiquidMemories"}],"is_trial":false,"path_per_floor":["M","M","?","?","M","E","R","M","T","E","M","E","R","M","R","B",null,"M","M","$","M","?","E","R","?","T","R","M","M","M","T","R","B"],"character_chosen":"IRONCLAD","items_purchased":["Inflame","MerchantsRug","Shrug It Off"],"campfire_rested":3,"item_purchase_floors":[20,20,20],"current_hp_per_floor":[80,80,77,77,80,70,70,65,65,37,44,51,51,56,56,26,80,80,70,70,60,60,19,43,28,28,53,53,58,54,54,79,0,0],"gold":191,"neow_bonus":"IRONCLAD_RAGER","is_daily":false,"chose_seed":false,"campfire_upgraded":0,"win_rate":0.0,"timestamp":1611424125,"path_taken":["M","M","?","?","M","E","R","M","T","E","M","E","R","M","R","BOSS","M","M","$","M","?","E","R","?","T","R","M","M","M","?","R","BOSS"],"items_purchased_type":["Card","Relic","Card"],"build_version":"2020-12-22","purchased_purges":1,"victory":false,"max_hp_per_floor":[80,80,80,80,80,80,80,80,80,80,80,80,80,80,80,80,80,80,80,80,80,80,80,80,85,85,85,85,85,85,85,85,85,85],"card_choices":[{"not_picked":["True Grit","Battle Trance","Power Through"],"picked":"SKIP","floor":1},{"not_picked":["Dropkick","Pummel"],"picked":"Flex","floor":2},{"not_picked":["Cleave","Shrug It Off"],"picked":"Pommel Strike","floor":5},{"not_picked":["Twin Strike","Dropkick"],"picked":"Cleave","floor":6},{"not_picked":["Wild Strike","Pommel Strike"],"picked":"Dual Wield","floor":8},{"not_picked":["True Grit","Exhume","Heavy Blade"],"picked":"SKIP","floor":10},{"not_picked":["Heavy Blade","Combust"],"picked":"Shrug It Off","floor":11},{"not_picked":["Pommel Strike","Battle Trance","Thunderclap"],"picked":"SKIP","floor":12},{"not_picked":["Sword Boomerang","Clothesline"],"picked":"Flex","floor":14},{"not_picked":["Impervious","Exhume"],"picked":"Juggernaut","floor":16},{"not_picked":["Twin Strike","Hemokinesis"],"picked":"Armaments+1","floor":18},{"not_picked":["Thunderclap","Blood for Blood","Burning Pact+1"],"picked":"SKIP","floor":19},{"not_picked":["Anger","Sword Boomerang+1"],"picked":"Pommel Strike","floor":21},{"not_picked":["Perfected Strike","Double Tap","Uppercut+1"],"picked":"SKIP","floor":23},{"not_picked":["Feel No Pain","Shrug It Off","Clash"],"picked":"SKIP","floor":28},{"not_picked":["Heavy Blade","Dual Wield","Clothesline"],"picked":"SKIP","floor":29},{"not_picked":["Armaments","Carnage"],"picked":"Flex","floor":30}],"player_experience":103996,"relics_obtained":[{"floor":6,"key":"Potion Belt"},{"floor":10,"key":"Meat on the Bone"},{"floor":12,"key":"Girya"},{"floor":23,"key":"Ancient Tea Set"},{"floor":26,"key":"Gremlin Horn"},{"floor":31,"key":"Boot"}],"event_choices":[{"damage_healed":0,"gold_gain":0,"player_choice":"Success","damage_taken":3,"relics_obtained":["HornCleat"],"max_hp_gain":0,"max_hp_loss":0,"event_name":"Scrap Ooze","floor":3,"gold_loss":0},{"damage_healed":0,"gold_gain":0,"player_choice":"Ignored","damage_taken":0,"max_hp_gain":0,"max_hp_loss":0,"event_name":"Golden Wing","floor":4,"gold_loss":0},{"damage_healed":0,"gold_gain":0,"player_choice":"Read","damage_taken":0,"max_hp_gain":0,"max_hp_loss":0,"event_name":"The Library","floor":22,"gold_loss":0,"cards_obtained":["Barricade"]},{"damage_healed":0,"gold_gain":0,"player_choice":"Shed Blood","damage_taken":20,"max_hp_gain":5,"max_hp_loss":0,"event_name":"Forgotten Altar","floor":25,"gold_loss":0}],"is_beta":false,"boss_relics":[{"not_picked":["Philosopher\u0027s Stone","Ectoplasm"],"picked":"Runic Pyramid"}],"items_purged_floors":[20],"is_endless":false,"potions_floor_spawned":[2,5,11,14,16,19,29,30],"killed_by":"Automaton","ascension_level":0}}