{"host":"ooe12lh8pgcirntb","time":1611373685,"event":{"mods":["AchievementEnabler","Act Like it!","Bard","BaseMod","Beaked The Cultist","ChefMod","Colored Map","Colored Powertips","Downfall","Hallownest","Hermit","Jorbs\u0027s Wanderer Trilogy","Minty Spire (QoL Compilation)","Robot Space Explorer","StSLib","The Animator","The Blackbeard","The Bug Knight","The Construct","The Cursed","The Disciple","The Hayseed","The Hierophant","The Problem Sleuth","TheVacant"],"gold_per_floor":[113,113,128,203,109,109,136,136,136,136,136,3,46,67,67,170,170,185,35,310,324,35,35,67,67,94,94,112,126,126,146,146,254,254,272,70,82,99,99,99],"floor_reached":39,"language":"ENG","playtime":12584,"items_purged":[],"score":397,"play_id":"87b1839c-0ab1-48cf-859c-d458d12fad3e","local_time":"20210122224805","is_ascension_mode":false,"campfire_choices":[{"data":"animator:WinryRockbell","floor":6,"key":"SMITH"},{"data":"animator:Sloth","floor":11,"key":"SMITH"},{"floor":15,"key":"REST"},{"floor":23,"key":"REST"},{"floor":27,"key":"REST"},{"floor":30,"key":"REST"},{"data":"animator:RoryMercury","floor":32,"key":"SMITH"}],"circlet_count":0,"master_deck":["animator:Strike_Konosuba+1","animator:Defend_Konosuba","animator:Kazuma","animator:Aqua","animator:Sloth+1","animator:WinryRockbell+1","animator:Strike_GoblinSlayer","animator:Strike_Elsword","animator:Strike_Konosuba","animator:Defend_MadokaMagica","animator:Defend_Overlord","animator:Defend_GoblinSlayer+1","animator:Raven+1","animator:RoryMercury+1","animator:ElricAlphonse","animator:Megumin+5","animator:Hans","animator:GazelDwargon+1","Regret","animator:Entoma+4","animator:FielNirvalen+1","animator:Aqua","animator:DolaRiku","animator:MaesHughes+1","animator:Wiz","animator:DolaStephanie+1","animator:ElricEdward","animator:ElricEdward","animator:Cocytus+1"],"relics":["animator:LivingPicture","animator:TheMissingPiece","Juzu Bracelet","HollowMod:QueensCombRelic","animator:WornHelmet","Centennial Puzzle","Odd Mushroom","construct:WeddingRing","animator:ShionDessert","construct:RocketBooster","Art of War","theSleuth:SaltedMelon","theSleuth:SaltedMelon","Vajra","construct:ClawGrip","Guardian:BottledAnomaly"],"acts_visited":["Exordium","TheCity","TheBeyond"],"potions_floor_usage":[16,16,21,29,31,31,39,39,39],"damage_taken":[{"damage":0,"enemies":"Jaw Worm","floor":1,"turns":7},{"damage":0,"enemies":"Small Slimes","floor":3,"turns":4},{"damage":0,"enemies":"2 Louse","floor":7,"turns":4},{"damage":15,"enemies":"Lagavulin","floor":13,"turns":7},{"damage":15,"enemies":"The Mushroom Lair","floor":14,"turns":4},{"damage":28,"enemies":"Hexaghost","floor":16,"turns":12},{"damage":30,"enemies":"Spheric Guardian","floor":18,"turns":6},{"damage":8,"enemies":"Shell Parasite","floor":21,"turns":6},{"damage":42,"enemies":"Slavers","floor":24,"turns":7},{"damage":18,"enemies":"Shelled Parasite and Fungi","floor":28,"turns":7},{"damage":19,"enemies":"3 Cultists","floor":29,"turns":7},{"damage":0,"enemies":"Snecko","floor":31,"turns":5},{"damage":9,"enemies":"Champ","floor":33,"turns":12},{"damage":19,"enemies":"3 Darklings","floor":35,"turns":4},{"damage":25,"enemies":"3 Shapes","floor":37,"turns":4},{"damage":16,"enemies":"4 Shapes","floor":38,"turns":3},{"damage":39,"enemies":"Sphere and 2 Shapes","floor":39,"turns":3}],"seed_played":"3623362944784488058","potions_obtained":[{"floor":1,"key":"SpeedPotion"},{"floor":3,"key":"animator:GrowthPotion"},{"floor":13,"key":"ColorlessPotion"},{"floor":16,"key":"ColorlessPotion"},{"floor":24,"key":"Fire Potion"},{"floor":28,"key":"FearPotion"},{"floor":29,"key":"DuplicationPotion"},{"floor":31,"key":"construct:ShiftPotion"},{"floor":37,"key":"Regen Potion"}],"is_trial":false,"path_per_floor":["M","?","M","?","?","R","M","?","T","?","R","$","E","?","R","B",null,"M","$","?","M","$","R","E","?","T","R","M","M","R","M","R","B",null,"M","$","M","M","M"],"character_chosen":"THE_ANIMATOR","items_purchased":["animator:RoryMercury","animator:ElricAlphonse","animator:ShionDessert","construct:RocketBooster","Guardian:BottledAnomaly","animator:ElricEdward"],"campfire_rested":4,"item_purchase_floors":[12,12,19,22,36,36],"current_hp_per_floor":[66,53,55,44,44,44,46,46,44,44,44,44,29,20,33,16,45,17,17,17,27,27,40,4,4,4,20,12,7,24,46,48,48,55,40,40,29,21,0,0],"gold":99,"neow_bonus":"RANDOM_COMMON_RELIC","is_daily":false,"chose_seed":false,"campfire_upgraded":3,"win_rate":0.0,"timestamp":1611373685,"path_taken":["M","?","M","?","?","R","M","?","T","?","R","$","E","?","R","BOSS","M","$","?","M","$","R","E","?","T","R","M","M","R","M","R","BOSS","M","$","M","M","M"],"items_purchased_type":["Card","Card","Relic","Relic","Relic","Card"],"build_version":"2020-12-22","purchased_purges":0,"victory":false,"max_hp_per_floor":[66,66,66,66,66,66,66,66,44,44,44,44,44,44,44,45,45,45,45,45,45,45,45,47,47,47,49,49,51,53,53,55,55,55,55,55,57,57,57,57],"card_choices":[{"not_picked":["animator:Laby","animator:Shion"],"picked":"animator:Sloth","floor":1},{"not_picked":["animator:Tet","animator:Lu"],"picked":"animator:WinryRockbell","floor":3},{"not_picked":["animator:IzunaHatsuse","animator:Vesta"],"picked":"animator:Raven","floor":7},{"not_picked":["animator:Vanir","animator:Mitsurugi"],"picked":"animator:Megumin","floor":13},{"not_picked":["animator:Scar","animator:Lu"],"picked":"animator:Megumin","floor":14},{"not_picked":["animator:Shizu","animator:Shiro"],"picked":"animator:Hans","floor":16},{"not_picked":["animator:Laby+1","animator:Sebas"],"picked":"animator:GazelDwargon","floor":18},{"not_picked":["animator:DolaRiku","animator:WinryRockbell"],"picked":"animator:Entoma+1","floor":21},{"not_picked":["animator:Kazuma","animator:NarberalGamma+1"],"picked":"animator:FielNirvalen+1","floor":24},{"not_picked":["animator:Kazuma","animator:Chris"],"picked":"animator:Aqua","floor":28},{"not_picked":["animator:Lu+1","animator:Hakurou"],"picked":"animator:DolaRiku","floor":29},{"not_picked":["animator:Vanir","animator:DolaCouronne"],"picked":"animator:MaesHughes+1","floor":31},{"not_picked":["animator:ItamiYouji","animator:PinaCoLada"],"picked":"animator:Wiz","floor":33},{"not_picked":["animator:Tet+1","animator:Kuribayashi"],"picked":"animator:DolaStephanie+1","floor":35},{"not_picked":["animator:Scar","animator:MaesHughes"],"picked":"animator:ElricEdward","floor":37},{"not_picked":["animator:MaesHughes+1","animator:Vesta+1"],"picked":"animator:Cocytus+1","floor":38}],"player_experience":737368,"relics_obtained":[{"floor":9,"key":"HollowMod:QueensCombRelic"},{"floor":10,"key":"animator:WornHelmet"},{"floor":13,"key":"Centennial Puzzle"},{"floor":14,"key":"Odd Mushroom"},{"floor":24,"key":"Art of War"},{"floor":26,"key":"Vajra"}],"event_choices":[{"damage_healed":0,"gold_gain":0,"player_choice":"Entered Light","damage_taken":13,"max_hp_gain":0,"max_hp_loss":0,"event_name":"Shining Light","floor":2,"gold_loss":0,"cards_upgraded":["animator:Defend","animator:Strike_Konosuba"]},{"damage_healed":0,"gold_gain":75,"player_choice":"Gather Gold","damage_taken":11,"max_hp_gain":0,"max_hp_loss":0,"event_name":"World of Goop","floor":4,"gold_loss":0},{"damage_healed":0,"gold_gain":0,"player_choice":"Grow","damage_taken":0,"max_hp_gain":0,"max_hp_loss":0,"event_name":"Living Wall","floor":8,"gold_loss":0,"cards_upgraded":["animator:Raven"]},{"damage_healed":0,"gold_gain":0,"player_choice":"Relic","damage_taken":0,"max_hp_gain":0,"max_hp_loss":0,"event_name":"Wheel of Change","floor":10,"gold_loss":0},{"damage_healed":0,"gold_gain":0,"player_choice":"Fought Mushrooms","damage_taken":0,"max_hp_gain":0,"max_hp_loss":0,"event_name":"Mushrooms","floor":14,"gold_loss":0},{"damage_healed":0,"gold_gain":275,"player_choice":"Desecrate","damage_taken":0,"max_hp_gain":0,"max_hp_loss":0,"event_name":"Golden Shrine","floor":20,"gold_loss":0,"cards_obtained":["Regret"]}],"is_beta":false,"boss_relics":[{"not_picked":["Fusion Hammer","animator:VividPicture"],"picked":"construct:WeddingRing"},{"not_picked":["Coffee Dripper","Black Star"],"picked":"construct:ClawGrip"}],"items_purged_floors":[],"is_endless":false,"potions_floor_spawned":[1,3,13,16,24,28,29,31,37],"killed_by":"Sphere and 2 Shapes","ascension_level":0}}