{"host":"v0n6ky7dmveherv3","time":1611443885,"event":{"mods":["BaseMod","Better Third Choice","Downfall","Minty Spire (QoL Compilation)","StSLib"],"gold_per_floor":[99,117,132,132,144,164,191,217,117,217,10,44,29,64,80,180,180,180,199,278,295,315,315,362,462,493,507,457,40,72,72,83,187,187,187,205,219,565,615,71,97,116,139,139,39,39,52,84,98,98],"floor_reached":51,"language":"ENG","playtime":3265,"items_purged":["Shame","bronze:Strike"],"score":923,"play_id":"12ec03ef-ad2b-465e-99aa-c7865e4f01ac","local_time":"20210123161805","is_ascension_mode":true,"campfire_choices":[{"floor":1.0,"key":"RECALL"},{"data":"bronze:ClassDefault","floor":9.0,"key":"SMITH"},{"data":"bronze:Mutator","floor":18.0,"key":"SMITH"},{"data":"bronze:Verify","floor":23.0,"key":"SMITH"},{"data":"bronze:InfiniteLoop","floor":35.0,"key":"SMITH"},{"data":"bronze:ClassDefault","floor":45.0,"key":"SMITH"}],"circlet_count":0,"master_deck":["bronze:Defend","bronze:Defend","bronze:Replicate","bronze:SpaghettiCode+1","bronze:ShipIt+1","bronze:Break+1","bronze:Repulsor+1","bronze:GetLatest+1","bronze:Repair","bronze:ClassDefault+1","bronze:Mutator+1","bronze:InfiniteBeams","bronze:InfiniteBeams","bronze:ChosenStrike","bronze:Verify+1","bronze:Boost+1","bronze:Break","bronze:Flail+1","bronze:ClassDefault+1","bronze:FineTuning+1","bronze:Iterate","bronze:FollowUp+1","bronze:CloningBeam","bronze:InfiniteLoop+1","bronze:Repair","bronze:TinkerersToolbox","bronze:InfiniteBeams","Flash of Steel","expansioncontent:Chronoboost","Normality","bronze:InfiniteBeams+1","bronze:ClassDefault+1"],"relics":["Astrolabe","Lantern","Potion Belt","downfall:HeartBlessingRed","Dream Catcher","Bird Faced Urn","bronze:MakeshiftBattery","Shuriken","Centennial Puzzle","Peace Pipe","HornCleat","Unceasing Top","Orrery","Juzu Bracelet","bronze:BottledCode","SlaversCollar","Old Coin","Calipers","sneckomod:BlankCard","Letter Opener","TheAbacus","Blood Vial","Bronze Scales","downfall:HeartBlessingGreen","Prayer Wheel"],"acts_visited":["Exordium","TheCity","TheBeyond"],"potions_floor_usage":[50,50,50],"damage_taken":[{"damage":0.0,"enemies":"2 Louse","floor":2.0,"turns":3.0},{"damage":0.0,"enemies":"Cultist","floor":3.0,"turns":2.0},{"damage":6.0,"enemies":"Jaw Worm","floor":5.0,"turns":2.0},{"damage":0.0,"enemies":"2 Fungi Beasts","floor":6.0,"turns":4.0},{"damage":0.0,"enemies":"Gremlin Nob","floor":8.0,"turns":2.0},{"damage":8.0,"enemies":"downfall:FleeingMerchant","floor":11.0,"turns":4.0},{"damage":15.0,"enemies":"Lagavulin","floor":12.0,"turns":6.0},{"damage":15.0,"enemies":"downfall:FleeingMerchant","floor":13.0,"turns":4.0},{"damage":2.0,"enemies":"Gremlin Nob","floor":14.0,"turns":3.0},{"damage":7.0,"enemies":"Exordium Wildlife","floor":15.0,"turns":4.0},{"damage":46.0,"enemies":"DF_ARCHETYPE_STREAMLINE","floor":16.0,"turns":6.0},{"damage":8.0,"enemies":"3 Byrds","floor":19.0,"turns":5.0},{"damage":22.0,"enemies":"Snake Plant","floor":21.0,"turns":5.0},{"damage":10.0,"enemies":"Cultist and Chosen","floor":22.0,"turns":4.0},{"damage":24.0,"enemies":"Colosseum Nobs","floor":25.0,"turns":4.0},{"damage":19.0,"enemies":"Book of Stabbing","floor":26.0,"turns":4.0},{"damage":17.0,"enemies":"Sentry and Sphere","floor":27.0,"turns":4.0},{"damage":0.0,"enemies":"downfall:FleeingMerchant","floor":29.0,"turns":4.0},{"damage":4.0,"enemies":"Gremlin Leader","floor":30.0,"turns":4.0},{"damage":3.0,"enemies":"Snecko","floor":32.0,"turns":4.0},{"damage":21.0,"enemies":"IC_MUSHROOM_ARCHETYPE","floor":33.0,"turns":4.0},{"damage":20.0,"enemies":"3 Shapes","floor":36.0,"turns":6.0},{"damage":6.0,"enemies":"Orb Walker","floor":37.0,"turns":3.0},{"damage":19.0,"enemies":"2 Orb Walkers","floor":38.0,"turns":3.0},{"damage":0.0,"enemies":"2 Orb Walkers","floor":39.0,"turns":3.0},{"damage":0.0,"enemies":"downfall:FleeingMerchant","floor":40.0,"turns":2.0},{"damage":0.0,"enemies":"Jaw Worm Horde","floor":42.0,"turns":1.0},{"damage":12.0,"enemies":"4 Shapes","floor":47.0,"turns":4.0},{"damage":12.0,"enemies":"Reptomancer","floor":48.0,"turns":5.0},{"damage":1.0,"enemies":"Writhing Mass","floor":49.0,"turns":3.0},{"damage":0,"enemies":"WA_ARCHETYPE_DIVINITY","floor":50,"turns":4}],"seed_played":"457551121741523220","potions_obtained":[{"floor":3.0,"key":"sneckomod:MuddlingPotion"},{"floor":5.0,"key":"SpeedPotion"},{"floor":14.0,"key":"SteroidPotion"},{"floor":16.0,"key":"Dexterity Potion"},{"floor":19.0,"key":"SteroidPotion"},{"floor":22.0,"key":"bronze:CleanCodePotion"},{"floor":30.0,"key":"Swift Potion"},{"floor":33.0,"key":"AttackPotion"},{"floor":36.0,"key":"SkillPotion"},{"floor":47.0,"key":"Regen Potion"},{"floor":49.0,"key":"FearPotion"}],"is_trial":false,"path_per_floor":["R","M","M","?","M","M","T","E","R","?","$","E","$","E","M","B",null,"R","M","T","M","M","R","T","?","E","M","?","$","E","?","M","B",null,"R","M","M","?","?","$","T","M","?","?","R","?","M","E","M","B",null],"character_chosen":"THE_AUTOMATON","items_purchased":["bronze:Mutator","Fire Potion","bronze:ClassDefault","Orrery","FairyPotion","bronze:InfiniteBeams","sneckomod:BlankCard","Letter Opener","TheAbacus","Flash of Steel","DistilledChaos"],"campfire_rested":0,"item_purchase_floors":[11,11,29,29,29,40,40,40,40,40,40],"current_hp_per_floor":[70,70,70,70,64,64,64,64,64,64,62,54,46,44,50,17,70,70,70,70,65,70,70,70,50,41,33,61,70,70,60,59,49,60,60,42,56,46,54,60,60,60,60,60,60,60,60,60,60,60],"gold":98,"neow_bonus":"BOSS_RELIC","is_daily":false,"chose_seed":false,"campfire_upgraded":5,"win_rate":0.0,"timestamp":1611443885,"path_taken":["R","M","M","?","?","M","T","E","R","?","$","E","$","E","M","BOSS","R","M","?","M","M","R","T","?","E","M","?","$","E","?","M","BOSS","R","M","M","?","?","$","T","M","?","?","R","?","M","E","M","BOSS"],"items_purchased_type":["Card","Potion","Card","Relic","Potion","Card","Relic","Relic","Relic","Card","Potion"],"build_version":"2020-12-22","purchased_purges":2,"victory":true,"max_hp_per_floor":[70,70,70,70,70,70,70,70,70,70,70,70,70,70,70,70,70,70,70,70,70,70,70,70,70,70,70,70,70,70,60,60,60,60,60,60,60,60,60,60,60,60,60,60,60,60,60,60,60,60],"card_choices":[{"not_picked":["bronze:FineTuning","bronze:DelayedSlice"],"picked":"bronze:Repulsor","floor":2.0},{"not_picked":["bronze:Iterate","bronze:Repulsor"],"picked":"bronze:GetLatest","floor":3.0},{"not_picked":["bronze:Deprecate","bronze:Branch"],"picked":"bronze:Repair","floor":5.0},{"not_picked":["bronze:Turbo","bronze:Iterate"],"picked":"bronze:ClassDefault","floor":6.0},{"not_picked":["bronze:Overload","bronze:BitShift","bronze:Separator"],"picked":"SKIP","floor":8.0},{"not_picked":["bronze:OilSpill","bronze:Flail","bronze:BugBarrage"],"picked":"SKIP","floor":11.0},{"not_picked":["bronze:WhirlingStrike","bronze:RecursiveStrike","bronze:Turbo"],"picked":"SKIP","floor":12.0},{"not_picked":["bronze:Invalidate","bronze:Repulsor"],"picked":"bronze:InfiniteBeams","floor":13.0},{"not_picked":["bronze:Constructor","bronze:CloningBeam"],"picked":"bronze:InfiniteBeams","floor":14.0},{"not_picked":["bronze:Repair","bronze:Backtrace"],"picked":"bronze:ChosenStrike","floor":15.0},{"not_picked":["bronze:AlphaBuild","bronze:BurnOut"],"picked":"bronze:Verify","floor":16.0},{"not_picked":["bronze:Safeguard+1","bronze:CutThrough","bronze:FollowUp"],"picked":"SKIP","floor":19.0},{"not_picked":["bronze:Constructor+1","bronze:DelayedSlice+1","bronze:WhirlingStrike"],"picked":"SKIP","floor":21.0},{"not_picked":["bronze:CutThrough","bronze:ItsAFeature"],"picked":"bronze:Boost+1","floor":22.0},{"not_picked":["bronze:FollowUp","bronze:Frontload"],"picked":"bronze:Break","floor":26.0},{"not_picked":["bronze:DelayedGuard+1","bronze:Return"],"picked":"bronze:Flail+1","floor":27.0},{"not_picked":["bronze:Optimize","bronze:Frontload","bronze:CutThrough+1"],"picked":"SKIP","floor":29.0},{"not_picked":["bronze:NullPointer","bronze:CutThrough"],"picked":"bronze:FineTuning+1","floor":29.0},{"not_picked":["bronze:DelayedSlice","bronze:BitShift"],"picked":"bronze:Iterate","floor":29.0},{"not_picked":["bronze:FineTuning","bronze:BugBarrage"],"picked":"bronze:FollowUp+1","floor":29.0},{"not_picked":["bronze:WhirlingStrike+1","bronze:BugBarrage"],"picked":"bronze:CloningBeam","floor":29.0},{"not_picked":["bronze:DelayedSlice+1","bronze:ForLoop","bronze:Invalidate"],"picked":"SKIP","floor":30.0},{"not_picked":["bronze:Frontload","bronze:BuggyMess","bronze:Refactor"],"picked":"SKIP","floor":32.0},{"not_picked":["bronze:AlphaBuild","bronze:FindAndReplace"],"picked":"bronze:InfiniteLoop","floor":33.0},{"not_picked":["bronze:Invalidate+1","bronze:ChosenStrike+1"],"picked":"bronze:Repair","floor":36.0},{"not_picked":["bronze:Separator","bronze:BugBarrage","bronze:Frontload"],"picked":"SKIP","floor":37.0},{"not_picked":["bronze:Iterate","bronze:Backtrace"],"picked":"bronze:TinkerersToolbox","floor":39.0},{"not_picked":["bronze:BugBarrage+1","bronze:DarkDash","bronze:DelayedSlice"],"picked":"SKIP","floor":40.0},{"not_picked":["bronze:Overheat+1","bronze:Frontload","bronze:DelayedGuard"],"picked":"SKIP","floor":42.0},{"not_picked":["expansioncontent:YouAreMine","expansioncontent:GuardianWhirl"],"picked":"expansioncontent:Chronoboost","floor":44.0},{"not_picked":["bronze:BugBarrage","bronze:DelayedGuard+1"],"picked":"bronze:InfiniteBeams+1","floor":47.0},{"not_picked":["bronze:Repulsor","bronze:ThunderWave","bronze:Safeguard"],"picked":"SKIP","floor":48.0},{"not_picked":["bronze:DelayedSlice","bronze:Shield+1"],"picked":"bronze:ClassDefault+1","floor":49.0},{"not_picked":["bronze:Boost","bronze:Branch","bronze:DarkDash+1"],"picked":"SKIP","floor":49.0}],"player_experience":123961,"relics_obtained":[{"floor":7.0,"key":"Lantern"},{"floor":8.0,"key":"Potion Belt"},{"floor":12.0,"key":"Dream Catcher"},{"floor":14.0,"key":"Bird Faced Urn"},{"floor":20.0,"key":"Shuriken"},{"floor":24.0,"key":"Centennial Puzzle"},{"floor":25.0,"key":"Peace Pipe"},{"floor":25.0,"key":"HornCleat"},{"floor":26.0,"key":"Unceasing Top"},{"floor":30.0,"key":"Juzu Bracelet"},{"floor":38.0,"key":"Old Coin"},{"floor":39.0,"key":"Calipers"},{"floor":41.0,"key":"Blood Vial"},{"floor":43.0,"key":"Bronze Scales"},{"floor":48.0,"key":"Prayer Wheel"}],"event_choices":[{"damage_healed":0.0,"max_hp_gain":0.0,"max_hp_loss":0.0,"gold_gain":100.0,"event_name":"Wheel of Change","player_choice":"Gold","floor":10.0,"gold_loss":0.0,"damage_taken":0.0},{"damage_healed":0.0,"max_hp_gain":0.0,"max_hp_loss":0.0,"gold_gain":0.0,"event_name":"Mysterious Sphere","player_choice":"Fight","floor":38.0,"gold_loss":0.0,"damage_taken":0.0}],"is_beta":false,"boss_relics":[{"not_picked":["Runic Dome","Calling Bell"],"picked":"bronze:MakeshiftBattery"},{"not_picked":["Empty Cage","Tiny House"],"picked":"SlaversCollar"}],"items_purged_floors":[29,40],"is_endless":false,"potions_floor_spawned":[3,5,14,16,19,22,30,33,36,37,42,47,48,49],"ascension_level":1}}