{"host":"s3s7xsmblwiz356v","time":1611440395,"event":{"mods":["AchievementEnabler","BaseMod","Block Reminder","Colored Map","Colored Powertips","Minty Spire (QoL Compilation)"],"gold_per_floor":[112,112,112,262,101,129,129,162,162,162,172,186,186,210,210,306,369,382,382,396,416,416,416],"floor_reached":22,"language":"ENG","playtime":1233,"items_purged":["Doubt"],"score":439,"play_id":"4ad9e6fe-a106-4c72-8748-d1bf3a6e7af9","local_time":"20210123171955","is_ascension_mode":true,"campfire_choices":[{"data":"Crippling Poison","floor":10.0,"key":"SMITH"},{"data":"Footwork","floor":15.0,"key":"SMITH"}],"circlet_count":0,"master_deck":["AscendersBane","Strike_G+1","Strike_G+1","Strike_G","Strike_G+1","Defend_G","Defend_G","Defend_G","Defend_G","Defend_G","Survivor","Neutralize","Dagger Spray","Expertise","Footwork+1","Bouncing Flask","Crippling Poison+1","Blade Dance","Escape Plan","Die Die Die","Glass Knife","Blade Dance","Catalyst","Backflip"],"relics":["Ring of the Snake","NeowsBlessing","Mercury Hourglass","PreservedInsect","Sundial","Bird Faced Urn","Golden Idol","Tiny House","HornCleat"],"acts_visited":["Exordium","TheCity"],"potions_floor_usage":[22],"damage_taken":[{"damage":0.0,"enemies":"2 Louse","floor":1.0,"turns":1.0},{"damage":0.0,"enemies":"Gremlin Nob","floor":6.0,"turns":1.0},{"damage":0.0,"enemies":"3 Sentries","floor":8.0,"turns":1.0},{"damage":0.0,"enemies":"Small Slimes","floor":11.0,"turns":3.0},{"damage":2.0,"enemies":"Jaw Worm","floor":12.0,"turns":3.0},{"damage":0.0,"enemies":"Red Slaver","floor":14.0,"turns":3.0},{"damage":3.0,"enemies":"Hexaghost","floor":16.0,"turns":8.0},{"damage":25.0,"enemies":"2 Thieves","floor":18.0,"turns":4.0},{"damage":16.0,"enemies":"Chosen","floor":20.0,"turns":5.0},{"damage":3,"enemies":"Snecko","floor":21,"turns":5},{"damage":22,"enemies":"Shelled Parasite and Fungi","floor":22,"turns":3}],"seed_played":"4008364971191663707","potions_obtained":[{"floor":1.0,"key":"EntropicBrew"},{"floor":6.0,"key":"PowerPotion"},{"floor":12.0,"key":"Energy Potion"},{"floor":17.0,"key":"Dexterity Potion"},{"floor":21,"key":"Weak Potion"}],"is_trial":false,"path_per_floor":["M","?","?","?","$","E","?","E","T","R","M","M","?","M","R","B",null,"M","T","M","M","M"],"character_chosen":"THE_SILENT","items_purchased":["Footwork"],"campfire_rested":0,"item_purchase_floors":[5],"current_hp_per_floor":[59,39,39,39,39,39,34,34,34,34,34,34,11,13,13,14,58,35,35,21,20,0,0],"gold":416,"neow_bonus":"THREE_ENEMY_KILL","is_daily":false,"chose_seed":false,"campfire_upgraded":2,"win_rate":0.0,"timestamp":1611440395,"path_taken":["M","?","?","?","$","E","?","E","T","R","M","M","?","?","R","BOSS","M","?","M","?","?"],"items_purchased_type":["Card"],"build_version":"2020-12-22","purchased_purges":1,"victory":false,"max_hp_per_floor":[66,66,66,66,66,66,66,66,66,66,66,66,66,66,66,66,71,71,71,71,71,71,71],"card_choices":[{"not_picked":["Tactician","Flechettes"],"picked":"Dagger Spray","floor":1.0},{"not_picked":["Underhanded Strike","Finisher"],"picked":"Bouncing Flask","floor":6.0},{"not_picked":["Flechettes","Sucker Punch"],"picked":"Crippling Poison","floor":8.0},{"not_picked":["Sucker Punch","Riddle With Holes"],"picked":"Blade Dance","floor":11.0},{"not_picked":["Distraction","Prepared"],"picked":"Escape Plan","floor":12.0},{"not_picked":["Sucker Punch","Backflip"],"picked":"Die Die Die","floor":14.0},{"not_picked":["A Thousand Cuts","Grand Finale"],"picked":"Glass Knife","floor":16.0},{"not_picked":["Reflex","PiercingWail"],"picked":"Blade Dance","floor":17.0},{"not_picked":["PiercingWail","Riddle With Holes","Acrobatics"],"picked":"SKIP","floor":18.0},{"not_picked":["Bane","PiercingWail"],"picked":"Catalyst","floor":20.0},{"not_picked":["Eviscerate","Flying Knee"],"picked":"Backflip","floor":21}],"player_experience":498563,"relics_obtained":[{"floor":6.0,"key":"Mercury Hourglass"},{"floor":8.0,"key":"Sundial"},{"floor":9.0,"key":"Bird Faced Urn"},{"floor":19.0,"key":"HornCleat"}],"event_choices":[{"damage_healed":0.0,"max_hp_gain":0.0,"max_hp_loss":0.0,"gold_gain":0.0,"event_name":"Shining Light","player_choice":"Entered Light","floor":2.0,"gold_loss":0.0,"damage_taken":20.0,"cards_upgraded":["Strike_G","Strike_G"]},{"damage_healed":0.0,"max_hp_gain":0.0,"max_hp_loss":0.0,"gold_gain":0.0,"cards_transformed":["Strike_G"],"event_name":"Living Wall","player_choice":"Change","floor":3.0,"gold_loss":0.0,"damage_taken":0.0,"cards_obtained":["Expertise"]},{"damage_healed":0.0,"max_hp_gain":0.0,"max_hp_loss":0.0,"gold_gain":150.0,"event_name":"Liars Game","player_choice":"AGREE","floor":4.0,"gold_loss":0.0,"damage_taken":0.0,"cards_obtained":["Doubt"]},{"damage_healed":0.0,"max_hp_gain":0.0,"max_hp_loss":0.0,"gold_gain":0.0,"event_name":"Scrap Ooze","player_choice":"Success","floor":7.0,"gold_loss":0.0,"damage_taken":5.0,"relics_obtained":["PreservedInsect"]},{"damage_healed":0.0,"max_hp_gain":0.0,"max_hp_loss":0.0,"gold_gain":0.0,"event_name":"Golden Idol","player_choice":"Take Damage","floor":13.0,"gold_loss":0.0,"damage_taken":23.0,"relics_obtained":["Golden Idol"]}],"is_beta":false,"boss_relics":[{"not_picked":["Ring of the Serpent","Ectoplasm"],"picked":"Tiny House"}],"items_purged_floors":[5],"is_endless":false,"potions_floor_spawned":[1,6,8,12,21],"killed_by":"Shelled Parasite and Fungi","ascension_level":16}}