{"host":"19zrxeji29so1546","time":1611416352,"event":{"mods":["BaseMod","Colored Powertips","Friendly Minions","HololiveMod","Jorbs\u0027s Wanderer Trilogy","Kiyohime（清?）","Koishi","Marisa（霧雨　魔理沙）","Minty Spire (QoL Compilation)","Prisma Mod","Quick Restart","Reimu（博??梦）","Remilia（蕾米莉?）","Replay The Spire","StSLib","The Construct","The Cursed","The Hierophant","The Judge","The Servant 0.9.4","The Wild Card","TheFirefly"],"gold_per_floor":[79,0,0,0,10,35,56,88,88,102,102,121,121,140,207,326,326,349,253,242,258,258,258,258],"floor_reached":23,"language":"ENG","playtime":1185,"items_purged":[],"score":303,"play_id":"6293be53-59cd-4da9-9214-c6a644f198ea","local_time":"20210123103912","is_ascension_mode":false,"campfire_choices":[{"data":"Hololive_CallRoboco","floor":13,"key":"SMITH"}],"circlet_count":0,"master_deck":["Hololive_Strike+1","Hololive_Strike+1","Hololive_Defend+1","Hololive_Defend+1","Hololive_Teleport","Hololive_CallYuzukiChoco","Hololive_CallYuzukiChoco","Hololive_CallShiranuiFlare","Hololive_CallYuzukiChoco","Hololive_CallSakuraMiko","Hololive_CocoNews","Hololive_CallYozoraMel","Hololive_CallRoboco+1","Hololive_SummonFox","Hololive_Psychosis","Hololive_StrengthChampion","Hololive_Sequa","Hololive_Breathe","Hololive_Rebound","Hololive_DurableLive","Hololive_CallNatsuiroMatsuri+1","Hololive_CallAkaiHaato","Hololive_Psychosis","Hololive_CallYogiri","Hololive_DDD"],"relics":["Hololive_TheStar","NeowsBlessing","Dream Catcher","FossilizedHelix","ReplayTheSpireMod:Shallot","Black Star"],"acts_visited":["TheCity"],"potions_floor_usage":[23],"damage_taken":[{"damage":0,"enemies":"Cultist","floor":1,"turns":1},{"damage":0,"enemies":"Jaw Worm","floor":5,"turns":1},{"damage":0,"enemies":"Gremlin Nob","floor":6,"turns":1},{"damage":0,"enemies":"Small Slimes","floor":7,"turns":3},{"damage":0,"enemies":"3 Sentries","floor":8,"turns":5},{"damage":0,"enemies":"3 Louse","floor":10,"turns":3},{"damage":0,"enemies":"Blue Slaver","floor":12,"turns":2},{"damage":0,"enemies":"Exordium Thugs","floor":14,"turns":4},{"damage":0,"enemies":"Hexaghost","floor":16,"turns":7},{"damage":0,"enemies":"3 Byrds","floor":18,"turns":5},{"damage":0,"enemies":"2 Thieves","floor":20,"turns":4},{"damage":0,"enemies":"3 Cultists","floor":21,"turns":7},{"damage":44,"enemies":"Slavers","floor":23,"turns":4}],"seed_played":"2702330224111825013","potions_obtained":[{"floor":5,"key":"Elixir"},{"floor":14,"key":"Adrenaline Potion"},{"floor":16,"key":"Strength Potion"}],"is_trial":false,"path_per_floor":["M","$","$","?","M","E","M","E","T","M","?","M","R","M","R","B",null,"M","$","M","M","?","E"],"character_chosen":"Hololive_HololiveCharacter","items_purchased":["Hololive_CallYozoraMel","Hololive_CallAkaiHaato","Hololive_Psychosis"],"campfire_rested":0,"item_purchase_floors":[2,19,19],"current_hp_per_floor":[35,35,35,35,35,35,35,35,35,35,40,40,40,40,40,40,40,40,40,40,40,40,0,0],"gold":258,"neow_bonus":"THREE_ENEMY_KILL","is_daily":false,"chose_seed":false,"campfire_upgraded":1,"win_rate":0.0,"timestamp":1611416352,"path_taken":["M","?","$","?","?","E","M","E","T","M","?","M","R","M","R","BOSS","M","$","M","M","?","E"],"items_purchased_type":["Card","Card","Card"],"build_version":"2020-12-22","purchased_purges":0,"victory":false,"max_hp_per_floor":[35,35,35,35,35,35,35,35,35,35,40,40,40,40,40,40,40,40,40,40,40,40,40,40],"card_choices":[{"not_picked":["Hololive_Drill","Hololive_Breathe","Hololive_OvertimeWork"],"picked":"Hololive_CocoNews","floor":1},{"not_picked":["Hololive_HuntDinosaur","Hololive_Trident","Hololive_StrengthChampion"],"picked":"Hololive_CallRoboco","floor":5},{"not_picked":["Hololive_CallMinatoAqua","Hololive_CallArtia","Hololive_AWSL"],"picked":"Hololive_SummonFox","floor":6},{"not_picked":["Hololive_CallAiraniIofifteen","Hololive_FlyingPonyTail","Hololive_Breathe"],"picked":"Hololive_Psychosis","floor":7},{"not_picked":["Hololive_CallYozoraMel","Hololive_HuntDinosaur","Hololive_Drill"],"picked":"Hololive_StrengthChampion","floor":8},{"not_picked":["Hololive_Drill","Hololive_FlyingPonyTail","Hololive_ASMR"],"picked":"Hololive_Sequa","floor":10},{"not_picked":["Hololive_CallHoushouMarine","Hololive_CallDoris","Hololive_CallMurasakiShion"],"picked":"Hololive_Breathe","floor":12},{"not_picked":["Hololive_CallManoAloe","Hololive_LuckPotion","Hololive_Psychosis"],"picked":"Hololive_Rebound","floor":14},{"not_picked":["Hololive_Nanodesu","Hololive_FlareMind","Hololive_HighAtkLowDef"],"picked":"Hololive_DurableLive","floor":16},{"not_picked":["Hololive_Drill+1","Hololive_Sequa+1","Hololive_CocoNews+1"],"picked":"Hololive_CallNatsuiroMatsuri+1","floor":18},{"not_picked":["Hololive_Breathe","Hololive_OvertimeWork","Hololive_StrengthChampion"],"picked":"Hololive_CallYogiri","floor":20},{"not_picked":["Hololive_Rebound","Hololive_CallMomosuzuNene","Hololive_CocoNews+1"],"picked":"Hololive_DDD","floor":21}],"player_experience":251919,"relics_obtained":[{"floor":6,"key":"Dream Catcher"},{"floor":8,"key":"FossilizedHelix"},{"floor":9,"key":"ReplayTheSpireMod:Shallot"}],"event_choices":[{"damage_healed":0,"gold_gain":0,"player_choice":"Ignored","damage_taken":0,"max_hp_gain":0,"max_hp_loss":0,"event_name":"NoteForYourself","floor":4,"gold_loss":0},{"damage_healed":0,"gold_gain":0,"player_choice":"Donut","damage_taken":0,"max_hp_gain":5,"max_hp_loss":0,"event_name":"Big Fish","floor":11,"gold_loss":0},{"damage_healed":0,"gold_gain":0,"player_choice":"Simplicity","damage_taken":0,"max_hp_gain":0,"max_hp_loss":0,"event_name":"Back to Basics","floor":22,"gold_loss":0,"cards_upgraded":["Hololive_Strike","Hololive_Strike","Hololive_Defend","Hololive_Defend"]}],"is_beta":false,"boss_relics":[{"not_picked":["Replay:Bronze Core","Replay:Drink Me"],"picked":"Black Star"}],"items_purged_floors":[],"is_endless":false,"potions_floor_spawned":[5,14,16,20,21],"killed_by":"Slavers","ascension_level":0}}