{"host":"se20ljqv46lcf1zi","time":1611426673,"event":{"mods":["Aspiration","BaseMod","Beaked The Cultist","BetterRewards","Block Reminder","Colored Map","Colored Powertips","Downfall","Halation","Hermit","Hubris","Infinite Spire","Jedi Mod","Minty Spire (QoL Compilation)","Random Character Button","Relic Stats","Replay The Spire","Shade Mod","Shop Mod","Spicy Shops","StSLib","The Cursed","The Forsaken","The Hierophant","The Judge","The Jungle","The Necromancer","The Servant 0.9.4","Waifu the Spire","vexMod"],"gold_per_floor":[112,87,87,40,59,95,95,95,95,120,45,45,45,45,45,175,175,190,205,205,305,380,380,401,401,455,455,498,498,498,518,518,641,641,665,447,467,491,511,546,546,566,566,766,782,782,42,58,58,58,58,58,9,44,144,144],"floor_reached":55,"language":"ENG","playtime":2093,"items_purged":["Injury"],"score":988,"play_id":"d7ecaf08-8557-40e5-9a24-5fabaa6c39fe","local_time":"20210123193113","is_ascension_mode":false,"campfire_choices":[{"data":"Shade:OpenGraves","floor":7,"key":"SMITH"},{"data":"Shade:OpenGraves","floor":12,"key":"SMITH"},{"data":"Shade:Bonestorm","floor":15,"key":"SMITH"},{"floor":23,"key":"RECALL"},{"data":"Shade:Brains","floor":25,"key":"SMITH"},{"data":"Shade:Defend_Shade","floor":27,"key":"SMITH"},{"floor":29,"key":"REST"},{"floor":30,"key":"REST"},{"floor":32,"key":"REST"},{"floor":41,"key":"REST"},{"floor":49,"key":"REST"},{"data":"Shade:AuraOfUnlife","floor":52,"key":"SMITH"}],"circlet_count":0,"master_deck":["Shade:Strike_Shade","Shade:Strike_Shade","Shade:Strike_Shade","Shade:Strike_Shade+1","Shade:Defend_Shade","Shade:Defend_Shade","Shade:Defend_Shade+1","Shade:Defend_Shade","Shade:AnimateDead+1","Shade:CarefulCut+1","Shade:OpenGraves+1","Shade:Bonestorm+1","Shade:SkeletonHug+1","Shade:FingerOfDeath+1","Shade:OpenGraves+1","Shade:UnbarTheGrave+1","Shade:CommandSoldier+1","Shade:CoffinDance+1","Shade:Brains+1","Shade:AuraOfUnlife+1","Shade:Coordination","Shade:WallOfFlesh+1","Shade:FreshBones","Shade:Brains+1","Shade:CommandSoldier","Shade:CommandSoldier+1","Flash of Steel","Finesse","Dramatic Entrance","Shade:CommandSoldier+1","Shade:Trample+1","Shade:Bonestorm"],"relics":["Shade:YorickSkull","NeowsBlessing","Golden Idol","hubris:MobiusCoin","halation:TwoAmDonut","White Beast Statue","aspiration:RitualDagger","vexMod:ImprovementManual","Pear","hubris:BundleOfHerbs","Painkiller Herb","MerchantsRug","halation:SwordOfLegend","vexMod:RedPlottingStone","Art of War","Lantern","HandDrill","Incense Burner","TheAbacus","halation:PromiseList","infinitespire:EvilPickle"],"acts_visited":["Exordium","TheCity","TheBeyond","TheEnding"],"potions_floor_usage":[16,18,24,28,33,33,38,39,50,50,50,55,55],"damage_taken":[{"damage":0,"enemies":"Small Slimes","floor":1,"turns":1},{"damage":0,"enemies":"Jaw Worm","floor":5,"turns":1},{"damage":0,"enemies":"Gremlin Nob","floor":6,"turns":1},{"damage":0,"enemies":"Cultist","floor":10,"turns":4},{"damage":19,"enemies":"Slime Boss","floor":16,"turns":7},{"damage":31,"enemies":"2 Thieves","floor":18,"turns":4},{"damage":18,"enemies":"Chosen","floor":19,"turns":4},{"damage":22,"enemies":"Centurion and Healer","floor":24,"turns":6},{"damage":74,"enemies":"Slavers","floor":28,"turns":6},{"damage":33,"enemies":"Sentry and Sphere","floor":31,"turns":5},{"damage":58,"enemies":"Pondfish","floor":33,"turns":12},{"damage":23,"enemies":"3 Darklings","floor":35,"turns":4},{"damage":9,"enemies":"Orb Walker","floor":37,"turns":3},{"damage":19,"enemies":"Transient","floor":38,"turns":5},{"damage":31,"enemies":"3 Darklings","floor":39,"turns":5},{"damage":33,"enemies":"R_Hoarder","floor":40,"turns":11},{"damage":31,"enemies":"Sphere and 2 Shapes","floor":42,"turns":4},{"damage":23,"enemies":"Jaw Worm Horde","floor":45,"turns":4},{"damage":26,"enemies":"Spire Growth","floor":48,"turns":4},{"damage":105,"enemies":"Awakened One","floor":50,"turns":12},{"damage":86,"enemies":"Shield and Spear","floor":54,"turns":8},{"damage":56,"enemies":"The Heart","floor":55,"turns":3}],"seed_played":"-6960864530762877111","potions_obtained":[{"floor":6,"key":"ColorlessPotion"},{"floor":10,"key":"jedi:wingpotion"},{"floor":16,"key":"champ:CounterPotion"},{"floor":18,"key":"Energy Potion"},{"floor":19,"key":"jedi:wingpotion"},{"floor":24,"key":"Fire Potion"},{"floor":28,"key":"champ:CounterPotion"},{"floor":31,"key":"Slimebound:ThreeZeroPotion"},{"floor":33,"key":"Regen Potion"},{"floor":35,"key":"jedi:StrikingPotion"},{"floor":38,"key":"Elixir"},{"floor":39,"key":"Swift Potion"},{"floor":54,"key":"LifebloodPotion"}],"is_trial":false,"path_per_floor":["M","?","?","$","M","E","R","?","T","M","$","R","$","T","R","B",null,"M","M","?","AVR","?","R","M","R","T","R","E","R","R","M","R","B",null,"?","T","?","?","?","E","T","?","T","?","?","?","T","?","T","B",null,"T","T","E","B"],"character_chosen":"SHADE","items_purchased":["Shade:Bonestorm","MerchantsRug","Energy Potion","Lantern","HandDrill","Incense Burner","TheAbacus","hexamod:SoulburnPotion"],"campfire_rested":5,"item_purchase_floors":[4,36,36,47,47,47,47,53],"current_hp_per_floor":[65,65,65,65,65,65,65,65,65,65,65,65,65,65,65,46,65,34,16,16,26,19,19,74,74,74,74,8,30,52,24,46,66,75,60,60,55,47,40,29,50,29,29,49,33,33,33,18,52,33,85,85,85,20,0,0],"gold":144,"neow_bonus":"THREE_ENEMY_KILL","is_daily":false,"chose_seed":false,"campfire_upgraded":6,"win_rate":0.0,"timestamp":1611426673,"path_taken":["M","?","?","?","M","E","R","?","T","?","?","R","$","?","R","BOSS","M","M","?","AVR","?","R","M","R","T","R","E","R","R","?","R","BOSS","?","T","?","?","?","E","T","?","T","?","?","?","?","?","T","BOSS","T","T","E","BOSS"],"items_purchased_type":["Card","Relic","Potion","Relic","Relic","Relic","Relic","Potion"],"build_version":"2020-12-22","purchased_purges":1,"victory":false,"max_hp_per_floor":[65,65,65,65,65,65,65,65,65,65,65,65,65,65,65,65,65,65,65,65,75,75,75,75,75,75,75,75,75,75,75,75,75,75,75,75,75,75,75,75,75,75,75,85,85,85,85,85,85,85,85,85,85,85,85,85],"relic_stats":{"TheAbacus":[18],"counters":[22,114],"Golden Idol":156,"Art of War":[5],"HandDrill":[8],"obtain_stats":[{"hubris:MobiusCoin":6,"MerchantsRug":36,"Lantern":47,"Pear":21,"NeowsBlessing":0,"Shade:YorickSkull":0,"Golden Idol":3,"Painkiller Herb":34,"Incense Burner":47,"White Beast Statue":14,"infinitespire:EvilPickle":55,"halation:SwordOfLegend":40,"TheAbacus":47,"vexMod:RedPlottingStone":43,"hubris:BundleOfHerbs":28,"Art of War":44,"HandDrill":47,"halation:PromiseList":54,"halation:TwoAmDonut":9,"aspiration:RitualDagger":17,"vexMod:ImprovementManual":21},{"hubris:MobiusCoin":3,"MerchantsRug":12,"Lantern":18,"Pear":7,"NeowsBlessing":0,"Shade:YorickSkull":0,"Golden Idol":1,"Painkiller Herb":11,"Incense Burner":18,"White Beast Statue":4,"infinitespire:EvilPickle":22,"halation:SwordOfLegend":16,"TheAbacus":18,"vexMod:RedPlottingStone":17,"hubris:BundleOfHerbs":9,"Art of War":17,"HandDrill":18,"halation:PromiseList":21,"halation:TwoAmDonut":3,"aspiration:RitualDagger":5,"vexMod:ImprovementManual":7},{"hubris:MobiusCoin":3,"MerchantsRug":55,"Lantern":87,"Pear":22,"NeowsBlessing":0,"Shade:YorickSkull":0,"Golden Idol":1,"Painkiller Herb":51,"Incense Burner":87,"White Beast Statue":7,"infinitespire:EvilPickle":114,"halation:SwordOfLegend":79,"TheAbacus":87,"vexMod:RedPlottingStone":83,"hubris:BundleOfHerbs":34,"Art of War":83,"HandDrill":87,"halation:PromiseList":111,"halation:TwoAmDonut":3,"aspiration:RitualDagger":14,"vexMod:ImprovementManual":22}]},"card_choices":[{"not_picked":["Shade:Frenzy","Shade:FreshBones"],"picked":"Shade:OpenGraves","floor":1},{"not_picked":["Shade:ClawBack","Shade:Trample"],"picked":"Shade:SkeletonHug","floor":5},{"not_picked":["Shade:CommandSoldier","Shade:SkeletonHug"],"picked":"Shade:FingerOfDeath","floor":6},{"not_picked":["Shade:Tombstone","Shade:Brains"],"picked":"Shade:OpenGraves","floor":10},{"not_picked":["Shade:SelfBurial","Shade:SoulPierce"],"picked":"Shade:UnbarTheGrave","floor":16},{"not_picked":["Shade:GraveStillness","Shade:AblativeArmor"],"picked":"Shade:CommandSoldier+1","floor":18},{"not_picked":["Shade:FleshToFlesh","Shade:PoundOfFlesh"],"picked":"Shade:CoffinDance+1","floor":19},{"not_picked":["Shade:FuneraryJewels","Shade:AncientSpear"],"picked":"Shade:Brains","floor":24},{"not_picked":["Shade:ExtraLimbs","Shade:FeralStrike","Shade:DangerousRitual"],"picked":"SKIP","floor":28},{"not_picked":["Shade:ClawBack","Shade:FuneraryJewels"],"picked":"Shade:AuraOfUnlife","floor":31},{"not_picked":["Shade:LastGasp","Shade:LichForm"],"picked":"Shade:Coordination","floor":33},{"not_picked":["Shade:FuneraryJewels+1","Shade:FleshToFlesh"],"picked":"Shade:WallOfFlesh+1","floor":35},{"not_picked":["Shade:CommandSoldier","Shade:AncientSpear"],"picked":"Shade:FreshBones","floor":37},{"not_picked":["Shade:FeralStrike","Shade:LastGasp","Shade:Premonition"],"picked":"SKIP","floor":38},{"not_picked":["Shade:SpontaneousRitual+1","Shade:DangerousRitual+1"],"picked":"Shade:Brains+1","floor":39},{"not_picked":["Shade:ClawBack+1","Shade:BoneShards"],"picked":"Shade:CommandSoldier","floor":40},{"not_picked":["Shade:CallWraith+1","Shade:AblativeArmor"],"picked":"Shade:CommandSoldier+1","floor":42},{"not_picked":["Impatience","Midas Touch"],"picked":"Dramatic Entrance","floor":44},{"not_picked":["Shade:FeralStrike","Shade:FuneraryArmor+1"],"picked":"Shade:CommandSoldier+1","floor":45},{"not_picked":["Shade:Excise","Shade:SkeletonHug"],"picked":"Shade:Trample+1","floor":48},{"not_picked":["Shade:AncientSpear+1","Shade:ClawBack"],"picked":"Shade:Bonestorm","floor":54}],"player_experience":328532,"relics_obtained":[{"floor":6,"key":"hubris:MobiusCoin"},{"floor":9,"key":"halation:TwoAmDonut"},{"floor":14,"key":"White Beast Statue"},{"floor":28,"key":"hubris:BundleOfHerbs"},{"floor":40,"key":"halation:SwordOfLegend"},{"floor":43,"key":"vexMod:RedPlottingStone"},{"floor":54,"key":"halation:PromiseList"}],"event_choices":[{"damage_healed":0,"gold_gain":0,"player_choice":"Take Wound","damage_taken":0,"relics_obtained":["Golden Idol"],"max_hp_gain":0,"max_hp_loss":0,"event_name":"Golden Idol","floor":3,"gold_loss":0,"cards_obtained":["Injury"]},{"damage_healed":0,"gold_gain":0,"player_choice":"Upgraded","damage_taken":0,"max_hp_gain":0,"max_hp_loss":0,"event_name":"Upgrade Shrine","floor":8,"gold_loss":0,"cards_upgraded":["Shade:SkeletonHug"]},{"damage_healed":0,"gold_gain":75,"player_choice":"Touch","damage_taken":7,"max_hp_gain":0,"max_hp_loss":0,"event_name":"FaceTrader","floor":22,"gold_loss":0},{"damage_healed":0,"gold_gain":0,"player_choice":"Memory 1","damage_taken":0,"max_hp_gain":0,"max_hp_loss":0,"event_name":"SensoryStone","floor":44,"gold_loss":0}],"is_beta":false,"boss_relics":[{"not_picked":["Coffee Dripper","jedi:paperlyon"],"picked":"aspiration:RitualDagger"},{"not_picked":["ReplayTheSpireMod:SealedPack","Snecko Eye"],"picked":"Painkiller Herb"}],"items_purged_floors":[11],"is_endless":false,"potions_floor_spawned":[6,10,16,18,19,24,28,31,33,35,37,38,39,40,42,45,48,54],"killed_by":"The Heart","ascension_level":0}}