{"host":"41y51qpuw3tri6uv","time":1611371725,"event":{"mods":["AchievementEnabler","BaseMod","Bestiary","Better Altar","Better Match","Better Note","Better Sensory Stone","Better Skull","Better Third Choice","Better Vampires","Colored Map","Colored Powertips","DeckTracker","Minty Spire (QoL Compilation)","Permanent Neow","Quick Restart","Random Character Button","StSLib","SuperFastMode","Synergy Search","Thieving Mod"],"gold_per_floor":[109,128,128,7,7,7,47,47,70,70,111,186,209,228,228,354,354,378,378,378,303,177,177,177,177],"floor_reached":24,"language":"ENG","playtime":766,"items_purged":["Strike_R","Strike_R"],"score":250,"play_id":"6dd16bb2-644e-466e-8529-05861ebec16a","local_time":"20210122221525","is_ascension_mode":true,"campfire_choices":[{"data":"Inflame","floor":6.0,"key":"SMITH"},{"data":"Armaments","floor":8.0,"key":"SMITH"},{"floor":10.0,"key":"REST"},{"floor":15,"key":"REST"},{"data":"Heavy Blade","floor":23,"key":"SMITH"}],"circlet_count":0,"master_deck":["Strike_R","Strike_R","Defend_R","Defend_R","Defend_R","Defend_R+1","Bash","Headbutt+1","Thunderclap","Inflame+1","Armaments+1","Battle Trance","Body Slam","Inflame","Fiend Fire","Headbutt+1","Barricade","Ghostly Armor","Shrug It Off","Heavy Blade+1","Flex"],"relics":["Burning Blood","Golden Idol","Art of War","Anchor","Omamori","Sozu"],"acts_visited":["Exordium","TheCity"],"potions_floor_usage":[16,16],"damage_taken":[{"damage":13.0,"enemies":"Small Slimes","floor":1.0,"turns":5.0},{"damage":2.0,"enemies":"2 Louse","floor":2.0,"turns":3.0},{"damage":26.0,"enemies":"3 Sentries","floor":7.0,"turns":8.0},{"damage":26.0,"enemies":"Gremlin Nob","floor":11.0,"turns":4.0},{"damage":1,"enemies":"Cultist","floor":13,"turns":3},{"damage":2,"enemies":"3 Louse","floor":14,"turns":3},{"damage":41,"enemies":"Hexaghost","floor":16,"turns":9},{"damage":23,"enemies":"2 Thieves","floor":18,"turns":3},{"damage":47,"enemies":"3 Byrds","floor":24,"turns":3}],"seed_played":"6290617051228024423","potions_obtained":[{"floor":1.0,"key":"BlessingOfTheForge"},{"floor":11.0,"key":"SkillPotion"},{"floor":14,"key":"Ancient Potion"}],"is_trial":false,"path_per_floor":["M","M","?","$","?","R","E","R","T","R","E","?","M","M","R","B",null,"M","?","?","?","$","R","M"],"character_chosen":"IRONCLAD","items_purchased":["Armaments","Flex"],"campfire_rested":2,"item_purchase_floors":[4,22],"current_hp_per_floor":[73,77,57,57,41,41,21,21,21,45,25,17,22,26,50,15,64,47,47,47,47,47,47,0,0],"gold":177,"neow_bonus":"REMOVE_CARD","is_daily":false,"chose_seed":false,"campfire_upgraded":3,"win_rate":0.0,"timestamp":1611371725,"path_taken":["M","M","?","$","?","R","E","R","T","R","E","?","M","?","R","BOSS","M","?","?","?","$","R","M"],"items_purchased_type":["Card","Card"],"build_version":"2020-12-22","purchased_purges":2,"victory":false,"max_hp_per_floor":[80,80,80,80,80,80,80,80,80,80,80,80,80,80,80,80,80,80,80,80,80,80,80,80,80],"card_choices":[{"not_picked":["Rage","Shockwave"],"picked":"Headbutt","floor":1.0},{"not_picked":["Sentinel","Wild Strike"],"picked":"Thunderclap","floor":2.0},{"not_picked":["Power Through","Sever Soul"],"picked":"Battle Trance","floor":7.0},{"not_picked":["Armaments","Warcry"],"picked":"Body Slam","floor":11.0},{"not_picked":["Rampage","Clothesline"],"picked":"Inflame","floor":13},{"not_picked":["Carnage","Rupture","Feel No Pain"],"picked":"SKIP","floor":14},{"not_picked":["Exhume","Feed"],"picked":"Fiend Fire","floor":16},{"not_picked":["Rampage","Rage"],"picked":"Headbutt+1","floor":18},{"not_picked":["Corruption","Fiend Fire"],"picked":"Barricade","floor":21},{"not_picked":["Burning Pact","Seeing Red"],"picked":"Ghostly Armor","floor":21},{"not_picked":["Thunderclap","Havoc"],"picked":"Shrug It Off","floor":21}],"player_experience":133521,"relics_obtained":[{"floor":7.0,"key":"Art of War"},{"floor":9.0,"key":"Anchor"},{"floor":11.0,"key":"Omamori"}],"event_choices":[{"damage_healed":0.0,"max_hp_gain":0.0,"max_hp_loss":0.0,"gold_gain":0.0,"event_name":"Golden Idol","player_choice":"Take Damage","floor":3.0,"gold_loss":0.0,"damage_taken":20.0,"relics_obtained":["Golden Idol"]},{"damage_healed":57.0,"max_hp_gain":0.0,"max_hp_loss":80.0,"gold_gain":0.0,"event_name":"betterThird:BetterShining","player_choice":"Upgrade","floor":5.0,"gold_loss":0.0,"damage_taken":16.0,"cards_upgraded":["Defend_R","Headbutt"]},{"damage_healed":0,"gold_gain":75,"player_choice":"Touch","damage_taken":8,"max_hp_gain":0,"max_hp_loss":0,"event_name":"FaceTrader","floor":12,"gold_loss":0},{"cards_removed":["Strike_R"],"damage_healed":0,"gold_gain":0,"player_choice":"Give","damage_taken":0,"max_hp_gain":0,"max_hp_loss":0,"event_name":"betterNote:BetterNote","floor":19,"gold_loss":0,"cards_obtained":["Doubt"]},{"damage_healed":0,"gold_gain":0,"player_choice":"Ignored","damage_taken":0,"max_hp_gain":0,"max_hp_loss":0,"event_name":"Ghosts","floor":20,"gold_loss":0},{"damage_healed":0,"gold_gain":0,"player_choice":"1","damage_taken":0,"max_hp_gain":0,"max_hp_loss":0,"event_name":"betterMatch:BetterMatch","floor":21,"gold_loss":0,"cards_obtained":["betterMatch:RareCard","betterMatch:CommonCard","betterMatch:UncommonCard"]}],"is_beta":false,"boss_relics":[{"not_picked":["Astrolabe","Pandora\u0027s Box"],"picked":"Sozu"}],"items_purged_floors":[4,22],"is_endless":false,"potions_floor_spawned":[1,11,14],"killed_by":"3 Byrds","ascension_level":5}}