{"host":"baiuyraednrljtmn","time":1611407383,"event":{"mods":["BaseMod","Colored Map","Colored Powertips","DeckTracker","Keyboard Shortcuts","Minty Spire (QoL Compilation)","Relic Stats","StSLib","SuperFastMode","everything is the same but u backflip on backflip"],"gold_per_floor":[113,128,147,158,158,158,158],"floor_reached":6,"language":"KOR","playtime":628,"items_purged":[],"score":76,"play_id":"f6294685-7c5d-4544-9fa8-a2d5a87b31ff","local_time":"20210123220943","is_ascension_mode":true,"campfire_choices":[],"circlet_count":0,"master_deck":["AscendersBane","Strike_G","Strike_G","Strike_G","Strike_G","Strike_G","Defend_G","Defend_G","Defend_G","Defend_G","Defend_G","Survivor","Neutralize","Poisoned Stab","Reflex","Acrobatics","Catalyst","Pain"],"relics":["Ring of the Snake","NeowsBlessing","WarpedTongs"],"acts_visited":["Exordium"],"potions_floor_usage":[4],"damage_taken":[{"damage":0,"enemies":"Jaw Worm","floor":1,"turns":1},{"damage":0,"enemies":"Cultist","floor":2,"turns":1},{"damage":0,"enemies":"2 Louse","floor":3,"turns":1},{"damage":25,"enemies":"Lots of Slimes","floor":4,"turns":8},{"damage":25,"enemies":"Lagavulin","floor":6,"turns":6}],"seed_played":"8899723917861734617","potions_obtained":[{"floor":1,"key":"Swift Potion"}],"is_trial":false,"path_per_floor":["M","M","M","M","?","E"],"character_chosen":"THE_SILENT","items_purchased":[],"campfire_rested":0,"item_purchase_floors":[],"current_hp_per_floor":[59,59,59,34,34,9,9],"gold":158,"neow_bonus":"THREE_ENEMY_KILL","is_daily":false,"chose_seed":false,"campfire_upgraded":0,"win_rate":0.0,"timestamp":1611407383,"path_taken":["M","M","M","M","?","E"],"items_purchased_type":[],"build_version":"2020-12-22","purchased_purges":0,"victory":false,"max_hp_per_floor":[66,66,66,66,66,66,66],"relic_stats":{"counters":[5,17],"obtain_stats":[{"NeowsBlessing":0,"Ring of the Snake":0,"WarpedTongs":5},{"NeowsBlessing":0,"Ring of the Snake":0,"WarpedTongs":4},{"NeowsBlessing":0,"Ring of the Snake":0,"WarpedTongs":11}],"Ring of the Snake":[10],"WarpedTongs":[6]},"card_choices":[{"not_picked":["Masterful Stab","Sucker Punch"],"picked":"Poisoned Stab","floor":1},{"not_picked":["Bouncing Flask","Accuracy"],"picked":"Reflex","floor":2},{"not_picked":["Infinite Blades","Accuracy"],"picked":"Acrobatics","floor":3},{"not_picked":["Acrobatics","Outmaneuver"],"picked":"Catalyst","floor":4}],"player_experience":1427508,"relics_obtained":[],"event_choices":[{"damage_healed":0,"gold_gain":0,"player_choice":"Rummage","damage_taken":0,"relics_obtained":["WarpedTongs"],"max_hp_gain":0,"max_hp_loss":0,"event_name":"Accursed Blacksmith","floor":5,"gold_loss":0,"cards_obtained":["Pain"]}],"is_beta":false,"boss_relics":[],"items_purged_floors":[],"is_endless":false,"potions_floor_spawned":[1],"killed_by":"Lagavulin","ascension_level":20}}