{"host":"qgrlfjrqk9z96gfi","time":1611440005,"event":{"mods":["BaseMod","Block Reminder","Colored Map","Custom Start","DeckTracker","Minty Spire (QoL Compilation)"],"gold_per_floor":[116,131,148,148,172,172,203,203,203,203,203,20,54,69,69,162,162,187,187,210,210,0,0,0,0],"floor_reached":24,"language":"ENG","playtime":594,"items_purged":[],"score":408,"play_id":"41363f6f-b0c0-4a4f-82a0-97dd6d9b982a","local_time":"20210123121325","is_ascension_mode":true,"campfire_choices":[{"data":"Dagger Spray","floor":6.0,"key":"SMITH"},{"data":"A Thousand Cuts","floor":8.0,"key":"SMITH"},{"floor":11.0,"key":"REST"},{"data":"Accuracy","floor":15.0,"key":"SMITH"},{"floor":23,"key":"REST"}],"circlet_count":0,"master_deck":["AscendersBane","Strike_G+1","Strike_G+1","Defend_G+1","Defend_G+1","Defend_G+1","Defend_G+1","Defend_G+1","Survivor","Neutralize","Dagger Spray+1","Infinite Blades","Accuracy+1","A Thousand Cuts+1","Riddle With Holes","Terror","Phantasmal Killer","Blade Dance","PiercingWail"],"relics":["Ring of the Snake","NeowsBlessing","Golden Idol","Pear","Mummified Hand","Membership Card","Toy Ornithopter","Empty Cage"],"acts_visited":["Exordium","TheCity"],"potions_floor_usage":[],"damage_taken":[{"damage":0.0,"enemies":"Cultist","floor":1.0,"turns":1.0},{"damage":0.0,"enemies":"Small Slimes","floor":2.0,"turns":1.0},{"damage":0.0,"enemies":"2 Louse","floor":3.0,"turns":1.0},{"damage":9.0,"enemies":"Exordium Wildlife","floor":5.0,"turns":4.0},{"damage":34.0,"enemies":"Lagavulin","floor":7.0,"turns":9.0},{"damage":7.0,"enemies":"3 Sentries","floor":13.0,"turns":3.0},{"damage":3.0,"enemies":"Looter","floor":14.0,"turns":3.0},{"damage":13.0,"enemies":"Hexaghost","floor":16.0,"turns":9.0},{"damage":27.0,"enemies":"Chosen","floor":18.0,"turns":6.0},{"damage":26.0,"enemies":"3 Byrds","floor":20.0,"turns":3.0},{"damage":34,"enemies":"Slavers","floor":24,"turns":3}],"seed_played":"3558036870278761179","potions_obtained":[{"floor":3.0,"key":"Poison Potion"},{"floor":7.0,"key":"SkillPotion"},{"floor":14.0,"key":"Fire Potion"}],"is_trial":false,"path_per_floor":["M","M","M","?","M","R","E","R","T","?","R","$","E","M","R","B",null,"M","?","M","?","?","R","E"],"character_chosen":"THE_SILENT","items_purchased":["Membership Card","Riddle With Holes"],"campfire_rested":2,"item_purchase_floors":[12,12],"current_hp_per_floor":[59,59,59,59,50,50,26,26,26,19,40,40,33,30,30,22,58,31,31,5,5,5,26,0,0],"gold":0,"neow_bonus":"THREE_ENEMY_KILL","is_daily":false,"chose_seed":false,"campfire_upgraded":3,"win_rate":0.0,"timestamp":1611440005,"path_taken":["M","?","M","?","M","R","E","R","T","?","R","$","E","M","R","BOSS","M","?","M","?","?","R","E"],"items_purchased_type":["Relic","Card"],"build_version":"2020-12-22","purchased_purges":0,"victory":false,"max_hp_per_floor":[66,66,66,60,60,60,70,70,70,70,70,70,70,70,70,70,70,70,70,70,70,70,70,70,70],"card_choices":[{"not_picked":["Quick Slash","Cloak And Dagger"],"picked":"Dagger Spray","floor":1.0},{"not_picked":["Underhanded Strike","Unload"],"picked":"Infinite Blades","floor":2.0},{"not_picked":["Quick Slash","Dodge and Roll"],"picked":"Accuracy","floor":3.0},{"not_picked":["Dodge and Roll","Dagger Throw","Caltrops"],"picked":"SKIP","floor":5.0},{"not_picked":["Concentrate","Dodge and Roll"],"picked":"A Thousand Cuts","floor":7.0},{"not_picked":["Deadly Poison","Underhanded Strike"],"picked":"Terror","floor":13.0},{"not_picked":["Skewer","Poisoned Stab","Dagger Spray"],"picked":"SKIP","floor":14.0},{"not_picked":["Venomology","Unload"],"picked":"Phantasmal Killer","floor":16.0},{"not_picked":["Quick Slash","Outmaneuver+1"],"picked":"Blade Dance","floor":18.0},{"not_picked":["Flechettes","Sucker Punch"],"picked":"PiercingWail","floor":20.0}],"player_experience":1047779,"relics_obtained":[{"floor":7.0,"key":"Pear"},{"floor":9.0,"key":"Mummified Hand"},{"floor":13.0,"key":"Toy Ornithopter"}],"event_choices":[{"damage_healed":0.0,"max_hp_gain":0.0,"max_hp_loss":6.0,"gold_gain":0.0,"event_name":"Golden Idol","player_choice":"Lose Max HP","floor":4.0,"gold_loss":0.0,"damage_taken":0.0,"relics_obtained":["Golden Idol"]},{"cards_removed":["Strike_G"],"damage_healed":0.0,"max_hp_gain":0.0,"max_hp_loss":0.0,"gold_gain":0.0,"event_name":"Golden Wing","player_choice":"Card Removal","floor":10.0,"gold_loss":0.0,"damage_taken":7.0},{"damage_healed":0.0,"max_hp_gain":0.0,"max_hp_loss":0.0,"gold_gain":0.0,"event_name":"Back to Basics","player_choice":"Simplicity","floor":19.0,"gold_loss":0.0,"damage_taken":0.0,"cards_upgraded":["Strike_G","Strike_G","Defend_G","Defend_G","Defend_G","Defend_G","Defend_G"]},{"damage_healed":0.0,"max_hp_gain":0.0,"max_hp_loss":0.0,"gold_gain":0.0,"event_name":"Cursed Tome","player_choice":"Ignored","floor":21.0,"gold_loss":0.0,"damage_taken":0.0},{"damage_healed":0,"gold_gain":0,"player_choice":"Paid Fearfully","damage_taken":0,"max_hp_gain":0,"max_hp_loss":0,"event_name":"Masked Bandits","floor":22,"gold_loss":210}],"is_beta":false,"boss_relics":[{"not_picked":["SlaversCollar","Black Star"],"picked":"Empty Cage"}],"items_purged_floors":[],"is_endless":false,"potions_floor_spawned":[3,7,14],"killed_by":"Slavers","ascension_level":20}}