{"host":"ia9e4s524g7bamk7","time":1611392015,"event":{"mods":["BaseMod","Minty Spire (QoL Compilation)"],"gold_per_floor":[13,13,27,47,57,57,57,57,57,57,57,85,105,135,135,232,232,244,262,187,187,187,187],"floor_reached":22,"language":"ENG","playtime":1667,"items_purged":[],"score":353,"play_id":"5ecdc43a-a5ba-4936-9acc-8c09a4445a0a","local_time":"20210123095335","is_ascension_mode":true,"campfire_choices":[{"data":"Creative AI","floor":6,"key":"SMITH"},{"data":"Turbo","floor":10,"key":"SMITH"},{"floor":15,"key":"REST"}],"circlet_count":0,"master_deck":["Strike_B","Strike_B","Defend_B","Defend_B","Defend_B","Defend_B","Zap","Dualcast","Streamline","Stack","Creative AI+1","Glacier","Turbo+1","Streamline","Capacitor","Melter","Reboot","Loop","Electrodynamics","Conserve Battery+1","Conserve Battery"],"relics":["Cracked Core","Mango","Prayer Wheel","Bag of Preparation","Sundial","Dream Catcher","Ginger","Inserter"],"acts_visited":["Exordium","TheCity"],"potions_floor_usage":[16],"damage_taken":[{"damage":1,"enemies":"Cultist","floor":1,"turns":4},{"damage":7,"enemies":"Small Slimes","floor":3,"turns":3},{"damage":10,"enemies":"2 Louse","floor":4,"turns":2},{"damage":7,"enemies":"Looter","floor":5,"turns":3},{"damage":8,"enemies":"Lagavulin","floor":12,"turns":6},{"damage":1,"enemies":"Blue Slaver","floor":13,"turns":3},{"damage":24,"enemies":"Gremlin Nob","floor":14,"turns":4},{"damage":26,"enemies":"Slime Boss","floor":16,"turns":8},{"damage":20,"enemies":"Shell Parasite","floor":18,"turns":7},{"damage":19,"enemies":"3 Byrds","floor":19,"turns":3},{"damage":54,"enemies":"Masked Bandits","floor":22,"turns":4}],"seed_played":"-7914509027118106677","potions_obtained":[{"floor":1,"key":"LiquidBronze"},{"floor":4,"key":"CultistPotion"}],"is_trial":false,"path_per_floor":["M","?","M","M","M","R","?","?","T","R","$","E","M","E","R","B",null,"M","M","?","?","?"],"character_chosen":"DEFECT","items_purchased":[],"campfire_rested":1,"item_purchase_floors":[],"current_hp_per_floor":[88,88,81,71,64,64,64,46,46,46,46,38,37,13,39,13,89,69,50,50,50,0,0],"gold":187,"neow_bonus":"ONE_RARE_RELIC","is_daily":false,"chose_seed":false,"campfire_upgraded":2,"win_rate":0.0,"timestamp":1611392015,"path_taken":["M","?","M","M","?","R","?","?","T","R","$","E","M","E","R","BOSS","M","M","?","?","?"],"items_purchased_type":[],"build_version":"2020-12-22","purchased_purges":0,"victory":false,"max_hp_per_floor":[89,89,89,89,89,89,89,89,89,89,89,89,89,89,89,89,89,89,89,89,89,89,89],"card_choices":[{"not_picked":["Cold Snap","Chaos"],"picked":"Streamline","floor":1},{"not_picked":["Turbo","Cold Snap"],"picked":"Stack","floor":3},{"not_picked":["Compile Driver","Gash"],"picked":"Creative AI","floor":3},{"not_picked":["Stack","Leap"],"picked":"Glacier","floor":4},{"not_picked":["Streamline","Go for the Eyes"],"picked":"Turbo","floor":4},{"not_picked":["Gash","Beam Cell"],"picked":"Streamline","floor":5},{"not_picked":["Gash","Beam Cell","Steam"],"picked":"SKIP","floor":5},{"not_picked":["Conserve Battery","Genetic Algorithm"],"picked":"Capacitor","floor":12},{"not_picked":["Sweeping Beam","Coolheaded"],"picked":"Melter","floor":13},{"not_picked":["Rebound","Steam","Compile Driver"],"picked":"SKIP","floor":13},{"not_picked":["Heatsinks","Sunder"],"picked":"Reboot","floor":14},{"not_picked":["Tempest","Rip and Tear"],"picked":"Loop","floor":15},{"not_picked":["Echo Form","Rainbow"],"picked":"Electrodynamics","floor":16},{"not_picked":["Coolheaded","Fusion"],"picked":"Conserve Battery+1","floor":18},{"not_picked":["Hologram","Coolheaded","Compile Driver"],"picked":"SKIP","floor":18},{"not_picked":["Auto Shields","Cold Snap"],"picked":"Conserve Battery","floor":19},{"not_picked":["Cold Snap","Rebound","Steam"],"picked":"SKIP","floor":19}],"player_experience":183056,"relics_obtained":[{"floor":9,"key":"Sundial"},{"floor":12,"key":"Dream Catcher"},{"floor":14,"key":"Ginger"}],"event_choices":[{"damage_healed":0,"gold_gain":0,"player_choice":"Gave Potion","damage_taken":0,"relics_obtained":["Prayer Wheel"],"max_hp_gain":0,"max_hp_loss":0,"event_name":"WeMeetAgain","floor":2,"gold_loss":0},{"cards_removed":["Strike_B"],"damage_healed":0,"gold_gain":0,"player_choice":"Forget","damage_taken":0,"max_hp_gain":0,"max_hp_loss":0,"event_name":"Living Wall","floor":7,"gold_loss":0},{"damage_healed":0,"gold_gain":0,"player_choice":"Success","damage_taken":18,"relics_obtained":["Bag of Preparation"],"max_hp_gain":0,"max_hp_loss":0,"event_name":"Scrap Ooze","floor":8,"gold_loss":0},{"cards_removed":["Strike_B"],"damage_healed":0,"gold_gain":0,"player_choice":"Gave Gold","damage_taken":0,"max_hp_gain":0,"max_hp_loss":0,"event_name":"Beggar","floor":20,"gold_loss":75},{"damage_healed":0,"gold_gain":0,"player_choice":"Ignored","damage_taken":0,"max_hp_gain":0,"max_hp_loss":0,"event_name":"Vampires","floor":21,"gold_loss":0},{"damage_healed":0,"gold_gain":0,"player_choice":"Fought Bandits","damage_taken":0,"max_hp_gain":0,"max_hp_loss":0,"event_name":"Masked Bandits","floor":22,"gold_loss":0}],"is_beta":false,"boss_relics":[{"not_picked":["Empty Cage","Astrolabe"],"picked":"Inserter"}],"items_purged_floors":[],"is_endless":false,"potions_floor_spawned":[1,4],"killed_by":"Masked Bandits","ascension_level":4}}