{"host":"wogey4gsknv4ot2d","time":1611414232,"event":{"mods":["2.2 Compatiblity","AchievementEnabler","Alarm Clock","BaseMod","Bestiary","Better Match","Better Third Choice","Colored Map","Colored Powertips","Googly Eyes","Key Reminder","Minty Spire (QoL Compilation)","Permanent Neow","Rare Cards Sparkle","Relic Stats","StSLib"],"gold_per_floor":[114,189,207,220,220,246,257,257,283,295,295,92,92,106,106,201,201,221,240,252,252,20,20,20],"floor_reached":23,"language":"ENG","playtime":756,"items_purged":[],"score":203,"play_id":"7448b56b-447b-4b94-a663-da05606e464f","local_time":"20210123090352","is_ascension_mode":true,"campfire_choices":[{"floor":8,"key":"REST"},{"floor":11,"key":"REST"},{"floor":15,"key":"REST"}],"circlet_count":0,"master_deck":["Strike_G","Strike_G","Strike_G","Strike_G","Strike_G","Defend_G","Defend_G","Defend_G","Defend_G","Defend_G","Survivor","Neutralize","Sucker Punch","Poisoned Stab","Deadly Poison","Bane","Finisher","Catalyst","Deadly Poison","Quick Slash","Bane"],"relics":["Ring of the Snake","Happy Flower","keyreminder:keyreminder","PreservedInsect","Busted Crown","Bag of Marbles"],"acts_visited":["Exordium","TheCity"],"potions_floor_usage":[16,16,16],"damage_taken":[{"damage":5,"enemies":"Small Slimes","floor":1,"turns":6},{"damage":9,"enemies":"Cultist","floor":3,"turns":5},{"damage":10,"enemies":"2 Louse","floor":4,"turns":2},{"damage":36,"enemies":"3 Sentries","floor":6,"turns":10},{"damage":2,"enemies":"Looter","floor":7,"turns":2},{"damage":15,"enemies":"Gremlin Gang","floor":10,"turns":6},{"damage":9,"enemies":"Large Slime","floor":14,"turns":6},{"damage":17,"enemies":"Hexaghost","floor":16,"turns":7},{"damage":11,"enemies":"Spheric Guardian","floor":18,"turns":4},{"damage":17,"enemies":"3 Byrds","floor":19,"turns":5},{"damage":13,"enemies":"Snecko","floor":20,"turns":5},{"damage":79,"enemies":"Slavers","floor":23,"turns":4}],"seed_played":"4892723579251954046","potions_obtained":[{"floor":7,"key":"AttackPotion"},{"floor":10,"key":"LiquidBronze"}],"is_trial":false,"path_per_floor":["M","?","M","M","?","E","M","R","T","M","R","$","?","M","R","B",null,"M","M","M","?","$","E"],"character_chosen":"THE_SILENT","items_purchased":["PreservedInsect","Explosive Potion","Bag of Marbles","Quick Slash","Bane"],"campfire_rested":3,"item_purchase_floors":[12,12,22,22,22],"current_hp_per_floor":[72,65,56,46,51,15,13,37,37,22,46,46,46,37,61,44,82,71,54,41,68,68,0,0],"gold":20,"neow_bonus":"TEN_PERCENT_HP_BONUS","is_daily":false,"chose_seed":false,"campfire_upgraded":0,"win_rate":0.0,"timestamp":1611414232,"path_taken":["M","?","?","M","?","E","M","R","T","M","R","$","?","M","R","BOSS","M","?","M","?","$","E"],"items_purchased_type":["Relic","Potion","Relic","Card","Card"],"build_version":"2020-12-22","purchased_purges":0,"victory":false,"max_hp_per_floor":[77,77,77,77,82,82,82,82,82,82,82,82,82,82,82,82,82,82,82,82,82,82,82,82],"relic_stats":{"Busted Crown":6,"Happy Flower":[13],"counters":[12,62],"PreservedInsect":38,"obtain_stats":[{"keyreminder:keyreminder":9,"Busted Crown":17,"Happy Flower":6,"PreservedInsect":12,"Bag of Marbles":22,"Ring of the Snake":0},{"keyreminder:keyreminder":5,"Busted Crown":8,"Happy Flower":4,"PreservedInsect":6,"Bag of Marbles":11,"Ring of the Snake":0},{"keyreminder:keyreminder":25,"Busted Crown":44,"Happy Flower":23,"PreservedInsect":31,"Bag of Marbles":58,"Ring of the Snake":0}],"Ring of the Snake":[24]},"card_choices":[{"not_picked":["Dagger Throw","Underhanded Strike"],"picked":"Sucker Punch","floor":1},{"not_picked":["Slice","Quick Slash"],"picked":"Poisoned Stab","floor":3},{"not_picked":["Underhanded Strike","Dodge and Roll"],"picked":"Deadly Poison","floor":4},{"not_picked":["Glass Knife","Quick Slash"],"picked":"Bane","floor":6},{"not_picked":["Underhanded Strike","Blade Dance"],"picked":"Finisher","floor":7},{"not_picked":["Escape Plan","Bane"],"picked":"Catalyst","floor":10},{"not_picked":["Slice","Masterful Stab"],"picked":"Deadly Poison","floor":14},{"not_picked":["Predator"],"picked":"SKIP","floor":18},{"not_picked":["Dagger Throw"],"picked":"SKIP","floor":19},{"not_picked":["Blur"],"picked":"SKIP","floor":20}],"player_experience":73676,"relics_obtained":[{"floor":6,"key":"Happy Flower"}],"event_choices":[{"damage_healed":0,"gold_gain":75,"player_choice":"Touch","damage_taken":7,"max_hp_gain":0,"max_hp_loss":0,"event_name":"FaceTrader","floor":2,"gold_loss":0},{"damage_healed":0,"gold_gain":0,"player_choice":"Donut","damage_taken":0,"max_hp_gain":5,"max_hp_loss":0,"event_name":"Big Fish","floor":5,"gold_loss":0},{"damage_healed":0,"gold_gain":0,"player_choice":"Bought 0 Potions","damage_taken":0,"max_hp_gain":0,"max_hp_loss":0,"event_name":"The Woman in Blue","floor":13,"gold_loss":0},{"damage_healed":27,"gold_gain":0,"player_choice":"Heal","damage_taken":0,"max_hp_gain":0,"max_hp_loss":0,"event_name":"The Library","floor":21,"gold_loss":0}],"is_beta":false,"boss_relics":[{"not_picked":["Astrolabe","Runic Dome"],"picked":"Busted Crown"}],"items_purged_floors":[],"is_endless":false,"potions_floor_spawned":[7,10,14],"killed_by":"Slavers","ascension_level":1}}