{"host":"6xsbn6ynqlzwllfm","time":1611414652,"event":{"mods":["2.2 Compatiblity","BaseMod","Bestiary","Colored Map","Colored Powertips","Curses Come First","Highlight Path","Keyboard Shortcuts","Minty Spire (QoL Compilation)","Quick Restart","Relic Stats","Slay the Relics Exporter","StSLib","SuperFastMode"],"gold_per_floor":[118,193,343,363,28,70,70,70,70],"floor_reached":8,"language":"ENG","playtime":846,"items_purged":["Doubt"],"score":108,"play_id":"05f04b97-f38b-43f4-95ed-112ae92db9fa","local_time":"20210123101052","daily_mods":["Diverse","Colorless Cards"],"is_ascension_mode":true,"campfire_choices":[{"data":"Reprogram","floor":7,"key":"SMITH"}],"circlet_count":0,"master_deck":["AscendersBane","Strike_R","Strike_R","Strike_R","Strike_R","Strike_R","Defend_R","Defend_R","Defend_R","Defend_R","Bash","Wallop","Glacier","Reprogram+1","Backstab"],"relics":["Burning Blood","Lantern","CeramicFish"],"acts_visited":["Exordium"],"potions_floor_usage":[],"damage_taken":[{"damage":3,"enemies":"2 Louse","floor":1,"turns":3},{"damage":4,"enemies":"Jaw Worm","floor":4,"turns":6},{"damage":41,"enemies":"Gremlin Nob","floor":6,"turns":6},{"damage":31,"enemies":"Lagavulin","floor":8,"turns":7}],"seed_played":"-4578410285563322698","potions_obtained":[{"floor":6,"key":"SteroidPotion"}],"is_trial":true,"path_per_floor":["M","?","?","M","$","E","R","E"],"character_chosen":"IRONCLAD","items_purchased":["Reprogram","Lantern"],"campfire_rested":0,"item_purchase_floors":[5,5],"current_hp_per_floor":[71,60,60,62,62,27,27,0,0],"gold":70,"neow_bonus":"","is_daily":false,"chose_seed":false,"campfire_upgraded":1,"win_rate":0.0,"timestamp":1611414652,"path_taken":["M","?","?","M","$","E","R","E"],"items_purchased_type":["Card","Relic"],"build_version":"2020-12-22","purchased_purges":1,"victory":false,"max_hp_per_floor":[75,75,75,75,75,75,75,75,75],"relic_stats":{"counters":[4,22],"CeramicFish":9,"obtain_stats":[{"Lantern":5,"CeramicFish":6,"Burning Blood":0},{"Lantern":2,"CeramicFish":3,"Burning Blood":0},{"Lantern":9,"CeramicFish":15,"Burning Blood":0}],"Burning Blood":18},"card_choices":[{"not_picked":["EmptyBody","Steam"],"picked":"Wallop","floor":1},{"not_picked":["Turbo","Deflect"],"picked":"Glacier","floor":4},{"not_picked":["SignatureMove","Nirvana"],"picked":"Backstab","floor":6}],"player_experience":1080211,"relics_obtained":[{"floor":6,"key":"CeramicFish"}],"event_choices":[{"damage_healed":0,"gold_gain":75,"player_choice":"Gather Gold","damage_taken":11,"max_hp_gain":0,"max_hp_loss":0,"event_name":"World of Goop","floor":2,"gold_loss":0},{"damage_healed":0,"gold_gain":150,"player_choice":"AGREE","damage_taken":0,"max_hp_gain":0,"max_hp_loss":0,"event_name":"Liars Game","floor":3,"gold_loss":0,"cards_obtained":["Doubt"]}],"is_beta":false,"boss_relics":[],"items_purged_floors":[5],"is_endless":false,"potions_floor_spawned":[6],"killed_by":"Lagavulin","ascension_level":20}}