{"host":"a1eatafr7pisesky","time":1611419588,"event":{"mods":["AchievementEnabler","BaseMod","Colored Map","Keyboard Shortcuts","Minty Spire (QoL Compilation)","Say the Spire","StSLib","SuperFastMode","everything is the same but u backflip on backflip"],"gold_per_floor":[109,109,120,120,195,220,220,232,312,344,344,376,390,403,403,503,503,514,526,165,179,33,33,51,82,109,123,156,167,266,181,181,181,181],"floor_reached":33,"language":"KOR","playtime":902,"items_purged":["Strike_G"],"score":515,"play_id":"818f5a07-57aa-49ea-b871-d25158a89bfb","local_time":"20210124013308","is_ascension_mode":true,"campfire_choices":[{"floor":7.0,"key":"REST"},{"data":"Dash","floor":11.0,"key":"SMITH"},{"data":"Finisher","floor":15.0,"key":"SMITH"},{"data":"Night Terror","floor":23.0,"key":"SMITH"},{"floor":32,"key":"REST"}],"circlet_count":0,"master_deck":["AscendersBane","Strike_G","Strike_G","Strike_G","Strike_G","Defend_G","Defend_G","Defend_G","Defend_G","Defend_G","Survivor","Neutralize+1","Dagger Throw","Infinite Blades","Dash+1","Finisher+1","Leg Sweep","Backstab","Backstab","Acrobatics","Night Terror+1","Noxious Fumes","Footwork","Riddle With Holes+1"],"relics":["Ring of the Snake","NeowsBlessing","Oddly Smooth Stone","Mango","Ornamental Fan","Orichalcum","Meat on the Bone","SacredBark","Pen Nib","TheAbacus","Akabeko","Ice Cream","CeramicFish","Nunchaku","Lantern"],"acts_visited":["Exordium","TheCity"],"potions_floor_usage":[28,28,33],"damage_taken":[{"damage":0.0,"enemies":"Small Slimes","floor":1.0,"turns":1.0},{"damage":0.0,"enemies":"Cultist","floor":3.0,"turns":1.0},{"damage":0.0,"enemies":"3 Sentries","floor":6.0,"turns":1.0},{"damage":1.0,"enemies":"Jaw Worm","floor":8.0,"turns":4.0},{"damage":4.0,"enemies":"Lagavulin","floor":10.0,"turns":4.0},{"damage":12.0,"enemies":"Gremlin Nob","floor":12.0,"turns":5.0},{"damage":0.0,"enemies":"Blue Slaver","floor":13.0,"turns":2.0},{"damage":0.0,"enemies":"Looter","floor":14.0,"turns":1.0},{"damage":18.0,"enemies":"Hexaghost","floor":16.0,"turns":15.0},{"damage":7.0,"enemies":"Shell Parasite","floor":18.0,"turns":5.0},{"damage":14.0,"enemies":"3 Byrds","floor":19.0,"turns":5.0},{"damage":13.0,"enemies":"Centurion and Healer","floor":21.0,"turns":8.0},{"damage":8.0,"enemies":"Snake Plant","floor":24.0,"turns":4.0},{"damage":6.0,"enemies":"Gremlin Leader","floor":25.0,"turns":6.0},{"damage":12.0,"enemies":"Snecko","floor":27.0,"turns":3.0},{"damage":29,"enemies":"Book of Stabbing","floor":28,"turns":5},{"damage":28,"enemies":"Centurion and Healer","floor":29,"turns":5},{"damage":86,"enemies":"Automaton","floor":33,"turns":12}],"seed_played":"-8863231566490757925","potions_obtained":[{"floor":3.0,"key":"Poison Potion"},{"floor":8.0,"key":"ColorlessPotion"},{"floor":10.0,"key":"Explosive Potion"},{"floor":12.0,"key":"Weak Potion"},{"floor":14.0,"key":"EssenceOfSteel"},{"floor":21.0,"key":"CunningPotion"},{"floor":24.0,"key":"Fire Potion"},{"floor":25.0,"key":"ColorlessPotion"},{"floor":27.0,"key":"AttackPotion"},{"floor":29,"key":"GhostInAJar"}],"is_trial":false,"path_per_floor":["M","?","M","?","?","E","R","M","T","E","R","E","M","M","R","B",null,"M","M","$","M","$","R","M","E","T","M","E","M","?","?","R","B"],"character_chosen":"THE_SILENT","items_purchased":["Pen Nib","TheAbacus","Akabeko"],"campfire_rested":2,"item_purchase_floors":[20,20,22],"current_hp_per_floor":[63,63,63,45,34,48,73,72,72,68,68,56,56,56,56,50,76,69,55,55,54,54,54,46,52,52,52,35,19,19,19,44,0,0],"gold":181,"neow_bonus":"THREE_ENEMY_KILL","is_daily":false,"chose_seed":false,"campfire_upgraded":3,"win_rate":0.0,"timestamp":1611419588,"path_taken":["M","?","?","?","?","E","R","M","T","E","R","E","M","M","R","BOSS","M","M","$","M","$","R","M","E","T","M","E","M","?","?","R","BOSS"],"items_purchased_type":["Relic","Relic","Relic"],"build_version":"2020-12-22","purchased_purges":1,"victory":false,"max_hp_per_floor":[70,70,70,70,70,84,84,84,84,84,84,84,84,84,84,84,84,84,84,84,84,84,84,84,84,84,84,84,84,84,84,84,84,84],"card_choices":[{"not_picked":["Flying Knee","Outmaneuver"],"picked":"Dagger Throw","floor":1.0},{"not_picked":["Sucker Punch","Deadly Poison"],"picked":"Infinite Blades","floor":3.0},{"not_picked":["Dodge and Roll","Tools of the Trade"],"picked":"Dash","floor":6.0},{"not_picked":["Quick Slash","Reflex"],"picked":"Finisher","floor":8.0},{"not_picked":["Escape Plan","Calculated Gamble"],"picked":"Leg Sweep","floor":10.0},{"not_picked":["Poisoned Stab","Tools of the Trade"],"picked":"Backstab","floor":12.0},{"not_picked":["Dodge and Roll","Underhanded Strike"],"picked":"Backstab","floor":13.0},{"not_picked":["Calculated Gamble","Poisoned Stab"],"picked":"Acrobatics","floor":14.0},{"not_picked":["Venomology","A Thousand Cuts"],"picked":"Night Terror","floor":16.0},{"not_picked":["Deflect","Deadly Poison"],"picked":"Noxious Fumes","floor":18.0},{"not_picked":["Dagger Throw+1","Quick Slash"],"picked":"Footwork","floor":19.0},{"not_picked":["Quick Slash+1","Backflip"],"picked":"Riddle With Holes+1","floor":21.0},{"not_picked":["Underhanded Strike","Outmaneuver","Dagger Spray+1"],"picked":"SKIP","floor":24.0},{"not_picked":["Concentrate","Outmaneuver","Flechettes"],"picked":"SKIP","floor":25.0},{"not_picked":["Acrobatics+1","Phantasmal Killer","Riddle With Holes"],"picked":"SKIP","floor":27.0},{"not_picked":["Accuracy","Dagger Spray","Sucker Punch+1"],"picked":"SKIP","floor":28},{"not_picked":["Dagger Spray","Footwork","Dodge and Roll+1"],"picked":"SKIP","floor":29}],"player_experience":341829,"relics_obtained":[{"floor":6.0,"key":"Mango"},{"floor":9.0,"key":"Ornamental Fan"},{"floor":10.0,"key":"Orichalcum"},{"floor":12.0,"key":"Meat on the Bone"},{"floor":25.0,"key":"Ice Cream"},{"floor":26.0,"key":"CeramicFish"},{"floor":28,"key":"Nunchaku"}],"event_choices":[{"damage_healed":0.0,"max_hp_gain":0.0,"max_hp_loss":0.0,"gold_gain":0.0,"event_name":"Upgrade Shrine","player_choice":"Upgraded","floor":2.0,"gold_loss":0.0,"damage_taken":0.0,"cards_upgraded":["Neutralize"]},{"damage_healed":0.0,"max_hp_gain":0.0,"max_hp_loss":0.0,"gold_gain":0.0,"event_name":"Scrap Ooze","player_choice":"Success","floor":4.0,"gold_loss":0.0,"damage_taken":18.0,"relics_obtained":["Oddly Smooth Stone"]},{"damage_healed":0.0,"max_hp_gain":0.0,"max_hp_loss":0.0,"gold_gain":75.0,"event_name":"World of Goop","player_choice":"Gather Gold","floor":5.0,"gold_loss":0.0,"damage_taken":11.0},{"damage_healed":0,"gold_gain":99,"player_choice":"Stole From Cult","damage_taken":0,"max_hp_gain":0,"max_hp_loss":0,"event_name":"Nest","floor":30,"gold_loss":0},{"damage_healed":0,"gold_gain":0,"player_choice":"Obtained Relic","damage_taken":0,"relics_obtained":["Lantern"],"max_hp_gain":0,"max_hp_loss":0,"event_name":"Addict","floor":31,"gold_loss":85}],"is_beta":false,"boss_relics":[{"not_picked":["Busted Crown","Snecko Eye"],"picked":"SacredBark"}],"items_purged_floors":[20],"is_endless":false,"potions_floor_spawned":[3,8,10,12,14,21,24,25,27,29],"killed_by":"Automaton","ascension_level":11}}