{"host":"shb6fs4xkmgx64v4","time":1611432131,"event":{"mods":["AchievementEnabler","BaseMod","Colored Map","Downfall","Minty Spire (QoL Compilation)","StSLib"],"gold_per_floor":[99,114,127,139,139,139,207,235,135,149,161,180,211,29,47,152,152,152,164,180,20,38,38,112,112,112,122,138,153,163,10,29,125,125,125,140,160,160,4,4,58,58,83,93,112,112,112,112,126,126,126,126],"floor_reached":50,"language":"ENG","playtime":3422,"items_purged":["Slimebound:Strike_Slimebound"],"score":540,"play_id":"8f490f11-d00c-4380-ac45-5b355881b789","local_time":"20210123150211","is_ascension_mode":false,"campfire_choices":[{"floor":1,"key":"RECALL"},{"data":"Slimebound:GoopSpray","floor":9,"key":"SMITH"},{"data":"Slimebound:Recycling","floor":18,"key":"SMITH"},{"data":"Slimebound:SplitSpecialist","floor":26,"key":"SMITH"},{"data":"Slimebound:PrepareCrush","floor":35,"key":"SMITH"},{"data":"Slimebound:LeadByExample","floor":42,"key":"SMITH"},{"floor":47,"key":"REST"}],"circlet_count":0,"master_deck":["Slimebound:Strike_Slimebound","Slimebound:Tackle","Slimebound:Defend_Slimebound","Slimebound:Defend_Slimebound","Slimebound:Defend_Slimebound","Slimebound:Split","Slimebound:CorrosiveSpit","Slimebound:HauntingLick","Slimebound:FinishingTackle","Slimebound:Schlurp","Slimebound:Gluttony","Slimebound:GoopSpray+1","Slimebound:SplitAcid","Slimebound:SplitAcid","Slimebound:SplitSpecialist+1","Slimebound:RainOfGoop","expansioncontent:PrepareCrush","Slimebound:Darklings","Slimebound:LeechEnergy","Slimebound:Recycling+1","Slimebound:TongueLash+1","Slimebound:HauntingLick","Slimebound:GrowthPunch","Slimebound:PressTheAttack","Slimebound:SpikyOuterGoop","Slimebound:Overexert","Slimebound:LeechingTouch","Slimebound:Equalize+1","Slimebound:HauntingLick","Slimebound:LeadByExample+1","expansioncontent:DashGenerateEvil","Slimebound:Replication","Slimebound:AcidTongue+1","Slimebound:PrepareCrush+1","Slimebound:AcidTongue+1","Slimebound:LevelUp+1","Slimebound:LevelUp","Slimebound:DisruptingSlam+1","Slimebound:SamplingLick","Slimebound:HungryTackle+1","Slimebound:Schlurp+1","Slimebound:OozeBath","expansioncontent:LastStand","Slimebound:LeechingTouch+1"],"relics":["Slimebound:AbsorbEndCombat","downfall:ShatteredFragment","Pear","Nunchaku","downfall:HeartBlessingRed","Vajra","Sozu","Strange Spoon","Question Card","Membership Card","Slimebound:TarBlob","Molten Egg 2","Slimebound:SelfDamagePreventRelic","Slimebound:AggressiveSlimeRelic","Mercury Hourglass"],"acts_visited":["Exordium","TheCity","TheBeyond"],"potions_floor_usage":[50,50,50],"damage_taken":[{"damage":7,"enemies":"Cultist","floor":2,"turns":4},{"damage":4,"enemies":"Small Slimes","floor":3,"turns":3},{"damage":0,"enemies":"2 Louse","floor":4,"turns":3},{"damage":18,"enemies":"Lagavulin","floor":8,"turns":5},{"damage":9,"enemies":"Exordium Thugs","floor":10,"turns":3},{"damage":6,"enemies":"Red Slaver","floor":11,"turns":2},{"damage":7,"enemies":"Gremlin Gang","floor":12,"turns":3},{"damage":7,"enemies":"Gremlin Nob","floor":13,"turns":3},{"damage":0,"enemies":"downfall:FleeingMerchant","floor":14,"turns":4},{"damage":2,"enemies":"Blue Slaver","floor":15,"turns":2},{"damage":21,"enemies":"DF_ARCHETYPE_STREAMLINE","floor":16,"turns":6},{"damage":8,"enemies":"Spheric Guardian","floor":19,"turns":3},{"damage":16,"enemies":"Shell Parasite","floor":20,"turns":3},{"damage":6,"enemies":"downfall:FleeingMerchant","floor":21,"turns":4},{"damage":10,"enemies":"Centurion and Healer","floor":22,"turns":4},{"damage":32,"enemies":"Snake Plant","floor":27,"turns":3},{"damage":15,"enemies":"Chosen and Byrds","floor":28,"turns":4},{"damage":3,"enemies":"3 Cultists","floor":29,"turns":3},{"damage":14,"enemies":"Snake Plant","floor":30,"turns":3},{"damage":0,"enemies":"downfall:FleeingMerchant","floor":31,"turns":2},{"damage":3,"enemies":"Snecko","floor":32,"turns":4},{"damage":36,"enemies":"IC_MUSHROOM_ARCHETYPE","floor":33,"turns":6},{"damage":7,"enemies":"3 Shapes","floor":36,"turns":3},{"damage":12,"enemies":"3 Darklings","floor":37,"turns":3},{"damage":53,"enemies":"Reptomancer","floor":43,"turns":4},{"damage":16,"enemies":"Spire Growth","floor":44,"turns":3},{"damage":15,"enemies":"Writhing Mass","floor":45,"turns":5},{"damage":0,"enemies":"Transient","floor":49,"turns":5},{"damage":52,"enemies":"WA_ARCHETYPE_DIVINITY","floor":50,"turns":9}],"seed_played":"5652936012042225341","potions_obtained":[{"floor":10,"key":"SkillPotion"},{"floor":11,"key":"Explosive Potion"},{"floor":12,"key":"Slimebound:SlimedPotion"},{"floor":13,"key":"Dexterity Potion"}],"is_trial":false,"path_per_floor":["R","M","M","M","?","?","T","E","R","M","M","M","E","$","M","B",null,"R","M","M","$","M","?","T","?","R","M","M","M","M","$","M","B",null,"R","M","M","T","$","?","T","R","E","M","M","?","R","?","M","B"],"character_chosen":"SLIMEBOUND","items_purchased":["expansioncontent:PrepareCrush","Slimebound:Darklings","Strange Spoon","Slimebound:LeadByExample","expansioncontent:DashGenerateEvil","Membership Card","Slimebound:Replication","Slimebound:SelfDamagePreventRelic","Slimebound:LevelUp","Slimebound:DisruptingSlam+1","Slimebound:SamplingLick"],"campfire_rested":1,"item_purchase_floors":[14,14,21,31,31,31,31,39,39,39,39],"current_hp_per_floor":[65,60,60,64,46,46,56,46,46,45,43,44,43,51,51,38,75,75,67,59,61,59,59,59,59,59,35,28,33,25,41,52,36,75,75,70,74,74,74,74,74,74,28,20,11,11,33,33,41,0,0,0],"gold":126,"neow_bonus":"TRANSFORM_CARD","is_daily":false,"chose_seed":false,"campfire_upgraded":5,"win_rate":0.0,"timestamp":1611432131,"path_taken":["R","M","M","?","?","?","T","E","R","?","M","M","E","?","M","BOSS","R","M","?","$","M","?","T","?","R","M","M","M","M","$","M","BOSS","R","M","M","?","$","?","T","R","E","M","M","?","R","?","M","BOSS"],"items_purchased_type":["Card","Card","Relic","Card","Card","Relic","Card","Relic","Card","Card","Card"],"build_version":"2020-12-22","purchased_purges":1,"victory":false,"max_hp_per_floor":[65,65,65,65,65,65,75,75,75,75,75,75,75,75,75,75,75,75,75,75,75,75,75,75,75,75,75,75,75,75,75,75,75,75,75,75,75,75,75,75,75,75,75,75,75,75,75,75,75,75,75,75],"card_choices":[{"not_picked":["Slimebound:GoopTackle","Slimebound:HauntingLick"],"picked":"Slimebound:FinishingTackle","floor":2},{"not_picked":["Slimebound:GoopTackle","Slimebound:ComboTackle"],"picked":"Slimebound:Schlurp","floor":3},{"not_picked":["Slimebound:FormOfPuddle","Slimebound:LeechLife"],"picked":"Slimebound:Gluttony","floor":4},{"not_picked":["Slimebound:SlimeBarrage","Slimebound:RainOfGoop"],"picked":"Slimebound:GoopSpray","floor":8},{"not_picked":["Slimebound:FinishingTackle","Slimebound:HungryTackle"],"picked":"Slimebound:SplitAcid","floor":10},{"not_picked":["Slimebound:FlameTackle","Slimebound:Chomp"],"picked":"Slimebound:GoopSpray","floor":11},{"not_picked":["Slimebound:HauntingLick","Slimebound:SamplingLick"],"picked":"Slimebound:SplitAcid","floor":12},{"not_picked":["Slimebound:Schlurp","Slimebound:ItLooksTasty"],"picked":"Slimebound:SplitSpecialist","floor":13},{"not_picked":["Slimebound:SamplingLick","Slimebound:SplitLeeching"],"picked":"Slimebound:RainOfGoop","floor":14},{"not_picked":["Slimebound:SplitSpecialist","Slimebound:GoopTackle"],"picked":"Slimebound:LeechEnergy","floor":15},{"not_picked":["Slimebound:MinionMaster","Slimebound:DuplicatedForm"],"picked":"Slimebound:Recycling","floor":16},{"not_picked":["Slimebound:FinishingTackle+1","Slimebound:Recollect"],"picked":"Slimebound:TongueLash+1","floor":19},{"not_picked":["Slimebound:GoopTackle","Slimebound:SplitMire"],"picked":"Slimebound:HauntingLick","floor":20},{"not_picked":["Slimebound:SplitLeeching","Slimebound:ComboTackle"],"picked":"Slimebound:GrowthPunch","floor":21},{"not_picked":["Slimebound:HauntingLick","Slimebound:SlimeTap+1"],"picked":"Slimebound:PressTheAttack","floor":22},{"not_picked":["Slimebound:BestDefense","Slimebound:SamplingLick","Slimebound:Prepare"],"picked":"Slimebound:SpikyOuterGoop","floor":27},{"not_picked":["Slimebound:Prepare","Slimebound:SplitMire","Slimebound:ComboTackle"],"picked":"Slimebound:Overexert","floor":28},{"not_picked":["Slimebound:ItLooksTasty+1","Slimebound:Gluttony","Slimebound:SlimeBrawl"],"picked":"Slimebound:LeechingTouch","floor":29},{"not_picked":["Slimebound:LeechEnergy+1","Slimebound:RejuvenatingLick+1","Slimebound:SplitSpecialist"],"picked":"Slimebound:Equalize+1","floor":30},{"not_picked":["Slimebound:FlameTackle","Slimebound:FinishingTackle","Slimebound:GoopSpray"],"picked":"Slimebound:HauntingLick","floor":31},{"not_picked":["Slimebound:SplitLeeching","Slimebound:TongueLash","Slimebound:BestDefense"],"picked":"Slimebound:AcidTongue+1","floor":32},{"not_picked":["Slimebound:MinionMaster","Slimebound:SlimeSlap","Slimebound:DuplicatedForm"],"picked":"Slimebound:PrepareCrush","floor":33},{"not_picked":["Slimebound:BestDefense+1","Slimebound:SplitBruiser","Slimebound:Prepare"],"picked":"Slimebound:AcidTongue+1","floor":36},{"not_picked":["Slimebound:GoopTackle","Slimebound:Schlurp","Slimebound:GoopSpray"],"picked":"Slimebound:LevelUp+1","floor":37},{"not_picked":["Slimebound:Replication+1","Slimebound:LeechingTouch+1","Slimebound:Dissolve+1"],"picked":"Slimebound:HungryTackle+1","floor":43},{"not_picked":["Slimebound:ComboTackle+1","Slimebound:AcidTongue","Slimebound:SplitLeeching"],"picked":"Slimebound:Schlurp+1","floor":44},{"not_picked":["Slimebound:SamplingLick","Slimebound:Replication","Slimebound:Prepare"],"picked":"Slimebound:OozeBath","floor":45},{"not_picked":["expansioncontent:Hexaburn","expansioncontent:YouAreMine","expansioncontent:HyperBeam+1"],"picked":"expansioncontent:LastStand","floor":46},{"not_picked":["Slimebound:Schlurp","Slimebound:SplitLeeching","Slimebound:ItLooksTasty+1"],"picked":"Slimebound:LeechingTouch+1","floor":49}],"player_experience":245881,"relics_obtained":[{"floor":7,"key":"Pear"},{"floor":8,"key":"Nunchaku"},{"floor":13,"key":"Vajra"},{"floor":24,"key":"Question Card"},{"floor":38,"key":"Molten Egg 2"},{"floor":41,"key":"Slimebound:AggressiveSlimeRelic"},{"floor":43,"key":"Mercury Hourglass"}],"event_choices":[{"cards_removed":["Slimebound:Defend_Slimebound"],"damage_healed":0,"gold_gain":0,"player_choice":"Offered Basic","damage_taken":0,"max_hp_gain":0,"max_hp_loss":0,"event_name":"Bonfire Elementals","floor":6,"gold_loss":0},{"damage_healed":0,"gold_gain":0,"player_choice":"Ignored","damage_taken":0,"max_hp_gain":0,"max_hp_loss":0,"event_name":"Ghosts","floor":23,"gold_loss":0},{"damage_healed":0,"gold_gain":0,"player_choice":"Got Potions","damage_taken":0,"max_hp_gain":0,"max_hp_loss":0,"event_name":"Lab","floor":25,"gold_loss":0},{"cards_removed":["Slimebound:GoopSpray"],"damage_healed":0,"gold_gain":0,"player_choice":"Removed Skill","damage_taken":0,"max_hp_gain":0,"max_hp_loss":0,"event_name":"Falling","floor":48,"gold_loss":0}],"is_beta":false,"boss_relics":[{"not_picked":["Empty Cage","Cursed Key"],"picked":"Sozu"},{"not_picked":["Velvet Choker","Slimebound:AbsorbEndCombatUpgraded"],"picked":"Slimebound:TarBlob"}],"items_purged_floors":[31],"is_endless":false,"potions_floor_spawned":[10,11,12,13,15,20,28,29,30,33,44,45,49],"killed_by":"WA_ARCHETYPE_DIVINITY","ascension_level":0}}