{"host":"9slw7l0ws16384qq","time":1611436516,"event":{"mods":["A Penny For Your Troubles","BaseMod","Clockwork Mod","Colored Map","Evolution","Hubris","Minty Spire (QoL Compilation)","Replay The Spire","Shedinja","StS++","StSLib","The Dragon Tamer","The Marked"],"gold_per_floor":[112,37,49,60,20,20,76,110,181,181,211,224,124,158,158,256,256,270,270,270,287,304,331,136,152,224,224,224,224,235,85,85,185,185,196,196,196,196,196,196],"floor_reached":39,"language":"FRA","playtime":1417,"items_purged":["theMarked:Defend","theMarked:Defend","theMarked:BanishingStrike","theMarked:BanishingStrike"],"score":415,"play_id":"a42bb031-162e-4ec5-b6f1-a05085084290","local_time":"20210123221516","is_ascension_mode":false,"campfire_choices":[{"data":"theMarked:SoldierOfQuellstein","floor":6,"key":"SMITH"},{"data":"theMarked:BanishingStrike","floor":10,"key":"SMITH"},{"data":"theMarked:HeritageOfTheMarked","floor":15,"key":"SMITH"},{"data":"theMarked:BanishingStrike","floor":27,"key":"SMITH"},{"data":"theMarked:BanishingStrike","floor":29,"key":"SMITH"},{"data":"theMarked:RepellingDischarge","floor":32,"key":"PURGE"}],"circlet_count":0,"master_deck":["Clockwork:RevUp+1","theMarked:BanishingStrike+1","theMarked:BanishingStrike+1","theMarked:BanishingStrike+1","theMarked:RepellingDischarge","theMarked:SoldierOfQuellstein+1","theMarked:ParalyzingBlade","theMarked:HeritageOfTheMarked+1","theMarked:DeterminationOfTheMarked","theMarked:HeritageOfTheMarked+1","theMarked:TwofoldDefense"],"relics":["theMarked:ArtifactOfAir","EVO:Axolotl","Golden Egg","Orichalcum","Darkstone Periapt","ReplayTheSpireMod:TigerMarble","theMarked:VonisonLock","hubris:ScarierMask","Nilry\u0027s Codex","Pet Ghost","Eternal Feather","SacredBark","hubris:Towel"],"acts_visited":["Exordium","TheCity","TheBeyond"],"potions_floor_usage":[11],"damage_taken":[{"damage":1,"enemies":"2 Louse","floor":1,"turns":3},{"damage":0,"enemies":"Jaw Worm","floor":3,"turns":3},{"damage":5,"enemies":"Small Slimes","floor":4,"turns":5},{"damage":26,"enemies":"3 Sentries","floor":7,"turns":9},{"damage":12,"enemies":"Lagavulin","floor":8,"turns":5},{"damage":9,"enemies":"3 Sentries","floor":11,"turns":5},{"damage":0,"enemies":"Looter","floor":12,"turns":3},{"damage":7,"enemies":"Lagavulin","floor":14,"turns":5},{"damage":8,"enemies":"Slime Boss","floor":16,"turns":6},{"damage":0,"enemies":"3 Byrds","floor":18,"turns":4},{"damage":1,"enemies":"Chosen","floor":21,"turns":3},{"damage":5,"enemies":"3 Cultists","floor":22,"turns":4},{"damage":21,"enemies":"Slavers","floor":23,"turns":4},{"damage":13,"enemies":"Snake Plant","floor":25,"turns":5},{"damage":8,"enemies":"Snecko","floor":30,"turns":4},{"damage":17,"enemies":"Champ","floor":33,"turns":11},{"damage":5,"enemies":"Orb Walker","floor":35,"turns":2},{"damage":8,"enemies":"3 Shapes","floor":39,"turns":3}],"seed_played":"2989058205236642552","potions_obtained":[{"floor":4,"key":"Languid Potion"},{"floor":8,"key":"AttackPotion"},{"floor":14,"key":"Explosive Potion"},{"floor":16,"key":"Languid Potion"}],"is_trial":false,"path_per_floor":["M","$","M","M","?","R","?","E","T","R","E","M","$","E","R","B",null,"M","?","?","M","M","E","$","M","T","R","?","R","M","$","R_BF","B",null,"M","$","?","?","M"],"character_chosen":"THE_DEFAULT","items_purchased":["theMarked:HeritageOfTheMarked"],"campfire_rested":0,"item_purchase_floors":[24],"current_hp_per_floor":[76,76,76,71,71,71,45,33,33,33,24,24,24,17,17,9,77,77,61,61,60,55,34,34,21,21,27,27,33,25,25,31,14,77,72,72,72,72,64,64],"gold":196,"neow_bonus":"TEN_PERCENT_HP_BONUS","is_daily":false,"chose_seed":false,"campfire_upgraded":5,"win_rate":0.0,"timestamp":1611436516,"path_taken":["M","$","M","M","?","R","?","E","T","R","E","M","$","E","R","BOSS","M","?","?","M","M","E","$","M","T","R","?","R","?","$","R_BF","BOSS","M","$","?","?","M"],"items_purchased_type":["Card"],"build_version":"2020-12-22","purchased_purges":4,"victory":false,"max_hp_per_floor":[77,77,77,77,77,77,77,77,77,77,77,77,77,77,77,77,77,77,77,77,77,77,77,77,77,77,77,77,77,77,77,77,77,77,77,77,77,77,77,77],"card_choices":[{"not_picked":["theMarked:Static","theMarked:Frustration","theMarked:RepellingDischarge"],"picked":"SKIP","floor":1},{"not_picked":["theMarked:RogueSparks","theMarked:ElectricStrings","theMarked:Parkour"],"picked":"SKIP","floor":3},{"not_picked":["theMarked:HeightenedSenses","theMarked:SwordAndMagic","theMarked:EmpowerWeapon"],"picked":"SKIP","floor":4},{"not_picked":["theMarked:RepellingDischarge","theMarked:Electrocute"],"picked":"theMarked:ParalyzingBlade","floor":7},{"not_picked":["theMarked:EternalStudent","theMarked:ElectricStrings","theMarked:HeightenedSenses"],"picked":"SKIP","floor":8},{"not_picked":["theMarked:BanishingStrike","theMarked:Frustration"],"picked":"theMarked:HeritageOfTheMarked","floor":11},{"not_picked":["theMarked:TwofoldDefense","theMarked:SwordAndMagic","theMarked:BanishingWave"],"picked":"SKIP","floor":12},{"not_picked":["theMarked:Frustration","theMarked:LightningStrikesTwice","theMarked:GodGivenPower"],"picked":"SKIP","floor":14},{"not_picked":["theMarked:WardOff+1","theMarked:Frustration","theMarked:Aftermath+1"],"picked":"SKIP","floor":18},{"not_picked":["theMarked:PowerFlow+1","theMarked:ChainLightning","theMarked:MaelstromOfLightning"],"picked":"SKIP","floor":21},{"not_picked":["theMarked:RepellingDischarge","theMarked:Static","theMarked:ResourceFulStrike"],"picked":"SKIP","floor":22},{"not_picked":["theMarked:TunnelVision","theMarked:WastefulAttack+1","theMarked:BanishingWave"],"picked":"SKIP","floor":23},{"not_picked":["theMarked:Overthink","theMarked:Aftermath","theMarked:Levitate"],"picked":"SKIP","floor":25},{"not_picked":["theMarked:TwofoldDefense","theMarked:Parkour","theMarked:WastefulDefense+1"],"picked":"SKIP","floor":30},{"not_picked":["theMarked:Parkour","theMarked:WastefulDefense+1"],"picked":"theMarked:TwofoldDefense","floor":30},{"not_picked":["theMarked:Aftermath+1","theMarked:Improvise+1","theMarked:ReduceFriction+1"],"picked":"SKIP","floor":35}],"player_experience":1785029,"relics_obtained":[{"floor":7,"key":"Golden Egg"},{"floor":8,"key":"Orichalcum"},{"floor":9,"key":"Darkstone Periapt"},{"floor":11,"key":"ReplayTheSpireMod:TigerMarble"},{"floor":14,"key":"theMarked:VonisonLock"},{"floor":19,"key":"Nilry\u0027s Codex"},{"floor":23,"key":"Pet Ghost"},{"floor":26,"key":"Eternal Feather"}],"event_choices":[{"damage_healed":0,"gold_gain":0,"player_choice":"Searched \u00271\u0027 times","damage_taken":0,"max_hp_gain":0,"max_hp_loss":0,"event_name":"Dead Adventurer","floor":7,"gold_loss":0},{"damage_healed":0,"gold_gain":0,"player_choice":"Obtained Book","damage_taken":16,"max_hp_gain":0,"max_hp_loss":0,"event_name":"Cursed Tome","floor":19,"gold_loss":0},{"damage_healed":0,"gold_gain":0,"player_choice":"Read","damage_taken":0,"max_hp_gain":0,"max_hp_loss":0,"event_name":"The Library","floor":20,"gold_loss":0,"cards_obtained":["theMarked:DeterminationOfTheMarked"]},{"damage_healed":0,"gold_gain":0,"player_choice":"Leave","damage_taken":0,"max_hp_gain":0,"max_hp_loss":0,"event_name":"FaceTrader","floor":28,"gold_loss":0}],"is_beta":false,"boss_relics":[{"not_picked":["hubris:HollowSoul","Replay:Bronze Core"],"picked":"hubris:ScarierMask"},{"not_picked":["Runic Pyramid","ChewingGum"],"picked":"SacredBark"}],"items_purged_floors":[2,13,24,31],"is_endless":false,"potions_floor_spawned":[4,8,14,16,21,22,23,33,35],"killed_by":"3 Shapes","ascension_level":0}}