{"host":"d9m9v0h6vo0edadb","time":1611405954,"event":{"mods":["BaseMod","Hermit","Keyboard Shortcuts","Minty Spire (QoL Compilation)","StSLib","SuperFastMode","The Cursed"],"gold_per_floor":[116,116,132,57,75,105,121,121,121,121,137,137,137,165,165,242,242,262,93,109,122,122,122],"floor_reached":22,"language":"KOR","playtime":253,"items_purged":["Strike_B"],"score":392,"play_id":"0b2db63f-ea15-407d-8502-bc8b9d338a2e","local_time":"20210123214554","is_ascension_mode":true,"campfire_choices":[{"data":"Defragment","floor":8,"key":"SMITH"},{"data":"Dualcast","floor":10,"key":"SMITH"},{"floor":15,"key":"DIG"}],"circlet_count":0,"master_deck":["AscendersBane","Strike_B","Strike_B","Defend_B","Defend_B","Defend_B","Defend_B","Zap","Dualcast+1","Cold Snap","Compile Driver","Defragment+1","Streamline","Ball Lightning","Loop","Core Surge","Turbo"],"relics":["Cracked Core","NeowsBlessing","Akabeko","Ancient Tea Set","Kunai","Shovel","Sundial","Coffee Dripper","ClockworkSouvenir"],"acts_visited":["Exordium","TheCity"],"potions_floor_usage":[6,14,16],"damage_taken":[{"damage":0,"enemies":"Small Slimes","floor":1,"turns":1},{"damage":0,"enemies":"Cultist","floor":3,"turns":1},{"damage":0,"enemies":"2 Louse","floor":5,"turns":1},{"damage":21,"enemies":"Lagavulin","floor":6,"turns":7},{"damage":10,"enemies":"Large Slime","floor":7,"turns":7},{"damage":0,"enemies":"Exordium Wildlife","floor":11,"turns":2},{"damage":7,"enemies":"Gremlin Nob","floor":14,"turns":3},{"damage":3,"enemies":"Slime Boss","floor":16,"turns":6},{"damage":0,"enemies":"Chosen","floor":18,"turns":3},{"damage":18,"enemies":"2 Thieves","floor":20,"turns":3},{"damage":9,"enemies":"Cultist and Chosen","floor":21,"turns":6},{"damage":31,"enemies":"Snecko","floor":22,"turns":4}],"seed_played":"7614275958946165262","potions_obtained":[{"floor":3,"key":"SkillPotion"},{"floor":5,"key":"AttackPotion"},{"floor":14,"key":"ColorlessPotion"},{"floor":20,"key":"SkillPotion"},{"floor":21,"key":"SteroidPotion"}],"is_trial":false,"path_per_floor":["M","?","M","$","M","E","M","R","T","R","M","?","?","E","R","B",null,"M","$","M","M","M"],"character_chosen":"DEFECT","items_purchased":["ClockworkSouvenir"],"campfire_rested":0,"item_purchase_floors":[19],"current_hp_per_floor":[64,64,64,64,64,43,33,33,33,33,33,33,56,49,49,46,65,65,65,47,38,7,7],"gold":122,"neow_bonus":"THREE_ENEMY_KILL","is_daily":false,"chose_seed":false,"campfire_upgraded":2,"win_rate":0.0,"timestamp":1611405954,"path_taken":["M","?","?","?","M","E","M","R","T","R","M","?","?","E","R","BOSS","M","$","M","M","M"],"items_purchased_type":["Relic"],"build_version":"2020-12-22","purchased_purges":1,"victory":false,"max_hp_per_floor":[71,71,71,71,71,71,71,71,71,71,71,71,71,71,71,71,71,71,71,71,71,71,71],"card_choices":[{"not_picked":["BootSequence","Chaos"],"picked":"Cold Snap","floor":1},{"not_picked":["Reinforced Body","Double Energy","Turbo"],"picked":"SKIP","floor":3},{"not_picked":["Rebound","Stack"],"picked":"Compile Driver","floor":5},{"not_picked":["Echo Form","Darkness"],"picked":"Defragment","floor":6},{"not_picked":["BootSequence","Cold Snap"],"picked":"Streamline","floor":7},{"not_picked":["Beam Cell","Rebound"],"picked":"Ball Lightning","floor":11},{"not_picked":["Rebound","Leap"],"picked":"Loop","floor":14},{"not_picked":["Buffer","Reboot"],"picked":"Core Surge","floor":16},{"not_picked":["Conserve Battery","Streamline"],"picked":"Turbo","floor":18},{"not_picked":["Ball Lightning","Redo","Stack"],"picked":"SKIP","floor":20},{"not_picked":["Beam Cell","Fusion","White Noise"],"picked":"SKIP","floor":21}],"player_experience":988591,"relics_obtained":[{"floor":6,"key":"Akabeko"},{"floor":9,"key":"Ancient Tea Set"},{"floor":14,"key":"Shovel"},{"floor":15,"key":"Sundial"}],"event_choices":[{"cards_removed":["Strike_B"],"damage_healed":0,"gold_gain":0,"player_choice":"Offered Basic","damage_taken":0,"max_hp_gain":0,"max_hp_loss":0,"event_name":"Bonfire Elementals","floor":2,"gold_loss":0},{"damage_healed":0,"gold_gain":0,"player_choice":"Searched \u00271\u0027 times","damage_taken":0,"relics_obtained":["Kunai"],"max_hp_gain":0,"max_hp_loss":0,"event_name":"Dead Adventurer","floor":12,"gold_loss":0},{"damage_healed":23,"gold_gain":0,"player_choice":"Banana","damage_taken":0,"max_hp_gain":0,"max_hp_loss":0,"event_name":"Big Fish","floor":13,"gold_loss":0}],"is_beta":false,"boss_relics":[{"not_picked":["Philosopher\u0027s Stone","SlaversCollar"],"picked":"Coffee Dripper"}],"items_purged_floors":[4],"is_endless":false,"potions_floor_spawned":[3,5,14,20,21],"killed_by":"Snecko","ascension_level":20}}