{"host":"hfxahm4y1ssattqc","time":1611385011,"event":{"mods":["2.2 Compatiblity","Act Like it!","BaseMod","Beaked The Cultist","BetterRewards","Colored Map","Colored Powertips","Custom Start","Googly Eyes","Halation","Hallownest","Highlight Path","Hubris","Mimic Mod","Minty Spire (QoL Compilation)","Shop Mod","Spikes Relics","StSLib","The Bug Knight","The IronCluck","The Jungle","Unknown Chances","slay the spire mod where everything is the same but ironclad has a cowboy hat"],"gold_per_floor":[116,133,133,133,148,148,164,164,164,164,164,164,9,9,9,105,105,122,50,50,61,61,61,181,181,181,181,181,193,271,281,281,382,382,402,413,413,413,78,78,92,92,143,143,143,143,171,171,171,171],"floor_reached":51,"language":"ENG","playtime":1980,"items_purged":[],"score":982,"play_id":"10ef58a2-f5bf-4663-8fbb-3144b5b93156","local_time":"20210122225651","is_ascension_mode":false,"campfire_choices":[{"data":"Reforge","floor":8,"key":"SMITH"},{"data":"hubris:DuctTapeCard","floor":10,"key":"SMITH"},{"floor":15,"key":"REST"},{"data":"Glacier","floor":23,"key":"SMITH"},{"floor":25,"key":"REST"},{"data":"Defend_B","floor":27,"key":"SMITH"},{"floor":32,"key":"REST"},{"floor":40,"key":"RECALL"},{"floor":42,"key":"REST"},{"data":"Creative AI","floor":46,"key":"SMITH"},{"floor":49,"key":"REST"}],"circlet_count":0,"master_deck":["Strike_B","Strike_B+1","Strike_B","Strike_B+1","Defend_B+1","Defend_B","Defend_B","Defend_B","Zap","Dualcast","Gash","hubris:DuctTapeCard+2","Parasite","Electrodynamics+1","Glacier+1","Creative AI+1","Panacea","Defragment+1"],"relics":["Cracked Core","hubris:Icosahedron","SuspiciousGoo","hubris:DuctTape","Ancient Tea Set","hubris:Towel","CosmicIsotope","CrustySpines","Sozu","HornCleat","Regal Pillow","Bottled Lightning","halation:EternalFortune"],"acts_visited":["Exordium","Exordium","TheBeyond"],"potions_floor_usage":[31,31,33,50],"damage_taken":[{"damage":9,"enemies":"Small Slimes","floor":1,"turns":3},{"damage":1,"enemies":"Jaw Worm","floor":2,"turns":4},{"damage":8,"enemies":"2 Louse","floor":5,"turns":3},{"damage":0,"enemies":"Looter","floor":7,"turns":3},{"damage":56,"enemies":"Hexaghost","floor":16,"turns":11},{"damage":26,"enemies":"theJungle:Flameango_and_Byrd","floor":18,"turns":7},{"damage":6,"enemies":"theJungle:GiantWrat","floor":21,"turns":9},{"damage":21,"enemies":"Snake Plant","floor":29,"turns":5},{"damage":5,"enemies":"theJungle:JungleHuntersEncounter","floor":31,"turns":5},{"damage":53,"enemies":"theJungle:QueenSpyder","floor":33,"turns":21},{"damage":3,"enemies":"3 Shapes","floor":35,"turns":8},{"damage":7,"enemies":"Orb Walker","floor":36,"turns":5},{"damage":26,"enemies":"Spire Growth","floor":41,"turns":7},{"damage":7,"enemies":"Giant Head","floor":47,"turns":13},{"damage":72,"enemies":"Awakened One","floor":50,"turns":18}],"seed_played":"8961427369925540622","potions_obtained":[{"floor":1,"key":"FairyPotion"},{"floor":16,"key":"Explosive Potion"},{"floor":29,"key":"DuplicationPotion"},{"floor":31,"key":"FocusPotion"},{"floor":33,"key":"LiquidMemories"}],"is_trial":false,"path_per_floor":["M","M","?","?","M","?","M","R","T","R","?","?","$","?","R","B",null,"M","$","?","M","?","R","?","R","T","R","?","M","T","M","R","B",null,"M","M","?","?","$","R","M","R","T","?","$","R","E","?","R","B",null],"character_chosen":"DEFECT","items_purchased":["Reforge","Ancient Tea Set","Glacier","Defragment","HornCleat"],"campfire_rested":5,"item_purchase_floors":[0,13,19,39,39],"current_hp_per_floor":[66,65,70,70,62,55,55,55,55,55,39,59,59,59,80,24,80,54,54,54,48,50,50,38,62,62,62,73,52,52,47,71,18,80,77,70,70,70,70,70,44,68,68,68,68,68,61,64,83,11],"gold":171,"neow_bonus":"","is_daily":false,"chose_seed":false,"campfire_upgraded":5,"win_rate":0.0,"timestamp":1611385011,"path_taken":["M","M","?","?","?","?","M","R","T","R","?","?","$","?","R","BOSS","M","$","?","?","?","R","?","R","T","R","?","M","?","M","R","BOSS","M","M","?","?","?","R","M","R","T","?","$","R","E","?","R","BOSS"],"items_purchased_type":["Card","Relic","Card","Card","Relic"],"build_version":"2020-12-22","purchased_purges":0,"victory":true,"max_hp_per_floor":[75,75,80,80,80,80,80,80,80,80,80,80,80,80,80,80,80,80,80,80,80,80,80,80,80,80,80,80,80,80,80,80,80,80,80,80,80,80,80,80,80,80,80,80,80,80,80,83,83,83],"card_choices":[{"not_picked":["Steam","Turbo"],"picked":"Gash","floor":1},{"not_picked":["Streamline","Darkness","Compile Driver"],"picked":"SKIP","floor":2},{"not_picked":["Melter","Beam Cell"],"picked":"Conserve Battery","floor":5},{"not_picked":["Conserve Battery","Sweeping Beam","Steam"],"picked":"SKIP","floor":7},{"not_picked":["Thunder Strike","Seek"],"picked":"Electrodynamics","floor":16},{"not_picked":["Compile Driver+1","Beam Cell","Go for the Eyes"],"picked":"SKIP","floor":18},{"not_picked":["Hello World","Recycle+1","Turbo"],"picked":"SKIP","floor":21},{"not_picked":["Lockon+1","Scrape","Barrage+1"],"picked":"SKIP","floor":29},{"not_picked":["Leap","Force Field","Rebound+1"],"picked":"SKIP","floor":31},{"not_picked":["Multi-Cast","hubris:SpecializedCircuitry"],"picked":"Creative AI","floor":33},{"not_picked":["Fusion","Steam Power+1","Sweeping Beam"],"picked":"SKIP","floor":35},{"not_picked":["RefreshScreen","Streamline","Reinforced Body+1"],"picked":"SKIP","floor":36},{"not_picked":["HandOfGreed","Jack Of All Trades"],"picked":"Panacea","floor":38},{"not_picked":["Coolheaded+1","Undo","Ball Lightning+1"],"picked":"SKIP","floor":41},{"not_picked":["Beam Cell","Gash","Hologram"],"picked":"SKIP","floor":47}],"player_experience":891160,"relics_obtained":[{"floor":9,"key":"hubris:DuctTape"},{"floor":26,"key":"CrustySpines"},{"floor":43,"key":"Regal Pillow"},{"floor":47,"key":"Bottled Lightning"}],"event_choices":[{"damage_healed":0,"gold_gain":0,"player_choice":"Donut","damage_taken":0,"max_hp_gain":5,"max_hp_loss":0,"event_name":"Big Fish","floor":3,"gold_loss":0},{"damage_healed":0,"gold_gain":0,"player_choice":"Success","damage_taken":7,"relics_obtained":["SuspiciousGoo"],"max_hp_gain":0,"max_hp_loss":0,"event_name":"Scrap Ooze","floor":6,"gold_loss":0},{"damage_healed":0,"gold_gain":0,"player_choice":"Entered Light","damage_taken":16,"max_hp_gain":0,"max_hp_loss":0,"event_name":"Shining Light","floor":11,"gold_loss":0,"cards_upgraded":["Strike_B","Strike_B"]},{"damage_healed":20,"gold_gain":0,"player_choice":"Healed and dodged fight","damage_taken":0,"max_hp_gain":0,"max_hp_loss":0,"event_name":"Mushrooms","floor":12,"gold_loss":0,"cards_obtained":["Parasite"]},{"damage_healed":0,"gold_gain":0,"player_choice":"Forge","damage_taken":0,"max_hp_gain":0,"max_hp_loss":0,"event_name":"Accursed Blacksmith","floor":20,"gold_loss":0,"cards_upgraded":["Electrodynamics"]},{"damage_healed":0,"gold_gain":0,"player_choice":"Ignored","damage_taken":0,"max_hp_gain":0,"max_hp_loss":0,"event_name":"Tomb of Lord Red Mask","floor":37,"gold_loss":0},{"damage_healed":0,"gold_gain":0,"player_choice":"Memory 1","damage_taken":0,"max_hp_gain":0,"max_hp_loss":0,"event_name":"SensoryStone","floor":38,"gold_loss":0}],"is_beta":false,"boss_relics":[{"not_picked":["halation:Yufonium","halation:Risk"],"picked":"CosmicIsotope"},{"not_picked":["halation:CatFaceCupcake","Coffee Dripper"],"picked":"Sozu"}],"items_purged_floors":[],"is_endless":false,"potions_floor_spawned":[1,16,29,31,33,41],"ascension_level":0}}