{"host":"v79nb9qnzs8cga96","time":1611419289,"event":{"mods":["Aspiration","BaseMod","Better Note","Block Reminder","GifTheSpireLib","Minty Spire (QoL Compilation)","Quarter Circle Forward PUNCH!","SacredBarkPlus","Small Relic Pack","StSLib","Stuff the Spire","The Saiyan"],"gold_per_floor":[90,90,103,103,103,103,144,157,157,157,201,201,248,291,291,421,421,440,463,478,213,213,213,257,257,266,266,282,282,314,357,357,480,480,503,523,541,554,98,137,137,180,189,241,261,303,303,346,346,346],"floor_reached":51,"language":"ENG","playtime":3203,"items_purged":["Injury","StuffTheSpire:GnomedCurse"],"score":1209,"play_id":"eda5de13-4d2e-4e29-b924-b939f26892ad","local_time":"20210123182809","daily_mods":["Vintage","DeadlyEvents","Elite Swarm"],"is_ascension_mode":true,"campfire_choices":[{"floor":10.0,"key":"REST"},{"floor":12.0,"key":"REST"},{"floor":15.0,"key":"REST"},{"floor":25.0,"key":"REST"},{"data":"1","floor":27.0,"key":"LIFT"},{"data":"2","floor":29.0,"key":"LIFT"},{"floor":32.0,"key":"REST"},{"data":"Saiyan:SenzuBean","floor":41.0,"key":"SMITH"},{"data":"3","floor":47,"key":"LIFT"},{"data":"Saiyan:GenkiDama","floor":49,"key":"SMITH"}],"circlet_count":0,"master_deck":["Saiyan:SAIYA_Strike","Saiyan:SAIYA_Strike","Saiyan:SAIYA_Strike+1","Saiyan:SAIYA_Strike","Saiyan:SAIYA_Defend","Saiyan:SAIYA_Defend+1","Saiyan:SAIYA_Defend","Saiyan:SAIYA_Defend+1","Saiyan:EnergyBlast+1","Saiyan:KaioKen","Saiyan:RuthlessBlow","Saiyan:SenzuBean+1","Saiyan:SuperSaiyanThree","Saiyan:GenkiDama+1","Saiyan:MonkeyTail+1","Saiyan:TheBomb","Saiyan:CCCapsule","Saiyan:SolarFlare","Shame","Saiyan:GhostAttack+1","Madness","Madness","Parasite","Saiyan:HyperTimeChamber","Saiyan:HyperTimeChamber","Saiyan:HyperTimeChamber"],"relics":["SaiyanSoul","SaiyanHeart","aspiration:ArtOfWarUpgrade","Smiling Mask","Girya","Golden Idol","War Paint","StuffTheSpire:Experiment12","CeramicFish","aspiration:SeaSaltIceCream","aspiration:Nostalgia","Cracked Core","StuffTheSpire:DarkSteelAnvil","Whetstone","PreservedInsect","StuffTheSpire:Gunfinga","Cursed Key","StuffTheSpire:SapphireSignet","Regal Pillow","Incense Burner","Oddly Smooth Stone","Pen Nib","Bronze Scales","aspiration:FrozenJewel","aspiration:StickyExplosives_weak","Vajra","Mummified Hand","qcfpunch:Red_Beret","Potion Belt","qcfpunch:Crimson_Sash","Kunai","Lantern","Blue Candle","aspiration:ChemicalBlood","Lee\u0027s Waffle","StuffTheSpire:EmeraldSignet","InkBottle","qcfpunch:Wrestler\u0027s_Cloak","FossilizedHelix","qcfpunch:Wild_Herbs_Ointment","qcfpunch:Fighting_Gloves","qcfpunch:Black_Training_Shirt","Blood Vial","Du-Vu Doll","MealTicket","Akabeko"],"acts_visited":["Exordium","TheCity","TheBeyond"],"potions_floor_usage":[],"damage_taken":[{"damage":0.0,"enemies":"2 Louse","floor":1.0,"turns":4.0},{"damage":1.0,"enemies":"Small Slimes","floor":3.0,"turns":4.0},{"damage":28.0,"enemies":"3 Sentries","floor":7.0,"turns":10.0},{"damage":2.0,"enemies":"Cultist","floor":8.0,"turns":8.0},{"damage":25.0,"enemies":"Gremlin Nob","floor":11.0,"turns":5.0},{"damage":14.0,"enemies":"Lagavulin","floor":13.0,"turns":6.0},{"damage":0.0,"enemies":"3 Sentries","floor":14.0,"turns":2.0},{"damage":18.0,"enemies":"Slime Boss","floor":16.0,"turns":7.0},{"damage":14.0,"enemies":"Shell Parasite","floor":18.0,"turns":5.0},{"damage":17.0,"enemies":"3 Byrds","floor":19.0,"turns":6.0},{"damage":19.0,"enemies":"Centurion and Healer","floor":20.0,"turns":8.0},{"damage":25.0,"enemies":"Slavers","floor":24.0,"turns":2.0},{"damage":5.0,"enemies":"Cultist and Chosen","floor":28.0,"turns":8.0},{"damage":12.0,"enemies":"Book of Stabbing","floor":31.0,"turns":4.0},{"damage":15.0,"enemies":"Collector","floor":33.0,"turns":7.0},{"damage":0.0,"enemies":"3 Darklings","floor":35.0,"turns":3.0},{"damage":10.0,"enemies":"3 Shapes","floor":36.0,"turns":4.0},{"damage":34.0,"enemies":"Writhing Mass","floor":38.0,"turns":5.0},{"damage":0.0,"enemies":"Nemesis","floor":40.0,"turns":5.0},{"damage":0.0,"enemies":"Reptomancer","floor":42.0,"turns":6.0},{"damage":0.0,"enemies":"Giant Head","floor":44.0,"turns":4.0},{"damage":0,"enemies":"Jaw Worm Horde","floor":45,"turns":2},{"damage":0,"enemies":"Nemesis","floor":46,"turns":5},{"damage":0,"enemies":"Reptomancer","floor":48,"turns":6},{"damage":0,"enemies":"Awakened One","floor":50,"turns":9}],"seed_played":"-1300700963715997628","potions_obtained":[{"floor":7.0,"key":"SkillPotion"},{"floor":11.0,"key":"Dexterity Potion"},{"floor":14.0,"key":"Explosive Potion"},{"floor":19.0,"key":"AttackPotion"},{"floor":33.0,"key":"FearPotion"},{"floor":36.0,"key":"FairyPotion"},{"floor":42.0,"key":"PowerPotion"},{"floor":44.0,"key":"Swift Potion"},{"floor":48,"key":"Block Potion"}],"is_trial":true,"path_per_floor":["M","?","M","?","?","R","E","M","T","R","E","R","E","E","R","B",null,"M","M","M","$","?","R","E","R","T","R","M","R","T","E","R","B",null,"M","M","?","M","$","E","R","E","T","E","M","E","R","E","R","B",null],"character_chosen":"SAIYAJIN","items_purchased":["Bronze Scales","Saiyan:CCCapsule","Lee\u0027s Waffle","StuffTheSpire:EmeraldSignet"],"campfire_rested":5,"item_purchase_floors":[21,21,39,39],"current_hp_per_floor":[62,37,39,39,39,39,12,11,11,31,7,27,14,15,36,19,71,60,45,31,31,31,31,8,47,47,47,46,46,46,37,77,69,85,88,81,70,38,92,94,94,102,102,106,109,115,115,119,119,123],"gold":346,"neow_bonus":"","is_daily":false,"chose_seed":false,"campfire_upgraded":2,"win_rate":0.0,"timestamp":1611419289,"path_taken":["M","?","M","?","?","R","E","M","T","R","E","R","E","?","R","BOSS","M","M","M","$","?","R","E","R","T","R","M","R","?","?","R","BOSS","M","M","?","M","$","E","R","E","T","E","M","E","R","E","R","BOSS"],"items_purchased_type":["Relic","Card","Relic","Relic"],"build_version":"2020-12-22","purchased_purges":2,"victory":true,"max_hp_per_floor":[62,62,65,65,65,65,66,67,67,67,68,68,69,70,70,71,71,74,76,79,79,79,79,81,81,81,81,83,83,83,84,84,85,85,88,90,90,93,100,102,102,105,105,107,110,115,115,119,119,123],"card_choices":[{"not_picked":["Saiyan:MajinSeal","Saiyan:GhostAttack"],"picked":"Saiyan:SenzuBean","floor":7.0},{"not_picked":["Saiyan:MindBoom","Saiyan:SolarFlare"],"picked":"Saiyan:SuperSaiyanThree","floor":11.0},{"not_picked":["Saiyan:TransfigurationBeam","Saiyan:MajinSeal"],"picked":"Saiyan:GenkiDama","floor":13.0},{"not_picked":["Saiyan:TransfigurationBeam","Saiyan:SenzuBean"],"picked":"Saiyan:MonkeyTail","floor":14.0},{"not_picked":["Saiyan:SuperSaiyanThree","Saiyan:SenzuBean"],"picked":"Saiyan:TheBomb","floor":16.0},{"not_picked":["Saiyan:TransfigurationBeam","Saiyan:SuperSaiyanThree"],"picked":"Saiyan:SolarFlare","floor":24.0},{"not_picked":["Saiyan:SolarFlare","Saiyan:SuperSaiyanThree"],"picked":"Saiyan:GhostAttack","floor":31.0},{"not_picked":["Saiyan:GenkiDama","Saiyan:TheBomb","Saiyan:Momentum"],"picked":"SKIP","floor":40.0},{"not_picked":["Saiyan:TheBomb","Saiyan:Momentum","Saiyan:SolarFlare"],"picked":"SKIP","floor":42.0},{"not_picked":["Saiyan:TransfigurationBeam","Saiyan:MonkeyTail"],"picked":"Saiyan:HyperTimeChamber","floor":44.0},{"not_picked":["Saiyan:TransfigurationBeam","Saiyan:Rekindle"],"picked":"Saiyan:HyperTimeChamber","floor":46},{"not_picked":["Saiyan:MindBoom","Saiyan:TheBomb"],"picked":"Saiyan:HyperTimeChamber","floor":48}],"player_experience":386320,"relics_obtained":[{"floor":1.0,"key":"Art of War"},{"floor":3.0,"key":"Girya"},{"floor":7.0,"key":"War Paint"},{"floor":8.0,"key":"StuffTheSpire:Experiment12"},{"floor":8.0,"key":"CeramicFish"},{"floor":9.0,"key":"aspiration:SeaSaltIceCream"},{"floor":11.0,"key":"StuffTheSpire:DarkSteelAnvil"},{"floor":13.0,"key":"Whetstone"},{"floor":14.0,"key":"PreservedInsect"},{"floor":16.0,"key":"StuffTheSpire:Gunfinga"},{"floor":18.0,"key":"StuffTheSpire:SapphireSignet"},{"floor":19.0,"key":"Regal Pillow"},{"floor":19.0,"key":"Incense Burner"},{"floor":20.0,"key":"Oddly Smooth Stone"},{"floor":20.0,"key":"Pen Nib"},{"floor":24.0,"key":"aspiration:FrozenJewel"},{"floor":26.0,"key":"aspiration:StickyExplosives_weak"},{"floor":28.0,"key":"Vajra"},{"floor":28.0,"key":"Mummified Hand"},{"floor":30.0,"key":"qcfpunch:Red_Beret"},{"floor":31.0,"key":"Potion Belt"},{"floor":35.0,"key":"Kunai"},{"floor":36.0,"key":"Lantern"},{"floor":36.0,"key":"Blue Candle"},{"floor":38.0,"key":"aspiration:ChemicalBlood"},{"floor":40.0,"key":"InkBottle"},{"floor":42.0,"key":"qcfpunch:Wrestler\u0027s_Cloak"},{"floor":42.0,"key":"FossilizedHelix"},{"floor":43.0,"key":"qcfpunch:Wild_Herbs_Ointment"},{"floor":44.0,"key":"qcfpunch:Fighting_Gloves"},{"floor":45,"key":"qcfpunch:Black_Training_Shirt"},{"floor":46,"key":"Blood Vial"},{"floor":46,"key":"Du-Vu Doll"},{"floor":48,"key":"MealTicket"},{"floor":48,"key":"Akabeko"}],"event_choices":[{"damage_healed":0.0,"max_hp_gain":0.0,"max_hp_loss":0.0,"gold_gain":0.0,"event_name":"Scrap Ooze","player_choice":"Success","floor":2.0,"gold_loss":0.0,"damage_taken":25.0,"relics_obtained":["Smiling Mask"]},{"damage_healed":0.0,"max_hp_gain":0.0,"max_hp_loss":0.0,"gold_gain":0.0,"event_name":"Golden Idol","player_choice":"Take Wound","floor":4.0,"gold_loss":0.0,"damage_taken":0.0,"relics_obtained":["Golden Idol"],"cards_obtained":["Injury"]},{"damage_healed":0.0,"max_hp_gain":0.0,"max_hp_loss":0.0,"gold_gain":0.0,"event_name":"betterNote:BetterNote","player_choice":"Ignored","floor":5.0,"gold_loss":0.0,"damage_taken":0.0,"cards_obtained":["Wish"]},{"damage_healed":0.0,"max_hp_gain":0.0,"max_hp_loss":0.0,"gold_gain":0.0,"event_name":"Ghosts","player_choice":"Ignored","floor":22.0,"gold_loss":0.0,"damage_taken":0.0},{"damage_healed":0.0,"max_hp_gain":0.0,"max_hp_loss":0.0,"gold_gain":0.0,"event_name":"Winding Halls","player_choice":"Embrace Madness","floor":37.0,"gold_loss":0.0,"damage_taken":11.0,"cards_obtained":["Madness","Madness"]}],"is_beta":false,"boss_relics":[{"not_picked":["aspiration:IroncladSkillbook","aspiration:BursterCore"],"picked":"Cursed Key"},{"not_picked":["qcfpunch:Dark_Gi","Astrolabe"],"picked":"qcfpunch:Crimson_Sash"}],"items_purged_floors":[21,39],"is_endless":false,"potions_floor_spawned":[7,11,14,19,33,36,42,44,48],"ascension_level":1}}