{"host":"7fyy23rucerupe6i","time":1611376254,"event":{"mods":["AchievementEnabler","Act Like it!","Aspiration","BaseMod","Better Note","Better Vampires","BetterRewards","Colored Map","Colored Powertips","Conspire","Curses Come First","Custom Start","Downfall","Googly Eyes","Marisa£®ÏF”Í°°ƒß¿Ì…≥£©","Minty Spire (QoL Compilation)","Quick Restart","Relic Stats","Remilia£®¿Ÿ√◊¿Ú—«£©","Shop Mod","ShortenTheSpire","Spicy Shops","StSLib","SuperFastMode","The Blackbeard","The Construct","The Cursed","The Senshi","The Servant 0.9.4"],"gold_per_floor":[110,110,129,304,304,304,318,66,66,66,80,105,145,163,163,289,289,314,303,327,327,347,386,101,101,180,180,180,218,218,243,243,374,374,387,720,755,755,755],"floor_reached":38,"language":"ZHS","playtime":1279,"items_purged":["Doubt"],"score":514,"play_id":"a23eac1d-ea3e-4666-afb9-bd44cc412117","local_time":"20210123123054","is_ascension_mode":false,"campfire_choices":[{"data":"construct:ReactiveShield+1","floor":6,"key":"SMITH"},{"data":"construct:Autoturret+1","floor":10,"key":"SMITH"},{"data":"construct:SweepLaser","floor":15,"key":"SMITH"},{"data":"construct:HyperBeam","floor":25,"key":"SMITH"},{"data":"construct:HyperBeam+1","floor":27,"key":"SMITH"},{"data":"construct:MetalShell+1","floor":32,"key":"SMITH"}],"circlet_count":0,"master_deck":["construct:Strike_Gold","construct:Strike_Gold","construct:Strike_Gold","construct:Strike_Gold","construct:Strike_Gold","construct:Defend_Gold","construct:Defend_Gold","construct:Defend_Gold+1","construct:Defend_Gold+1","construct:Defend_Gold","construct:AttackMode","construct:DefenseMode","construct:SweepLaser+1","construct:ReactiveShield+2","construct:Impenetrable","construct:Autoturret+2","construct:Disrupt","construct:SuppressiveFire","construct:Missile","construct:HyperBeam+2","construct:ShiftGuard","construct:PointDefense+1","construct:MetalShell+2","construct:MassProduction","construct:LaserCore+1"],"relics":["construct:ClockworkPhoenix","Lee\u0027s Waffle","Frozen Egg 2","construct:MasterCore","construct:BoolHorns","HandDrill","Thread and Needle","aspiration:FrozenJewel","aspiration:FutureDiary","HornCleat","MerchantsRug","Bag of Marbles","Darkstone Periapt","hexamod:BolsterEngine","aspiration:RitualStick","aspiration:SecretTechniqueScroll","InkBottle"],"acts_visited":["Exordium","TheCity","TheBeyond"],"potions_floor_usage":[11,16,18,19],"damage_taken":[{"damage":1,"enemies":"Jaw Worm","floor":1,"turns":2},{"damage":0,"enemies":"2 Louse","floor":3,"turns":2},{"damage":0,"enemies":"Cultist","floor":7,"turns":2},{"damage":0,"enemies":"Blue Slaver","floor":11,"turns":2},{"damage":0,"enemies":"Large Slime","floor":12,"turns":2},{"damage":6,"enemies":"Lagavulin","floor":13,"turns":4},{"damage":0,"enemies":"Exordium Thugs","floor":14,"turns":3},{"damage":12,"enemies":"The Guardian","floor":16,"turns":7},{"damage":0,"enemies":"Shell Parasite","floor":18,"turns":1},{"damage":0,"enemies":"2 Thieves","floor":19,"turns":4},{"damage":0,"enemies":"Snecko","floor":20,"turns":3},{"damage":4,"enemies":"Snake Plant","floor":22,"turns":3},{"damage":6,"enemies":"Book of Stabbing","floor":23,"turns":4},{"damage":3,"enemies":"Slavers","floor":29,"turns":3},{"damage":0,"enemies":"Centurion and Healer","floor":31,"turns":4},{"damage":0,"enemies":"Automaton","floor":33,"turns":9},{"damage":0,"enemies":"3 Darklings","floor":35,"turns":3},{"damage":1,"enemies":"conspire:MimicChest","floor":37,"turns":6},{"damage":0,"enemies":"3 Shapes","floor":38,"turns":1}],"seed_played":"-2364927222179146534","potions_obtained":[{"floor":7,"key":"construct:ShiftPotion"},{"floor":12,"key":"Fire Potion"},{"floor":13,"key":"BlessingOfTheForge"},{"floor":16,"key":"DistilledChaos"},{"floor":18,"key":"EntropicBrew"},{"floor":33,"key":"LiquidMemories"},{"floor":35,"key":"Guardian:BlockOnCardUsePotion"},{"floor":37,"key":"LiquidBronze"}],"is_trial":false,"path_per_floor":["M","?","M","?","?","R","M","$","T","R","M","M","E","M","R","B",null,"M","M","M","?","M","E","$","R","T","R","?","E","?","M","R","B",null,"M","?","?","M"],"character_chosen":"THE_CONSTRUCT_MOD","items_purchased":["Lee\u0027s Waffle","Frozen Egg 2","construct:MasterCore","construct:Autoturret+1","HandDrill","construct:PointDefense+1","MerchantsRug","Bag of Marbles"],"campfire_rested":0,"item_purchase_floors":[0,0,0,8,8,24,24,24],"current_hp_per_floor":[91,73,73,73,50,50,50,50,50,50,50,50,44,44,44,32,92,92,92,92,92,88,82,82,82,82,82,82,79,61,61,61,61,92,92,92,91,91,91],"gold":755,"neow_bonus":"","is_daily":false,"chose_seed":false,"campfire_upgraded":6,"win_rate":0.0,"timestamp":1611376254,"path_taken":["M","?","M","?","?","R","M","?","T","R","?","M","E","M","R","BOSS","M","M","M","?","M","E","?","R","T","R","?","E","?","M","R","BOSS","M","?","?","?"],"items_purchased_type":["Relic","Relic","Relic","Card","Relic","Card","Relic","Relic"],"build_version":"2020-12-22","purchased_purges":1,"victory":false,"max_hp_per_floor":[92,92,92,92,92,92,92,92,92,92,92,92,92,92,92,92,92,92,92,92,92,92,92,92,92,92,92,92,92,92,92,92,92,92,92,92,92,92,92],"relic_stats":{"Darkstone Periapt":0,"Lee\u0027s Waffle":47,"counters":[38,131],"HandDrill":[22],"obtain_stats":[{"construct:BoolHorns":0,"Darkstone Periapt":26,"theSenshi:FeatherClipsRelic":9,"construct:ClockworkPhoenix":24,"Boot":0,"conspire:TopHat":0,"aspiration:RitualStick":30,"HornCleat":23,"Sundial":12,"HandDrill":8,"Chemical X":0,"Toxic Egg 2":0,"aspiration:FutureDiary":34,"construct:MasterCore":23,"InkBottle":37,"aspiration:ChemicalBlood":7,"MerchantsRug":5,"Lee\u0027s Waffle":0,"construct:WeddingRing":17,"Golden Idol":5,"blackbeard:LoadTheCannons":0,"Dead Branch":10,"Blue Candle":11,"Thread and Needle":9,"Omamori":24,"aspiration:SecretTechniqueScroll":34,"Frozen Egg 2":0,"Akabeko":0,"aspiration:FrozenJewel":13,"Mercury Hourglass":21,"Ornamental Fan":0,"Bag of Marbles":24,"conspire:DeflatedDodgeball":26,"hexamod:BolsterEngine":29},{"construct:BoolHorns":19,"Darkstone Periapt":32,"theSenshi:FeatherClipsRelic":4,"construct:ClockworkPhoenix":12,"Boot":0,"conspire:TopHat":0,"aspiration:RitualStick":33,"HornCleat":32,"Sundial":6,"HandDrill":22,"Chemical X":0,"Toxic Egg 2":0,"aspiration:FutureDiary":18,"construct:MasterCore":12,"InkBottle":37,"aspiration:ChemicalBlood":4,"MerchantsRug":3,"Lee\u0027s Waffle":19,"construct:WeddingRing":8,"Golden Idol":21,"blackbeard:LoadTheCannons":0,"Dead Branch":5,"Blue Candle":6,"Thread and Needle":22,"Omamori":12,"aspiration:SecretTechniqueScroll":35,"Frozen Egg 2":19,"Akabeko":0,"aspiration:FrozenJewel":25,"Mercury Hourglass":10,"Ornamental Fan":0,"Bag of Marbles":32,"conspire:DeflatedDodgeball":13,"hexamod:BolsterEngine":33},{"construct:BoolHorns":67,"Darkstone Periapt":105,"theSenshi:FeatherClipsRelic":15,"construct:ClockworkPhoenix":46,"Boot":0,"conspire:TopHat":0,"aspiration:RitualStick":108,"HornCleat":105,"Sundial":28,"HandDrill":72,"Chemical X":0,"Toxic Egg 2":0,"aspiration:FutureDiary":66,"construct:MasterCore":46,"InkBottle":130,"aspiration:ChemicalBlood":15,"MerchantsRug":11,"Lee\u0027s Waffle":67,"construct:WeddingRing":35,"Golden Idol":70,"blackbeard:LoadTheCannons":0,"Dead Branch":20,"Blue Candle":28,"Thread and Needle":72,"Omamori":46,"aspiration:SecretTechniqueScroll":121,"Frozen Egg 2":67,"Akabeko":0,"aspiration:FrozenJewel":80,"Mercury Hourglass":41,"Ornamental Fan":0,"Bag of Marbles":105,"conspire:DeflatedDodgeball":51,"hexamod:BolsterEngine":108}],"aspiration:RitualStick":[0],"InkBottle":[0]},"card_choices":[{"not_picked":["construct:ShiftStrike","construct:VentSteam"],"picked":"construct:SweepLaser","floor":1},{"not_picked":["construct:GuardCore","construct:Disrupt"],"picked":"construct:ReactiveShield+1","floor":3},{"not_picked":["construct:FierceBash","construct:SweepLaser"],"picked":"construct:Impenetrable","floor":7},{"not_picked":["construct:VentSteam","construct:Backfire"],"picked":"construct:Disrupt","floor":11},{"not_picked":["construct:ShiftStrike","construct:Antimatter"],"picked":"construct:SuppressiveFire","floor":12},{"not_picked":["construct:ShiftStrike","construct:FierceBash","construct:Stasis"],"picked":"SKIP","floor":13},{"not_picked":["construct:FocusedBeam","construct:Antimatter"],"picked":"construct:Missile","floor":14},{"not_picked":["construct:GoldenBullet","construct:SiegeForm+1"],"picked":"construct:HyperBeam","floor":16},{"not_picked":["construct:Antimatter","construct:Boost+1","construct:ShiftStrike"],"picked":"SKIP","floor":18},{"not_picked":["construct:SuppressiveFire","construct:Versatility","construct:Backfire"],"picked":"SKIP","floor":19},{"not_picked":["construct:Bunker+1","construct:Accumulate"],"picked":"construct:ShiftGuard","floor":20},{"not_picked":["construct:QuickAttack","construct:FierceBash","construct:SuppressiveFire"],"picked":"SKIP","floor":22},{"not_picked":["construct:SaveState","construct:Construct_Overclock+1","construct:Reinforce"],"picked":"SKIP","floor":23},{"not_picked":["construct:Reinforce","construct:SpinDrive+1"],"picked":"construct:MetalShell+1","floor":29},{"not_picked":["construct:Backfire","construct:Dampening+1","construct:ClusterMines"],"picked":"SKIP","floor":31},{"not_picked":["construct:MemoryTap","construct:HyperBeam"],"picked":"construct:MassProduction","floor":33},{"not_picked":["construct:Accumulate","construct:FlakBarrage","construct:ClusterMines+1"],"picked":"SKIP","floor":35},{"not_picked":["construct:SyphonStrike","construct:ClusterMines+1"],"picked":"construct:LaserCore+1","floor":37}],"player_experience":579530,"relics_obtained":[{"floor":9,"key":"Thread and Needle"},{"floor":13,"key":"aspiration:FrozenJewel"},{"floor":23,"key":"HornCleat"},{"floor":26,"key":"Darkstone Periapt"},{"floor":29,"key":"hexamod:BolsterEngine"},{"floor":37,"key":"InkBottle"}],"event_choices":[{"damage_healed":0,"gold_gain":0,"player_choice":"Entered Light","damage_taken":18,"max_hp_gain":0,"max_hp_loss":0,"event_name":"Shining Light","floor":2,"gold_loss":0,"cards_upgraded":["construct:Defend_Gold","construct:Defend_Gold"]},{"damage_healed":0,"gold_gain":175,"player_choice":"AGREE","damage_taken":0,"max_hp_gain":0,"max_hp_loss":0,"event_name":"Liars Game","floor":4,"gold_loss":0,"cards_obtained":["Doubt"]},{"damage_healed":0,"gold_gain":0,"player_choice":"Take Damage","damage_taken":23,"relics_obtained":["Golden Idol"],"max_hp_gain":0,"max_hp_loss":0,"event_name":"Golden Idol","floor":5,"gold_loss":0},{"damage_healed":0,"gold_gain":0,"player_choice":"Bought 0 Potions","damage_taken":0,"max_hp_gain":0,"max_hp_loss":0,"event_name":"The Woman in Blue","floor":21,"gold_loss":0},{"cards_removed":["construct:HyperBeam"],"damage_healed":0,"gold_gain":0,"player_choice":"Give","damage_taken":0,"max_hp_gain":0,"max_hp_loss":0,"event_name":"betterNote:BetterNote","floor":28,"gold_loss":0,"cards_obtained":["Regret"]},{"damage_healed":0,"gold_gain":333,"player_choice":"Gave Idol","damage_taken":0,"max_hp_gain":0,"max_hp_loss":0,"event_name":"The Moai Head","floor":36,"relics_lost":["Golden Idol"],"gold_loss":0}],"is_beta":false,"boss_relics":[{"not_picked":["Busted Crown","conspire:RoyalGoblet"],"picked":"aspiration:FutureDiary"},{"not_picked":["Velvet Choker","aspiration:RitualDagger"],"picked":"aspiration:SecretTechniqueScroll"}],"items_purged_floors":[8],"is_endless":false,"potions_floor_spawned":[7,12,13,16,18,22,23,33,35,37],"killed_by":"3 Shapes","ascension_level":0}}