{"host":"zhec3g4cvsmevugl","time":1611389284,"event":{"mods":["BaseMod","BetterRewards","Curses Come First","Minty Spire (QoL Compilation)","Relic Stats","Slay-I","StSLib"],"gold_per_floor":[112,112,112,130,35,60,60,60,60,60,79,97,111,130,130,233,233,245,93,93,93,93,123,123,133,179,196,216,216,249,264,264,360,360,376,1375,1390,1435,1435,1435,1435,1435],"floor_reached":41,"language":"ENG","playtime":2385,"items_purged":[],"score":524,"play_id":"271d6f04-6ac6-486b-9c35-b5f3b5a77c04","local_time":"20210123160804","is_ascension_mode":true,"campfire_choices":[{"floor":7.0,"key":"RECALL"},{"floor":10.0,"key":"REST"},{"floor":15.0,"key":"REST"},{"floor":24.0,"key":"REST"},{"floor":29,"key":"REST"},{"floor":32,"key":"REST"},{"floor":40,"key":"REST"}],"circlet_count":0,"master_deck":["Strike_R+1","Strike_R+1","Strike_R+1","Strike_R+1","Strike_R+1","Defend_R+1","Defend_R+1","Defend_R+1","Defend_R+1","Bash","Wild Strike","Sword Boomerang","Shrug It Off","Twin Strike","Flex","Blood for Blood+1","Iron Wave","Anger","Demon Form+1","Shrug It Off","Feel No Pain+1","Demon Form+1","Pommel Strike+1","Armaments+1","Bloodletting+1","Fire Breathing+1","Infernal Blade+1","Hemokinesis+1","True Grit+1","Flame Barrier","Sword Boomerang+1","Wild Strike","Juggernaut+1","Normality","Normality","Anger+1","Writhe","Carnage"],"relics":["Black Blood","Question Card","Frozen Egg 2","Self Forming Clay","Boot","Bag of Marbles","Dream Catcher","Bronze Scales","Toy Ornithopter","Busted Crown","Torii"],"acts_visited":["Exordium","TheCity","TheBeyond"],"potions_floor_usage":[28,38,38,38],"damage_taken":[{"damage":7.0,"enemies":"Small Slimes","floor":1.0,"turns":3.0},{"damage":7.0,"enemies":"2 Louse","floor":4.0,"turns":3.0},{"damage":35.0,"enemies":"3 Sentries","floor":6.0,"turns":9.0},{"damage":7.0,"enemies":"Jaw Worm","floor":11.0,"turns":3.0},{"damage":20.0,"enemies":"Exordium Wildlife","floor":12.0,"turns":4.0},{"damage":9.0,"enemies":"3 Louse","floor":13.0,"turns":3.0},{"damage":16.0,"enemies":"2 Fungi Beasts","floor":14.0,"turns":5.0},{"damage":17.0,"enemies":"Slime Boss","floor":16.0,"turns":6.0},{"damage":32.0,"enemies":"Chosen","floor":18.0,"turns":8.0},{"damage":32.0,"enemies":"Gremlin Leader","floor":23.0,"turns":7.0},{"damage":4.0,"enemies":"2 Thieves","floor":25.0,"turns":3.0},{"damage":21,"enemies":"Snake Plant","floor":27,"turns":4},{"damage":26,"enemies":"Shelled Parasite and Fungi","floor":28,"turns":4},{"damage":37,"enemies":"Book of Stabbing","floor":30,"turns":6},{"damage":16,"enemies":"Sentry and Sphere","floor":31,"turns":4},{"damage":65,"enemies":"Automaton","floor":33,"turns":6},{"damage":32,"enemies":"3 Shapes","floor":35,"turns":4},{"damage":31,"enemies":"3 Darklings","floor":37,"turns":5},{"damage":54,"enemies":"2 Orb Walkers","floor":38,"turns":5},{"damage":73,"enemies":"Reptomancer","floor":41,"turns":5}],"seed_played":"-8378546853469555626","potions_obtained":[{"floor":4.0,"key":"SteroidPotion"},{"floor":11.0,"key":"PowerPotion"},{"floor":12.0,"key":"Regen Potion"},{"floor":14.0,"key":"BloodPotion"},{"floor":18.0,"key":"SteroidPotion"},{"floor":25.0,"key":"AttackPotion"},{"floor":31,"key":"Regen Potion"},{"floor":33,"key":"HeartOfIron"},{"floor":35,"key":"SkillPotion"}],"is_trial":false,"path_per_floor":["M","?","?","M","$","E","R","T","T","R","M","M","M","M","R","B",null,"M","$","?","?","?","E","R","M","T","M","M","R","E","M","R","B",null,"M","?","M","?","?","R","E"],"character_chosen":"IRONCLAD","items_purchased":["Wild Strike","Sword Boomerang","Flex","Blood for Blood","Boot"],"campfire_rested":6,"item_purchase_floors":[0,0,5,5,19],"current_hp_per_floor":[79,79,67,66,66,37,37,37,37,61,60,46,43,33,57,58,80,60,60,60,60,60,56,80,80,80,71,57,80,55,51,75,22,80,60,60,41,29,49,73,0,0],"gold":1435,"neow_bonus":"","is_daily":false,"chose_seed":false,"campfire_upgraded":0,"win_rate":0.0,"timestamp":1611389284,"path_taken":["M","?","?","M","$","E","R","?","T","R","M","?","M","M","R","BOSS","M","$","?","?","?","E","R","M","T","M","M","R","E","?","R","BOSS","M","?","M","?","?","R","E"],"items_purchased_type":["Card","Card","Card","Card","Relic"],"build_version":"2020-12-22","purchased_purges":0,"victory":false,"max_hp_per_floor":[80,80,80,80,80,80,80,80,80,80,80,80,80,80,80,80,80,80,80,80,80,80,80,80,80,80,80,80,80,80,80,80,80,80,80,80,80,80,80,80,80,80],"relic_stats":{"Dream Catcher":4,"Busted Crown":8,"Torii":4,"counters":[27,124],"Self Forming Clay":[165],"Bronze Scales":[168],"Black Blood":208,"Question Card":22,"Boot":[80],"obtain_stats":[{"Regal Pillow":11,"Torii":38,"Self Forming Clay":9,"Dead Branch":0,"Black Blood":17,"Orichalcum":6,"Frozen Egg 2":6,"Ancient Tea Set":0,"Question Card":3,"Boot":19,"Burning Blood":0,"Dream Catcher":23,"Busted Crown":34,"Strawberry":0,"Bronze Scales":8,"MealTicket":0,"WingedGreaves":5,"Bag of Marbles":3,"Toy Ornithopter":30},{"Regal Pillow":6,"Torii":26,"Self Forming Clay":10,"Dead Branch":0,"Black Blood":15,"Orichalcum":3,"Frozen Egg 2":10,"Ancient Tea Set":0,"Question Card":8,"Boot":16,"Burning Blood":0,"Dream Catcher":17,"Busted Crown":23,"Strawberry":0,"Bronze Scales":5,"MealTicket":0,"WingedGreaves":2,"Bag of Marbles":2,"Toy Ornithopter":21},{"Regal Pillow":24,"Torii":119,"Self Forming Clay":42,"Dead Branch":0,"Black Blood":63,"Orichalcum":10,"Frozen Egg 2":42,"Ancient Tea Set":0,"Question Card":30,"Boot":71,"Burning Blood":0,"Dream Catcher":78,"Busted Crown":105,"Strawberry":0,"Bronze Scales":19,"MealTicket":0,"WingedGreaves":6,"Bag of Marbles":6,"Toy Ornithopter":95}],"Toy Ornithopter":15},"card_choices":[{"not_picked":["Body Slam","Dark Embrace"],"picked":"Shrug It Off","floor":1.0},{"not_picked":["Pommel Strike","Havoc","Clothesline"],"picked":"Twin Strike","floor":4.0},{"not_picked":["Sentinel","Uppercut","Heavy Blade"],"picked":"Iron Wave","floor":6.0},{"not_picked":["Thunderclap","Shrug It Off","Headbutt"],"picked":"Anger","floor":11.0},{"not_picked":["Bloodletting","Anger","Shrug It Off"],"picked":"Demon Form+1","floor":12.0},{"not_picked":["Evolve+1","Thunderclap","Clash"],"picked":"Shrug It Off","floor":13.0},{"not_picked":["Dropkick","Thunderclap","Headbutt"],"picked":"Feel No Pain+1","floor":14.0},{"not_picked":["Limit Break","Double Tap","Fiend Fire"],"picked":"Demon Form+1","floor":16.0},{"not_picked":["Battle Trance","Headbutt+1","Warcry"],"picked":"Pommel Strike+1","floor":18.0},{"not_picked":["Headbutt","Havoc+1","Flex"],"picked":"Armaments+1","floor":23.0},{"not_picked":["Clash+1","Warcry+1","Flame Barrier"],"picked":"Bloodletting+1","floor":24.0},{"not_picked":["Fiend Fire","True Grit","Sword Boomerang"],"picked":"Fire Breathing+1","floor":25.0},{"not_picked":["Warcry+1","Sentinel+1","Headbutt"],"picked":"Infernal Blade+1","floor":27},{"not_picked":["Armaments","Rampage+1","Whirlwind"],"picked":"Hemokinesis+1","floor":28},{"not_picked":["Thunderclap","Rage","Shrug It Off"],"picked":"True Grit+1","floor":29},{"not_picked":["Rampage","Spot Weakness","Fiend Fire"],"picked":"Flame Barrier","floor":30},{"not_picked":["Clash","Shockwave","Dual Wield"],"picked":"Sword Boomerang+1","floor":31},{"not_picked":["True Grit","Cleave","Clash+1"],"picked":"Wild Strike","floor":32},{"not_picked":["Immolate","Limit Break","Double Tap"],"picked":"Juggernaut+1","floor":33},{"not_picked":["True Grit","Warcry"],"picked":"SKIP","floor":35},{"not_picked":["Sever Soul"],"picked":"Anger+1","floor":37},{"not_picked":["Clash+1"],"picked":"Carnage","floor":40}],"player_experience":210228,"relics_obtained":[{"floor":6.0,"key":"Frozen Egg 2"},{"floor":9.0,"key":"Self Forming Clay"},{"floor":23.0,"key":"Dream Catcher"},{"floor":26,"key":"Bronze Scales"},{"floor":30,"key":"Toy Ornithopter"},{"floor":38,"key":"Torii"}],"event_choices":[{"damage_healed":0.0,"max_hp_gain":0.0,"max_hp_loss":0.0,"gold_gain":0.0,"event_name":"The Cleric","player_choice":"Leave","floor":2.0,"gold_loss":0.0,"damage_taken":0.0},{"damage_healed":0.0,"max_hp_gain":0.0,"max_hp_loss":0.0,"gold_gain":0.0,"event_name":"Scrap Ooze","player_choice":"Success","floor":3.0,"gold_loss":0.0,"damage_taken":12.0,"relics_obtained":["Question Card"]},{"damage_healed":0.0,"max_hp_gain":0.0,"max_hp_loss":0.0,"gold_gain":0.0,"event_name":"Back to Basics","player_choice":"Simplicity","floor":20.0,"gold_loss":0.0,"damage_taken":0.0,"cards_upgraded":["Strike_R","Strike_R","Strike_R","Strike_R","Strike_R","Defend_R","Defend_R","Defend_R","Defend_R"]},{"damage_healed":0.0,"max_hp_gain":0.0,"max_hp_loss":0.0,"gold_gain":0.0,"event_name":"The Mausoleum","player_choice":"Opened","floor":21.0,"gold_loss":0.0,"damage_taken":0.0,"relics_obtained":["Bag of Marbles"]},{"damage_healed":0.0,"max_hp_gain":0.0,"max_hp_loss":0.0,"gold_gain":0.0,"event_name":"Upgrade Shrine","player_choice":"Upgraded","floor":22.0,"gold_loss":0.0,"damage_taken":0.0,"cards_upgraded":["Blood for Blood"]},{"damage_healed":0,"gold_gain":999,"player_choice":"Gold","damage_taken":0,"max_hp_gain":0,"max_hp_loss":0,"event_name":"MindBloom","floor":36,"gold_loss":0,"cards_obtained":["Normality","Normality"]},{"damage_healed":0,"gold_gain":0,"player_choice":"Fight","damage_taken":0,"max_hp_gain":0,"max_hp_loss":0,"event_name":"Mysterious Sphere","floor":38,"gold_loss":0},{"damage_healed":20,"gold_gain":0,"player_choice":"Writhe","damage_taken":0,"max_hp_gain":0,"max_hp_loss":0,"event_name":"Winding Halls","floor":39,"gold_loss":0,"cards_obtained":["Writhe"]}],"is_beta":false,"boss_relics":[{"not_picked":["Fusion Hammer","Philosopher\u0027s Stone"],"picked":"Black Blood"},{"not_picked":["Tiny House","Runic Cube"],"picked":"Busted Crown"}],"items_purged_floors":[],"is_endless":false,"potions_floor_spawned":[4,11,12,14,18,25,31,33,35,37],"killed_by":"Reptomancer","ascension_level":2}}