{"host":"j61pjxqytd94o6ng","time":1611441659,"event":{"mods":["BaseMod","Bestiary","Colored Map","Colored Powertips","Curses Come First","Minty Spire (QoL Compilation)","StSLib"],"gold_per_floor":[116,132,132,57,57,57,84,84,84,139,139,149,184,197,197,270,270,287,212,226,3,0,33,33,33,33,68,97,111,122,157,157,243,243,263,263,279,51,0,333,346,373,373,411,429,449,474,499,499,499,499,499,46,80,80],"floor_reached":56,"language":"ENG","playtime":6091,"items_purged":["Strike_G","Strike_G"],"score":2333,"play_id":"2d5f0375-85a0-4046-a066-92d2edf24ce3","local_time":"20210123154059","is_ascension_mode":true,"campfire_choices":[{"data":"Venomology","floor":6.0,"key":"SMITH"},{"data":"Poisoned Stab","floor":8.0,"key":"SMITH"},{"floor":11.0,"key":"REST"},{"data":"Caltrops","floor":15.0,"key":"SMITH"},{"data":"Adrenaline","floor":24.0,"key":"SMITH"},{"data":"Neutralize","floor":32.0,"key":"SMITH"},{"floor":49,"key":"RECALL"},{"data":"Envenom","floor":52,"key":"SMITH"}],"circlet_count":0,"master_deck":["AscendersBane","Strike_G+1","Strike_G+1","Defend_G","Defend_G","Defend_G","Defend_G","Defend_G","Survivor","Neutralize+1","Poisoned Stab+1","PiercingWail","Venomology+1","Reflex","Noxious Fumes","Caltrops+1","Adrenaline+1","Calculated Gamble","Catalyst","Blade Dance+1","Accuracy","Tools of the Trade","Envenom+1","Distraction+1","Madness+1","Madness+1","Accuracy+1","Reflex+1"],"relics":["Ring of the Snake","NeowsBlessing","Sundial","Singing Bowl","Bird Faced Urn","Dead Branch","Lizard Tail","Pantograph","Black Star","Strange Spoon","Ninja Scroll","Letter Opener","Kunai","Calipers","CeramicFish","Toxic Egg 2","Centennial Puzzle","CaptainsWheel","Busted Crown","Juzu Bracelet","Red Mask","Old Coin","Frozen Egg 2","Molten Egg 2","Bottled Lightning","Anchor","Whetstone","HornCleat","Paper Crane","Oddly Smooth Stone","Nunchaku","Snake Skull","Orichalcum"],"acts_visited":["Exordium","TheCity","TheBeyond","TheEnding"],"potions_floor_usage":[37,40,41,42,44,47,50,50,55,55,55],"damage_taken":[{"damage":0.0,"enemies":"Cultist","floor":1.0,"turns":1.0},{"damage":0.0,"enemies":"Jaw Worm","floor":2.0,"turns":1.0},{"damage":0.0,"enemies":"Gremlin Nob","floor":7.0,"turns":1.0},{"damage":42.0,"enemies":"Gremlin Nob","floor":10.0,"turns":6.0},{"damage":0.0,"enemies":"2 Louse","floor":12.0,"turns":2.0},{"damage":10.0,"enemies":"Lagavulin","floor":13.0,"turns":5.0},{"damage":4.0,"enemies":"Looter","floor":14.0,"turns":4.0},{"damage":20.0,"enemies":"Hexaghost","floor":16.0,"turns":10.0},{"damage":12.0,"enemies":"2 Thieves","floor":18.0,"turns":4.0},{"damage":7.0,"enemies":"Shell Parasite","floor":20.0,"turns":5.0},{"damage":44.0,"enemies":"Book of Stabbing","floor":23.0,"turns":5.0},{"damage":12.0,"enemies":"Gremlin Leader","floor":27.0,"turns":9.0},{"damage":12.0,"enemies":"Snake Plant","floor":28.0,"turns":3.0},{"damage":0.0,"enemies":"Cultist and Chosen","floor":29.0,"turns":4.0},{"damage":0.0,"enemies":"Sentry and Sphere","floor":30.0,"turns":1.0},{"damage":4.0,"enemies":"Book of Stabbing","floor":31.0,"turns":4.0},{"damage":59.0,"enemies":"Collector","floor":33.0,"turns":10.0},{"damage":23,"enemies":"3 Darklings","floor":35,"turns":3},{"damage":0,"enemies":"Orb Walker","floor":37,"turns":1},{"damage":1,"enemies":"Nemesis","floor":40,"turns":5},{"damage":0,"enemies":"4 Shapes","floor":41,"turns":5},{"damage":20,"enemies":"Reptomancer","floor":42,"turns":6},{"damage":1,"enemies":"Giant Head","floor":44,"turns":6},{"damage":0,"enemies":"Maw","floor":46,"turns":5},{"damage":0,"enemies":"Writhing Mass","floor":47,"turns":4},{"damage":0,"enemies":"Nemesis","floor":48,"turns":5},{"damage":105,"enemies":"Time Eater","floor":50,"turns":11},{"damage":0,"enemies":"Shield and Spear","floor":54,"turns":3},{"damage":24,"enemies":"The Heart","floor":55,"turns":5}],"seed_played":"5040882129786794426","potions_obtained":[{"floor":1.0,"key":"Energy Potion"},{"floor":10.0,"key":"GamblersBrew"},{"floor":13.0,"key":"Explosive Potion"},{"floor":16.0,"key":"Explosive Potion"},{"floor":18.0,"key":"CultistPotion"},{"floor":23.0,"key":"Explosive Potion"},{"floor":28.0,"key":"FairyPotion"},{"floor":30.0,"key":"SkillPotion"},{"floor":54,"key":"SteroidPotion"}],"is_trial":false,"path_per_floor":["M","M","T","$","?","R","E","R","T","?","R","M","E","M","R","B",null,"M","?","M","$","?","E","R","T","T","E","M","M","M","E","R","B",null,"M","?","M","$","?","E","M","E","T","E","?","M","M","E","R","B",null,"R","$","E","B",null],"character_chosen":"THE_SILENT","items_purchased":["Venomology","Strange Spoon","Catalyst","Juzu Bracelet","Oddly Smooth Stone","Nunchaku","Reflex+1"],"campfire_rested":1,"item_purchase_floors":[4,21,21,38,53,53,53],"current_hp_per_floor":[59,59,59,59,41,41,41,41,41,3,23,25,17,21,21,32,61,53,53,64,64,64,30,30,30,30,26,18,28,34,36,36,10,61,50,50,54,54,54,67,83,69,69,82,66,84,90,92,92,27,76,76,76,86,76],"gold":80,"neow_bonus":"THREE_ENEMY_KILL","is_daily":false,"chose_seed":false,"campfire_upgraded":6,"win_rate":0.0,"timestamp":1611441659,"path_taken":["M","M","?","$","?","R","E","R","T","?","R","M","E","M","R","BOSS","M","?","M","$","?","E","R","?","T","E","M","M","M","E","R","BOSS","M","?","?","$","?","E","M","E","T","E","?","M","M","E","R","BOSS","R","$","E","BOSS"],"items_purchased_type":["Card","Relic","Card","Relic","Relic","Relic","Card"],"build_version":"2020-12-22","purchased_purges":2,"victory":true,"max_hp_per_floor":[66,66,66,66,66,66,66,66,66,68,68,68,68,70,70,70,70,72,72,72,72,72,74,74,74,74,74,74,76,78,78,78,78,78,80,80,82,82,82,84,86,88,88,88,88,90,90,92,92,92,92,92,92,94,94],"card_choices":[{"not_picked":["Prepared","Dodge and Roll"],"picked":"Poisoned Stab","floor":1.0},{"not_picked":["Slice","Flying Knee"],"picked":"PiercingWail","floor":2.0},{"not_picked":["Heel Hook","PiercingWail"],"picked":"Reflex","floor":7.0},{"not_picked":["Expertise","Sucker Punch","Eviscerate"],"picked":"Singing Bowl","floor":10.0},{"not_picked":["Dagger Throw","Underhanded Strike"],"picked":"Noxious Fumes","floor":12.0},{"not_picked":["Sucker Punch","Underhanded Strike"],"picked":"Caltrops","floor":13.0},{"not_picked":["Setup","Glass Knife","Terror"],"picked":"Singing Bowl","floor":14.0},{"not_picked":["Malaise","Phantasmal Killer"],"picked":"Adrenaline","floor":16.0},{"not_picked":["Poisoned Stab","Slice","Acrobatics"],"picked":"Singing Bowl","floor":18.0},{"not_picked":["Underhanded Strike","Acrobatics"],"picked":"Calculated Gamble","floor":20.0},{"not_picked":["Cloak And Dagger","Calculated Gamble","Prepared"],"picked":"Singing Bowl","floor":23.0},{"not_picked":["Predator","Dagger Spray"],"picked":"Blade Dance+1","floor":27.0},{"not_picked":["Blur+1","Blade Dance+1"],"picked":"Accuracy","floor":28.0},{"not_picked":["PiercingWail+1","Leg Sweep+1","Infinite Blades"],"picked":"Singing Bowl","floor":29.0},{"not_picked":["Outmaneuver+1","PiercingWail+1","Dagger Spray"],"picked":"Singing Bowl","floor":30.0},{"not_picked":["Deadly Poison+1","Backstab"],"picked":"Tools of the Trade","floor":31.0},{"not_picked":["Die Die Die","Wraith Form v2"],"picked":"Envenom","floor":33.0},{"not_picked":["Quick Slash"],"picked":"Singing Bowl","floor":35},{"not_picked":["Dagger Throw+1"],"picked":"Singing Bowl","floor":37},{"not_picked":["Choke"],"picked":"Singing Bowl","floor":40},{"not_picked":["Endless Agony"],"picked":"Singing Bowl","floor":41},{"not_picked":["Eviscerate+1"],"picked":"Singing Bowl","floor":42},{"not_picked":[],"picked":"Distraction+1","floor":44},{"not_picked":["Quick Slash+1"],"picked":"Singing Bowl","floor":46},{"not_picked":[],"picked":"Accuracy+1","floor":47},{"not_picked":["Setup+1"],"picked":"Singing Bowl","floor":48},{"not_picked":["Eviscerate+1"],"picked":"Singing Bowl","floor":54}],"player_experience":497500,"relics_obtained":[{"floor":3.0,"key":"Sundial"},{"floor":7.0,"key":"Bird Faced Urn"},{"floor":9.0,"key":"Dead Branch"},{"floor":10.0,"key":"Lizard Tail"},{"floor":13.0,"key":"Pantograph"},{"floor":23.0,"key":"Ninja Scroll"},{"floor":23.0,"key":"Letter Opener"},{"floor":25.0,"key":"Kunai"},{"floor":26.0,"key":"Calipers"},{"floor":27.0,"key":"CeramicFish"},{"floor":27.0,"key":"Toxic Egg 2"},{"floor":31.0,"key":"Centennial Puzzle"},{"floor":31.0,"key":"CaptainsWheel"},{"floor":40,"key":"Old Coin"},{"floor":40,"key":"Frozen Egg 2"},{"floor":42,"key":"Molten Egg 2"},{"floor":42,"key":"Bottled Lightning"},{"floor":44,"key":"Anchor"},{"floor":44,"key":"Whetstone"},{"floor":48,"key":"HornCleat"},{"floor":48,"key":"Paper Crane"},{"floor":54,"key":"Snake Skull"},{"floor":54,"key":"Orichalcum"}],"event_choices":[{"damage_healed":0.0,"max_hp_gain":0.0,"max_hp_loss":0.0,"gold_gain":0.0,"event_name":"Scrap Ooze","player_choice":"Success","floor":5.0,"gold_loss":0.0,"damage_taken":18.0,"relics_obtained":["Singing Bowl"]},{"damage_healed":0.0,"max_hp_gain":0.0,"max_hp_loss":0.0,"gold_gain":30.0,"event_name":"Dead Adventurer","player_choice":"Searched \u00272\u0027 times","floor":10.0,"gold_loss":0.0,"damage_taken":0.0},{"cards_removed":["Strike_G"],"damage_healed":0.0,"max_hp_gain":0.0,"max_hp_loss":0.0,"gold_gain":0.0,"event_name":"Beggar","player_choice":"Gave Gold","floor":19.0,"gold_loss":75.0,"damage_taken":0.0},{"damage_healed":0.0,"max_hp_gain":0.0,"max_hp_loss":0.0,"gold_gain":0.0,"event_name":"Masked Bandits","player_choice":"Paid Fearfully","floor":22.0,"gold_loss":3.0,"damage_taken":0.0},{"damage_healed":0,"gold_gain":0,"player_choice":"Ignored","damage_taken":0,"max_hp_gain":0,"max_hp_loss":0,"event_name":"SecretPortal","floor":36,"gold_loss":0},{"damage_healed":0,"gold_gain":0,"player_choice":"Paid","damage_taken":0,"relics_obtained":["Red Mask"],"max_hp_gain":0,"max_hp_loss":0,"event_name":"Tomb of Lord Red Mask","floor":39,"gold_loss":51},{"damage_healed":0,"gold_gain":0,"player_choice":"Embrace Madness","damage_taken":16,"max_hp_gain":0,"max_hp_loss":0,"event_name":"Winding Halls","floor":45,"gold_loss":0,"cards_obtained":["Madness","Madness"]}],"is_beta":false,"boss_relics":[{"not_picked":["Ring of the Serpent","Snecko Eye"],"picked":"Black Star"},{"not_picked":["Fusion Hammer","Sozu"],"picked":"Busted Crown"}],"items_purged_floors":[38,53],"is_endless":false,"potions_floor_spawned":[1,10,13,16,18,23,28,30,33,40,41,44,46,48,54],"ascension_level":15}}