{"host":"gfmw02tnhhvp9jba","time":1611416976,"event":{"mods":["AchievementEnabler","BaseMod","Colored Map","Conspire","Downfall","Highlight Path","Minty Spire (QoL Compilation)","StSLib"],"gold_per_floor":[99,117,132,152,152,165,165,200,0,15,32,49,49,59,71,71,71,71],"floor_reached":16,"language":"ENG","playtime":828,"items_purged":[],"score":133,"play_id":"30d1b88f-e07f-4175-840a-d704e54e089f","local_time":"20210123164936","is_ascension_mode":false,"campfire_choices":[{"floor":1,"key":"RECALL"},{"data":"Guardian:Incinerate","floor":9,"key":"SMITH"},{"data":"Guardian:CurlUp","floor":13,"key":"SMITH"}],"circlet_count":0,"master_deck":["Guardian:Strike_Guardian","Guardian:Strike_Guardian","Guardian:Strike_Guardian","Guardian:Strike_Guardian","Guardian:Defend_Guardian","Guardian:Defend_Guardian","Guardian:Defend_Guardian","Guardian:Defend_Guardian","Guardian:CurlUp+1","Guardian:TwinSlam","Guardian:ChargeCore","Guardian:TemporalStrike","Guardian:Incinerate+1","Guardian:Gem_White","Guardian:Gem_Cyan","Guardian:Incinerate","Guardian:Preprogram"],"relics":["Guardian:ModeShifter","conspire:BottledYoYo","downfall:HeartBlessingRed","downfall:HeartBlessingBlue"],"acts_visited":["Exordium"],"potions_floor_usage":[16,16,16],"damage_taken":[{"damage":12,"enemies":"Small Slimes","floor":2,"turns":3},{"damage":1,"enemies":"Cultist","floor":3,"turns":4},{"damage":1,"enemies":"2 Louse","floor":4,"turns":2},{"damage":15,"enemies":"Red Slaver","floor":6,"turns":6},{"damage":23,"enemies":"Gremlin Nob","floor":8,"turns":5},{"damage":8,"enemies":"Gremlin Gang","floor":10,"turns":4},{"damage":0,"enemies":"2 Fungi Beasts","floor":11,"turns":2},{"damage":8,"enemies":"conspire:2 RoseBushes","floor":12,"turns":3},{"damage":8,"enemies":"Exordium Wildlife","floor":14,"turns":4},{"damage":9,"enemies":"3 Louse","floor":15,"turns":4},{"damage":15,"enemies":"SI_SHIV_ARCHETYPE","floor":16,"turns":7}],"seed_played":"-5836963319265420473","potions_obtained":[{"floor":6,"key":"Fire Potion"},{"floor":8,"key":"LiquidMemories"},{"floor":10,"key":"ColorlessPotion"},{"floor":15,"key":"Guardian:StasisDiscoveryPotion"}],"is_trial":false,"path_per_floor":["R","M","M","M","?","M","T","E","R","M","M","M","R","M","M","B"],"character_chosen":"GUARDIAN","items_purchased":[],"campfire_rested":0,"item_purchase_floors":[],"current_hp_per_floor":[88,76,75,74,74,59,59,36,46,38,38,30,30,22,13,0,0,0],"gold":71,"neow_bonus":"TEN_PERCENT_HP_BONUS","is_daily":false,"chose_seed":false,"campfire_upgraded":2,"win_rate":0.0,"timestamp":1611416976,"path_taken":["R","M","M","M","?","M","T","E","R","M","?","M","R","M","M","BOSS"],"items_purchased_type":[],"build_version":"2020-12-22","purchased_purges":0,"victory":false,"max_hp_per_floor":[88,88,88,88,88,88,88,88,98,98,98,98,98,98,98,98,98,98],"card_choices":[{"not_picked":["Guardian:RollAttack","Guardian:PiercingHide"],"picked":"Guardian:ChargeCore","floor":2},{"not_picked":["Guardian:PrimingBeam","Guardian:Repulse"],"picked":"Guardian:TemporalStrike","floor":3},{"not_picked":["Guardian:Emergency","Guardian:SentryBeam"],"picked":"Guardian:Gem_White","floor":4},{"not_picked":["Guardian:Gem_Green","Guardian:RefractedBeam"],"picked":"Guardian:Incinerate","floor":6},{"not_picked":["Guardian:Incinerate","Guardian:ChargeCore"],"picked":"Guardian:Gem_Yellow","floor":8},{"not_picked":["Guardian:PrismaticBarrier","Guardian:CrystalBeam"],"picked":"Guardian:Gem_Lightblue","floor":10},{"not_picked":["Guardian:ConstructionForm","Guardian:Harden"],"picked":"Guardian:Gem_White","floor":11},{"not_picked":["Guardian:TemporalStrike","Guardian:VentSteam"],"picked":"Guardian:Gem_Cyan","floor":12},{"not_picked":["Guardian:ShieldSpikes","Guardian:TemporalStrike"],"picked":"Guardian:Incinerate","floor":14},{"not_picked":["Guardian:DonusPower","Guardian:Repulse"],"picked":"Guardian:Preprogram","floor":15}],"player_experience":65526,"relics_obtained":[{"floor":8,"key":"conspire:BottledYoYo"}],"event_choices":[],"is_beta":false,"boss_relics":[],"items_purged_floors":[],"is_endless":false,"potions_floor_spawned":[6,8,10,14,15],"killed_by":"SI_SHIV_ARCHETYPE","ascension_level":0}}