{"host":"o6rpelx2jpc8yies","time":1611444453,"event":{"mods":["BaseMod","Downfall","Minty Spire (QoL Compilation)","StSLib"],"gold_per_floor":[99,49,149,167,177,77,377,405,305,332,348,374,374,393,405,405,405,405],"floor_reached":16,"language":"ENG","playtime":1479,"items_purged":[],"score":132,"play_id":"7f744601-a428-4543-ae69-884170180515","local_time":"20210123162733","is_ascension_mode":true,"campfire_choices":[{"floor":1,"key":"RECALL"},{"data":"champ:Taunt","floor":6,"key":"SMITH"},{"data":"champ:Endure","floor":9,"key":"SMITH"},{"floor":13,"key":"REST"}],"circlet_count":0,"master_deck":["champ:Strike","champ:Strike","champ:Strike","champ:Strike","champ:Defend","champ:Defend","champ:Defend","champ:Defend","champ:Execute","champ:Taunt+1","champ:SteelEdge","champ:GladiatorStyle","champ:BerserkerStyle","champ:Endure+1","champ:DeathBlow","champ:Parry","champ:DefensiveShout","champ:RageSigil","champ:Shatter"],"relics":["champ:ChampionCrown","downfall:HeartBlessingRed","Old Coin","Mercury Hourglass","downfall:HeartBlessingGreen","hexamod:CandleOfCauterizing","Blue Candle"],"acts_visited":["Exordium"],"potions_floor_usage":[14,16],"damage_taken":[{"damage":20,"enemies":"downfall:FleeingMerchant","floor":2,"turns":4},{"damage":17,"enemies":"Small Slimes","floor":4,"turns":4},{"damage":10,"enemies":"Cultist","floor":5,"turns":4},{"damage":56,"enemies":"3 Sentries","floor":8,"turns":13},{"damage":34,"enemies":"Gremlin Nob","floor":10,"turns":4},{"damage":0,"enemies":"2 Louse","floor":11,"turns":2},{"damage":30,"enemies":"3 Sentries","floor":12,"turns":7},{"damage":33,"enemies":"Gremlin Gang","floor":14,"turns":4},{"damage":21,"enemies":"Exordium Wildlife","floor":15,"turns":4},{"damage":57,"enemies":"WA_ARCHETYPE_RETAIN","floor":16,"turns":8}],"seed_played":"-7832944464883501165","potions_obtained":[{"floor":4,"key":"SpeedPotion"},{"floor":8,"key":"AttackPotion"},{"floor":11,"key":"Slimebound:ThreeZeroPotion"}],"is_trial":false,"path_per_floor":["R","$","?","M","M","R","T","E","R","E","M","E","R","M","M","B"],"character_chosen":"THE_CHAMP","items_purchased":["champ:BerserkerStyle"],"campfire_rested":1,"item_purchase_floors":[2],"current_hp_per_floor":[90,90,90,83,83,83,83,64,64,40,40,34,61,56,45,0,0,0],"gold":405,"neow_bonus":"ONE_RANDOM_RARE_CARD","is_daily":false,"chose_seed":false,"campfire_upgraded":2,"win_rate":0.0,"timestamp":1611444453,"path_taken":["R","$","?","M","M","R","T","E","R","E","M","E","R","?","M","BOSS"],"items_purchased_type":["Card"],"build_version":"2020-12-22","purchased_purges":0,"victory":false,"max_hp_per_floor":[90,90,90,90,90,90,90,90,90,90,90,90,90,90,90,90,90,90],"card_choices":[{"not_picked":["champ:Encircle","champ:ShieldSigil"],"picked":"champ:GladiatorStyle","floor":2},{"not_picked":["champ:SkillfulDodge","champ:BringItOn"],"picked":"champ:Endure","floor":4},{"not_picked":["champ:ViciousMockery","champ:CrownThrow"],"picked":"champ:DeathBlow","floor":5},{"not_picked":["champ:CalledShot","champ:FanOfKnives"],"picked":"champ:Parry","floor":8},{"not_picked":["champ:Circumvent","champ:Parry","champ:FocusedDefense"],"picked":"SKIP","floor":10},{"not_picked":["champ:CrookedStrike","champ:BladeFlurry"],"picked":"champ:DefensiveShout","floor":11},{"not_picked":["champ:ViciousMockery","champ:Improvising"],"picked":"champ:RageSigil","floor":12},{"not_picked":["champ:PreciseThrust","champ:CrownThrow"],"picked":"champ:Shatter","floor":14},{"not_picked":["champ:BerserkerStyle","champ:Endure","champ:Lariat"],"picked":"SKIP","floor":15}],"player_experience":1829529,"relics_obtained":[{"floor":7,"key":"Old Coin"},{"floor":8,"key":"Mercury Hourglass"},{"floor":10,"key":"hexamod:CandleOfCauterizing"},{"floor":12,"key":"Blue Candle"}],"event_choices":[],"is_beta":false,"boss_relics":[],"items_purged_floors":[],"is_endless":false,"potions_floor_spawned":[4,8,11],"killed_by":"WA_ARCHETYPE_RETAIN","ascension_level":2}}