{"host":"5p9hybygolzp0efr","time":1611382486,"event":{"mods":["AchievementEnabler","BaseMod","Bestiary","Colored Map","Googly Eyes","Minty Spire (QoL Compilation)","Permanent Neow","Relic Stats"],"gold_per_floor":[113,188,198,50,69,104,104,138,162,192,233,245,257,303,315,428,440,468,496,520,532,544,556,568,599,611,636,420,420,432,443,443,547,547,564,582,582,596,612,642,652,669,669,688,688,688,307,324,324,324,324,324,13,47,47,47],"floor_reached":55,"language":"ENG","playtime":2371,"items_purged":[],"score":821,"play_id":"56fc64a3-6fdb-4c2a-a345-3dd803f793b4","local_time":"20210123141446","is_ascension_mode":true,"campfire_choices":[{"data":"Carnage","floor":7.0,"key":"SMITH"},{"data":"True Grit","floor":12.0,"key":"SMITH"},{"data":"Pommel Strike","floor":15.0,"key":"SMITH"},{"floor":23.0,"key":"RECALL"},{"data":"Heavy Blade","floor":29.0,"key":"SMITH"},{"data":"Whirlwind","floor":32.0,"key":"SMITH"},{"data":"Enlightenment","floor":46.0,"key":"SMITH"},{"data":"Spot Weakness","floor":49.0,"key":"SMITH"},{"data":"Metallicize","floor":52.0,"key":"SMITH"}],"circlet_count":0,"master_deck":["Strike_R+1","Strike_R+1","Strike_R+1","Strike_R+1","Defend_R+1","Defend_R+1","Defend_R+1","Defend_R+1","Bash+1","Battle Trance+1","Pommel Strike+1","Carnage+1","Spot Weakness+1","True Grit+1","Reaper","Dual Wield+1","Heavy Blade+1","Necronomicurse","Metallicize+1","Whirlwind+1","Reaper","Thunderclap+1","Pummel+1","Enlightenment+1","Heavy Blade+1","Limit Break"],"relics":["Coffee Dripper","Bronze Scales","Whetstone","War Paint","MawBank","TungstenRod","Regal Pillow","SacredBark","Necronomicon","Strawberry","SlaversCollar","Eternal Feather","Meat on the Bone","Brimstone","Vajra","Akabeko","Nunchaku","StoneCalendar"],"acts_visited":["Exordium","TheCity","TheBeyond","TheEnding"],"potions_floor_usage":[55,55],"damage_taken":[{"damage":0.0,"enemies":"2 Louse","floor":1.0,"turns":2.0},{"damage":0.0,"enemies":"Small Slimes","floor":3.0,"turns":2.0},{"damage":0.0,"enemies":"Cultist","floor":5.0,"turns":2.0},{"damage":25.0,"enemies":"3 Sentries","floor":6.0,"turns":9.0},{"damage":0.0,"enemies":"Gremlin Nob","floor":8.0,"turns":2.0},{"damage":0.0,"enemies":"Looter","floor":10.0,"turns":2.0},{"damage":22.0,"enemies":"3 Sentries","floor":11.0,"turns":4.0},{"damage":0.0,"enemies":"Gremlin Nob","floor":14.0,"turns":2.0},{"damage":3.0,"enemies":"Hexaghost","floor":16.0,"turns":7.0},{"damage":10.0,"enemies":"2 Thieves","floor":18.0,"turns":4.0},{"damage":0.0,"enemies":"Chosen","floor":19.0,"turns":3.0},{"damage":15.0,"enemies":"Centurion and Healer","floor":20.0,"turns":5.0},{"damage":0.0,"enemies":"Snecko","floor":25.0,"turns":2.0},{"damage":8.0,"enemies":"Shelled Parasite and Fungi","floor":27.0,"turns":5.0},{"damage":4.0,"enemies":"Snake Plant","floor":30.0,"turns":2.0},{"damage":8.0,"enemies":"Centurion and Healer","floor":31.0,"turns":3.0},{"damage":28.0,"enemies":"Collector","floor":33.0,"turns":4.0},{"damage":0.0,"enemies":"3 Shapes","floor":35.0,"turns":3.0},{"damage":12.0,"enemies":"3 Darklings","floor":36.0,"turns":4.0},{"damage":13.0,"enemies":"Spire Growth","floor":38.0,"turns":3.0},{"damage":11.0,"enemies":"Transient","floor":39.0,"turns":5.0},{"damage":16.0,"enemies":"Nemesis","floor":40.0,"turns":5.0},{"damage":18.0,"enemies":"Maw","floor":41.0,"turns":7.0},{"damage":20.0,"enemies":"4 Shapes","floor":42.0,"turns":7.0},{"damage":0.0,"enemies":"3 Darklings","floor":44.0,"turns":2.0},{"damage":0.0,"enemies":"Transient","floor":48.0,"turns":5.0},{"damage":37.0,"enemies":"Time Eater","floor":50.0,"turns":5.0},{"damage":9.0,"enemies":"Shield and Spear","floor":54.0,"turns":2.0},{"damage":80,"enemies":"The Heart","floor":55,"turns":3}],"seed_played":"1219574994654317323","potions_obtained":[{"floor":3.0,"key":"Weak Potion"},{"floor":5.0,"key":"Fire Potion"},{"floor":10.0,"key":"BlessingOfTheForge"},{"floor":20.0,"key":"SkillPotion"},{"floor":31.0,"key":"DistilledChaos"},{"floor":33.0,"key":"Strength Potion"},{"floor":38.0,"key":"Ancient Potion"},{"floor":44.0,"key":"Strength Potion"}],"is_trial":false,"path_per_floor":["M","?","M","$","M","E","R","E","T","M","E","R","?","E","R","B",null,"M","M","M","?","?","R","?","M","T","M","$","R","M","M","R","B",null,"M","M","?","M","M","E","M","M","T","M","?","R","$","M","R","B",null,"R","$","E","B"],"character_chosen":"IRONCLAD","items_purchased":["Bronze Scales","Strawberry","Metallicize","LiquidBronze","Brimstone","Vajra","Akabeko","Nunchaku"],"campfire_rested":0,"item_purchase_floors":[4,28,28,47,47,47,53,53],"current_hp_per_floor":[80,69,69,69,69,44,44,44,44,44,22,22,22,22,22,19,80,77,80,80,80,68,68,68,68,68,74,81,81,77,83,83,55,87,87,75,75,62,73,57,55,80,80,80,80,87,87,87,87,58,87,87,87,78,0,0],"gold":47,"neow_bonus":"BOSS_RELIC","is_daily":false,"chose_seed":false,"campfire_upgraded":8,"win_rate":0.0,"timestamp":1611382486,"path_taken":["M","?","M","$","M","E","R","E","T","M","E","R","?","E","R","BOSS","M","M","?","?","?","R","?","M","T","?","?","R","M","?","R","BOSS","M","M","?","M","M","E","M","?","T","M","?","R","$","M","R","BOSS","R","$","E","BOSS"],"items_purchased_type":["Relic","Relic","Card","Potion","Relic","Relic","Relic","Relic"],"build_version":"2020-12-22","purchased_purges":0,"victory":false,"max_hp_per_floor":[80,80,80,80,80,80,80,80,80,80,80,80,80,80,80,80,80,80,80,80,80,80,80,80,80,80,80,87,87,87,87,87,87,87,87,87,87,87,87,87,87,87,87,87,87,87,87,87,87,87,87,87,87,87,87,87],"relic_stats":{"Regal Pillow":0,"counters":[29,111],"Eternal Feather":7,"StoneCalendar":[0],"Whetstone":["Bash","Strike_R"],"War Paint":["Defend_R","Battle Trance"],"MawBank":228,"Nunchaku":[1],"Bronze Scales":[259],"Necronomicon":[49],"obtain_stats":[{"Regal Pillow":14,"SacredBark":17,"Vajra":47,"Eternal Feather":40,"StoneCalendar":54,"Whetstone":6,"War Paint":8,"MawBank":9,"Burning Blood":0,"Akabeko":53,"SlaversCollar":34,"Nunchaku":53,"Brimstone":47,"Bronze Scales":4,"Strawberry":28,"Coffee Dripper":0,"Necronomicon":22,"TungstenRod":11,"Meat on the Bone":43},{"Regal Pillow":8,"SacredBark":9,"Vajra":25,"Eternal Feather":22,"StoneCalendar":28,"Whetstone":4,"War Paint":5,"MawBank":5,"Burning Blood":0,"Akabeko":27,"SlaversCollar":17,"Nunchaku":27,"Brimstone":25,"Bronze Scales":2,"Strawberry":14,"Coffee Dripper":0,"Necronomicon":12,"TungstenRod":7,"Meat on the Bone":24},{"Regal Pillow":25,"SacredBark":32,"Vajra":96,"Eternal Feather":80,"StoneCalendar":108,"Whetstone":15,"War Paint":17,"MawBank":17,"Burning Blood":0,"Akabeko":106,"SlaversCollar":60,"Nunchaku":106,"Brimstone":96,"Bronze Scales":4,"Strawberry":51,"Coffee Dripper":0,"Necronomicon":44,"TungstenRod":23,"Meat on the Bone":94}],"TungstenRod":59,"Meat on the Bone":0},"card_choices":[{"not_picked":["Flex","Shrug It Off"],"picked":"Battle Trance","floor":1.0},{"not_picked":["Havoc","Body Slam"],"picked":"Pommel Strike","floor":3.0},{"not_picked":["Seeing Red","Warcry","Pommel Strike"],"picked":"SKIP","floor":5.0},{"not_picked":["Twin Strike","Dual Wield"],"picked":"Carnage","floor":6.0},{"not_picked":["Anger","Body Slam","Clash"],"picked":"SKIP","floor":8.0},{"not_picked":["Pommel Strike","Barricade"],"picked":"Spot Weakness","floor":10.0},{"not_picked":["Sentinel","Wild Strike"],"picked":"True Grit","floor":11.0},{"not_picked":["Clash","Warcry"],"picked":"Flex","floor":14.0},{"not_picked":["Offering","Immolate"],"picked":"Reaper","floor":16.0},{"not_picked":["Clash","Combust+1","Anger"],"picked":"SKIP","floor":18.0},{"not_picked":["Ghostly Armor","Blood for Blood"],"picked":"Dual Wield+1","floor":19.0},{"not_picked":["True Grit","Bloodletting"],"picked":"Heavy Blade","floor":20.0},{"not_picked":["Havoc+1","True Grit","Second Wind"],"picked":"SKIP","floor":25.0},{"not_picked":["Barricade","True Grit","Sword Boomerang+1"],"picked":"SKIP","floor":27.0},{"not_picked":["Flex","Carnage"],"picked":"Whirlwind","floor":30.0},{"not_picked":["Battle Trance","Perfected Strike+1"],"picked":"Reaper","floor":31.0},{"not_picked":["Pommel Strike+1","Sword Boomerang","Entrench+1"],"picked":"SKIP","floor":35.0},{"not_picked":["Pommel Strike","Clash+1"],"picked":"Thunderclap+1","floor":36.0},{"not_picked":["Ghostly Armor","Armaments","Heavy Blade"],"picked":"SKIP","floor":38.0},{"not_picked":["Armaments","Anger","Havoc"],"picked":"SKIP","floor":39.0},{"not_picked":["Pommel Strike+1","Dark Embrace","True Grit"],"picked":"SKIP","floor":40.0},{"not_picked":["Power Through","Iron Wave","Sword Boomerang+1"],"picked":"SKIP","floor":41.0},{"not_picked":["Whirlwind","Wild Strike","Armaments"],"picked":"SKIP","floor":42.0},{"not_picked":["Warcry","Thunderclap+1"],"picked":"Pummel+1","floor":44.0},{"not_picked":["PanicButton","Mind Blast"],"picked":"Enlightenment","floor":45.0},{"not_picked":["Havoc","Flame Barrier"],"picked":"Heavy Blade+1","floor":48.0},{"not_picked":["Sword Boomerang","Havoc+1"],"picked":"Limit Break","floor":54.0}],"player_experience":510248,"relics_obtained":[{"floor":6.0,"key":"Whetstone"},{"floor":8.0,"key":"War Paint"},{"floor":9.0,"key":"MawBank"},{"floor":11.0,"key":"TungstenRod"},{"floor":14.0,"key":"Regal Pillow"},{"floor":22.0,"key":"Necronomicon"},{"floor":40.0,"key":"Eternal Feather"},{"floor":43.0,"key":"Meat on the Bone"},{"floor":54.0,"key":"StoneCalendar"}],"event_choices":[{"damage_healed":0.0,"max_hp_gain":0.0,"max_hp_loss":0.0,"gold_gain":75.0,"event_name":"World of Goop","player_choice":"Gather Gold","floor":2.0,"gold_loss":0.0,"damage_taken":11.0},{"cards_removed":["Strike_R"],"damage_healed":0.0,"max_hp_gain":0.0,"max_hp_loss":0.0,"gold_gain":0.0,"event_name":"Bonfire Elementals","player_choice":"Offered Basic","floor":13.0,"gold_loss":0.0,"damage_taken":0.0},{"damage_healed":0.0,"max_hp_gain":0.0,"max_hp_loss":0.0,"gold_gain":0.0,"event_name":"Back to Basics","player_choice":"Simplicity","floor":21.0,"gold_loss":0.0,"damage_taken":0.0,"cards_upgraded":["Strike_R","Strike_R","Strike_R","Defend_R","Defend_R","Defend_R"]},{"damage_healed":0.0,"max_hp_gain":0.0,"max_hp_loss":0.0,"gold_gain":0.0,"event_name":"Cursed Tome","player_choice":"Obtained Book","floor":22.0,"gold_loss":0.0,"damage_taken":16.0},{"damage_healed":0.0,"max_hp_gain":0.0,"max_hp_loss":0.0,"gold_gain":0.0,"event_name":"Beggar","player_choice":"Ignored","floor":24.0,"gold_loss":0.0,"damage_taken":0.0},{"cards_removed":["Flex"],"damage_healed":0.0,"max_hp_gain":0.0,"max_hp_loss":0.0,"gold_gain":0.0,"event_name":"Purifier","player_choice":"Purged","floor":37.0,"gold_loss":0.0,"damage_taken":0.0},{"damage_healed":0.0,"max_hp_gain":0.0,"max_hp_loss":0.0,"gold_gain":0.0,"event_name":"SensoryStone","player_choice":"Memory 1","floor":45.0,"gold_loss":0.0,"damage_taken":0.0}],"is_beta":false,"boss_relics":[{"not_picked":["Ectoplasm","Runic Pyramid"],"picked":"SacredBark"},{"not_picked":["Mark of Pain","Black Star"],"picked":"SlaversCollar"}],"items_purged_floors":[],"is_endless":false,"potions_floor_spawned":[3,5,10,11,20,27,30,31,33,36,38,40,44],"killed_by":"The Heart","ascension_level":1}}