{"host":"88eug9pqmt5m979n","time":1611414945,"event":{"mods":["100% Spire Juice","Arknights The Spire","BaseMod","Downfall","Minty Spire (QoL Compilation)","MostiFishMod","Remilia（蕾米莉亚）","StSLib","WarShipGirlsR/战舰少女R mod","Yakumo Yukari mod","【遗物卡牌】REMEMod"],"gold_per_floor":[110,130,149,164,8,8,27,57,57,70,95,95,95,57,57,57,57],"floor_reached":16,"language":"ZHS","playtime":939,"items_purged":["Moonworks:Defend"],"score":162,"play_id":"a59b8a84-e3de-4ac5-9808-424c2ebe224b","local_time":"20210123231545","is_ascension_mode":false,"campfire_choices":[{"data":"Moonworks:LulusLuckyEgg","floor":6,"key":"SMITH"},{"data":"Moonworks:BackdoorTrade","floor":12,"key":"SMITH"},{"data":"Moonworks:SakisCookie","floor":15,"key":"SMITH"}],"circlet_count":0,"master_deck":["Moonworks:Strike","Moonworks:Strike","Moonworks:Strike","Moonworks:Strike","Moonworks:Defend","Moonworks:Defend","Moonworks:Defend","Moonworks:Ambush","Moonworks:LongDistanceShot","Moonworks:NicePresent","Moonworks:LulusLuckyEgg+1","Moonworks:SakisCookie+1","Moonworks:RedAndBlue","Moonworks:BackdoorTrade+1","Moonworks:Gamble","Moonworks:MiracleRedBeanIceCream","Moonworks:Strike"],"relics":["Moonworks:BrokenBomb","Moonworks:Homemark","DaveBox","REME_ComplimentaryCards","Membership Card","SynthV:TestCard","ArrowTower","Matryoshka","HornCleat","Moonworks:LittleGull"],"acts_visited":["Exordium"],"potions_floor_usage":[],"damage_taken":[{"damage":5,"enemies":"Cultist","floor":1,"turns":4},{"damage":0,"enemies":"Small Slimes","floor":2,"turns":4},{"damage":2,"enemies":"2 Louse","floor":3,"turns":2},{"damage":0,"enemies":"Large Slime","floor":4,"turns":5},{"damage":2,"enemies":"2 Fungi Beasts","floor":7,"turns":3},{"damage":15,"enemies":"Lagavulin","floor":8,"turns":5},{"damage":4,"enemies":"Red Slaver","floor":10,"turns":2},{"damage":0,"enemies":"3 Sentries","floor":11,"turns":4},{"damage":985,"enemies":"Slime Boss","floor":16,"turns":2}],"seed_played":"6829718594732481782","potions_obtained":[{"floor":1,"key":"ColorlessPotion"},{"floor":2,"key":"ColorlessPotion"},{"floor":7,"key":"Swift Potion"},{"floor":8,"key":"DistilledChaos"}],"is_trial":false,"path_per_floor":["M","M","M","M","$","R","M","E","T","M","E","R","?","$","R","B"],"character_chosen":"THE_STARBREAKER","items_purchased":["ArrowTower"],"campfire_rested":0,"item_purchase_floors":[5],"current_hp_per_floor":[61,61,59,61,61,61,59,44,44,40,40,40,40,40,40,0,0],"gold":57,"neow_bonus":"TEN_PERCENT_HP_BONUS","is_daily":false,"chose_seed":false,"campfire_upgraded":3,"win_rate":0.0,"timestamp":1611414945,"path_taken":["M","M","?","M","$","R","M","E","T","M","E","R","?","?","R","BOSS"],"items_purchased_type":["Relic"],"build_version":"2020-12-22","purchased_purges":1,"victory":false,"max_hp_per_floor":[66,66,66,66,66,66,66,66,66,66,66,66,66,66,66,66,66],"card_choices":[{"not_picked":["Moonworks:CloudOfSeagulls","Moonworks:FullSpeedAlicianrone"],"picked":"Moonworks:NicePresent","floor":1},{"not_picked":["Moonworks:NicePresent","Moonworks:ExtendedPhotonRifle","Moonworks:BigMagnum","Moonworks:CloudOfSeagulls"],"picked":"Moonworks:LulusLuckyEgg","floor":2},{"not_picked":["Moonworks:ScrambledEve","Moonworks:UnpaidWork","Moonworks:SubspaceTunnel","Moonworks:ImOnFire"],"picked":"Moonworks:SakisCookie","floor":3},{"not_picked":["Moonworks:EvilSpyWorkPreparation","Moonworks:Assault","Moonworks:ImmovableObject","Moonworks:ImOnFire","Moonworks:CloudOfSeagulls"],"picked":"SKIP","floor":4},{"not_picked":["Moonworks:BigMagnum","Moonworks:BeyondHell","Moonworks:ScrambledEve","Moonworks:SakisCookie"],"picked":"Moonworks:RedAndBlue","floor":7},{"not_picked":["Moonworks:LulusLuckyEgg","Moonworks:JonathanRush","Moonworks:RedAndBlue","Moonworks:CloudOfSeagulls"],"picked":"Moonworks:BackdoorTrade","floor":8},{"not_picked":["Moonworks:SweetBattle","Moonworks:DeployBits","Moonworks:LulusLuckyEgg","Moonworks:Assault"],"picked":"Moonworks:Gamble","floor":10},{"not_picked":["Moonworks:ImOnFire","Moonworks:NicePresent","Moonworks:LulusLuckyEgg","Moonworks:DeployBits"],"picked":"Moonworks:MiracleRedBeanIceCream","floor":11}],"player_experience":334282,"relics_obtained":[{"floor":1,"key":"SynthV:TestCard"},{"floor":8,"key":"Matryoshka"},{"floor":9,"key":"HornCleat"},{"floor":9,"key":"Moonworks:LittleGull"}],"event_choices":[],"is_beta":false,"boss_relics":[],"items_purged_floors":[14],"is_endless":false,"potions_floor_spawned":[1,2,7,8],"killed_by":"Slime Boss","ascension_level":0}}