{"host":"y24pqu7jih1n8m3t","time":1611397482,"event":{"mods":["AchievementEnabler","BaseMod","Bestiary","Block Reminder","Colored Map","Colored Powertips","DeckTracker","Highlight Path","Minty Spire (QoL Compilation)","Permanent Neow","Quick Restart","Rare Cards Sparkle","Relic Stats"],"gold_per_floor":[359,379,397,397,7,7,40,40,66,66,85,97,45,59,59,159,159,175,274,55,72,72,102,102,27,27,37,49,66,66,66,66,66,66],"floor_reached":33,"language":"ENG","playtime":2360,"items_purged":["Defend_P"],"score":342,"play_id":"345aa57f-0faf-4ee2-9798-7c9a2d1b5c8f","local_time":"20210123052442","is_ascension_mode":false,"campfire_choices":[{"data":"Eruption","floor":6,"key":"SMITH"},{"data":"Worship","floor":8,"key":"SMITH"},{"floor":15,"key":"RECALL"},{"floor":24,"key":"REST"},{"floor":30,"key":"REST"},{"data":"DevaForm","floor":32,"key":"SMITH"}],"circlet_count":0,"master_deck":["Strike_P","Strike_P+1","Strike_P","Defend_P+1","Defend_P+1","Defend_P+1","Eruption+1","Vigilance","Evaluate","Consecrate","Worship","TalkToTheHand","Tantrum","Worship+1","ThirdEye","EmptyMind","ClearTheMind","BowlingBash","EmptyFist","EmptyFist","DevaForm+1","FlyingSleeves+1","CutThroughFate","Crescendo","FollowUp","Crescendo","LikeWater"],"relics":["PureWater","Sling","Vajra","Omamori","War Paint","Black Star","OrangePellets","Orichalcum","The Courier"],"acts_visited":["Exordium","TheCity"],"potions_floor_usage":[7,16,18,23,29,33,33],"damage_taken":[{"damage":4,"enemies":"Jaw Worm","floor":1,"turns":4},{"damage":0,"enemies":"Small Slimes","floor":2,"turns":2},{"damage":0,"enemies":"2 Louse","floor":3,"turns":1},{"damage":0,"enemies":"Gremlin Nob","floor":7,"turns":2},{"damage":11,"enemies":"Lots of Slimes","floor":11,"turns":2},{"damage":0,"enemies":"2 Fungi Beasts","floor":12,"turns":1},{"damage":0,"enemies":"Exordium Wildlife","floor":14,"turns":1},{"damage":0,"enemies":"Slime Boss","floor":16,"turns":4},{"damage":6,"enemies":"Shell Parasite","floor":18,"turns":3},{"damage":6,"enemies":"Chosen","floor":21,"turns":4},{"damage":26,"enemies":"Book of Stabbing","floor":23,"turns":5},{"damage":4,"enemies":"Sentry and Sphere","floor":27,"turns":3},{"damage":6,"enemies":"Cultist and Chosen","floor":28,"turns":4},{"damage":0,"enemies":"Snecko","floor":29,"turns":3},{"damage":41,"enemies":"Champ","floor":33,"turns":7}],"seed_played":"-1404962493992907450","potions_obtained":[{"floor":1,"key":"LiquidMemories"},{"floor":2,"key":"SteroidPotion"},{"floor":12,"key":"SteroidPotion"},{"floor":16,"key":"LiquidMemories"},{"floor":21,"key":"DistilledChaos"},{"floor":28,"key":"ColorlessPotion"},{"floor":29,"key":"SteroidPotion"}],"is_trial":false,"path_per_floor":["M","M","M","?","$","R","E","R","T","?","M","M","$","M","R","B",null,"M","?","$","M","?","E","R","?","T","M","M","M","R","?","R","B"],"character_chosen":"WATCHER","items_purchased":["TalkToTheHand","Tantrum","Worship","Sling","ThirdEye","EmptyFist","OrangePellets"],"campfire_rested":2,"item_purchase_floors":[5,5,5,5,5,13,20],"current_hp_per_floor":[47,47,47,33,33,33,33,33,33,33,22,22,22,22,22,22,72,66,66,66,60,47,21,44,44,44,40,34,34,57,57,57,16,16],"gold":66,"neow_bonus":"TWO_FIFTY_GOLD","is_daily":false,"chose_seed":false,"campfire_upgraded":3,"win_rate":0.0,"timestamp":1611397482,"path_taken":["M","M","M","?","$","R","E","R","T","?","?","M","$","M","R","BOSS","M","?","$","M","?","E","R","?","T","M","M","M","R","?","R","BOSS"],"items_purchased_type":["Card","Card","Card","Relic","Card","Card","Relic"],"build_version":"2020-12-22","purchased_purges":1,"victory":false,"max_hp_per_floor":[72,72,72,72,72,72,72,72,72,72,72,72,72,72,72,72,72,72,72,72,72,77,77,77,77,77,77,77,77,77,77,77,77,77],"relic_stats":{"OrangePellets":[0],"counters":[15,46],"Black Star":1,"War Paint":["Defend_P","Defend_P"],"Orichalcum":[24],"obtain_stats":[{"OrangePellets":20,"Vajra":7,"The Courier":23,"Omamori":9,"Black Star":17,"PureWater":0,"War Paint":10,"Orichalcum":23,"Sling":5},{"OrangePellets":9,"Vajra":4,"The Courier":11,"Omamori":4,"Black Star":8,"PureWater":0,"War Paint":4,"Orichalcum":11,"Sling":3},{"OrangePellets":20,"Vajra":9,"The Courier":29,"Omamori":9,"Black Star":17,"PureWater":0,"War Paint":9,"Orichalcum":29,"Sling":7}]},"card_choices":[{"not_picked":["Weave","PathToVictory"],"picked":"Evaluate","floor":1},{"not_picked":["PathToVictory","Collect"],"picked":"Consecrate","floor":2},{"not_picked":["EmptyFist","ThirdEye"],"picked":"Worship","floor":3},{"not_picked":["SashWhip","CrushJoints"],"picked":"EmptyMind","floor":7},{"not_picked":["Collect","Fasting2"],"picked":"ClearTheMind","floor":11},{"not_picked":["PathToVictory","Protect"],"picked":"BowlingBash","floor":12},{"not_picked":["SashWhip","Fasting2"],"picked":"EmptyFist","floor":14},{"not_picked":["Judgement","Brilliance"],"picked":"DevaForm","floor":16},{"not_picked":["ThirdEye","EmptyBody"],"picked":"FlyingSleeves+1","floor":18},{"not_picked":["ThirdEye+1","EmptyBody"],"picked":"CutThroughFate","floor":21},{"not_picked":["ConjureBlade","EmptyMind"],"picked":"Crescendo","floor":23},{"not_picked":["Crescendo","JustLucky+1"],"picked":"FollowUp","floor":27},{"not_picked":["EmptyFist","PathToVictory+1"],"picked":"Crescendo","floor":28},{"not_picked":["ClearTheMind","EmptyBody"],"picked":"LikeWater","floor":29}],"player_experience":147886,"relics_obtained":[{"floor":7,"key":"Vajra"},{"floor":9,"key":"Omamori"},{"floor":23,"key":"Orichalcum"},{"floor":23,"key":"The Courier"}],"event_choices":[{"damage_healed":0,"gold_gain":0,"player_choice":"Entered Light","damage_taken":14,"max_hp_gain":0,"max_hp_loss":0,"event_name":"Shining Light","floor":4,"gold_loss":0,"cards_upgraded":["Defend_P","Strike_P"]},{"damage_healed":0,"gold_gain":0,"player_choice":"Box","damage_taken":0,"relics_obtained":["War Paint"],"max_hp_gain":0,"max_hp_loss":0,"event_name":"Big Fish","floor":10,"gold_loss":0,"cards_obtained":["Regret"]},{"damage_healed":0,"gold_gain":99,"player_choice":"Stole From Cult","damage_taken":0,"max_hp_gain":0,"max_hp_loss":0,"event_name":"Nest","floor":19,"gold_loss":0},{"damage_healed":0,"gold_gain":0,"player_choice":"Shed Blood","damage_taken":18,"max_hp_gain":5,"max_hp_loss":0,"event_name":"Forgotten Altar","floor":22,"gold_loss":0},{"cards_removed":["Strike_P"],"damage_healed":0,"gold_gain":0,"player_choice":"Gave Gold","damage_taken":0,"max_hp_gain":0,"max_hp_loss":0,"event_name":"Beggar","floor":25,"gold_loss":75},{"damage_healed":0,"gold_gain":0,"player_choice":"Ignored","damage_taken":0,"max_hp_gain":0,"max_hp_loss":0,"event_name":"Ghosts","floor":31,"gold_loss":0}],"is_beta":false,"boss_relics":[{"not_picked":["Velvet Choker","HolyWater"],"picked":"Black Star"}],"items_purged_floors":[20],"is_endless":false,"potions_floor_spawned":[1,2,12,16,21,28,29],"killed_by":"Champ","ascension_level":0}}