{"host":"crunchoberries","time":1611375019,"event":{"mods":["BaseMod","Better Third Choice","Colored Map","Downfall","Minty Spire (QoL Compilation)","Quick Restart","StSLib","SuperFastMode","The Jungle","everything is the same but u backflip on backflip","slay the spire mod where everything is the same but ironclad has a cowboy hat"],"gold_per_floor":[117,117,129,141,155,210,221,253,253,9,26,26,38,97,97,194,194,207,225,244,244,296,296,296,296],"floor_reached":24,"language":"ENG","playtime":713,"items_purged":[],"score":235,"play_id":"8e70367e-9baf-47ab-8cbf-b31adaca4d38","local_time":"20210122231019","is_ascension_mode":false,"campfire_choices":[{"floor":12,"key":"REST"},{"data":"Finisher","floor":15,"key":"SMITH"},{"floor":23,"key":"DIG"}],"circlet_count":0,"master_deck":["Strike_G","Strike_G","Strike_G","Strike_G","Strike_G","Defend_G","Defend_G","Defend_G","Defend_G","Defend_G","Survivor","Neutralize","Finisher+1","Blade Dance","Finisher","Slice","Dagger Spray","Prepared+1","Blade Dance+1","Corpse Explosion+1","Flying Knee+1","Blade Dance+1","Envenom","Terror+1","Blade Dance+1","Blade Dance+1"],"relics":["Ring of the Snake","Toxic Egg 2","Tiny Chest","Regal Pillow","Molten Egg 2","HoveringKite","Shovel","Potion Belt","Bronze Scales"],"acts_visited":["Exordium","Exordium"],"potions_floor_usage":[6,6,11,16,16,18],"damage_taken":[{"damage":7,"enemies":"Jaw Worm","floor":1,"turns":3},{"damage":0,"enemies":"Cultist","floor":3,"turns":2},{"damage":0,"enemies":"Small Slimes","floor":4,"turns":2},{"damage":7,"enemies":"Looter","floor":5,"turns":2},{"damage":9,"enemies":"3 Sentries","floor":6,"turns":3},{"damage":12,"enemies":"Exordium Thugs","floor":7,"turns":3},{"damage":18,"enemies":"Lagavulin","floor":8,"turns":5},{"damage":0,"enemies":"Blue Slaver","floor":11,"turns":1},{"damage":9,"enemies":"Red Slaver","floor":13,"turns":2},{"damage":13,"enemies":"Slime Boss","floor":16,"turns":5},{"damage":29,"enemies":"theJungle:Flameango_and_Byrd","floor":18,"turns":3},{"damage":0,"enemies":"theJungle:GiantWrat","floor":19,"turns":2},{"damage":0,"enemies":"theJungle:Lyon","floor":20,"turns":2},{"damage":34,"enemies":"theJungle:2_Flameangoes","floor":24,"turns":3}],"seed_played":"104446365704505489","potions_obtained":[{"floor":2,"key":"CultistPotion"},{"floor":2,"key":"Energy Potion"},{"floor":2,"key":"ColorlessPotion"},{"floor":6,"key":"Energy Potion"},{"floor":8,"key":"sneckomod:MuddlingPotion"},{"floor":11,"key":"bronze:BurnAndBuffPotion"},{"floor":13,"key":"champ:CounterPotion"}],"is_trial":false,"path_per_floor":["M","?","M","M","M","E","M","E","T","$","M","R","M","?","R","B",null,"M","M","M","?","T","R","M"],"character_chosen":"THE_SILENT","items_purchased":["Molten Egg 2"],"campfire_rested":1,"item_purchase_floors":[10],"current_hp_per_floor":[63,63,63,63,56,47,35,17,17,17,17,53,44,44,44,31,70,41,41,41,29,29,29,0,0],"gold":296,"neow_bonus":"THREE_CARDS","is_daily":false,"chose_seed":false,"campfire_upgraded":1,"win_rate":0.0,"timestamp":1611375019,"path_taken":["M","?","M","M","?","E","?","E","T","$","M","R","M","?","R","BOSS","M","M","M","?","?","R","M"],"items_purchased_type":["Relic"],"build_version":"2020-12-18","purchased_purges":0,"victory":false,"max_hp_per_floor":[70,70,70,70,70,70,70,70,70,70,70,70,70,70,70,70,70,70,70,70,70,70,70,70,70],"card_choices":[{"not_picked":["Footwork","Reflex"],"picked":"Finisher","floor":0},{"not_picked":["Acrobatics","Prepared"],"picked":"Blade Dance","floor":1},{"not_picked":["Bane","Sucker Punch"],"picked":"Finisher","floor":3},{"not_picked":["Eviscerate","Escape Plan"],"picked":"Slice","floor":4},{"not_picked":["Underhanded Strike","Bane"],"picked":"Dagger Spray","floor":5},{"not_picked":["Leg Sweep+1","Deflect+1"],"picked":"Prepared+1","floor":6},{"not_picked":["Die Die Die","Sucker Punch"],"picked":"Blade Dance+1","floor":7},{"not_picked":["Reflex+1","Slice"],"picked":"Corpse Explosion+1","floor":8},{"not_picked":["Outmaneuver+1","Caltrops"],"picked":"Flying Knee+1","floor":11},{"not_picked":["Bouncing Flask+1","Dash+1"],"picked":"Blade Dance+1","floor":13},{"not_picked":["Burst+1","Glass Knife+1"],"picked":"Envenom","floor":16},{"not_picked":["Outmaneuver+1","Endless Agony+1"],"picked":"Terror+1","floor":18},{"not_picked":["Underhanded Strike+1","Caltrops"],"picked":"Blade Dance+1","floor":19},{"not_picked":["Dash+1","Well Laid Plans"],"picked":"Blade Dance+1","floor":20}],"player_experience":9581,"relics_obtained":[{"floor":6,"key":"Toxic Egg 2"},{"floor":8,"key":"Tiny Chest"},{"floor":9,"key":"Regal Pillow"},{"floor":22,"key":"Potion Belt"},{"floor":23,"key":"Bronze Scales"}],"event_choices":[{"damage_healed":0,"gold_gain":0,"player_choice":"Got Potions","damage_taken":0,"max_hp_gain":0,"max_hp_loss":0,"event_name":"Lab","floor":2,"gold_loss":0},{"damage_healed":0,"gold_gain":59,"player_choice":"Gained Gold","damage_taken":0,"max_hp_gain":0,"max_hp_loss":0,"event_name":"Golden Wing","floor":14,"gold_loss":0}],"is_beta":true,"boss_relics":[{"not_picked":["Calling Bell","Astrolabe"],"picked":"HoveringKite"}],"items_purged_floors":[],"is_endless":false,"potions_floor_spawned":[5,6,8,11,13],"killed_by":"theJungle:2_Flameangoes","ascension_level":0}}