{"host":"urvvf8749ekcxo1a","time":1611366711,"event":{"mods":["AchievementEnabler","BaseMod","Better Sensory Stone","BetterRewards","Colored Powertips","Evolution","Gold Saver","Marisa????????","Minty Spire (QoL Compilation)","Quick Restart","StSLib","SuperFastMode","The Cursed","The Hierophant","The Saiyan","The Servant 0.9.4","The Wild Card"],"gold_per_floor":[2004,1757,1787,1435,1435,1447,769,853,903,978,1071,1146,1197,637,637,637,637],"floor_reached":16,"language":"ENG","playtime":312,"items_purged":[],"score":401,"play_id":"1ce02629-6dcb-42b2-953b-4ed599781250","local_time":"20210122205151","daily_mods":["Hoarder","Insanity","Chimera","Vintage","ControlledChaos","Allstar","Heirloom","Time Dilation","Flight","DeadlyEvents","Cursed Run","Elite Swarm","Lethality","Midas"],"is_ascension_mode":false,"campfire_choices":[{"floor":6,"key":"RECALL"},{"floor":15,"key":"REST"}],"circlet_count":0,"master_deck":["Demon Form","Wraith Form v2","Echo Form","DevaForm","Saiyan:SuperSaiyanForm","Saiyan:SuperSaiyanThree","FlawlessForm","Bash","Survivor","Zap","Eruption","Barrage","Barrage","Barrage","Conserve Battery","Conserve Battery","Conserve Battery","Coolheaded","FTL","Tempest","Barrage","Steam Power","Blizzard","Conserve Battery","Lockon","Undo","Coolheaded","Compile Driver","Auto Shields","Turbo","Gash","Conserve Battery","Hello World","Go for the Eyes","Ball Lightning","Ball Lightning","Scrape","Go for the Eyes","FTL","Compile Driver","Defragment","Coolheaded","Sweeping Beam","Glacier","Stack","Cold Snap","Auto Shields","Fusion","Streamline","Turbo","Gash","Hologram","Rebound","Leap","Stack","Undo","Skim","Streamline","Compile Driver","Conserve Battery","Self Repair","Barrage","Tempest","Consume","Streamline","Stack","Turbo","Panacea","Panacea","Panacea","Deep Breath","Deep Breath","Deep Breath","Bandage Up","Bandage Up","Bandage Up","Forethought","Forethought","Forethought","Flash of Steel","Flash of Steel","Flash of Steel","Turbo","Turbo","Turbo","Go for the Eyes","Go for the Eyes","Go for the Eyes","Enlightenment","Enlightenment","Enlightenment","Core Surge","Core Surge","Core Surge","Echo Form","Echo Form","Echo Form","Hyperbeam","Hyperbeam","Hyperbeam","Apotheosis","Apotheosis","Apotheosis","Gash","Gash","Gash","BootSequence","BootSequence","BootSequence"],"relics":["Unceasing Top","EVO:Axolotl","Incense Burner","Potion Belt","Matryoshka","Mango","TungstenRod","MawBank","Calipers","Shuriken","PreservedInsect","Bronze Scales","Regal Pillow","Question Card","Toy Ornithopter","Symbiotic Virus","Tiny Chest","Mummified Hand"],"acts_visited":["Exordium"],"potions_floor_usage":[8],"damage_taken":[{"damage":0,"enemies":"Cultist","floor":1,"turns":2},{"damage":0,"enemies":"Small Slimes","floor":3,"turns":1},{"damage":4,"enemies":"3 Sentries","floor":8,"turns":4},{"damage":12,"enemies":"Gremlin Nob","floor":10,"turns":3},{"damage":0,"enemies":"Lagavulin","floor":11,"turns":3},{"damage":11,"enemies":"3 Sentries","floor":12,"turns":4},{"damage":0,"enemies":"2 Louse","floor":13,"turns":1},{"damage":101,"enemies":"Hexaghost","floor":16,"turns":2}],"seed_played":"5844817357093139289","potions_obtained":[{"floor":3,"key":"BlessingOfTheForge"},{"floor":11,"key":"PotionOfCapacity"}],"is_trial":true,"path_per_floor":["M","$","M","$","?","R","$","E","T","E","E","E","M","$","R","B"],"character_chosen":"DEFECT","items_purchased":["Matryoshka","TungstenRod","Turbo","Calipers","Shuriken","Go for the Eyes","Enlightenment","Apotheosis","Mummified Hand","Gash","BootSequence"],"campfire_rested":1,"item_purchase_floors":[2,4,4,7,7,7,7,14,14,14,14],"current_hp_per_floor":[85,85,99,99,90,90,90,94,94,90,94,98,98,98,99,0,0],"gold":637,"neow_bonus":"","is_daily":false,"chose_seed":false,"campfire_upgraded":0,"win_rate":0.0,"timestamp":1611366711,"path_taken":["M","$","?","$","?","R","?","E","T","E","?","E","M","$","R","BOSS"],"items_purchased_type":["Relic","Relic","Card","Relic","Relic","Card","Card","Card","Relic","Card","Card"],"build_version":"2020-12-22","purchased_purges":0,"victory":false,"max_hp_per_floor":[85,85,99,99,99,99,99,99,99,99,99,99,99,99,99,99,99],"card_choices":[{"not_picked":["Creative AI","Hyperbeam"],"picked":"Core Surge","floor":8},{"not_picked":["All For One","Amplify"],"picked":"Echo Form","floor":10},{"not_picked":["Multi-Cast","Creative AI","Amplify"],"picked":"Hyperbeam","floor":11},{"not_picked":["Creative AI","Amplify","Echo Form","Buffer"],"picked":"SKIP","floor":12}],"player_experience":147740,"relics_obtained":[{"floor":1,"key":"Potion Belt"},{"floor":3,"key":"Mango"},{"floor":8,"key":"PreservedInsect"},{"floor":9,"key":"Bronze Scales"},{"floor":9,"key":"Regal Pillow"},{"floor":10,"key":"Question Card"},{"floor":11,"key":"Toy Ornithopter"},{"floor":12,"key":"Symbiotic Virus"},{"floor":13,"key":"Tiny Chest"}],"event_choices":[{"damage_healed":0,"gold_gain":0,"player_choice":"Success","damage_taken":12,"relics_obtained":["MawBank"],"max_hp_gain":0,"max_hp_loss":0,"event_name":"Scrap Ooze","floor":5,"gold_loss":0}],"is_beta":false,"boss_relics":[],"items_purged_floors":[],"is_endless":false,"potions_floor_spawned":[3,11],"killed_by":"Hexaghost","ascension_level":0}}