{"host":"89iuq2p5kwriuwfq","time":1611405174,"event":{"mods":["BaseMod","Curses Come First","Minty Spire (QoL Compilation)","Permanent Neow","StSLib"],"gold_per_floor":[17,17,31,31,43,77,77,109,109,109,28,28,28,43,43,143,143,155,165,177,187,187,217,236,261,261,289,300,317,317,19,19,117,117,131,131,131,131,52,79,79,104,104,135,135,151,101,120,120,120],"floor_reached":51,"language":"ENG","playtime":3741,"items_purged":["All Out Attack","Strike_G"],"score":1149,"play_id":"f14fd683-6972-4915-a1c3-e3ca1f81c6ad","local_time":"20210123123254","is_ascension_mode":true,"campfire_choices":[{"data":"Malaise","floor":7,"key":"SMITH"},{"data":"Noxious Fumes","floor":10,"key":"SMITH"},{"data":"Blade Dance","floor":13,"key":"SMITH"},{"data":"Accuracy","floor":15,"key":"SMITH"},{"data":"Envenom","floor":30,"key":"SMITH"},{"data":"Blade Dance","floor":32,"key":"SMITH"},{"data":"Blade Dance","floor":45,"key":"SMITH"},{"data":"Noxious Fumes","floor":49,"key":"SMITH"}],"circlet_count":0,"master_deck":["Strike_G","Strike_G","Strike_G+1","Defend_G","Defend_G","Defend_G","Defend_G","Defend_G","Survivor","Neutralize","Blade Dance+1","Backflip","Noxious Fumes+1","Malaise+1","Backstab","Accuracy+1","Envenom+1","Footwork+1","Blade Dance+1","Infinite Blades","Blade Dance+1","Tools of the Trade","Deflect+1","Endless Agony+1","Slice","Infinite Blades","Tools of the Trade","Blade Dance+1","Noxious Fumes+1","Calculated Gamble","Backflip","Deflect+1"],"relics":["Ring of the Snake","Bird Faced Urn","Dream Catcher","Kunai","MealTicket","Nunchaku","SlaversCollar","Matryoshka","Blood Vial","Omamori","Question Card","Ginger","Oddly Smooth Stone","Cursed Key","Whetstone","Toy Ornithopter","Turnip","Potion Belt","Bottled Flame","Smiling Mask"],"acts_visited":["Exordium","TheCity","TheBeyond"],"potions_floor_usage":[8,18,21,21,27,27,28,50,50,50],"damage_taken":[{"damage":1,"enemies":"Small Slimes","floor":1,"turns":4},{"damage":0,"enemies":"Cultist","floor":3,"turns":3},{"damage":0,"enemies":"Jaw Worm","floor":5,"turns":4},{"damage":19,"enemies":"3 Sentries","floor":6,"turns":9},{"damage":5,"enemies":"Lagavulin","floor":8,"turns":9},{"damage":0,"enemies":"Blue Slaver","floor":14,"turns":2},{"damage":1,"enemies":"Hexaghost","floor":16,"turns":10},{"damage":0,"enemies":"3 Byrds","floor":18,"turns":5},{"damage":9,"enemies":"Shell Parasite","floor":19,"turns":7},{"damage":16,"enemies":"Snecko","floor":20,"turns":5},{"damage":8,"enemies":"Shelled Parasite and Fungi","floor":21,"turns":6},{"damage":25,"enemies":"Gremlin Leader","floor":23,"turns":6},{"damage":11,"enemies":"Centurion and Healer","floor":24,"turns":8},{"damage":25,"enemies":"Slavers","floor":25,"turns":6},{"damage":24,"enemies":"Book of Stabbing","floor":27,"turns":6},{"damage":4,"enemies":"Snake Plant","floor":28,"turns":5},{"damage":10,"enemies":"Snecko","floor":29,"turns":4},{"damage":20,"enemies":"Collector","floor":33,"turns":6},{"damage":11,"enemies":"Orb Walker","floor":35,"turns":5},{"damage":4,"enemies":"Nemesis","floor":40,"turns":7},{"damage":0,"enemies":"Giant Head","floor":42,"turns":6},{"damage":1,"enemies":"Nemesis","floor":44,"turns":7},{"damage":8,"enemies":"3 Darklings","floor":46,"turns":5},{"damage":9,"enemies":"Spire Growth","floor":48,"turns":5},{"damage":43,"enemies":"Time Eater","floor":50,"turns":12}],"seed_played":"7503699450367628521","potions_obtained":[{"floor":5,"key":"Ancient Potion"},{"floor":6,"key":"Fire Potion"},{"floor":8,"key":"SkillPotion"},{"floor":14,"key":"Poison Potion"},{"floor":16,"key":"SkillPotion"},{"floor":20,"key":"BlessingOfTheForge"},{"floor":24,"key":"Poison Potion"},{"floor":25,"key":"ColorlessPotion"},{"floor":33,"key":"Strength Potion"},{"floor":44,"key":"BlessingOfTheForge"},{"floor":48,"key":"DuplicationPotion"}],"is_trial":false,"path_per_floor":["M","?","M","$","M","E","R","E","T","R","$","?","R","M","R","B",null,"M","M","M","M","?","E","M","E","T","E","M","M","R","$","R","B",null,"M","?","?","T","$","E","$","E","T","E","R","M","$","M","R","B",null],"character_chosen":"THE_SILENT","items_purchased":["Accuracy","Infinite Blades","Oddly Smooth Stone","Noxious Fumes"],"campfire_rested":0,"item_purchase_floors":[11,31,31,39],"current_hp_per_floor":[62,62,62,62,62,45,45,42,42,42,57,57,57,57,57,60,68,70,67,54,56,70,47,44,29,29,13,23,23,23,38,38,34,61,59,59,59,59,66,65,66,66,66,66,66,66,66,65,65,41],"gold":120,"neow_bonus":"ONE_RARE_RELIC","is_daily":false,"chose_seed":false,"campfire_upgraded":8,"win_rate":0.0,"timestamp":1611405174,"path_taken":["M","?","M","?","M","E","R","E","T","R","$","?","R","M","R","BOSS","M","M","?","M","?","E","?","E","T","E","M","M","R","$","R","BOSS","M","?","?","?","$","E","?","E","T","E","R","M","$","M","R","BOSS"],"items_purchased_type":["Card","Card","Relic","Card"],"build_version":"2020-12-22","purchased_purges":2,"victory":true,"max_hp_per_floor":[70,70,70,70,70,70,70,70,70,70,70,70,70,70,70,70,70,70,70,70,70,70,70,70,70,70,70,70,70,70,70,70,70,70,70,70,66,66,66,66,66,66,66,66,66,66,66,66,66,66],"card_choices":[{"not_picked":["Reflex","Underhanded Strike"],"picked":"Blade Dance","floor":1},{"not_picked":["Dagger Spray","PiercingWail"],"picked":"Backflip","floor":3},{"not_picked":["Cloak And Dagger","Deadly Poison"],"picked":"Noxious Fumes","floor":5},{"not_picked":["Predator","Crippling Poison"],"picked":"Malaise","floor":6},{"not_picked":["Acrobatics","Underhanded Strike"],"picked":"Backstab","floor":8},{"not_picked":["Acrobatics","Poisoned Stab"],"picked":"All Out Attack","floor":14},{"not_picked":["Malaise","Unload"],"picked":"Envenom","floor":16},{"not_picked":["Prepared+1","Dagger Spray"],"picked":"Footwork+1","floor":18},{"not_picked":["Sucker Punch","Bane+1"],"picked":"Blade Dance","floor":19},{"not_picked":["Dodge and Roll+1","Dagger Throw"],"picked":"Infinite Blades","floor":20},{"not_picked":["Heel Hook","Setup","Dagger Spray"],"picked":"SKIP","floor":21},{"not_picked":["Catalyst","Crippling Poison","Setup"],"picked":"SKIP","floor":23},{"not_picked":["Quick Slash","Concentrate+1"],"picked":"Blade Dance","floor":24},{"not_picked":["Flechettes","Masterful Stab+1"],"picked":"Tools of the Trade","floor":25},{"not_picked":["Slice","Flechettes","Outmaneuver"],"picked":"Deflect+1","floor":27},{"not_picked":["Dagger Spray","Deadly Poison","Flying Knee"],"picked":"Endless Agony","floor":28},{"not_picked":["Sucker Punch","Predator","Flying Knee"],"picked":"Slice","floor":29},{"not_picked":["Doppelganger","Grand Finale","Unload"],"picked":"Tools of the Trade","floor":33},{"not_picked":["Catalyst","Finisher+1","Poisoned Stab+1"],"picked":"Blade Dance+1","floor":35},{"not_picked":["Dagger Throw","Bane","Escape Plan+1","Sucker Punch+1"],"picked":"SKIP","floor":40},{"not_picked":["Caltrops+1","Dash","Well Laid Plans"],"picked":"Calculated Gamble","floor":42},{"not_picked":["Acrobatics+1","Dagger Throw+1","PiercingWail"],"picked":"Backflip","floor":44},{"not_picked":["PiercingWail+1","All Out Attack","Die Die Die"],"picked":"Deflect+1","floor":46},{"not_picked":["Noxious Fumes+1","Underhanded Strike","Caltrops+1","Outmaneuver+1"],"picked":"SKIP","floor":48}],"player_experience":550284,"relics_obtained":[{"floor":6,"key":"Dream Catcher"},{"floor":8,"key":"Kunai"},{"floor":9,"key":"MealTicket"},{"floor":23,"key":"Matryoshka"},{"floor":25,"key":"Blood Vial"},{"floor":26,"key":"Omamori"},{"floor":26,"key":"Question Card"},{"floor":27,"key":"Ginger"},{"floor":38,"key":"Whetstone"},{"floor":38,"key":"Toy Ornithopter"},{"floor":40,"key":"Turnip"},{"floor":42,"key":"Potion Belt"},{"floor":43,"key":"Bottled Flame"},{"floor":44,"key":"Smiling Mask"}],"event_choices":[{"damage_healed":0,"gold_gain":0,"cards_transformed":["Strike_G"],"player_choice":"Transformed","damage_taken":0,"max_hp_gain":0,"max_hp_loss":0,"event_name":"Transmorgrifier","floor":2,"gold_loss":0,"cards_obtained":["Eviscerate"]},{"damage_healed":0,"gold_gain":0,"player_choice":"Gave Potion","damage_taken":0,"relics_obtained":["Nunchaku"],"max_hp_gain":0,"max_hp_loss":0,"event_name":"WeMeetAgain","floor":12,"gold_loss":0},{"cards_removed":["Eviscerate"],"damage_healed":14,"gold_gain":0,"player_choice":"Offered Uncommon","damage_taken":0,"max_hp_gain":0,"max_hp_loss":0,"event_name":"Bonfire Elementals","floor":22,"gold_loss":0},{"damage_healed":0,"gold_gain":0,"player_choice":"Ignored","damage_taken":0,"max_hp_gain":0,"max_hp_loss":0,"event_name":"Tomb of Lord Red Mask","floor":36,"gold_loss":0},{"damage_healed":0,"gold_gain":0,"player_choice":"Max HP","damage_taken":0,"max_hp_gain":0,"max_hp_loss":4,"event_name":"Winding Halls","floor":37,"gold_loss":0}],"is_beta":false,"boss_relics":[{"not_picked":["Calling Bell","Ring of the Serpent"],"picked":"SlaversCollar"},{"not_picked":["Runic Pyramid","Velvet Choker"],"picked":"Cursed Key"}],"items_purged_floors":[31,47],"is_endless":false,"potions_floor_spawned":[5,6,8,14,16,20,24,25,33,44,48],"ascension_level":8}}