{"host":"hwrdjx5eod2cxh09","time":1611426237,"event":{"mods":["AchievementEnabler","BaseMod","Bestiary","Minty Spire (QoL Compilation)","Relic Stats"],"gold_per_floor":[219,145,156,167,167,196,214,214,214],"floor_reached":8,"language":"ENG","playtime":699,"items_purged":[],"score":61,"play_id":"0f4a1134-a648-46b2-b729-ff844460a3b2","local_time":"20210124032357","is_ascension_mode":true,"campfire_choices":[],"circlet_count":0,"master_deck":["Strike_P","Strike_P","Strike_P","Strike_P","Defend_P","Defend_P","Defend_P","Defend_P","Eruption","Vigilance","EmptyMind","WindmillStrike","FlurryOfBlows","SashWhip","Consecrate","LikeWater"],"relics":["PureWater","Lantern","Omamori"],"acts_visited":["Exordium"],"potions_floor_usage":[6,8],"damage_taken":[{"damage":2,"enemies":"Cultist","floor":1,"turns":4},{"damage":1,"enemies":"Jaw Worm","floor":3,"turns":3},{"damage":4,"enemies":"Small Slimes","floor":4,"turns":3},{"damage":28,"enemies":"3 Sentries","floor":6,"turns":14},{"damage":10,"enemies":"3 Louse","floor":7,"turns":4},{"damage":23,"enemies":"Gremlin Nob","floor":8,"turns":4}],"seed_played":"-1317349807731448524","potions_obtained":[{"floor":3,"key":"Weak Potion"},{"floor":4,"key":"SteroidPotion"},{"floor":7,"key":"GamblersBrew"}],"is_trial":false,"path_per_floor":["M","$","M","M","?","E","M","E"],"character_chosen":"WATCHER","items_purchased":["WindmillStrike"],"campfire_rested":0,"item_purchase_floors":[2],"current_hp_per_floor":[70,70,69,65,58,30,20,0,0],"gold":214,"neow_bonus":"HUNDRED_GOLD","is_daily":false,"chose_seed":false,"campfire_upgraded":0,"win_rate":0.0,"timestamp":1611426237,"path_taken":["M","$","?","M","?","E","M","E"],"items_purchased_type":["Card"],"build_version":"2020-12-22","purchased_purges":0,"victory":false,"max_hp_per_floor":[72,72,72,72,72,72,72,72,72],"relic_stats":{"counters":[6,32],"obtain_stats":[{"Lantern":5,"Omamori":6,"PureWater":0},{"Lantern":3,"Omamori":4,"PureWater":0},{"Lantern":10,"Omamori":24,"PureWater":0}]},"card_choices":[{"not_picked":["BowlingBash","Prostrate"],"picked":"EmptyMind","floor":1},{"not_picked":["ForeignInfluence","Collect"],"picked":"FlurryOfBlows","floor":3},{"not_picked":["PathToVictory","BowlingBash"],"picked":"SashWhip","floor":4},{"not_picked":["Evaluate","WreathOfFlame"],"picked":"Consecrate","floor":6},{"not_picked":["FollowUp","EmptyBody"],"picked":"LikeWater","floor":7}],"player_experience":269015,"relics_obtained":[{"floor":6,"key":"Omamori"}],"event_choices":[{"damage_healed":0,"gold_gain":0,"player_choice":"Success","damage_taken":7,"relics_obtained":["Lantern"],"max_hp_gain":0,"max_hp_loss":0,"event_name":"Scrap Ooze","floor":5,"gold_loss":0}],"is_beta":false,"boss_relics":[],"items_purged_floors":[],"is_endless":false,"potions_floor_spawned":[3,4,7],"killed_by":"Gremlin Nob","ascension_level":1}}