{"host":"1v40mr5lzhkzagea","time":1611396389,"event":{"mods":["BaseMod","Hunter 猎人","Minty Spire (QoL Compilation)","Replay The Spire","Robot Space Explorer","Spicy Shops","StSLib","TestMod","The Construct","The Marked","[IsaacMod]以撒尖塔"],"gold_per_floor":[142,162,212,4,33,33,83,32,57,57,57,84,97,142,142,277,577,604,27,27,27,27,27,53,53,53,69,144,144,259,300,495,595,595,608,652,63,463,477,477,490,524,606,606,606,624,683,683,683,713],"floor_reached":51,"language":"ZHS","playtime":2624,"items_purged":["Doubt","Upgrade_Giant+1"],"score":959,"play_id":"70f2550f-0226-4bb5-a548-81214dd98ea4","local_time":"20210123180629","is_ascension_mode":false,"campfire_choices":[{"floor":6.0,"key":"REST"},{"data":"Clone Minion","floor":11.0,"key":"SMITH"},{"data":"Upgrade_Giant","floor":15.0,"key":"SMITH"},{"data":"CultistPetCall","floor":23.0,"key":"SMITH"},{"data":"Echo Attack","floor":25.0,"key":"SMITH"},{"floor":40,"key":"REST"},{"floor":45,"key":"REST"},{"floor":49,"key":"REST"}],"circlet_count":0,"master_deck":["Strike_Giant","Strike_Giant","Defend_Giant","Defend_Giant","Defend_Giant","CultistPetCall+1","EagleFirst","EagleFirst","EagleSecond","BettingIsNotGood","Drunk Grant","Echo Defend Giant","Backflip Giant","Mana Growth","Commander_Giant","Clone Minion+1","GremlinTsunderePetCall","Pot Of Greed","Pot Of Greed","HealerPetCall","Resurrection Giant","Echo Attack+1","CurseOfTheBell","Protect_Giant+1","Pot Of Greed","Clone Minion","Combo Defend","testmod-PerfectCombo+1","Writhe","Fanatic Cultist","Backflip Giant+1","ByrdPetCall","Pummel Giant+1","ByrdPetCall+1","ReplayTheSpireMod:Splinters","Giant Prayer","Pot Of Greed","Beast Master","Discover Combo","EagleThird+1","CultistForm+1","Pummel Giant","Pummel Giant","ByrdPetCall+1","Meditate Giant+1","EagleThird","Bloody Giant+1","ReplayTheSpireMod:Splinters","Blood Defend+1","Pot Of Greed","CultistPetCall+1","GremlinTsunderePetCall+1"],"relics":["GiantSoulBox","testmod-TestBox","MoneyPower","testmod-CardMagician","Onion Ring","Blue Doll","Anchor","Grinning Jar","NlothsMask","GiantSoulStone","Calling Bell","Bag of Marbles","testmod-InfectionSource","Old Coin","Membership Card","Darkstone Periapt","GuppysTail","BargainBundle","AnarchistCookbook","SatanicBible","Gambling Chip","HornCleat","Replay:Arrowhead","InkBottle","SlaversCollar","ReplayTheSpireMod:TigerMarble","Medical Kit","Matryoshka","Bottled Tornado","Pear","Shuriken","Question Card","Potion Belt"],"acts_visited":["Exordium","TheCity","TheBeyond"],"potions_floor_usage":[36,48],"damage_taken":[{"damage":12.0,"enemies":"Small Slimes","floor":1.0,"turns":3.0},{"damage":0.0,"enemies":"Cultist","floor":2.0,"turns":2.0},{"damage":18.0,"enemies":"Hiden Room Battle","floor":3.0,"turns":8.0},{"damage":0.0,"enemies":"2 Louse","floor":5.0,"turns":3.0},{"damage":0.0,"enemies":"Lots of Slimes","floor":7.0,"turns":3.0},{"damage":3.0,"enemies":"Exordium Thugs","floor":12.0,"turns":4.0},{"damage":6.0,"enemies":"Blue Slaver","floor":13.0,"turns":8.0},{"damage":0.0,"enemies":"Looter","floor":14.0,"turns":2.0},{"damage":61.0,"enemies":"Slime Boss","floor":16.0,"turns":14.0},{"damage":2.0,"enemies":"2 Thieves","floor":18.0,"turns":4.0},{"damage":12.0,"enemies":"Slavers","floor":24.0,"turns":3.0},{"damage":0.0,"enemies":"3 Byrds","floor":27.0,"turns":3.0},{"damage":3.0,"enemies":"Colosseum Slavers","floor":30.0,"turns":3.0},{"damage":0.0,"enemies":"Colosseum Nobs","floor":30.0,"turns":3.0},{"damage":0.0,"enemies":"Sentry and Sphere","floor":31.0,"turns":3.0},{"damage":21.0,"enemies":"Automaton","floor":33.0,"turns":6.0},{"damage":2.0,"enemies":"Orb Walker","floor":35.0,"turns":3.0},{"damage":50,"enemies":"3 Darklings","floor":36,"turns":11},{"damage":31,"enemies":"Spire Growth","floor":39,"turns":5},{"damage":0,"enemies":"Transient","floor":41,"turns":5},{"damage":42,"enemies":"Maw","floor":42,"turns":6},{"damage":23,"enemies":"Writhing Mass","floor":46,"turns":4},{"damage":0,"enemies":"Jaw Worm Horde","floor":48,"turns":1},{"damage":1,"enemies":"Donu and Deca","floor":50,"turns":4}],"seed_played":"-7089108840134817510","potions_obtained":[{"floor":2.0,"key":"AttackPotion"},{"floor":3.0,"key":"Toxic Potion"},{"floor":12.0,"key":"PowerPotion"},{"floor":18.0,"key":"testmod-TestPotion"},{"floor":30.0,"key":"PowerPotion"},{"floor":35.0,"key":"Energy Potion"},{"floor":36,"key":"Milkshake"},{"floor":42,"key":"Toxic Potion"},{"floor":47,"key":"SmokeBomb"}],"is_trial":false,"path_per_floor":["M","M","?","$","M","R","M","$","T","?","R","M","M","M","R","B",null,"M","$","?","?","$","R","E","R","T","M","T","?","?","M","R","B",null,"M","M","$","?","M","R","M","M","T","?","R","M","?","M","R","B",null],"character_chosen":"Giant","items_purchased":["Anchor","Mana Growth","GremlinTsunderePetCall","Membership Card","Darkstone Periapt","GuppysTail","BargainBundle","AnarchistCookbook","SpiritPotion Giant","Clone Minion","Combo Defend","testmod-PerfectCombo+1","ReplayTheSpireMod:TigerMarble","CultistForm+1","Pummel Giant","BlessingOfTheForge","Medical Kit","Matryoshka","Bottled Tornado"],"campfire_rested":4,"item_purchase_floors":[4,4,8,19,19,19,19,19,19,19,19,19,37,37,37,37,37,37,37],"current_hp_per_floor":[59,59,26,26,26,47,52,52,52,52,52,49,55,60,60,56,86,86,86,92,92,92,92,80,80,80,80,80,80,77,82,88,71,103,101,61,61,61,30,62,67,51,61,61,96,73,79,79,116,128],"gold":713,"neow_bonus":"TEN_PERCENT_HP_BONUS","is_daily":false,"chose_seed":false,"campfire_upgraded":4,"win_rate":0.0,"timestamp":1611396389,"path_taken":["M","M","?","$","M","R","M","$","T","?","R","?","M","M","R","BOSS","M","$","?","?","$","R","E","R","T","?","?","?","?","M","R","BOSS","M","M","$","?","M","R","M","M","T","?","R","M","?","?","R","BOSS"],"items_purchased_type":["Relic","Card","Card","Relic","Relic","Relic","Relic","Relic","Potion","Card","Card","Card","Relic","Card","Card","Potion","Relic","Relic","Relic"],"build_version":"2020-12-22","purchased_purges":2,"victory":true,"max_hp_per_floor":[71,71,71,71,71,71,76,76,76,76,76,76,76,81,81,86,86,86,86,92,92,92,92,92,92,92,92,92,92,92,97,103,103,103,103,108,108,108,108,108,108,108,118,118,118,118,124,124,124,129],"card_choices":[{"not_picked":[],"picked":"BettingIsNotGood","floor":0.0},{"not_picked":["Retain Combo","GremlinTsunderePetCall"],"picked":"Drunk Grant","floor":1.0},{"not_picked":["Revenge Attack","Random Death Rattle"],"picked":"Echo Defend Giant","floor":2.0},{"not_picked":["CultistForm","Trace_Giant"],"picked":"Backflip Giant","floor":3.0},{"not_picked":["Random Death Rattle","Mana Growth"],"picked":"Commander_Giant","floor":5.0},{"not_picked":["Commander_Giant","LeftHookFist"],"picked":"Clone Minion","floor":7.0},{"not_picked":["Spirit Of Beast","GremlinTsunderePetCall"],"picked":"HealerPetCall","floor":12.0},{"not_picked":["Random Death Rattle","EagleSecond"],"picked":"Upgrade_Giant","floor":13.0},{"not_picked":["Rupture Giant","Struggle Attack"],"picked":"Resurrection Giant","floor":14.0},{"not_picked":["Double Mana","Time Travel"],"picked":"Echo Attack","floor":16.0},{"not_picked":["HPGrowth_Giant","Heal Wind"],"picked":"Protect_Giant+1","floor":18.0},{"not_picked":["Seek Combo","EagleThird"],"picked":"Fanatic Cultist","floor":24.0},{"not_picked":["Ready_Giant+1","Trace_Giant"],"picked":"Backflip Giant+1","floor":27.0},{"not_picked":["HPGrowth_Giant","Trace_Giant"],"picked":"Pummel Giant+1","floor":30.0},{"not_picked":["Struggle Attack","TakeAll_Giant"],"picked":"ByrdPetCall+1","floor":31.0},{"not_picked":["HPGrowth_Giant+1","Duplicate Hand+1"],"picked":"Giant Prayer","floor":32.0},{"not_picked":["Time Travel","TakeAll_Giant"],"picked":"Beast Master","floor":33.0},{"not_picked":["Commander_Giant+1","Combo Connect+1"],"picked":"Discover Combo","floor":35.0},{"not_picked":["SpikerPetCall","Up Up Up+1"],"picked":"EagleThird+1","floor":36},{"not_picked":["Fanatic Cultist","CultistForm+1"],"picked":"ByrdPetCall+1","floor":39},{"not_picked":["Random Death Rattle+1","Fanatic Cultist"],"picked":"Meditate Giant+1","floor":41},{"not_picked":["Backflip Giant","Duplicate Hand+1"],"picked":"EagleThird","floor":42},{"not_picked":["CultistPetCall","SpikerPetCall"],"picked":"Bloody Giant+1","floor":46},{"not_picked":["Combo Recycle","Mana Growth"],"picked":"Blood Defend+1","floor":47},{"not_picked":["ByrdPetCall","GremlinTsunderePetCall+1"],"picked":"CultistPetCall+1","floor":47},{"not_picked":["Combo Recycle","Retain Combo"],"picked":"GremlinTsunderePetCall+1","floor":47}],"player_experience":61707,"relics_obtained":[{"floor":3.0,"key":"Onion Ring"},{"floor":3.0,"key":"Blue Doll"},{"floor":9.0,"key":"Grinning Jar"},{"floor":16.0,"key":"GiantSoulStone"},{"floor":17.0,"key":"Bag of Marbles"},{"floor":17.0,"key":"testmod-InfectionSource"},{"floor":17.0,"key":"Old Coin"},{"floor":24.0,"key":"Gambling Chip"},{"floor":28.0,"key":"HornCleat"},{"floor":30.0,"key":"Replay:Arrowhead"},{"floor":30.0,"key":"InkBottle"},{"floor":43,"key":"Pear"},{"floor":43,"key":"Shuriken"},{"floor":47,"key":"Question Card"},{"floor":47,"key":"Potion Belt"}],"event_choices":[{"damage_healed":0.0,"max_hp_gain":0.0,"max_hp_loss":0.0,"gold_gain":0.0,"event_name":"HidenRoomEvent","player_choice":"Fight","floor":3.0,"gold_loss":0.0,"damage_taken":0.0},{"damage_healed":0.0,"max_hp_gain":0.0,"max_hp_loss":0.0,"gold_gain":0.0,"event_name":"FaceTrader","player_choice":"Trade","floor":10.0,"gold_loss":0.0,"damage_taken":0.0,"relics_obtained":["NlothsMask"]},{"damage_healed":0.0,"max_hp_gain":0.0,"max_hp_loss":0.0,"gold_gain":0.0,"event_name":"The Mausoleum","player_choice":"Opened","floor":20.0,"gold_loss":0.0,"damage_taken":0.0,"relics_obtained":["SatanicBible"],"cards_obtained":["Writhe"]},{"damage_healed":0.0,"max_hp_gain":0.0,"max_hp_loss":0.0,"gold_gain":0.0,"event_name":"Ghosts","player_choice":"Ignored","floor":21.0,"gold_loss":0.0,"damage_taken":0.0},{"damage_healed":0.0,"max_hp_gain":0.0,"max_hp_loss":0.0,"gold_gain":0.0,"event_name":"The Library","player_choice":"Read","floor":29.0,"gold_loss":0.0,"damage_taken":0.0,"cards_obtained":["ByrdPetCall"]},{"damage_healed":0.0,"max_hp_gain":0.0,"max_hp_loss":0.0,"gold_gain":0.0,"event_name":"Colosseum","player_choice":"Fight","floor":30.0,"gold_loss":0.0,"damage_taken":0.0},{"damage_healed":0.0,"max_hp_gain":0.0,"max_hp_loss":0.0,"gold_gain":0.0,"event_name":"Colosseum","player_choice":"Fought Nobs","floor":30.0,"gold_loss":0.0,"damage_taken":0.0},{"damage_healed":0,"gold_gain":400,"player_choice":"Sell","damage_taken":0,"max_hp_gain":0,"max_hp_loss":0,"event_name":"恩洛斯的盘子","floor":38,"relics_lost":["HushsDoor"],"gold_loss":0},{"cards_removed":["Defend_Giant"],"damage_healed":0,"gold_gain":0,"player_choice":"Removed Skill","damage_taken":0,"max_hp_gain":0,"max_hp_loss":0,"event_name":"Falling","floor":44,"gold_loss":0}],"is_beta":false,"boss_relics":[{"not_picked":["Ring of Chaos","testmod-Nine"],"picked":"Calling Bell"},{"not_picked":[]},{"not_picked":["Fusion Hammer","Runic Pyramid"],"picked":"SlaversCollar"},{"not_picked":[]}],"items_purged_floors":[19,37],"is_endless":false,"potions_floor_spawned":[2,3,12,13,18,27,30,35,36,39,42],"ascension_level":0}}