{"host":"4np54w3ai1r5lqo1","time":1611407694,"event":{"mods":["BaseMod","Colored Map","Minty Spire (QoL Compilation)","Permanent Neow","Quick Restart"],"gold_per_floor":[168,181,197,214,10,10,39,39,62,95,115,132,132,132,132,132,132],"floor_reached":16,"language":"ENG","playtime":496,"items_purged":[],"score":185,"play_id":"62413e1c-53f6-48bb-841a-7fb0bcf8fff4","local_time":"20210123111454","is_ascension_mode":true,"campfire_choices":[{"data":"Terror","floor":6,"key":"SMITH"},{"data":"Blade Dance","floor":8,"key":"SMITH"},{"data":"Envenom","floor":15,"key":"SMITH"}],"circlet_count":0,"master_deck":["AscendersBane","Strike_G","Strike_G","Strike_G","Strike_G","Strike_G+1","Defend_G","Defend_G","Defend_G","Defend_G","Defend_G","Survivor","Neutralize","Poisoned Stab","Blade Dance+1","Poisoned Stab","Cloak And Dagger","Terror+1","PiercingWail","Dash","Envenom+1","Blade Dance+1"],"relics":["Tiny House","Sling","Omamori","Tiny Chest","Frozen Egg 2"],"acts_visited":["Exordium"],"potions_floor_usage":[10,12,16],"damage_taken":[{"damage":0,"enemies":"Cultist","floor":1,"turns":4},{"damage":0,"enemies":"2 Louse","floor":2,"turns":4},{"damage":0,"enemies":"Small Slimes","floor":3,"turns":3},{"damage":6,"enemies":"Red Slaver","floor":4,"turns":4},{"damage":10,"enemies":"Gremlin Nob","floor":7,"turns":3},{"damage":4,"enemies":"Lagavulin","floor":10,"turns":4},{"damage":3,"enemies":"Looter","floor":11,"turns":4},{"damage":0,"enemies":"Lots of Slimes","floor":12,"turns":6},{"damage":36,"enemies":"Slime Boss","floor":16,"turns":11}],"seed_played":"1069416287406493756","potions_obtained":[{"floor":0,"key":"SpeedPotion"},{"floor":4,"key":"GhostInAJar"},{"floor":7,"key":"PowerPotion"},{"floor":10,"key":"EssenceOfSteel"}],"is_trial":false,"path_per_floor":["M","M","M","M","$","R","E","R","T","E","M","M","?","?","R","B"],"character_chosen":"THE_SILENT","items_purchased":["Sling","PiercingWail"],"campfire_rested":0,"item_purchase_floors":[5,5],"current_hp_per_floor":[68,68,68,62,62,62,52,52,52,48,45,45,45,33,33,0,0],"gold":132,"neow_bonus":"BOSS_RELIC","is_daily":false,"chose_seed":false,"campfire_upgraded":3,"win_rate":0.0,"timestamp":1611407694,"path_taken":["M","M","M","M","?","R","E","R","T","E","M","M","?","?","R","BOSS"],"items_purchased_type":["Relic","Card"],"build_version":"2020-12-22","purchased_purges":0,"victory":false,"max_hp_per_floor":[75,75,75,75,75,75,75,75,75,75,75,75,75,75,75,75,75],"card_choices":[{"not_picked":["Deadly Poison","Outmaneuver"],"picked":"Poisoned Stab","floor":0},{"not_picked":["Blur","Underhanded Strike"],"picked":"Blade Dance","floor":1},{"not_picked":["Infinite Blades","Outmaneuver"],"picked":"Poisoned Stab","floor":2},{"not_picked":["Flying Knee","Tactician"],"picked":"Cloak And Dagger","floor":3},{"not_picked":["Grand Finale","Skewer"],"picked":"Terror","floor":4},{"not_picked":["Bane","Quick Slash"],"picked":"Dash","floor":7},{"not_picked":["PiercingWail","Escape Plan"],"picked":"Envenom","floor":10},{"not_picked":["Acrobatics","Quick Slash","Tactician"],"picked":"SKIP","floor":11},{"not_picked":["Quick Slash","Slice"],"picked":"Blade Dance","floor":12}],"player_experience":495421,"relics_obtained":[{"floor":7,"key":"Omamori"},{"floor":10,"key":"Tiny Chest"}],"event_choices":[{"damage_healed":0,"gold_gain":0,"player_choice":"Grow","damage_taken":0,"max_hp_gain":0,"max_hp_loss":0,"event_name":"Living Wall","floor":13,"gold_loss":0,"cards_upgraded":["Blade Dance"]},{"damage_healed":0,"gold_gain":0,"player_choice":"Success","damage_taken":12,"relics_obtained":["Frozen Egg 2"],"max_hp_gain":0,"max_hp_loss":0,"event_name":"Scrap Ooze","floor":14,"gold_loss":0}],"is_beta":false,"boss_relics":[],"items_purged_floors":[],"is_endless":false,"potions_floor_spawned":[4,7,10,11],"killed_by":"Slime Boss","ascension_level":13}}