{"host":"syozzdlzcqop4jia","time":1611440807,"event":{"mods":["BaseMod","Colored Powertips","Minty Spire (QoL Compilation)","Quick Restart"],"gold_per_floor":[119,69,69,82,96,96,3,3,80,80,80,94,112,124,124,225,225,254,271,271,370,70,70,84,84,84],"floor_reached":25,"language":"ENG","playtime":1632,"items_purged":[],"score":237,"play_id":"b2a7d11b-33c4-4a44-a28e-68c2aa7bcb00","local_time":"20210123232647","is_ascension_mode":true,"campfire_choices":[{"data":"1","floor":6,"key":"LIFT"},{"data":"2","floor":10,"key":"LIFT"},{"data":"3","floor":15,"key":"LIFT"},{"data":"Body Slam","floor":23,"key":"SMITH"}],"circlet_count":0,"master_deck":["Strike_R","Strike_R+1","Strike_R+1","Defend_R","Defend_R","Defend_R","Defend_R","Bash","Flex","Body Slam+1","Cleave","Swift Strike","Clash","Armaments","Berserk","Offering","CurseOfTheBell","Ghostly Armor"],"relics":["Burning Blood","Girya","Tiny Chest","Sundial","Calling Bell","CeramicFish","Shuriken","Mango","PreservedInsect","Whetstone"],"acts_visited":["Exordium","TheCity"],"potions_floor_usage":[16,18,18,24,25],"damage_taken":[{"damage":0,"enemies":"Small Slimes","floor":1,"turns":3},{"damage":5,"enemies":"Cultist","floor":4,"turns":5},{"damage":0,"enemies":"2 Louse","floor":5,"turns":3},{"damage":10,"enemies":"2 Fungi Beasts","floor":12,"turns":3},{"damage":6,"enemies":"Looter","floor":13,"turns":2},{"damage":5,"enemies":"Large Slime","floor":14,"turns":4},{"damage":15,"enemies":"Slime Boss","floor":16,"turns":6},{"damage":14,"enemies":"2 Thieves","floor":18,"turns":5},{"damage":15,"enemies":"3 Byrds","floor":19,"turns":6},{"damage":34,"enemies":"Shelled Parasite and Fungi","floor":24,"turns":5},{"damage":55,"enemies":"Slavers","floor":25,"turns":6}],"seed_played":"692223271400261900","potions_obtained":[{"floor":1,"key":"Dexterity Potion"},{"floor":12,"key":"SpeedPotion"},{"floor":14,"key":"SneckoOil"},{"floor":16,"key":"ColorlessPotion"},{"floor":18,"key":"SteroidPotion"},{"floor":24,"key":"Strength Potion"}],"is_trial":false,"path_per_floor":["M","?","?","M","M","R","$","T","T","R","?","M","M","M","R","B",null,"M","M","?","?","$","R","M","E"],"character_chosen":"IRONCLAD","items_purchased":["Swift Strike","PreservedInsect","Whetstone"],"campfire_rested":0,"item_purchase_floors":[7,22,22],"current_hp_per_floor":[88,88,88,88,88,88,88,88,88,88,81,77,77,78,78,69,102,94,85,85,85,85,85,57,2,2],"gold":84,"neow_bonus":"TEN_PERCENT_HP_BONUS","is_daily":false,"chose_seed":false,"campfire_upgraded":1,"win_rate":0.0,"timestamp":1611440807,"path_taken":["M","?","?","?","?","R","$","?","T","R","?","M","M","M","R","BOSS","M","M","?","?","$","R","M","E"],"items_purchased_type":["Card","Relic","Relic"],"build_version":"2020-12-22","purchased_purges":0,"victory":false,"max_hp_per_floor":[88,88,88,88,88,88,88,88,88,88,88,88,88,88,88,88,102,102,102,102,102,102,102,102,102,102],"card_choices":[{"not_picked":["Searing Blow","Rage"],"picked":"Flex","floor":1},{"not_picked":["Uppercut","Seeing Red"],"picked":"Body Slam","floor":4},{"not_picked":["Bloodletting","Iron Wave"],"picked":"Cleave","floor":5},{"not_picked":["Shockwave","Flame Barrier"],"picked":"Clash","floor":12},{"not_picked":["Battle Trance","Evolve"],"picked":"Armaments","floor":13},{"not_picked":["Warcry","Metallicize"],"picked":"Berserk","floor":14},{"not_picked":["Berserk","Corruption"],"picked":"Offering","floor":16},{"not_picked":["Headbutt","Bloodletting"],"picked":"Ghostly Armor","floor":18},{"not_picked":["Thunderclap","Sever Soul","Burning Pact"],"picked":"SKIP","floor":19},{"not_picked":["Rupture+1","Headbutt+1","Wild Strike"],"picked":"SKIP","floor":24}],"player_experience":334833,"relics_obtained":[{"floor":8,"key":"Tiny Chest"},{"floor":9,"key":"Sundial"},{"floor":17,"key":"CeramicFish"},{"floor":17,"key":"Shuriken"},{"floor":17,"key":"Mango"}],"event_choices":[{"cards_removed":["Strike_R"],"damage_healed":0,"gold_gain":0,"player_choice":"Card Removal","damage_taken":0,"max_hp_gain":0,"max_hp_loss":0,"event_name":"The Cleric","floor":2,"gold_loss":50},{"damage_healed":0,"gold_gain":0,"player_choice":"Gave Potion","damage_taken":0,"relics_obtained":["Girya"],"max_hp_gain":0,"max_hp_loss":0,"event_name":"WeMeetAgain","floor":3,"gold_loss":0},{"cards_removed":["Strike_R"],"damage_healed":0,"gold_gain":0,"player_choice":"Card Removal","damage_taken":7,"max_hp_gain":0,"max_hp_loss":0,"event_name":"Golden Wing","floor":11,"gold_loss":0},{"damage_healed":0,"gold_gain":0,"player_choice":"Ignored","damage_taken":0,"max_hp_gain":0,"max_hp_loss":0,"event_name":"The Mausoleum","floor":20,"gold_loss":0},{"damage_healed":0,"gold_gain":99,"player_choice":"Stole From Cult","damage_taken":0,"max_hp_gain":0,"max_hp_loss":0,"event_name":"Nest","floor":21,"gold_loss":0}],"is_beta":false,"boss_relics":[{"not_picked":["Pandora\u0027s Box","Runic Cube"],"picked":"Calling Bell"}],"items_purged_floors":[],"is_endless":false,"potions_floor_spawned":[1,12,14,16,18,24],"killed_by":"Slavers","ascension_level":2}}