{"host":"640uue19m79c7wbt","time":1611370658,"event":{"mods":["BaseMod","Colored Map","Googly Eyes","Highlight Path","Minty Spire (QoL Compilation)","Quick Restart","StSLib"],"gold_per_floor":[112,27,27,41,6,6,6,6,31,106,139,160,160,178,178,274,274,290,290,315,230,244,244,169,169,169,182,182,182],"floor_reached":28,"language":"ENG","playtime":578,"items_purged":[],"score":434,"play_id":"7c3c7660-459a-48c8-ad30-f5d2312e24cb","local_time":"20210122215738","is_ascension_mode":true,"campfire_choices":[{"data":"Bouncing Flask","floor":6.0,"key":"SMITH"},{"data":"Dagger Spray","floor":8.0,"key":"SMITH"},{"data":"Endless Agony","floor":13.0,"key":"SMITH"},{"data":"Caltrops","floor":15.0,"key":"SMITH"},{"floor":23,"key":"REST"},{"floor":25,"key":"REST"}],"circlet_count":0,"master_deck":["AscendersBane","Strike_G","Strike_G","Strike_G","Strike_G","Strike_G","Defend_G","Defend_G","Defend_G","Defend_G","Defend_G","Survivor","Neutralize","Dagger Spray+1","Bouncing Flask+1","Endless Agony+1","Poisoned Stab","Caltrops+1","Envenom","CurseOfTheBell","Corpse Explosion","Bane","PiercingWail"],"relics":["Ring of the Snake","NeowsBlessing","Golden Idol","Bronze Scales","Pantograph","Calling Bell","Art of War","Shuriken","Prayer Wheel","Ninja Scroll","Molten Egg 2"],"acts_visited":["Exordium","TheCity"],"potions_floor_usage":[],"damage_taken":[{"damage":0.0,"enemies":"Small Slimes","floor":1.0,"turns":1.0},{"damage":0.0,"enemies":"2 Louse","floor":4.0,"turns":1.0},{"damage":0.0,"enemies":"3 Sentries","floor":11.0,"turns":1.0},{"damage":0.0,"enemies":"Jaw Worm","floor":12.0,"turns":3.0},{"damage":0.0,"enemies":"Red Slaver","floor":14.0,"turns":2.0},{"damage":30.0,"enemies":"The Guardian","floor":16.0,"turns":9.0},{"damage":22.0,"enemies":"Spheric Guardian","floor":18.0,"turns":5.0},{"damage":0.0,"enemies":"3 Byrds","floor":20.0,"turns":3.0},{"damage":34,"enemies":"Centurion and Healer","floor":22,"turns":6},{"damage":34,"enemies":"Cultist and Chosen","floor":27,"turns":4},{"damage":6,"enemies":"3 Cultists","floor":28,"turns":2}],"seed_played":"-7371160325971845172","potions_obtained":[{"floor":11.0,"key":"Block Potion"},{"floor":12.0,"key":"Explosive Potion"},{"floor":14.0,"key":"Poison Potion"},{"floor":18.0,"key":"AttackPotion"}],"is_trial":false,"path_per_floor":["M","$","?","M","?","R","?","R","T","?","E","M","R","M","R","B",null,"M","?","M","?","M","R","?","R","T","M","M"],"character_chosen":"THE_SILENT","items_purchased":["Bouncing Flask"],"campfire_rested":2,"item_purchase_floors":[2],"current_hp_per_floor":[59,59,36,36,52,52,66,66,66,55,55,55,55,55,55,36,59,37,37,37,37,3,22,22,40,40,6,0,0],"gold":182,"neow_bonus":"THREE_ENEMY_KILL","is_daily":false,"chose_seed":false,"campfire_upgraded":4,"win_rate":0.0,"timestamp":1611370658,"path_taken":["M","$","?","M","?","R","?","R","T","?","E","?","R","M","R","BOSS","M","?","?","?","M","R","?","R","T","M","M"],"items_purchased_type":["Card"],"build_version":"2020-12-22","purchased_purges":0,"victory":false,"max_hp_per_floor":[66,66,66,66,66,66,66,66,66,66,66,66,66,66,66,66,66,66,66,66,66,66,66,63,63,63,63,63,63],"card_choices":[{"not_picked":["Setup","Dagger Throw"],"picked":"Dagger Spray","floor":1.0},{"not_picked":["Quick Slash","Flying Knee"],"picked":"Endless Agony","floor":4.0},{"not_picked":["Underhanded Strike","Calculated Gamble"],"picked":"Poisoned Stab","floor":11.0},{"not_picked":["Quick Slash","Backflip","Distraction"],"picked":"SKIP","floor":12.0},{"not_picked":["Dagger Throw","Deflect"],"picked":"Caltrops","floor":14.0},{"not_picked":["Grand Finale","Night Terror"],"picked":"Envenom","floor":16.0},{"not_picked":["Well Laid Plans","Dagger Throw"],"picked":"Corpse Explosion","floor":18.0},{"not_picked":["Underhanded Strike","Slice","Outmaneuver"],"picked":"SKIP","floor":18.0},{"not_picked":["Outmaneuver","Poisoned Stab"],"picked":"Bane","floor":20.0},{"not_picked":["Blade Dance+1","Deadly Poison"],"picked":"PiercingWail","floor":20.0},{"not_picked":["Deadly Poison","Poisoned Stab","Heel Hook+1"],"picked":"SKIP","floor":22},{"not_picked":["Dodge and Roll","Eviscerate","Dash"],"picked":"SKIP","floor":22},{"not_picked":["Outmaneuver","Flying Knee+1","Underhanded Strike+1"],"picked":"SKIP","floor":27},{"not_picked":["Sucker Punch+1","Dodge and Roll","Escape Plan"],"picked":"SKIP","floor":27}],"player_experience":625359,"relics_obtained":[{"floor":9.0,"key":"Bronze Scales"},{"floor":11.0,"key":"Pantograph"},{"floor":17.0,"key":"Art of War"},{"floor":17.0,"key":"Shuriken"},{"floor":17.0,"key":"Prayer Wheel"},{"floor":26,"key":"Molten Egg 2"}],"event_choices":[{"damage_healed":0.0,"max_hp_gain":0.0,"max_hp_loss":0.0,"gold_gain":0.0,"event_name":"Golden Idol","player_choice":"Take Damage","floor":3.0,"gold_loss":0.0,"damage_taken":23.0,"relics_obtained":["Golden Idol"]},{"damage_healed":16.0,"max_hp_gain":0.0,"max_hp_loss":0.0,"gold_gain":0.0,"event_name":"The Cleric","player_choice":"Healed","floor":5.0,"gold_loss":35.0,"damage_taken":0.0},{"damage_healed":16.0,"max_hp_gain":0.0,"max_hp_loss":0.0,"gold_gain":0.0,"event_name":"Mushrooms","player_choice":"Healed and dodged fight","floor":7.0,"gold_loss":0.0,"damage_taken":0.0,"cards_obtained":["Parasite"]},{"damage_healed":0.0,"max_hp_gain":0.0,"max_hp_loss":0.0,"gold_gain":75.0,"event_name":"World of Goop","player_choice":"Gather Gold","floor":10.0,"gold_loss":0.0,"damage_taken":11.0},{"damage_healed":0.0,"max_hp_gain":0.0,"max_hp_loss":0.0,"gold_gain":0.0,"event_name":"Match and Keep!","player_choice":"0 cards matched","floor":19.0,"gold_loss":0.0,"damage_taken":0.0,"cards_obtained":[]},{"damage_healed":0.0,"max_hp_gain":0.0,"max_hp_loss":0.0,"gold_gain":0.0,"event_name":"Addict","player_choice":"Obtained Relic","floor":21.0,"gold_loss":85.0,"damage_taken":0.0,"relics_obtained":["Ninja Scroll"]},{"cards_removed":["Parasite"],"damage_healed":0,"gold_gain":0,"player_choice":"Gave Gold","damage_taken":0,"max_hp_gain":0,"max_hp_loss":0,"event_name":"Beggar","floor":24,"gold_loss":75}],"is_beta":false,"boss_relics":[{"not_picked":["Runic Dome","Cursed Key"],"picked":"Calling Bell"}],"items_purged_floors":[],"is_endless":false,"potions_floor_spawned":[11,12,14,18],"killed_by":"3 Cultists","ascension_level":16}}