{"host":"vrsxkkch9ccrec7k","time":1611403762,"event":{"mods":["Act Like it!","BaseMod","Bestiary","Better Altar","Better Match","Better Note","Better Sensory Stone","Better Skull","Better Third Choice","Better Vampires","Downfall","Minty Spire (QoL Compilation)","Permanent Neow","Relic Stats","Spicy Shops","StSLib"],"gold_per_floor":[99,115,215,232,232,232,232,289,289,317,317,317,25,60,75,172,172,172,190,190,190,62,80,80,98,98,7,33,47,47,47,61,163,163,163,176,224,224,238,238,238,15,15,44,54,54,54,54,74,74,74,74],"floor_reached":50,"language":"ENG","playtime":4826,"items_purged":["champ:Strike"],"score":792,"play_id":"3f92aa45-30ff-4f11-a31c-08d29c584bc0","local_time":"20210123070922","is_ascension_mode":true,"campfire_choices":[{"data":"champ:Execute","floor":1,"key":"SMITH"},{"floor":9,"key":"REST"},{"data":"champ:ShieldWall","floor":11,"key":"SMITH"},{"data":"champ:Lariat","floor":18,"key":"SMITH"},{"data":"champ:ShieldWall","floor":26,"key":"SMITH"},{"data":"champ:Backstep","floor":30,"key":"SMITH"},{"data":"champ:FocusedDefense","floor":35,"key":"SMITH"},{"data":"champ:CheapShot","floor":43,"key":"SMITH"},{"data":"champ:Devastate","floor":47,"key":"SMITH"}],"circlet_count":0,"master_deck":["champ:Strike","champ:Strike","champ:Strike","champ:Defend","champ:Defend","champ:Defend","champ:Defend","champ:Execute+1","champ:Taunt+1","champ:AdrenalArmor","champ:FanOfKnives","champ:ShieldWall+1","champ:FocusedBerserking","champ:EnGarde","champ:BringItOn","champ:ShieldWall+1","champ:Lariat+1","champ:Backstep+1","champ:Devastate+1","CurseOfTheBell","champ:Shatter+1","champ:FocusedDefense+1","champ:ArenaPreparation","champ:GladiatorStyle","champ:FocusedBerserking+1","champ:BringItOn+1","champ:CrookedStrike+1","champ:RageSigil+1","champ:ShieldSigil+1","champ:CheapShot+1","champ:ShieldSlam+1","Dark Shackles+1","champ:Backstep+1","champ:IronFortress","champ:HoldFirm+1","expansioncontent:Chronoboost","champ:IronFortress"],"relics":["champ:ChampionCrown","CloakClasp","Blue Candle","Bag of Preparation","Du-Vu Doll","Vajra","Centennial Puzzle","Dream Catcher","Calling Bell","Ancient Tea Set","Matryoshka","hexamod:Sixitude","Blood Vial","Toxic Egg 2","hexamod:CandleOfCauterizing","Bag of Marbles","expansioncontent:StudyCardRelic","Bird Faced Urn","champ:FightingForDummies","hexamod:BolsterEngine","Slimebound:StickyStick"],"acts_visited":["Exordium","TheCity","TheBeyond"],"potions_floor_usage":[8,12,25,28,28,28,28,29,37,42,44,50,50],"damage_taken":[{"damage":20,"enemies":"Jaw Worm","floor":2,"turns":3},{"damage":93,"enemies":"Jaw Worm","floor":3,"turns":14},{"damage":10,"enemies":"2 Louse","floor":4,"turns":3},{"damage":53,"enemies":"Gremlin Nob","floor":8,"turns":3},{"damage":41,"enemies":"Lagavulin","floor":10,"turns":7},{"damage":20,"enemies":"Gremlin Nob","floor":12,"turns":3},{"damage":27,"enemies":"downfall:FleeingMerchant","floor":13,"turns":4},{"damage":16,"enemies":"Lagavulin","floor":14,"turns":6},{"damage":20,"enemies":"Small Slimes","floor":15,"turns":4},{"damage":131,"enemies":"WA_ARCHETYPE_RETAIN","floor":16,"turns":10},{"damage":40,"enemies":"Shell Parasite","floor":19,"turns":6},{"damage":70,"enemies":"downfall:FleeingMerchant","floor":22,"turns":4},{"damage":1,"enemies":"Spheric Guardian","floor":23,"turns":3},{"damage":45,"enemies":"Centurion and Healer","floor":25,"turns":5},{"damage":45,"enemies":"downfall:FleeingMerchant","floor":27,"turns":4},{"damage":38,"enemies":"Slavers","floor":28,"turns":5},{"damage":22,"enemies":"Snecko","floor":29,"turns":3},{"damage":60,"enemies":"Snake Plant","floor":32,"turns":4},{"damage":55,"enemies":"DF_ARCHETYPE_CLAW","floor":33,"turns":8},{"damage":20,"enemies":"Orb Walker","floor":36,"turns":2},{"damage":56,"enemies":"2 Orb Walkers","floor":37,"turns":3},{"damage":35,"enemies":"3 Shapes","floor":39,"turns":1},{"damage":36,"enemies":"downfall:FleeingMerchant","floor":42,"turns":4},{"damage":56,"enemies":"Giant Head","floor":44,"turns":7},{"damage":61,"enemies":"Writhing Mass","floor":45,"turns":6},{"damage":50,"enemies":"Sphere and 2 Shapes","floor":49,"turns":3},{"damage":175,"enemies":"IC_BLOCK_ARCHETYPE","floor":50,"turns":6}],"seed_played":"5484826073002563250","potions_obtained":[{"floor":4,"key":"AttackPotion"},{"floor":8,"key":"SmokeBomb"},{"floor":16,"key":"SkillPotion"},{"floor":19,"key":"champ:OpenerPotion"},{"floor":21,"key":"EntropicBrew"},{"floor":21,"key":"champ:TechniquePotion"},{"floor":29,"key":"LiquidMemories"},{"floor":33,"key":"EssenceOfSteel"},{"floor":36,"key":"Block Potion"},{"floor":37,"key":"Fruit Juice"},{"floor":49,"key":"Block Potion"}],"is_trial":false,"path_per_floor":["R","M","?","M","?","?","T","?","R","E","R","E","$","E","M","B",null,"R","M","?","?","$","M","T","M","R","$","E","M","R","?","M","B",null,"R","M","?","?","M","?","T","$","R","E","M","?","R","?","M","B"],"character_chosen":"THE_CHAMP","items_purchased":["champ:ShieldWall","Centennial Puzzle","champ:ArenaPreparation","champ:GladiatorStyle","champ:RageSigil+1","SteroidPotion","champ:IronFortress","hexamod:BolsterEngine"],"campfire_rested":1,"item_purchase_floors":[13,13,22,22,27,42,42,42],"current_hp_per_floor":[81,81,38,38,68,63,63,45,72,71,71,71,69,68,68,57,82,82,82,59,59,57,58,58,60,60,62,76,76,76,76,78,65,84,84,86,87,87,90,90,90,95,95,95,95,95,95,95,95,0,0,0],"gold":74,"neow_bonus":"UPGRADE_CARD","is_daily":false,"chose_seed":false,"campfire_upgraded":8,"win_rate":0.0,"timestamp":1611403762,"path_taken":["R","M","?","M","?","?","T","?","R","E","R","E","$","E","M","BOSS","R","M","?","?","$","?","T","M","R","$","E","M","R","?","M","BOSS","R","M","?","?","M","?","T","$","R","E","?","?","R","?","M","BOSS"],"items_purchased_type":["Card","Relic","Card","Card","Card","Potion","Card","Relic"],"build_version":"2020-12-22","purchased_purges":1,"victory":false,"max_hp_per_floor":[90,90,90,90,90,90,90,90,90,90,90,90,90,90,90,90,90,90,90,90,90,90,90,90,90,90,90,90,90,90,90,90,90,90,90,90,90,90,90,90,90,95,95,95,95,95,95,95,95,95,95,95],"relic_stats":{"Blood Vial":22,"Centennial Puzzle":[60],"Dream Catcher":0,"counters":[27,131],"Blue Candle":[8],"Bird Faced Urn":[23],"CloakClasp":[274],"Bag of Preparation":[48],"obtain_stats":[{"hexamod:CandleOfCauterizing":24,"Blue Candle":6,"Vajra":10,"hexamod:Sixitude":17,"champ:ChampionCrown":0,"CloakClasp":3,"Bag of Preparation":7,"expansioncontent:StudyCardRelic":34,"Ancient Tea Set":17,"Du-Vu Doll":8,"Calling Bell":17,"Blood Vial":20,"Centennial Puzzle":13,"Dream Catcher":14,"Matryoshka":17,"Slimebound:StickyStick":44,"Bird Faced Urn":37,"Bag of Marbles":28,"Toxic Egg 2":24,"champ:FightingForDummies":41,"hexamod:BolsterEngine":42},{"hexamod:CandleOfCauterizing":13,"Blue Candle":3,"Vajra":5,"hexamod:Sixitude":10,"champ:ChampionCrown":0,"CloakClasp":2,"Bag of Preparation":3,"expansioncontent:StudyCardRelic":19,"Ancient Tea Set":10,"Du-Vu Doll":4,"Calling Bell":10,"Blood Vial":11,"Centennial Puzzle":7,"Dream Catcher":8,"Matryoshka":10,"Slimebound:StickyStick":24,"Bird Faced Urn":21,"Bag of Marbles":16,"Toxic Egg 2":13,"champ:FightingForDummies":22,"hexamod:BolsterEngine":23},{"hexamod:CandleOfCauterizing":70,"Blue Candle":20,"Vajra":30,"hexamod:Sixitude":57,"champ:ChampionCrown":0,"CloakClasp":17,"Bag of Preparation":20,"expansioncontent:StudyCardRelic":99,"Ancient Tea Set":57,"Du-Vu Doll":23,"Calling Bell":57,"Blood Vial":63,"Centennial Puzzle":37,"Dream Catcher":43,"Matryoshka":57,"Slimebound:StickyStick":116,"Bird Faced Urn":104,"Bag of Marbles":84,"Toxic Egg 2":70,"champ:FightingForDummies":105,"hexamod:BolsterEngine":109}]},"card_choices":[{"not_picked":["champ:BringItOn","champ:EnGarde"],"picked":"champ:AdrenalArmor","floor":2},{"not_picked":["champ:CalledShot","champ:BladeFlurry"],"picked":"champ:FanOfKnives","floor":3},{"not_picked":["champ:ShieldSigil","champ:CrownThrow"],"picked":"champ:ShieldWall","floor":4},{"not_picked":["champ:CrookedStrike","champ:FaceSlap"],"picked":"champ:FocusedBerserking","floor":8},{"not_picked":["champ:BerserkersShout","champ:GutPunch"],"picked":"champ:EnGarde","floor":10},{"not_picked":["champ:MurderStrike","champ:ShieldSigil"],"picked":"champ:BringItOn","floor":13},{"not_picked":["champ:FalseCounter","champ:EnragedBash"],"picked":"champ:Lariat","floor":14},{"not_picked":["champ:HeartStrike","champ:GutPunch"],"picked":"champ:Backstep","floor":15},{"not_picked":["champ:HeavySlash","champ:ShieldThrow"],"picked":"champ:Devastate","floor":16},{"not_picked":["champ:FalseCounter","champ:Backstep"],"picked":"champ:Shatter+1","floor":19},{"not_picked":["champ:Haymaker","champ:FancyFootwork"],"picked":"champ:FocusedDefense","floor":22},{"not_picked":["champ:CrownThrow+1","champ:PerfectedStrike+1"],"picked":"champ:FocusedBerserking+1","floor":23},{"not_picked":["champ:Parry+1","champ:SetATrap+1"],"picked":"champ:BringItOn+1","floor":25},{"not_picked":["champ:FanOfKnives","champ:Duel"],"picked":"champ:CrookedStrike+1","floor":27},{"not_picked":["champ:VampiricStrike","champ:DefensiveShout+1","champ:SetATrap+1"],"picked":"SKIP","floor":28},{"not_picked":["champ:Circumvent+1","champ:PreemptiveStrike"],"picked":"champ:ShieldSigil+1","floor":29},{"not_picked":["champ:GutPunch","champ:EndlessRage","champ:FanOfKnives"],"picked":"SKIP","floor":32},{"not_picked":["champ:HeavySlash","champ:EnchantCrown+1"],"picked":"champ:CheapShot","floor":33},{"not_picked":["champ:FalseCounter+1","champ:Haymaker","champ:BladeFlurry"],"picked":"SKIP","floor":36},{"not_picked":["champ:BladeFlurry+1","champ:FocusedDefense+1"],"picked":"champ:ShieldSlam+1","floor":37},{"not_picked":["Chrysalis+1","Good Instincts+1"],"picked":"Dark Shackles+1","floor":38},{"not_picked":["champ:ShieldSlam+1","champ:BladeFlurry+1"],"picked":"champ:Backstep+1","floor":39},{"not_picked":["champ:FlashCut+1","champ:RageSigil+1","champ:ShieldSlam+1"],"picked":"SKIP","floor":42},{"not_picked":["champ:TornadoPunch","champ:Duel+1","champ:FlashCut+1"],"picked":"SKIP","floor":44},{"not_picked":["champ:Duel","champ:FlashCut"],"picked":"champ:HoldFirm+1","floor":45},{"not_picked":["expansioncontent:Hexaburn","expansioncontent:PolyBeam"],"picked":"expansioncontent:Chronoboost","floor":46},{"not_picked":["champ:GutPunch","champ:FlashCut+1"],"picked":"champ:IronFortress","floor":49}],"player_experience":1699524,"relics_obtained":[{"floor":3,"key":"CloakClasp"},{"floor":7,"key":"Bag of Preparation"},{"floor":8,"key":"Du-Vu Doll"},{"floor":10,"key":"Vajra"},{"floor":14,"key":"Dream Catcher"},{"floor":17,"key":"Ancient Tea Set"},{"floor":17,"key":"Matryoshka"},{"floor":17,"key":"hexamod:Sixitude"},{"floor":24,"key":"Toxic Egg 2"},{"floor":24,"key":"hexamod:CandleOfCauterizing"},{"floor":28,"key":"Bag of Marbles"},{"floor":37,"key":"Bird Faced Urn"},{"floor":41,"key":"champ:FightingForDummies"},{"floor":44,"key":"Slimebound:StickyStick"}],"event_choices":[{"damage_healed":30,"gold_gain":0,"player_choice":"Banana","damage_taken":0,"max_hp_gain":0,"max_hp_loss":0,"event_name":"Big Fish","floor":5,"gold_loss":0},{"damage_healed":0,"gold_gain":0,"player_choice":" Vial ","damage_taken":23,"relics_obtained":["Blood Vial"],"max_hp_gain":82,"max_hp_loss":59,"event_name":"betterAltar:BetterAltar","floor":20,"potions_obtained":[],"relics_lost":[],"gold_loss":0},{"damage_healed":0,"gold_gain":0,"player_choice":"Got Potions","damage_taken":0,"max_hp_gain":0,"max_hp_loss":0,"event_name":"Lab","floor":21,"gold_loss":0},{"damage_healed":0,"gold_gain":0,"player_choice":"Fight","damage_taken":0,"max_hp_gain":0,"max_hp_loss":0,"event_name":"Mysterious Sphere","floor":37,"gold_loss":0},{"damage_healed":0,"gold_gain":3,"player_choice":"1","damage_taken":0,"max_hp_gain":0,"max_hp_loss":0,"event_name":"betterStone:BetterStone","floor":38,"gold_loss":0}],"is_beta":false,"boss_relics":[{"not_picked":["Empty Cage","champ:PowerArmor"],"picked":"Calling Bell"},{"not_picked":["Pandora\u0027s Box","Black Star"],"picked":"expansioncontent:StudyCardRelic"}],"items_purged_floors":[13],"is_endless":false,"potions_floor_spawned":[4,8,12,16,19,29,33,36,37,49],"killed_by":"IC_BLOCK_ARCHETYPE","ascension_level":9}}