{"host":"8o45mh5p3pp1o2mi","time":1611365042,"event":{"mods":["BaseMod","Bestiary","Better Match","Better Third Choice","BetterRewards","Dark Map","Fox Events","Minty Spire (QoL Compilation)","Rare Cards Sparkle","Relic Stats","Replay The Spire","Shop Mod","StSLib","everything is the same but u backflip on backflip"],"gold_per_floor":[112,112,126,126,189,218,218,230,283,303,47,77,352,364,364,460,460,522,537,537,551,262,262,274,300,324,324,53,71,71,86,86,190,190,245,245,70,86,86,116,177,212,212,222,234,234,17,36,0,0],"floor_reached":51,"language":"ENG","playtime":3625,"items_purged":["Amnesia","Spreading Infection","Regret","Defend_B","Defend_B"],"score":950,"play_id":"5f98f0ee-7cae-405a-8da4-e3f815959420","local_time":"20210123012402","is_ascension_mode":true,"campfire_choices":[{"data":"Machine Learning","floor":7,"key":"SMITH"},{"floor":15,"key":"REST"},{"floor":23,"key":"REST"},{"floor":27,"key":"REST"},{"data":"Genetic Algorithm","floor":30,"key":"SMITH"},{"data":"Metamorphosis","floor":46,"key":"SMITH"}],"circlet_count":0,"master_deck":["Zap","Dualcast","ReplayGash","Violence","Genetic Algorithm+1","Coolheaded","Beam Cell","Go for the Eyes","Machine Learning+1","Rebound","All For One","Auto Shields","Echo Form","ReplayTheSpireMod:Repulse+1","Go for the Eyes+1","Chill+1","Hologram","Metamorphosis+1","Gash+1","Impatience","Turbo+1","Echo Form","Good Instincts","Gash","Conserve Battery"],"relics":["Cracked Core","Shuriken","ReplayTheSpireMod:Shallot","Ginger","MerchantsRug","ReplayTheSpireMod:Ring of Challenge","Ring of Shattering","Singing Bowl","Oddly Smooth Stone","Akabeko","Astrolabe","Membership Card","Ornamental Fan","Replay:Antivirus Software","MealTicket","HandDrill","Replay:Grab Bag","Busted Crown","Coffee Dripper","Empty Cage","Potion Belt","ClockworkSouvenir","Blue Candle","ReplayTheSpireMod:TigerMarble","Frozen Egg 2","Onion Ring","Pantograph","Red Mask"],"acts_visited":["Exordium","TheCity","TheBeyond"],"potions_floor_usage":[6,24,44,50,50,50],"damage_taken":[{"damage":0,"enemies":"Small Slimes","floor":1,"turns":2},{"damage":8,"enemies":"Jaw Worm","floor":3,"turns":4},{"damage":4,"enemies":"2 Louse","floor":5,"turns":2},{"damage":15,"enemies":"Gremlin Nob","floor":6,"turns":6},{"damage":4,"enemies":"Exordium Thugs","floor":8,"turns":3},{"damage":5,"enemies":"Blue Slaver","floor":10,"turns":2},{"damage":12,"enemies":"Lagavulin","floor":12,"turns":4},{"damage":3,"enemies":"Gremlin Gang","floor":14,"turns":3},{"damage":38,"enemies":"Fading Forest","floor":16,"turns":11},{"damage":36,"enemies":"Shell Parasite","floor":18,"turns":6},{"damage":4,"enemies":"2 Thieves","floor":19,"turns":4},{"damage":9,"enemies":"Snake Plant","floor":21,"turns":4},{"damage":20,"enemies":"Centurion and Healer","floor":24,"turns":7},{"damage":0,"enemies":"Gremlin Leader","floor":25,"turns":6},{"damage":2,"enemies":"Shelled Parasite and Fungi","floor":29,"turns":4},{"damage":0,"enemies":"3 Cultists","floor":31,"turns":4},{"damage":39,"enemies":"Automaton","floor":33,"turns":8},{"damage":21,"enemies":"3 Darklings","floor":35,"turns":4},{"damage":16,"enemies":"3 Shapes","floor":38,"turns":6},{"damage":1,"enemies":"R_Hoarder","floor":40,"turns":6},{"damage":15,"enemies":"Nemesis","floor":42,"turns":5},{"damage":12,"enemies":"Transient","floor":44,"turns":5},{"damage":0,"enemies":"Maw","floor":45,"turns":5},{"damage":5,"enemies":"Spire Growth","floor":48,"turns":4},{"damage":2,"enemies":"Replay:Hell Engine","floor":50,"turns":5}],"seed_played":"-742332367840413984","potions_obtained":[{"floor":6,"key":"Ancient Potion"},{"floor":8,"key":"Ancient Potion"},{"floor":10,"key":"Milkshake"},{"floor":19,"key":"FairyPotion"},{"floor":21,"key":"PowerPotion"},{"floor":24,"key":"BlessingOfTheForge"},{"floor":38,"key":"Ancient Potion"},{"floor":41,"key":"EntropicBrew"},{"floor":41,"key":"Reflective Coating"},{"floor":42,"key":"Languid Potion"},{"floor":44,"key":"SkillPotion"}],"is_trial":false,"path_per_floor":["M","?","M","?","M","E","R","M","T","M","$","E","?","M","R","B",null,"M","M","?","M","$","R","M","E","T","R","$","M","R","M","R","B",null,"M","?","$","M","?","E","?","E","T","M","M","R","$","M","R","B",null],"character_chosen":"DEFECT","items_purchased":["Shuriken","ReplayGash","ReplayTheSpireMod:Shallot","Violence","Genetic Algorithm","MerchantsRug","ColorlessPotion","All For One","Membership Card","Metamorphosis","MealTicket","Impatience","HandDrill","Potion Belt","ClockworkSouvenir","Gash","Pantograph"],"campfire_rested":3,"item_purchase_floors":[0,0,0,0,0,0,0,11,22,22,28,28,28,37,37,37,47],"current_hp_per_floor":[75,75,67,67,63,48,48,44,44,39,39,27,27,26,49,17,77,43,41,41,32,32,56,38,38,38,62,62,62,62,62,85,46,85,66,66,81,67,67,68,68,55,55,45,47,47,62,59,59,82],"gold":0,"neow_bonus":"","is_daily":false,"chose_seed":false,"campfire_upgraded":3,"win_rate":0.0,"timestamp":1611365042,"path_taken":["M","?","M","?","M","E","R","M","T","M","$","E","?","?","R","BOSS","M","M","?","M","$","R","?","E","T","R","$","M","R","?","R","BOSS","M","?","$","M","?","E","?","E","T","M","M","R","$","M","R","BOSS"],"items_purchased_type":["Relic","Card","Relic","Card","Card","Relic","Potion","Card","Relic","Card","Relic","Card","Relic","Relic","Relic","Card","Relic"],"build_version":"2020-12-22","purchased_purges":5,"victory":true,"max_hp_per_floor":[75,75,75,75,75,75,75,75,75,75,75,75,75,77,77,77,77,79,81,81,81,81,81,83,83,83,83,83,85,85,85,85,85,85,87,87,87,89,89,91,91,93,93,95,97,97,97,99,99,99],"relic_stats":{"Busted Crown":18,"Singing Bowl":24,"counters":[59,283],"Shuriken":[83],"Ornamental Fan":[208],"Astrolabe":["ReplayTheSpireMod:Repulse","Go for the Eyes","Chill"],"Blue Candle":[0],"Pantograph":25,"MealTicket":45,"HandDrill":[26],"Ginger":[15],"obtain_stats":[{"Replay:Accelerometer":20,"CeramicFish":7,"Ginger":13,"Whetstone":54,"Replay:Ringing Soul":4,"MealTicket":26,"Ring of Shattering":4,"HandDrill":28,"Toxic Egg 2":0,"MerchantsRug":0,"Astrolabe":17,"Replay:Grab Bag":34,"Blue Candle":40,"Oddly Smooth Stone":9,"Pen Nib":11,"Question Card":8,"Akabeko":12,"SlaversCollar":17,"Replay:Baseball":44,"ReplayTheSpireMod:Shallot":0,"Shuriken":0,"Simple Rune":29,"Onion Ring":43,"ReplayTheSpireMod:TigerMarble":37,"Abe\u0027s Treasure":17,"Lantern":5,"Replay:PocketPolymizer":6,"Singing Bowl":6,"Replay:Mystery Machine":41,"Smiling Mask":39,"Empty Cage":34,"ClockworkSouvenir":46,"Mummified Hand":28,"Pantograph":47,"Tiny Chest":23,"Red Mask":49,"Replay:Antivirus Software":26,"Cracked Core":0,"Replay:Drink Me":34,"Potion Belt":37,"BargainBundle":20,"The Courier":9,"Omamori":3,"Frozen Egg 2":42,"Replay:Arrowhead":0,"Busted Crown":34,"Ornamental Fan":25,"Garlic":0,"Bag of Marbles":27,"Coffee Dripper":34,"Bottled Lightning":43,"Membership Card":22,"ReplayTheSpireMod:Ring of Challenge":4,"Toy Ornithopter":12},{"Replay:Accelerometer":18,"CeramicFish":12,"Ginger":6,"Whetstone":33,"Replay:Ringing Soul":11,"MealTicket":20,"Ring of Shattering":36,"HandDrill":48,"Toxic Egg 2":9,"MerchantsRug":34,"Astrolabe":43,"Replay:Grab Bag":51,"Blue Candle":54,"Oddly Smooth Stone":39,"Pen Nib":14,"Question Card":4,"Akabeko":41,"SlaversCollar":7,"Replay:Baseball":29,"ReplayTheSpireMod:Shallot":34,"Shuriken":34,"Simple Rune":21,"Onion Ring":55,"ReplayTheSpireMod:TigerMarble":26,"Abe\u0027s Treasure":16,"Lantern":11,"Replay:PocketPolymizer":3,"Singing Bowl":38,"Replay:Mystery Machine":28,"Smiling Mask":27,"Empty Cage":51,"ClockworkSouvenir":30,"Mummified Hand":21,"Pantograph":57,"Tiny Chest":19,"Red Mask":58,"Replay:Antivirus Software":48,"Cracked Core":0,"Replay:Drink Me":24,"Potion Belt":52,"BargainBundle":18,"The Courier":4,"Omamori":1,"Frozen Egg 2":55,"Replay:Arrowhead":9,"Busted Crown":51,"Ornamental Fan":48,"Garlic":9,"Bag of Marbles":21,"Coffee Dripper":51,"Bottled Lightning":28,"Membership Card":46,"ReplayTheSpireMod:Ring of Challenge":36,"Toy Ornithopter":14},{"Replay:Accelerometer":83,"CeramicFish":54,"Ginger":26,"Whetstone":153,"Replay:Ringing Soul":48,"MealTicket":93,"Ring of Shattering":169,"HandDrill":227,"Toxic Egg 2":41,"MerchantsRug":163,"Astrolabe":200,"Replay:Grab Bag":243,"Blue Candle":259,"Oddly Smooth Stone":180,"Pen Nib":64,"Question Card":18,"Akabeko":186,"SlaversCollar":34,"Replay:Baseball":133,"ReplayTheSpireMod:Shallot":163,"Shuriken":163,"Simple Rune":101,"Onion Ring":264,"ReplayTheSpireMod:TigerMarble":120,"Abe\u0027s Treasure":75,"Lantern":48,"Replay:PocketPolymizer":11,"Singing Bowl":177,"Replay:Mystery Machine":129,"Smiling Mask":123,"Empty Cage":243,"ClockworkSouvenir":136,"Mummified Hand":101,"Pantograph":274,"Tiny Chest":88,"Red Mask":278,"Replay:Antivirus Software":227,"Cracked Core":0,"Replay:Drink Me":114,"Potion Belt":247,"BargainBundle":83,"The Courier":18,"Omamori":3,"Frozen Egg 2":264,"Replay:Arrowhead":41,"Busted Crown":243,"Ornamental Fan":227,"Garlic":41,"Bag of Marbles":101,"Coffee Dripper":243,"Bottled Lightning":129,"Membership Card":214,"ReplayTheSpireMod:Ring of Challenge":169,"Toy Ornithopter":64}]},"card_choices":[{"not_picked":["Loop","Cold Snap"],"picked":"Coolheaded","floor":1},{"not_picked":["Redo","Coolheaded"],"picked":"Beam Cell","floor":3},{"not_picked":["Sunder","ReplayTheSpireMod:System Scan"],"picked":"Go for the Eyes","floor":5},{"not_picked":["Go for the Eyes","Skim"],"picked":"Machine Learning","floor":6},{"not_picked":["Blizzard","Ball Lightning","Crystallizer"],"picked":"SKIP","floor":8},{"not_picked":["Conserve Battery","Loop"],"picked":"Rebound","floor":10},{"not_picked":["Static Discharge","Stack"],"picked":"Auto Shields","floor":12},{"not_picked":["BasicCrystalCard","Chill","ReplayTheSpireMod:GoodbyeWorld"],"picked":"Singing Bowl","floor":14},{"not_picked":["Biased Cognition","Fission"],"picked":"Echo Form","floor":16},{"not_picked":["Cold Snap","Stack","Redo"],"picked":"Singing Bowl","floor":18},{"not_picked":["ReplaySolidLightProjector+1","Streamline","Doom and Gloom"],"picked":"Singing Bowl","floor":19},{"not_picked":["Stack","Loop+1"],"picked":"Hologram","floor":21},{"not_picked":["Hello World","Darkness","Hologram"],"picked":"Singing Bowl","floor":24},{"not_picked":["Beam Cell","Aggregate"],"picked":"Gash","floor":25},{"not_picked":["Turbo","Reprogram","Crystallizer"],"picked":"Singing Bowl","floor":29},{"not_picked":["Sweeping Beam","Conserve Battery+1"],"picked":"Turbo+1","floor":31},{"not_picked":["Thunder Strike","Mirror Shield"],"picked":"Echo Form","floor":33},{"not_picked":["Leap"],"picked":"Singing Bowl","floor":35},{"not_picked":[],"picked":"Good Instincts","floor":36},{"not_picked":["Turbo"],"picked":"Singing Bowl","floor":38},{"not_picked":["Redo+1"],"picked":"Singing Bowl","floor":40},{"not_picked":[],"picked":"Conserve Battery","floor":41},{"not_picked":["Rebound"],"picked":"Singing Bowl","floor":42},{"not_picked":["Aggregate"],"picked":"Singing Bowl","floor":44},{"not_picked":["Consume+1"],"picked":"Singing Bowl","floor":45},{"not_picked":["Sweeping Beam+1"],"picked":"Singing Bowl","floor":48}],"player_experience":94146,"relics_obtained":[{"floor":4,"key":"ReplayTheSpireMod:Ring of Challenge"},{"floor":4,"key":"Ring of Shattering"},{"floor":6,"key":"Singing Bowl"},{"floor":9,"key":"Oddly Smooth Stone"},{"floor":12,"key":"Akabeko"},{"floor":25,"key":"Ornamental Fan"},{"floor":26,"key":"Replay:Antivirus Software"},{"floor":40,"key":"Blue Candle"},{"floor":41,"key":"ReplayTheSpireMod:TigerMarble"},{"floor":42,"key":"Frozen Egg 2"},{"floor":43,"key":"Onion Ring"}],"event_choices":[{"damage_healed":0,"gold_gain":275,"player_choice":"Desecrate","damage_taken":0,"max_hp_gain":0,"max_hp_loss":0,"event_name":"Golden Shrine","floor":13,"gold_loss":0,"cards_obtained":["Regret"]},{"damage_healed":0,"gold_gain":0,"player_choice":"Ignored","damage_taken":0,"max_hp_gain":0,"max_hp_loss":0,"event_name":"N\u0027loth","floor":20,"gold_loss":0},{"damage_healed":0,"gold_gain":0,"player_choice":"Memory 1","damage_taken":0,"max_hp_gain":0,"max_hp_loss":0,"event_name":"SensoryStone","floor":36,"gold_loss":0},{"damage_healed":0,"gold_gain":0,"player_choice":"Paid","damage_taken":0,"relics_obtained":["Red Mask"],"max_hp_gain":0,"max_hp_loss":0,"event_name":"Tomb of Lord Red Mask","floor":49,"gold_loss":36}],"is_beta":false,"boss_relics":[{"not_picked":["Kintsugi","Pandora\u0027s Box"],"picked":"Astrolabe"},{"not_picked":["Philosopher\u0027s Stone","FrozenCore"],"picked":"Replay:Grab Bag"},{"not_picked":["Fusion Hammer","Painkiller Herb"],"picked":"Busted Crown"},{"not_picked":["ReplayTheSpireMod:DimensionalGlitch","ReplayTheSpireMod:Onyx Gauntlets"],"picked":"Coffee Dripper"},{"not_picked":["Inserter","Ring of Chaos"],"picked":"Empty Cage"}],"items_purged_floors":[0,11,22,28,47],"is_endless":false,"potions_floor_spawned":[6,8,10,19,21,24,25,38,42,44,48],"ascension_level":3}}