{"host":"dw8189mw8rzr4e13","time":1611406295,"event":{"mods":["100% Spire Juice","Act Like it!","BaseMod","Better Vampires","Colored Powertips","Minty Spire (QoL Compilation)","Rare Cards Sparkle","StSLib"],"gold_per_floor":[118,128,83,96,46,46,58,58,106,135,40,40,83,111,111,214,94,115,143,35,14,14,41,41,41,41],"floor_reached":25,"language":"ZHS","playtime":1221,"items_purged":[],"score":275,"play_id":"ab2ea52d-221c-4eb7-98c7-c179687adbb1","local_time":"20210123205135","is_ascension_mode":false,"campfire_choices":[{"data":"Moonworks:IndiscriminateFireSupport","floor":6.0,"key":"SMITH"},{"data":"Moonworks:Wanted","floor":8.0,"key":"SMITH"},{"data":"Moonworks:Ambush","floor":15.0,"key":"SMITH"},{"data":"Moonworks:BigMagnum","floor":24,"key":"SMITH"}],"circlet_count":0,"master_deck":["Moonworks:Strike","Moonworks:Strike","Moonworks:Strike","Moonworks:Defend","Moonworks:Defend","Moonworks:Defend","Moonworks:Defend","Moonworks:Ambush+1","Moonworks:LongDistanceShot","Moonworks:IndiscriminateFireSupport+1","Moonworks:BigMagnum+1","Moonworks:Wanted+1","Moonworks:TacticalRetreat","Moonworks:DeployBits","Moonworks:AngelHand","Moonworks:SelfDestruct","Moonworks:ForcedRevival","Moonworks:SealedMemories+1"],"relics":["Moonworks:BrokenBomb","Moonworks:Homemark","NeowsBlessing","CeramicFish","Toy Ornithopter","Sozu","Nilry\u0027s Codex","Unceasing Top"],"acts_visited":["Exordium","TheCity"],"potions_floor_usage":[],"damage_taken":[{"damage":0.0,"enemies":"2 Louse","floor":1.0,"turns":2.0},{"damage":0.0,"enemies":"Small Slimes","floor":2.0,"turns":1.0},{"damage":0.0,"enemies":"Jaw Worm","floor":4.0,"turns":1.0},{"damage":0.0,"enemies":"3 Louse","floor":7.0,"turns":2.0},{"damage":9.0,"enemies":"Looter","floor":10.0,"turns":2.0},{"damage":0.0,"enemies":"Exordium Wildlife","floor":11.0,"turns":1.0},{"damage":18.0,"enemies":"Gremlin Nob","floor":13.0,"turns":5.0},{"damage":0.0,"enemies":"Red Slaver","floor":14.0,"turns":2.0},{"damage":5.0,"enemies":"The Guardian","floor":16.0,"turns":7.0},{"damage":0.0,"enemies":"Chosen","floor":18.0,"turns":3.0},{"damage":0.0,"enemies":"3 Byrds","floor":19.0,"turns":3.0},{"damage":5.0,"enemies":"Cultist and Chosen","floor":20.0,"turns":2.0},{"damage":39.0,"enemies":"Slavers","floor":23.0,"turns":2.0},{"damage":20,"enemies":"Snake Plant","floor":25,"turns":1}],"seed_played":"5579800244811833601","potions_obtained":[{"floor":1.0,"key":"LiquidMemories"},{"floor":4.0,"key":"SneckoOil"},{"floor":13.0,"key":"ColorlessPotion"}],"is_trial":false,"path_per_floor":["M","M","?","M","?","R","M","R","T","M","M","?","E","M","R","B",null,"M","M","M","?","?","E","R","M"],"character_chosen":"THE_STARBREAKER","items_purchased":[],"campfire_rested":0,"item_purchase_floors":[],"current_hp_per_floor":[60,60,49,49,49,49,49,49,49,40,40,45,27,27,27,22,65,65,65,65,65,49,15,15,0,0],"gold":41,"neow_bonus":"THREE_ENEMY_KILL","is_daily":false,"chose_seed":false,"campfire_upgraded":4,"win_rate":0.0,"timestamp":1611406295,"path_taken":["M","M","?","M","?","R","M","R","T","M","?","?","E","M","R","BOSS","M","M","M","?","?","E","R","M"],"items_purchased_type":[],"build_version":"2020-12-22","purchased_purges":0,"victory":false,"max_hp_per_floor":[60,60,60,60,60,60,60,60,60,60,60,65,65,65,65,65,65,65,65,65,65,65,65,65,65,65],"card_choices":[{"not_picked":["Moonworks:CompletionReward","Moonworks:EvilSpyWorkPreparation"],"picked":"Moonworks:IndiscriminateFireSupport","floor":1.0},{"not_picked":["Moonworks:SakisCookie","Moonworks:EvilSpyWorkPreparation","Moonworks:BigMagnum"],"picked":"SKIP","floor":2.0},{"not_picked":["Moonworks:SakisCookie","Moonworks:EvilSpyWorkPreparation"],"picked":"Moonworks:BigMagnum","floor":2.0},{"not_picked":["Moonworks:EvilSpyWorkPreparation","Moonworks:IntelligenceOfficer"],"picked":"Moonworks:Wanted","floor":4.0},{"not_picked":["Moonworks:BigMagnum","Moonworks:MixPhenomenon","Moonworks:SakisCookie"],"picked":"SKIP","floor":7.0},{"not_picked":["Moonworks:BigMagnum","Moonworks:BindingChains"],"picked":"Moonworks:TacticalRetreat","floor":10.0},{"not_picked":["Moonworks:BigMagnum","Moonworks:Poppoformation"],"picked":"Moonworks:DeployBits","floor":11.0},{"not_picked":["Moonworks:DeployBits","Moonworks:BigMagnum"],"picked":"Moonworks:AngelHand","floor":13.0},{"not_picked":["Moonworks:SweetBattle","Moonworks:OutOfAmmo"],"picked":"Moonworks:SelfDestruct","floor":14.0},{"not_picked":["Moonworks:BackdoorTrade","Moonworks:ReproductionOfRecords"],"picked":"Moonworks:ForcedRevival","floor":18.0},{"not_picked":["Moonworks:IndiscriminateFireSupport+1","Moonworks:ImOnFire"],"picked":"Moonworks:SealedMemories+1","floor":19.0},{"not_picked":["Moonworks:Dinner","Moonworks:CloudOfSeagulls","Moonworks:IndiscriminateFireSupport"],"picked":"SKIP","floor":20.0},{"not_picked":["Moonworks:CloudOfSeagulls","Moonworks:ImOnFire","Moonworks:BigMagnum"],"picked":"SKIP","floor":23.0}],"player_experience":594227,"relics_obtained":[{"floor":9.0,"key":"CeramicFish"},{"floor":13.0,"key":"Toy Ornithopter"},{"floor":22.0,"key":"Nilry\u0027s Codex"},{"floor":23.0,"key":"Unceasing Top"}],"event_choices":[{"damage_healed":0.0,"max_hp_gain":0.0,"max_hp_loss":0.0,"gold_gain":75.0,"event_name":"World of Goop","player_choice":"Gather Gold","floor":3.0,"gold_loss":0.0,"damage_taken":11.0},{"cards_removed":["Moonworks:Strike"],"damage_healed":0.0,"max_hp_gain":0.0,"max_hp_loss":0.0,"gold_gain":0.0,"event_name":"The Cleric","player_choice":"Card Removal","floor":5.0,"gold_loss":50.0,"damage_taken":0.0},{"damage_healed":0.0,"max_hp_gain":5.0,"max_hp_loss":0.0,"gold_gain":0.0,"event_name":"Big Fish","player_choice":"Donut","floor":12.0,"gold_loss":0.0,"damage_taken":0.0},{"damage_healed":0.0,"max_hp_gain":0.0,"max_hp_loss":0.0,"gold_gain":99.0,"event_name":"Nest","player_choice":"Stole From Cult","floor":21.0,"gold_loss":0.0,"damage_taken":0.0},{"damage_healed":0.0,"max_hp_gain":0.0,"max_hp_loss":0.0,"gold_gain":0.0,"event_name":"Cursed Tome","player_choice":"Obtained Book","floor":22.0,"gold_loss":0.0,"damage_taken":16.0}],"is_beta":false,"boss_relics":[{"not_picked":["Black Star","Busted Crown"],"picked":"Sozu"}],"items_purged_floors":[],"is_endless":false,"potions_floor_spawned":[1,4,13,14,16,20],"killed_by":"Snake Plant","ascension_level":0}}