{"host":"awrw1gk2acwismlg","time":1611378212,"event":{"mods":["100% Spire Juice","ATMod(∞¢Ë™Mod)","BaseMod","Hero for Fun","KinomotoSakuraMod(ƒæ÷Æ±æ”£)","Marisa£®ÏF”Í°°ƒß¿Ì…≥£©","Minty Spire (QoL Compilation)","Remilia£®¿Ÿ√◊¿Ú—«£©","Robot Space Explorer","Small Relic Pack","StSLib","The Dragon Tamer","Wide Potions","Yakumo Yukari mod","Youmu£®ªÍ∆«—˝√Œ£©","°æ“≈ŒÔø®≈∆°øREMEMod"],"gold_per_floor":[111,36,54,54,54,54,94,117,141,141,162,201,252,106,106,231,231,219,219,254,278,301,301,301,301,301],"floor_reached":24,"language":"ZHS","playtime":1744,"items_purged":["DTMod:TargetDefense","RobotSpaceExplorer:DoubleBlock"],"score":256,"play_id":"263775dc-ab20-4dcf-b723-c4d5203371a7","local_time":"20210123130332","is_ascension_mode":false,"metric_token":1047,"campfire_choices":[{"data":"AT_FamilyPortrait","floor":6.0,"key":"SMITH"},{"data":"DTMod:MagiciansMark","floor":10.0,"key":"SMITH"},{"data":"DTMod:SwitchingTactic","floor":15,"key":"SMITH"},{"data":"DTMod:EchoTactic","floor":23,"key":"SMITH"}],"dtmod_dragon_data":[0,50,1,-1,8,0],"circlet_count":0,"master_deck":["DTMod:Strike","DTMod:Strike","DTMod:Strike","DTMod:Strike","DTMod:DoubleHit","DTMod:TargetDefense","DTMod:TargetDefense","DTMod:TargetDefense","DTMod:SwitchingTactic+1","AT_FamilyPortrait+1","DTMod:HeatWave","DTMod:QuickFly","DTMod:CrossStep+1","DTMod:MagiciansMark+1","DTMod:PurifyingFlame","DTMod:OpeningTactic","DTMod:ComboAttack","DTMod:Outburst+1","DTMod:ComboAttack","DTMod:DarkBreath+1","DTMod:EchoTactic+1"],"relics":["DTMod:MagicStone","AT_ATBox","REME_ComplimentaryCards","NeowsBlessing","Golden Idol","AT_ChloranthyRing","REME_HandOfSuture","AT_SilvercatRing"],"acts_visited":["Exordium","TheCity"],"potions_floor_usage":[12],"damage_taken":[{"damage":0.0,"enemies":"Jaw Worm","floor":1.0,"turns":1.0},{"damage":0.0,"enemies":"Small Slimes","floor":3.0,"turns":1.0},{"damage":0.0,"enemies":"Lagavulin","floor":7.0,"turns":1.0},{"damage":0.0,"enemies":"Cultist","floor":8.0,"turns":3.0},{"damage":0,"enemies":"Gremlin Gang","floor":11,"turns":3},{"damage":0,"enemies":"3 Sentries","floor":12,"turns":6},{"damage":15,"enemies":"Hexaghost","floor":16,"turns":9},{"damage":0,"enemies":"2 Thieves","floor":18,"turns":4},{"damage":0,"enemies":"3 Byrds","floor":20,"turns":4},{"damage":11,"enemies":"Cultist and Chosen","floor":21,"turns":5},{"damage":20,"enemies":"Shelled Parasite and Fungi","floor":22,"turns":4},{"damage":30,"enemies":"Slavers","floor":24,"turns":3}],"seed_played":"-6707545797183720640","potions_obtained":[{"floor":7.0,"key":"Explosive Potion"},{"floor":8.0,"key":"REME_GoldPotion"},{"floor":16,"key":"BlessingOfTheForge"},{"floor":20,"key":"FearPotion"}],"is_trial":false,"path_per_floor":["M","$","M","?","?","R","E","M","T","R","M","E","?","$","R","B",null,"M","?","M","M","M","R","E"],"character_chosen":"THE_DT","items_purchased":["DTMod:ComboAttack"],"campfire_rested":0,"item_purchase_floors":[14],"current_hp_per_floor":[45,45,45,42,42,42,42,42,42,42,42,42,42,42,42,27,42,42,42,42,31,18,18,0,0,0],"gold":301,"neow_bonus":"THREE_ENEMY_KILL","is_daily":false,"chose_seed":false,"campfire_upgraded":4,"win_rate":0.0,"timestamp":1611378212,"path_taken":["M","$","M","?","?","R","E","M","T","R","M","E","?","$","R","BOSS","M","?","M","M","?","R","E"],"items_purchased_type":["Card"],"build_version":"2020-12-22","purchased_purges":2,"victory":false,"max_hp_per_floor":[45,45,45,42,42,42,42,42,42,42,42,42,42,42,42,42,42,42,42,42,42,42,42,42,42,42],"card_choices":[{"not_picked":["DTMod:Threaten","DTMod:Overwhelm"],"picked":"DTMod:HeatWave","floor":1.0},{"not_picked":["DTMod:MasterPlan","DTMod:Hide"],"picked":"DTMod:QuickFly","floor":3.0},{"not_picked":["DTMod:DarkBreath","DTMod:DeepFocus"],"picked":"DTMod:CrossStep","floor":7.0},{"not_picked":["DTMod:Hide","DTMod:BlueScale"],"picked":"DTMod:MagiciansMark","floor":8.0},{"not_picked":["DTMod:BizarreTactic","DTMod:TauntingStrike"],"picked":"DTMod:PurifyingFlame","floor":11},{"not_picked":["DTMod:BizarreTactic","DTMod:MaximumCharge"],"picked":"DTMod:OpeningTactic","floor":12},{"not_picked":["DTMod:ResonanceForm","DTMod:Inferno"],"picked":"DTMod:Outburst","floor":16},{"not_picked":["DTMod:Threaten","DTMod:Cover"],"picked":"DTMod:ComboAttack","floor":18},{"not_picked":["DTMod:LowKick","DTMod:InvisibleFlame","DTMod:Cover"],"picked":"SKIP","floor":20},{"not_picked":["DTMod:BurningEnergy","DTMod:Feint"],"picked":"DTMod:DarkBreath+1","floor":21},{"not_picked":["DTMod:Feint","DTMod:Weaken"],"picked":"DTMod:EchoTactic","floor":22}],"player_experience":18566,"relics_obtained":[{"floor":7.0,"key":"AT_ChloranthyRing"},{"floor":9.0,"key":"REME_HandOfSuture"},{"floor":12,"key":"AT_SilvercatRing"}],"event_choices":[{"damage_healed":0.0,"max_hp_gain":0.0,"max_hp_loss":3.0,"gold_gain":0.0,"event_name":"Golden Idol","player_choice":"Lose Max HP","floor":4.0,"gold_loss":0.0,"damage_taken":0.0,"relics_obtained":["Golden Idol"]},{"damage_healed":0,"gold_gain":51,"player_choice":"Gained Gold","damage_taken":0,"max_hp_gain":0,"max_hp_loss":0,"event_name":"Golden Wing","floor":13,"gold_loss":0},{"damage_healed":0,"gold_gain":0,"player_choice":"Upgraded","damage_taken":0,"max_hp_gain":0,"max_hp_loss":0,"event_name":"Upgrade Shrine","floor":19,"gold_loss":0,"cards_upgraded":["DTMod:Outburst"]}],"is_beta":false,"boss_relics":[{"not_picked":["Calling Bell","relicPack:ShieldShield"],"picked":"DTMod:MagicStone"}],"items_purged_floors":[2,14],"is_endless":false,"potions_floor_spawned":[7,8,16,20],"killed_by":"Slavers","ascension_level":0}}