{"host":"50per11302020","time":1611432154,"event":{"mods":["AchievementEnabler","BaseMod","Colored Map","Minty Spire (QoL Compilation)","Relic Stats","StSLib"],"gold_per_floor":[16,16,32,32,52,85,85,115,115,265,265,291,291,291,291,364,364,383,212,226,226,226,226,254,266,278,290,327,355,367,391,403,494,506,533,556,588,600,489,489,516,516,516,528,528,563,4,0,0,0],"floor_reached":51,"language":"ENG","playtime":3677,"items_purged":["Strike_R","Strike_R+1"],"score":1331,"play_id":"67e4afb4-4ffe-4a97-a59b-1d0900f6e9c9","local_time":"20210123120234","is_ascension_mode":true,"campfire_choices":[{"data":"Battle Trance","floor":7,"key":"SMITH"},{"data":"Havoc","floor":11,"key":"SMITH"},{"floor":13,"key":"REST"},{"data":"Armaments","floor":15,"key":"SMITH"},{"floor":23,"key":"REST"},{"data":"Demon Form","floor":27,"key":"SMITH"},{"data":"Intimidate","floor":30,"key":"SMITH"},{"data":"Feed","floor":32,"key":"SMITH"},{"floor":40,"key":"REST"},{"floor":42,"key":"REST"},{"data":"Bash","floor":49,"key":"SMITH"}],"circlet_count":0,"master_deck":["AscendersBane","Strike_R+1","Strike_R+1","Defend_R+1","Defend_R+1","Defend_R+1","Defend_R+1","Bash+1","Demon Form+1","Havoc+1","Battle Trance+1","Power Through","Feed+1","Armaments+1","Demon Form+1","Infernal Blade+1","Havoc","Evolve","Combust","Intimidate+1","Thunderclap+1","Double Tap","CurseOfTheBell","Metallicize","Disarm","Fire Breathing","Havoc","Sword Boomerang","Dropkick+1","Battle Trance+1"],"relics":["Burning Blood","Bottled Lightning","Shuriken","Mummified Hand","Thread and Needle","Busted Crown","MawBank","Sundial","Question Card","Calling Bell","Lantern","Kunai","FossilizedHelix","Champion Belt","Blood Vial","Blue Candle","DollysMirror","Pocketwatch","Red Mask"],"acts_visited":["Exordium","TheCity","TheBeyond"],"potions_floor_usage":[8,20,29,33,33,37,50],"damage_taken":[{"damage":5,"enemies":"Small Slimes","floor":1,"turns":3},{"damage":1,"enemies":"2 Louse","floor":3,"turns":4},{"damage":0,"enemies":"Cultist","floor":5,"turns":4},{"damage":24,"enemies":"Gremlin Nob","floor":6,"turns":4},{"damage":35,"enemies":"3 Sentries","floor":8,"turns":8},{"damage":25,"enemies":"Lagavulin","floor":12,"turns":6},{"damage":11,"enemies":"The Guardian","floor":16,"turns":11},{"damage":1,"enemies":"Chosen","floor":18,"turns":8},{"damage":18,"enemies":"3 Byrds","floor":20,"turns":7},{"damage":12,"enemies":"Gremlin Leader","floor":24,"turns":4},{"damage":31,"enemies":"Book of Stabbing","floor":28,"turns":5},{"damage":6,"enemies":"Shelled Parasite and Fungi","floor":29,"turns":8},{"damage":0,"enemies":"Snecko","floor":31,"turns":5},{"damage":42,"enemies":"Collector","floor":33,"turns":8},{"damage":1,"enemies":"3 Shapes","floor":35,"turns":3},{"damage":39,"enemies":"3 Darklings","floor":36,"turns":5},{"damage":4,"enemies":"Jaw Worm Horde","floor":37,"turns":4},{"damage":28,"enemies":"Giant Head","floor":41,"turns":7},{"damage":10,"enemies":"Sphere and 2 Shapes","floor":44,"turns":4},{"damage":0,"enemies":"Nemesis","floor":46,"turns":7},{"damage":70,"enemies":"Time Eater","floor":50,"turns":9}],"seed_played":"-3012517850542706702","potions_obtained":[{"floor":1,"key":"ElixirPotion"},{"floor":3,"key":"Regen Potion"},{"floor":16,"key":"Weak Potion"},{"floor":20,"key":"EssenceOfSteel"},{"floor":24,"key":"Regen Potion"},{"floor":29,"key":"Dexterity Potion"},{"floor":33,"key":"SkillPotion"},{"floor":37,"key":"FearPotion"},{"floor":46,"key":"GamblersBrew"}],"is_trial":false,"path_per_floor":["M","?","M","?","M","E","R","E","T","?","R","E","R","?","R","B",null,"M","$","M","?","?","R","E","$","T","R","E","M","R","M","R","B",null,"M","M","M","?","$","R","E","R","T","M","?","E","$","?","R","B",null],"character_chosen":"IRONCLAD","items_purchased":["Havoc","Evolve","Fire Breathing","Havoc","DollysMirror","Pocketwatch"],"campfire_rested":4,"item_purchase_floors":[19,19,39,39,47,47],"current_hp_per_floor":[69,69,74,74,75,57,57,43,43,43,43,27,50,50,50,49,74,83,83,75,48,48,76,70,70,70,70,45,63,63,72,72,40,89,98,69,75,75,75,110,88,117,117,117,115,115,115,115,115,55],"gold":0,"neow_bonus":"THREE_RARE_CARDS","is_daily":false,"chose_seed":false,"campfire_upgraded":7,"win_rate":0.0,"timestamp":1611432154,"path_taken":["M","?","M","?","M","E","R","E","T","?","R","E","R","?","R","BOSS","M","$","M","?","?","R","E","?","T","R","E","?","R","M","R","BOSS","M","M","M","?","$","R","E","R","T","M","?","E","$","?","R","BOSS"],"items_purchased_type":["Card","Card","Card","Card","Relic","Relic"],"build_version":"2020-12-18","purchased_purges":2,"victory":true,"max_hp_per_floor":[75,75,75,75,75,75,75,75,75,75,75,78,78,78,78,82,82,86,86,90,95,95,95,95,95,95,95,95,98,98,101,101,105,105,109,113,117,117,117,117,117,117,117,121,115,115,115,115,115,119],"relic_stats":{"counters":[21,124],"Blue Candle":[0],"MawBank":180,"Question Card":10,"Burning Blood":115,"Blood Vial":0,"Busted Crown":28,"Shuriken":[16],"Mummified Hand":[64],"Sundial":[10],"Kunai":[8],"Champion Belt":[11],"obtain_stats":[{"Lantern":34,"Blue Candle":46,"Thread and Needle":12,"MawBank":24,"Question Card":28,"Burning Blood":0,"Calling Bell":34,"Blood Vial":43,"Busted Crown":17,"Shuriken":8,"Mummified Hand":9,"Sundial":26,"DollysMirror":47,"Red Mask":48,"Bottled Lightning":6,"Kunai":34,"Champion Belt":41,"FossilizedHelix":34,"Pocketwatch":47},{"Lantern":14,"Blue Candle":20,"Thread and Needle":6,"MawBank":10,"Question Card":11,"Burning Blood":0,"Calling Bell":14,"Blood Vial":18,"Busted Crown":7,"Shuriken":5,"Mummified Hand":5,"Sundial":10,"DollysMirror":20,"Red Mask":20,"Bottled Lightning":4,"Kunai":14,"Champion Belt":18,"FossilizedHelix":14,"Pocketwatch":20},{"Lantern":85,"Blue Candle":115,"Thread and Needle":29,"MawBank":59,"Question Card":64,"Burning Blood":0,"Calling Bell":85,"Blood Vial":104,"Busted Crown":40,"Shuriken":23,"Mummified Hand":23,"Sundial":59,"DollysMirror":115,"Red Mask":115,"Bottled Lightning":15,"Kunai":85,"Champion Belt":104,"FossilizedHelix":85,"Pocketwatch":115}],"Pocketwatch":[18]},"card_choices":[{"not_picked":["Barricade","Corruption"],"picked":"Demon Form","floor":0},{"not_picked":["Dropkick","Twin Strike"],"picked":"Havoc","floor":1},{"not_picked":["Pommel Strike","Headbutt","Wild Strike"],"picked":"SKIP","floor":3},{"not_picked":["Fire Breathing","Dual Wield"],"picked":"Battle Trance","floor":5},{"not_picked":["Rampage","Warcry"],"picked":"Power Through","floor":6},{"not_picked":["Second Wind","Infernal Blade"],"picked":"Feed","floor":8},{"not_picked":["Power Through","Cleave"],"picked":"Armaments","floor":12},{"not_picked":["Offering","Immolate"],"picked":"Demon Form","floor":16},{"not_picked":[],"picked":"Infernal Blade+1","floor":18},{"not_picked":["Wild Strike"],"picked":"SKIP","floor":20},{"not_picked":[],"picked":"Combust","floor":24},{"not_picked":["Blood for Blood+1"],"picked":"SKIP","floor":28},{"not_picked":["True Grit"],"picked":"Intimidate","floor":29},{"not_picked":["Rampage"],"picked":"Thunderclap+1","floor":31},{"not_picked":["Fiend Fire"],"picked":"Double Tap","floor":33},{"not_picked":["Pommel Strike"],"picked":"Metallicize","floor":35},{"not_picked":["Armaments","Corruption"],"picked":"SKIP","floor":36},{"not_picked":["Power Through"],"picked":"Disarm","floor":37},{"not_picked":["Flex"],"picked":"Sword Boomerang","floor":41},{"not_picked":["Anger","Cleave+1"],"picked":"SKIP","floor":44},{"not_picked":["Carnage"],"picked":"Dropkick+1","floor":46}],"player_experience":337267,"relics_obtained":[{"floor":6,"key":"Bottled Lightning"},{"floor":8,"key":"Shuriken"},{"floor":9,"key":"Mummified Hand"},{"floor":12,"key":"Thread and Needle"},{"floor":24,"key":"MawBank"},{"floor":26,"key":"Sundial"},{"floor":28,"key":"Question Card"},{"floor":34,"key":"Lantern"},{"floor":34,"key":"Kunai"},{"floor":34,"key":"FossilizedHelix"},{"floor":41,"key":"Champion Belt"},{"floor":43,"key":"Blood Vial"},{"floor":46,"key":"Blue Candle"}],"event_choices":[{"damage_healed":0,"gold_gain":0,"player_choice":"Grow","damage_taken":0,"max_hp_gain":0,"max_hp_loss":0,"event_name":"Living Wall","floor":2,"gold_loss":0,"cards_upgraded":["Demon Form"]},{"damage_healed":0,"gold_gain":0,"player_choice":"Ignored","damage_taken":0,"max_hp_gain":0,"max_hp_loss":0,"event_name":"Golden Idol","floor":4,"gold_loss":0},{"damage_healed":0,"gold_gain":150,"player_choice":"AGREE","damage_taken":0,"max_hp_gain":0,"max_hp_loss":0,"event_name":"Liars Game","floor":10,"gold_loss":0,"cards_obtained":["Doubt"]},{"cards_removed":["Doubt"],"damage_healed":0,"gold_gain":0,"player_choice":"Card Removal","damage_taken":0,"max_hp_gain":0,"max_hp_loss":0,"event_name":"Wheel of Change","floor":14,"gold_loss":0},{"damage_healed":0,"gold_gain":0,"player_choice":"Shed Blood","damage_taken":32,"max_hp_gain":5,"max_hp_loss":0,"event_name":"Forgotten Altar","floor":21,"gold_loss":0},{"damage_healed":0,"gold_gain":0,"player_choice":"Simplicity","damage_taken":0,"max_hp_gain":0,"max_hp_loss":0,"event_name":"Back to Basics","floor":22,"gold_loss":0,"cards_upgraded":["Strike_R","Strike_R","Strike_R","Strike_R","Defend_R","Defend_R","Defend_R","Defend_R"]},{"cards_removed":["Strike_R"],"damage_healed":0,"gold_gain":0,"player_choice":"Removed Attack","damage_taken":0,"max_hp_gain":0,"max_hp_loss":0,"event_name":"Falling","floor":38,"gold_loss":0},{"damage_healed":0,"gold_gain":0,"player_choice":"Max HP","damage_taken":0,"max_hp_gain":0,"max_hp_loss":6,"event_name":"Winding Halls","floor":45,"gold_loss":0},{"damage_healed":0,"gold_gain":0,"player_choice":"Paid","damage_taken":0,"relics_obtained":["Red Mask"],"max_hp_gain":0,"max_hp_loss":0,"event_name":"Tomb of Lord Red Mask","floor":48,"gold_loss":4}],"is_beta":true,"boss_relics":[{"not_picked":["Sozu","Empty Cage"],"picked":"Busted Crown"},{"not_picked":["Runic Dome","SlaversCollar"],"picked":"Calling Bell"}],"items_purged_floors":[19,47],"is_endless":false,"potions_floor_spawned":[1,3,16,20,24,29,33,37,46],"ascension_level":15}}