{"host":"ymw71f7rc9ndansy","time":1611402787,"event":{"mods":["ATMod(阿瑾Mod)","Act Like it!","Aspiration","BaseMod","DeckTracker","Hubris","Library of Ruina","Library of Ruina Extra","Minty Spire (QoL Compilation)","MostiFishMod","Remove Card Discount Mod","Replay The Spire","RumiaBox-露米娅的神秘盒子","StSLib","TestMod","【功能Mod】精心准备","【遗物卡牌】REMEMod"],"gold_per_floor":[118,118,108,108,124,151,151,161,212,223,223,223,223],"floor_reached":12,"language":"ZHS","playtime":269,"items_purged":["LightAttack","Dodge","Strike_R","Dodge","LightDefense"],"score":206,"play_id":"d3283590-fdd9-4413-828c-4498e5631471","local_time":"20210123195307","is_ascension_mode":true,"campfire_choices":[{"data":"WillOfThePrescript","floor":7,"key":"SMITH"}],"circlet_count":0,"master_deck":["AscendersBane","LightAttack","LightAttack","LightDefense","LightDefense+1","ChargeAndCover","FocusedStrikes","AT_ShadowStep","LeRegole","WillOfThePrescript+1","EnergyStrike","DriedUp","Concentration+1"],"relics":["PageOfLibrarian","testmod-TestBox","DaveBox","REME_ComplimentaryCards","AT_ATBox","ChiXiaoBlade","testmod-Alchemist","CaptainsWheel","Baka","SynthV:TestCard","OriginationStaff","ReplayTheSpireMod:Ninjato","testmod-OneHitWonder"],"acts_visited":["Exordium"],"potions_floor_usage":[],"damage_taken":[{"damage":10,"enemies":"Small Slimes","floor":1,"turns":3},{"damage":0,"enemies":"Cultist","floor":5,"turns":2},{"damage":10,"enemies":"Gremlin Nob","floor":6,"turns":4},{"damage":6,"enemies":"Jaw Worm","floor":8,"turns":1},{"damage":9,"enemies":"2 Fungi Beasts","floor":10,"turns":3},{"damage":0,"enemies":"3 Sentries","floor":12,"turns":1}],"seed_played":"6655311542448407216","potions_obtained":[{"floor":1,"key":"SkillPotion"},{"floor":8,"key":"Adrenaline Potion"}],"is_trial":false,"path_per_floor":["M","?","$","?","M","E","R","M","T","M","?","E"],"character_chosen":"Librarian","items_purchased":[],"campfire_rested":0,"item_purchase_floors":[],"current_hp_per_floor":[44,44,44,44,44,34,34,28,28,19,19,19,19],"gold":223,"neow_bonus":"ONE_RARE_RELIC","is_daily":false,"chose_seed":false,"campfire_upgraded":1,"win_rate":0.0,"timestamp":1611402787,"path_taken":["M","?","$","?","M","E","R","?","T","M","?","E"],"items_purchased_type":[],"build_version":"2020-12-22","purchased_purges":5,"victory":false,"max_hp_per_floor":[244,244,244,244,244,244,244,244,244,244,244,244,244],"card_choices":[{"not_picked":["DesperateStruggle","FleetEdge","GuardingStance"],"picked":"WillOfThePrescript","floor":1},{"not_picked":["Outburst","Faith","FrontalAssault","DarkCloud","ToWhereThePrescriptPoints"],"picked":"EnergyStrike","floor":5},{"not_picked":["ExtractFuel","BayonetCombat","PinpointShot","SharpSwipe","SweepTheBackstreets"],"picked":"DriedUp","floor":6},{"not_picked":["GuardingStance","BurningFlash","WildCard","Execute_lor","BlowItUp"],"picked":"Concentration","floor":8}],"player_experience":1065004,"relics_obtained":[{"floor":1,"key":"Baka"},{"floor":1,"key":"SynthV:TestCard"},{"floor":5,"key":"OriginationStaff"},{"floor":6,"key":"ReplayTheSpireMod:Ninjato"},{"floor":9,"key":"testmod-OneHitWonder"}],"event_choices":[{"cards_removed":["LightDefense"],"damage_healed":0,"gold_gain":0,"player_choice":"Purged","damage_taken":0,"max_hp_gain":0,"max_hp_loss":0,"event_name":"Purifier","floor":4,"gold_loss":0},{"damage_healed":0,"gold_gain":0,"player_choice":"Grow","damage_taken":0,"max_hp_gain":0,"max_hp_loss":0,"event_name":"Living Wall","floor":11,"gold_loss":0,"cards_upgraded":["Concentration"]}],"is_beta":false,"boss_relics":[],"items_purged_floors":[3,3,3,3,3],"is_endless":false,"potions_floor_spawned":[1,8],"killed_by":"3 Sentries","ascension_level":20}}