{"host":"Jade","time":1611403391,"event":{"mods":["2.2 Compatiblity","A Penny For Your Troubles","Aspiration","BaseMod","Better Altar","Better Match","Better Note","Better Skull","Better Third Choice","Better Vampires","BetterRewards","Colored Powertips","Conspire","Curses Come First","DeckTracker","GifTheSpireLib","Hero for Fun","Hubris","Infinite Spire","Minty Spire (QoL Compilation)","Quick Restart","Rare Cards Sparkle","Relic Stats","Replay The Spire","RumiaBox-????????","StSLib","Stuff the Spire","Waifu the Spire","Wandering Minibosses"],"gold_per_floor":[118,118,133,58,58,58,90,90,115,135,158,184,184,206,206,313,313,337,337,361,63,87,121,26,26,76,100,100,100,25,52,52,153,153,181,207,219,219],"floor_reached":37,"language":"ENG","playtime":1928,"items_purged":["Regret","Defend_R"],"score":416,"play_id":"2c35911d-999b-41f0-9b97-26b08eff39c2","local_time":"20210123200311","is_ascension_mode":false,"campfire_choices":[{"data":"Perfected Strike","floor":6,"key":"SMITH"},{"data":"ReplayTheSpireMod:Muscle Training","floor":13,"key":"SMITH"},{"data":"ReplayTheSpireMod:Stacked","floor":15,"key":"SMITH"},{"floor":25,"key":"REST"},{"data":"StuffTheSpire:TitanForm","floor":28,"key":"SMITH"},{"floor":32,"key":"REST"}],"circlet_count":0,"master_deck":["Strike_R","Strike_R+1","Strike_R","Strike_R","Strike_R","Defend_R","Defend_R","Defend_R","Bash","Run Through","Perfected Strike+1","ReplayTheSpireMod:Muscle Training+1","True Grit","Ghostly Armor","ReplayTheSpireMod:Stacked+1","Anger","Berserk","StuffTheSpire:TitanForm+1","Clash","Intimidate","StuffTheSpire:PlasmaPulse+1","Demon Form","Metallicize+1"],"relics":["Burning Blood","StuffTheSpire:Gunfinga","aspiration:BabyByrd","Replay:WaspNest","StuffTheSpire:RubySignet","Replay:Bandana","hubris:ScarierMask","Nloth\u0027s Gift","Brimstone","hubris:Potato","Letter Opener","Gremlin Food","conspire:BottledYoYo"],"acts_visited":["Exordium","TheCity","TheBeyond"],"potions_floor_usage":[10,16,18,22,23,35,36],"damage_taken":[{"damage":0,"enemies":"Jaw Worm","floor":1,"turns":1},{"damage":0,"enemies":"2 Louse","floor":3,"turns":1},{"damage":0,"enemies":"Gremlin Nob","floor":7,"turns":1},{"damage":0,"enemies":"Small Slimes","floor":10,"turns":2},{"damage":8,"enemies":"Blue Slaver","floor":11,"turns":3},{"damage":3,"enemies":"3 Louse","floor":12,"turns":3},{"damage":0,"enemies":"Looter","floor":14,"turns":2},{"damage":31,"enemies":"The Guardian","floor":16,"turns":8},{"damage":40,"enemies":"3 Byrds","floor":18,"turns":6},{"damage":0,"enemies":"2 Thieves","floor":20,"turns":3},{"damage":42,"enemies":"Snake Plant","floor":22,"turns":3},{"damage":37,"enemies":"Replay:Snechameleon","floor":23,"turns":4},{"damage":0,"enemies":"Sentry and Sphere","floor":27,"turns":2},{"damage":9,"enemies":"Centurion and Healer","floor":31,"turns":3},{"damage":71,"enemies":"Champ","floor":33,"turns":6},{"damage":34,"enemies":"Orb Walker","floor":35,"turns":4},{"damage":39,"enemies":"3 Darklings","floor":36,"turns":6},{"damage":20,"enemies":"infinitespire:Three Voidlings","floor":37,"turns":4},{"damage":26,"enemies":"Nightmare_Alpha","floor":37,"turns":2}],"seed_played":"-7558746824622680823","potions_obtained":[{"floor":3,"key":"Strength Potion"},{"floor":10,"key":"Energy Potion"},{"floor":16,"key":"Fire Potion"},{"floor":22,"key":"SpeedPotion"},{"floor":33,"key":"Dexterity Potion"},{"floor":35,"key":"Strength Potion"}],"is_trial":false,"path_per_floor":["M","?","M","$","?","R","E","T","T","M","M","M","R","M","R","B",null,"M","?","M","$","M","E","?","R","T","M","R","T","?","M","R","B",null,"M","M","?"],"character_chosen":"IRONCLAD","items_purchased":["Brimstone","BloodPotion"],"campfire_rested":2,"item_purchase_floors":[21,21],"current_hp_per_floor":[80,80,80,80,80,80,80,80,80,80,78,80,80,80,80,55,80,50,50,56,56,38,13,13,37,37,43,43,43,43,42,66,9,80,52,23,0,0],"gold":219,"neow_bonus":"THREE_ENEMY_KILL","is_daily":false,"chose_seed":false,"campfire_upgraded":4,"win_rate":0.0,"timestamp":1611403391,"path_taken":["M","?","M","$","?","R","E","?","T","M","M","M","R","M","R","BOSS","M","?","M","$","M","E","?","R","T","M","R","?","?","M","R","BOSS","M","M","?"],"items_purchased_type":["Relic","Potion"],"build_version":"2020-11-17","purchased_purges":2,"victory":false,"max_hp_per_floor":[80,80,80,80,80,80,80,80,80,80,80,80,80,80,80,80,80,80,80,80,80,80,80,80,80,80,80,80,80,80,80,80,80,80,80,80,80,80],"relic_stats":{"counters":[19,64],"Nloth\u0027s Gift":1,"Letter Opener":[25],"obtain_stats":[{"Gremlin Food":26,"NeowsBlessing":0,"Replay:WaspNest":7,"Letter Opener":24,"Burning Blood":0,"StuffTheSpire:Gunfinga":2,"Replay:Bandana":9,"aspiration:BabyByrd":5,"Brimstone":21,"hubris:ScarierMask":17,"StuffTheSpire:RubySignet":8,"Nloth\u0027s Gift":19,"conspire:BottledYoYo":29,"hubris:Potato":23},{"Gremlin Food":12,"NeowsBlessing":0,"Replay:WaspNest":3,"Letter Opener":12,"Burning Blood":0,"StuffTheSpire:Gunfinga":1,"Replay:Bandana":3,"aspiration:BabyByrd":2,"Brimstone":10,"hubris:ScarierMask":8,"StuffTheSpire:RubySignet":3,"Nloth\u0027s Gift":9,"conspire:BottledYoYo":13,"hubris:Potato":12},{"Gremlin Food":37,"NeowsBlessing":0,"Replay:WaspNest":3,"Letter Opener":37,"Burning Blood":0,"StuffTheSpire:Gunfinga":1,"Replay:Bandana":3,"aspiration:BabyByrd":2,"Brimstone":30,"hubris:ScarierMask":21,"StuffTheSpire:RubySignet":3,"Nloth\u0027s Gift":27,"conspire:BottledYoYo":39,"hubris:Potato":37}],"Burning Blood":77},"card_choices":[{"not_picked":["Twin Strike","True Grit"],"picked":"Run Through","floor":1},{"not_picked":["Warcry","Battle Trance"],"picked":"Perfected Strike","floor":3},{"not_picked":["ReplayTheSpireMod:Strike From Hell","Flex"],"picked":"ReplayTheSpireMod:Muscle Training","floor":7},{"not_picked":["Fiend Fire","Sword Boomerang"],"picked":"True Grit","floor":10},{"not_picked":["StuffTheSpire:Slingshot","Iron Wave"],"picked":"Ghostly Armor","floor":11},{"not_picked":["Thunderclap","Run Through"],"picked":"ReplayTheSpireMod:Stacked","floor":12},{"not_picked":["Life Link","Warcry"],"picked":"Anger","floor":14},{"not_picked":["Corruption","Reaper"],"picked":"Berserk","floor":16},{"not_picked":["Cleave","Pommel Strike","StuffTheSpire:RockThrow+1"],"picked":"SKIP","floor":18},{"not_picked":["Battle Trance","StuffTheSpire:RockThrow"],"picked":"StuffTheSpire:TitanForm","floor":20},{"not_picked":["Disarm","Headbutt"],"picked":"Clash","floor":22},{"not_picked":["Infernal Blade","Armaments","Shockwave"],"picked":"SKIP","floor":23},{"not_picked":["Power Through","Clothesline"],"picked":"Intimidate","floor":27},{"not_picked":["Impatience+1","Replay:BasicMightCard+1"],"picked":"StuffTheSpire:PlasmaPulse+1","floor":30},{"not_picked":["Iron Wave","Searing Blow+1","Perfected Strike"],"picked":"SKIP","floor":31},{"not_picked":["Replay:Many Hands","conspire:Purge"],"picked":"Demon Form","floor":33},{"not_picked":["Abandon","ReplayTheSpireMod:Strike From Hell","StuffTheSpire:RockThrow+1"],"picked":"SKIP","floor":35},{"not_picked":["Searing Blow+1","True Grit+1"],"picked":"Metallicize+1","floor":36}],"player_experience":0,"relics_obtained":[{"floor":7,"key":"Replay:WaspNest"},{"floor":8,"key":"StuffTheSpire:RubySignet"},{"floor":9,"key":"Replay:Bandana"},{"floor":23,"key":"hubris:Potato"},{"floor":26,"key":"Gremlin Food"},{"floor":29,"key":"conspire:BottledYoYo"}],"event_choices":[{"damage_healed":0,"gold_gain":0,"player_choice":"Box","damage_taken":0,"relics_obtained":["StuffTheSpire:Gunfinga"],"max_hp_gain":0,"max_hp_loss":0,"event_name":"Big Fish","floor":2,"gold_loss":0,"cards_obtained":["Regret"]},{"damage_healed":0,"gold_gain":0,"player_choice":"Traded Relic","damage_taken":0,"relics_obtained":["Nloth\u0027s Gift"],"max_hp_gain":0,"max_hp_loss":0,"event_name":"N\u0027loth","floor":19,"relics_lost":["NeowsBlessing"],"gold_loss":0},{"damage_healed":0,"gold_gain":0,"player_choice":"Paid Gold","damage_taken":0,"relics_obtained":["Letter Opener"],"max_hp_gain":0,"max_hp_loss":0,"event_name":"WeMeetAgain","floor":24,"gold_loss":95},{"damage_healed":0,"gold_gain":0,"player_choice":"2","damage_taken":0,"max_hp_gain":0,"max_hp_loss":0,"event_name":"betterMatch:BetterMatch","floor":30,"gold_loss":0,"cards_obtained":["betterMatch:ColorlessUncommonCard"]}],"is_beta":true,"boss_relics":[{"not_picked":["StuffTheSpire:Kangaroo","Sozu"],"picked":"hubris:ScarierMask"},{"not_picked":["aspiration:SilentSkillbook","Painkiller Herb","hubris:BlackHole"]}],"items_purged_floors":[4,21],"is_endless":false,"potions_floor_spawned":[3,10,16,22,33,35,37],"killed_by":"Nightmare_Alpha","ascension_level":0}}