{"host":"bq8ii4ghyb2mkf8g","time":1611388644,"event":{"mods":["BaseMod","Colored Map","Minty Spire (QoL Compilation)","Quick Restart","Replay The Spire","StSLib"],"gold_per_floor":[114,114,114,114,3,34,34,63,116,146,146,160,175,202,202,306,306,319,259,259,36,59,59,86,98,124,151,171,171,171,181,181,279,279,296,314,214,225,225,225,225,235,262,291,166,166,179,179,179,179,179,179,43,71,71],"floor_reached":56,"language":"ZHS","playtime":4470,"items_purged":["Strike_G","Defend_G","Predator"],"score":2093,"play_id":"3935fa39-5770-4405-a8ff-47a4be26fea1","local_time":"20210123155724","is_ascension_mode":true,"campfire_choices":[{"data":"Footwork","floor":7,"key":"SMITH"},{"data":"Pot Of Greed","floor":11,"key":"SMITH"},{"data":"Pot Of Greed","floor":15,"key":"SMITH"},{"data":"Calculated Gamble","floor":23,"key":"SMITH"},{"data":"Acrobatics","floor":29,"key":"SMITH"},{"data":"Pot Of Greed","floor":32,"key":"SMITH"},{"data":"Tactician","floor":40,"key":"SMITH"},{"data":"Noxious Fumes","floor":46,"key":"SMITH"},{"floor":49,"key":"RECALL"},{"data":"Neutralize","floor":52,"key":"SMITH"}],"circlet_count":0,"master_deck":["AscendersBane","Survivor","Neutralize+1","Footwork+1","Endless Agony+1","Pot Of Greed+1","Pot Of Greed+1","Tactician+1","Backstab","Backflip","Escape Plan","Backflip","Acrobatics+1","Calculated Gamble+1","PiercingWail","Tactician+1","Pot Of Greed+1","Escape Plan+1","Backstab","Atom Bomb","Finisher+1","Finesse"],"relics":["Ring of the Snake","NeowsBlessing","Replay:PocketPolymizer","Du-Vu Doll","Grinning Jar","Mercury Hourglass","Ninja Scroll","WristBlade","Guide Book","Bronze Scales","Tough Bandages","Blue Doll","Busted Crown","Gremlin Food","ReplayTheSpireMod:TigerMarble"],"acts_visited":["Exordium","TheCity","TheBeyond","TheEnding"],"potions_floor_usage":[14,55,55],"damage_taken":[{"damage":0,"enemies":"2 Louse","floor":1,"turns":1},{"damage":0,"enemies":"3 Sentries","floor":6,"turns":2},{"damage":0,"enemies":"Lagavulin","floor":8,"turns":1},{"damage":26,"enemies":"3 Sentries","floor":10,"turns":11},{"damage":0,"enemies":"Cultist","floor":12,"turns":3},{"damage":0,"enemies":"Jaw Worm","floor":13,"turns":3},{"damage":10,"enemies":"Lagavulin","floor":14,"turns":9},{"damage":2,"enemies":"The Guardian","floor":16,"turns":15},{"damage":0,"enemies":"3 Byrds","floor":18,"turns":4},{"damage":0,"enemies":"Gremlin Leader","floor":24,"turns":3},{"damage":0,"enemies":"2 Thieves","floor":25,"turns":2},{"damage":0,"enemies":"Book of Stabbing","floor":27,"turns":2},{"damage":10,"enemies":"Snake Plant","floor":28,"turns":2},{"damage":0,"enemies":"Sentry and Sphere","floor":31,"turns":2},{"damage":0,"enemies":"Pondfish","floor":33,"turns":2},{"damage":0,"enemies":"3 Shapes","floor":35,"turns":1},{"damage":0,"enemies":"3 Darklings","floor":36,"turns":3},{"damage":0,"enemies":"4 Shapes","floor":38,"turns":1},{"damage":0,"enemies":"Maw","floor":42,"turns":2},{"damage":0,"enemies":"R_Hoarder","floor":44,"turns":5},{"damage":0,"enemies":"Transient","floor":47,"turns":2},{"damage":0,"enemies":"Donu and Deca","floor":50,"turns":1},{"damage":0,"enemies":"Shield and Spear","floor":54,"turns":1},{"damage":31,"enemies":"The Heart","floor":55,"turns":4}],"seed_played":"7588315085048578692","potions_obtained":[{"floor":4,"key":"Block Potion"},{"floor":4,"key":"DistilledChaos"},{"floor":12,"key":"Block Potion"},{"floor":28,"key":"Toxic Potion"},{"floor":42,"key":"Venom Potion"}],"is_trial":false,"path_per_floor":["M","?","?","?","$","E","R","E","T","E","R","M","M","E","R","B",null,"M","?","?","$","T","R","E","M","T","E","M","R","?","M","R","B",null,"M","M","$","M","?","R","?","M","T","E","$","R","M","?","R","B",null,"R","$","E","B",null],"character_chosen":"THE_SILENT","items_purchased":["Footwork","Calculated Gamble","Guide Book","Finisher+1","Finesse"],"campfire_rested":0,"item_purchase_floors":[5,21,21,53,53],"current_hp_per_floor":[63,63,49,49,49,49,49,49,49,23,23,23,23,13,13,11,55,55,55,55,55,55,55,55,55,55,55,45,45,45,45,45,45,64,64,64,64,64,64,64,64,64,64,64,64,64,64,64,64,64,69,69,69,69,38],"gold":71,"neow_bonus":"THREE_ENEMY_KILL","is_daily":false,"chose_seed":false,"campfire_upgraded":9,"win_rate":0.0,"timestamp":1611388644,"path_taken":["M","?","?","?","$","E","R","E","T","E","R","M","?","E","R","BOSS","M","?","?","$","?","R","E","M","T","E","?","R","?","M","R","BOSS","M","M","$","M","?","R","?","M","T","E","$","R","?","?","R","BOSS","R","$","E","BOSS"],"items_purchased_type":["Card","Card","Relic","Card","Card"],"build_version":"2020-12-22","purchased_purges":3,"victory":true,"max_hp_per_floor":[70,70,70,70,70,70,70,70,70,70,70,70,70,70,70,70,70,70,70,70,70,70,70,70,70,70,70,70,70,70,70,70,70,70,70,70,70,70,70,70,70,70,70,70,70,70,70,70,70,70,70,70,70,70,70],"card_choices":[{"not_picked":["Hidden Blade","Setup","ReplayTheSpireMod:Tripwire"],"picked":"SKIP","floor":1},{"not_picked":["Predator","Dagger Throw","Deadly Poison"],"picked":"SKIP","floor":6},{"not_picked":["Poisoned Stab","Slice","Dagger Throw"],"picked":"SKIP","floor":8},{"not_picked":["Sneak Up","Storm of Steel"],"picked":"Tactician","floor":10},{"not_picked":["Slice","Quick Slash"],"picked":"Backflip","floor":12},{"not_picked":["Slice","Dagger Spray"],"picked":"Escape Plan","floor":13},{"not_picked":["PiercingWail","Noxious Fumes","Quick Slash"],"picked":"SKIP","floor":14},{"not_picked":["Hidden Blade","Quick Slash","Backflip"],"picked":"SKIP","floor":18},{"not_picked":["Dagger Spray","Underhanded Strike","PiercingWail"],"picked":"SKIP","floor":24},{"not_picked":["Dagger Throw","Crippling Poison","Outmaneuver"],"picked":"SKIP","floor":25},{"not_picked":["PiercingWail","Storm of Steel","Cloak And Dagger"],"picked":"SKIP","floor":27},{"not_picked":["Cloak And Dagger","Poisoned Stab","Dagger Spray"],"picked":"SKIP","floor":28},{"not_picked":["Slice","Backflip+1"],"picked":"Tactician","floor":31},{"not_picked":["Setup"],"picked":"SKIP","floor":35},{"not_picked":["Quick Slash+1"],"picked":"SKIP","floor":36},{"not_picked":["Infinite Blades+1"],"picked":"SKIP","floor":38},{"not_picked":["Blur"],"picked":"SKIP","floor":42},{"not_picked":["Outmaneuver"],"picked":"SKIP","floor":44},{"not_picked":["Backstab"],"picked":"SKIP","floor":47},{"not_picked":["ReplayTheSpireMod:Scrap Shanks+1"],"picked":"SKIP","floor":54}],"player_experience":119618,"relics_obtained":[{"floor":6,"key":"Replay:PocketPolymizer"},{"floor":8,"key":"Du-Vu Doll"},{"floor":9,"key":"Grinning Jar"},{"floor":10,"key":"Mercury Hourglass"},{"floor":14,"key":"Ninja Scroll"},{"floor":22,"key":"Bronze Scales"},{"floor":24,"key":"Tough Bandages"},{"floor":27,"key":"Blue Doll"},{"floor":43,"key":"Gremlin Food"},{"floor":44,"key":"ReplayTheSpireMod:TigerMarble"}],"event_choices":[{"damage_healed":0,"gold_gain":0,"player_choice":"Ignored","damage_taken":0,"max_hp_gain":0,"max_hp_loss":0,"event_name":"Liars Game","floor":2,"gold_loss":0},{"damage_healed":0,"gold_gain":0,"player_choice":"Entered Light","damage_taken":14,"max_hp_gain":0,"max_hp_loss":0,"event_name":"Shining Light","floor":3,"gold_loss":0,"cards_upgraded":["Strike_G","Defend_G"]},{"damage_healed":0,"gold_gain":0,"player_choice":"Got Potions","damage_taken":0,"max_hp_gain":0,"max_hp_loss":0,"event_name":"Lab","floor":4,"gold_loss":0},{"damage_healed":0,"gold_gain":0,"player_choice":"Read","damage_taken":0,"max_hp_gain":0,"max_hp_loss":0,"event_name":"The Library","floor":20,"gold_loss":0,"cards_obtained":["Acrobatics"]},{"damage_healed":0,"gold_gain":0,"player_choice":"Ignored","damage_taken":0,"max_hp_gain":0,"max_hp_loss":0,"event_name":"Cursed Tome","floor":30,"gold_loss":0},{"damage_healed":0,"gold_gain":0,"cards_transformed":["Malaise"],"player_choice":"Transformed","damage_taken":0,"max_hp_gain":0,"max_hp_loss":0,"event_name":"Transmorgrifier","floor":41,"gold_loss":0,"cards_obtained":["Predator"]},{"damage_healed":0,"gold_gain":0,"player_choice":"Forge","damage_taken":0,"max_hp_gain":0,"max_hp_loss":0,"event_name":"Accursed Blacksmith","floor":48,"gold_loss":0,"cards_upgraded":["Escape Plan"]}],"is_beta":false,"boss_relics":[{"not_picked":["Replay:Grab Bag","Tiny House"],"picked":"WristBlade"},{"not_picked":["Calling Bell","Snecko Eye"],"picked":"Busted Crown"}],"items_purged_floors":[5,37,45],"is_endless":false,"potions_floor_spawned":[6,12,25,28,36,38,42],"ascension_level":11}}