{"host":"18wi9kpcl4eah7pe","time":1611417406,"event":{"mods":["BaseMod","Colored Powertips","Downfall","Minty Spire (QoL Compilation)","StSLib"],"gold_per_floor":[99,99,99,99,99,109,109,126,36,62,79,64,74,101,115,115,115,115],"floor_reached":16,"language":"ENG","playtime":737,"items_purged":["Pain"],"score":169,"play_id":"42bf348c-63ad-4444-a19a-879e6c3b8a4d","local_time":"20210123095646","is_ascension_mode":true,"campfire_choices":[{"floor":1,"key":"RECALL"}],"circlet_count":0,"master_deck":["bronze:Strike","bronze:Strike","bronze:Strike","bronze:Strike","bronze:Defend","bronze:Defend","bronze:Defend","bronze:Defend","bronze:Replicate","bronze:Goto","bronze:CutThrough","bronze:Boost","bronze:Constructor","bronze:Separator","bronze:BuggyMess","bronze:WhirlingStrike","bronze:Terminator","bronze:InfiniteLoop","bronze:Invalidate","bronze:DelayedGuard","bronze:WildBeam","bronze:Separator"],"relics":["bronze:BronzeCore","downfall:HeartsMalice","WarpedTongs","Vajra","Meat on the Bone"],"acts_visited":["Exordium"],"potions_floor_usage":[8,11,14,16,16],"damage_taken":[{"damage":0,"enemies":"Cultist","floor":2,"turns":1},{"damage":0,"enemies":"Jaw Worm","floor":3,"turns":1},{"damage":0,"enemies":"Small Slimes","floor":5,"turns":1},{"damage":9,"enemies":"Exordium Thugs","floor":6,"turns":5},{"damage":7,"enemies":"Red Slaver","floor":8,"turns":5},{"damage":8,"enemies":"downfall:FleeingMerchant","floor":9,"turns":4},{"damage":24,"enemies":"Gremlin Nob","floor":10,"turns":4},{"damage":0,"enemies":"Lots of Slimes","floor":11,"turns":4},{"damage":2,"enemies":"downfall:FleeingMerchant","floor":12,"turns":4},{"damage":8,"enemies":"Blue Slaver","floor":13,"turns":3},{"damage":0,"enemies":"3 Sentries","floor":14,"turns":6},{"damage":3,"enemies":"3 Louse","floor":15,"turns":2},{"damage":26,"enemies":"WA_ARCHETYPE_RETAIN","floor":16,"turns":4}],"seed_played":"-8536794072635753308","potions_obtained":[{"floor":6,"key":"Weak Potion"},{"floor":10,"key":"Block Potion"},{"floor":11,"key":"Fire Potion"},{"floor":13,"key":"FearPotion"},{"floor":15,"key":"Swift Potion"}],"is_trial":false,"path_per_floor":["R","M","M","?","M","M","T","M","$","E","M","$","M","E","M","B"],"character_chosen":"THE_AUTOMATON","items_purchased":[],"campfire_rested":0,"item_purchase_floors":[],"current_hp_per_floor":[70,70,70,70,70,61,61,54,46,22,22,20,12,12,21,0,0,0],"gold":115,"neow_bonus":"THREE_ENEMY_KILL","is_daily":false,"chose_seed":false,"campfire_upgraded":0,"win_rate":0.0,"timestamp":1611417406,"path_taken":["R","M","?","?","M","?","T","M","$","E","M","$","M","E","M","BOSS"],"items_purchased_type":[],"build_version":"2020-12-22","purchased_purges":1,"victory":false,"max_hp_per_floor":[70,70,70,70,70,70,70,70,70,70,70,70,70,70,70,70,70,70],"card_choices":[{"not_picked":["bronze:Terminator","bronze:Flail"],"picked":"bronze:CutThrough","floor":2},{"not_picked":["bronze:Repair","bronze:Iterate"],"picked":"bronze:Boost","floor":3},{"not_picked":["bronze:BitShift","bronze:BronzeArmor"],"picked":"bronze:Constructor","floor":5},{"not_picked":["bronze:WildBeam","bronze:BuggyMess"],"picked":"bronze:Separator","floor":6},{"not_picked":["bronze:Return","bronze:Optimize"],"picked":"bronze:BuggyMess","floor":8},{"not_picked":["bronze:Backtrace","bronze:CleanCode"],"picked":"bronze:WhirlingStrike","floor":9},{"not_picked":["bronze:BuggyMess","bronze:BugBarrage"],"picked":"bronze:Terminator","floor":10},{"not_picked":["bronze:WildBeam","bronze:DelayedGuard"],"picked":"bronze:InfiniteLoop","floor":11},{"not_picked":["bronze:WhirlingStrike","bronze:Turbo"],"picked":"bronze:Invalidate","floor":12},{"not_picked":["bronze:BugBarrage","bronze:Overheat"],"picked":"bronze:DelayedGuard","floor":13},{"not_picked":["bronze:FineTuning","bronze:Safeguard"],"picked":"bronze:WildBeam","floor":14},{"not_picked":["bronze:DelayedSlice","bronze:Terminator"],"picked":"bronze:Separator","floor":15}],"player_experience":945612,"relics_obtained":[{"floor":10,"key":"Vajra"},{"floor":14,"key":"Meat on the Bone"}],"event_choices":[],"is_beta":false,"boss_relics":[],"items_purged_floors":[9],"is_endless":false,"potions_floor_spawned":[6,10,11,13,15],"killed_by":"WA_ARCHETYPE_RETAIN","ascension_level":5}}