{"host":"fevvm7bbzuh4s1jc","time":1611361024,"event":{"mods":["BaseMod","Highlight Path","Minty Spire (QoL Compilation)","Relic Stats"],"gold_per_floor":[110,110,121,187,200,250,289,289,315,334,384,384,418,5,5,96,96,115,199,174,199,214,214,264,314,314,364,383,83,116,141,141,236,236,254,526,62,76,100,100,139,139,139,183,199,230,280,300,300,300,300,300,300,71,102,102],"floor_reached":57,"language":"ENG","playtime":5213,"items_purged":["Strike_G","Strike_G","Defend_G","Heel Hook"],"score":3115,"play_id":"0e9b7d41-097b-4e01-ba68-8640e1878498","local_time":"20210122191704","is_ascension_mode":true,"campfire_choices":[{"data":"Eviscerate","floor":8.0,"key":"SMITH"},{"data":"Neutralize","floor":12.0,"key":"SMITH"},{"data":"Footwork","floor":15.0,"key":"SMITH"},{"floor":23.0,"key":"REST"},{"data":"Ghostly","floor":32.0,"key":"SMITH"},{"data":"Well Laid Plans","floor":40.0,"key":"SMITH"},{"floor":42,"key":"RECALL"},{"data":"Apotheosis","floor":49,"key":"SMITH"},{"data":"Ghostly","floor":53,"key":"SMITH"}],"circlet_count":0,"master_deck":["AscendersBane","Defend_G","Defend_G","Defend_G","Survivor","Neutralize+1","After Image","Cloak And Dagger","Dagger Throw","Eviscerate+1","After Image","Terror","Predator","Apotheosis+1","Footwork+1","Adrenaline","Blur","Dash","Ghostly+1","Ghostly","Ghostly+1","Well Laid Plans+1","Night Terror","Calculated Gamble","Adrenaline","Crippling Poison","Backflip","Acrobatics","Leg Sweep","Corpse Explosion","Blur+1","Calculated Gamble+1","Caltrops","Backflip+1"],"relics":["Ring of the Snake","SsserpentHead","Golden Idol","Orichalcum","Lantern","Cursed Key","Red Mask","Enchiridion","Strawberry","StoneCalendar","Empty Cage","Toolbox","Bronze Scales","Mummified Hand","Paper Crane","Blood Vial"],"acts_visited":["Exordium","TheCity","TheBeyond","TheEnding"],"potions_floor_usage":[56,56],"damage_taken":[{"damage":1.0,"enemies":"Jaw Worm","floor":1.0,"turns":7.0},{"damage":0.0,"enemies":"Cultist","floor":3.0,"turns":4.0},{"damage":0.0,"enemies":"Small Slimes","floor":4.0,"turns":5.0},{"damage":0.0,"enemies":"Blue Slaver","floor":5.0,"turns":4.0},{"damage":18.0,"enemies":"Lagavulin","floor":7.0,"turns":8.0},{"damage":5.0,"enemies":"Large Slime","floor":10.0,"turns":8.0},{"damage":11.0,"enemies":"3 Sentries","floor":13.0,"turns":12.0},{"damage":1.0,"enemies":"Hexaghost","floor":16.0,"turns":10.0},{"damage":0.0,"enemies":"3 Byrds","floor":18.0,"turns":6.0},{"damage":16.0,"enemies":"Masked Bandits","floor":19.0,"turns":4.0},{"damage":12.0,"enemies":"Shell Parasite","floor":21.0,"turns":4.0},{"damage":4.0,"enemies":"Chosen and Byrds","floor":22.0,"turns":7.0},{"damage":0.0,"enemies":"Snecko","floor":28.0,"turns":7.0},{"damage":0.0,"enemies":"Book of Stabbing","floor":30.0,"turns":5.0},{"damage":1.0,"enemies":"3 Cultists","floor":31.0,"turns":7.0},{"damage":0.0,"enemies":"Champ","floor":33.0,"turns":19.0},{"damage":0.0,"enemies":"Orb Walker","floor":35.0,"turns":4.0},{"damage":0.0,"enemies":"3 Darklings","floor":38.0,"turns":7.0},{"damage":0.0,"enemies":"Maw","floor":39.0,"turns":7.0},{"damage":0.0,"enemies":"Nemesis","floor":41.0,"turns":7.0},{"damage":0,"enemies":"Giant Head","floor":44,"turns":7},{"damage":1,"enemies":"Sphere and 2 Shapes","floor":45,"turns":4},{"damage":0,"enemies":"Nemesis","floor":46,"turns":7},{"damage":0,"enemies":"Jaw Worm Horde","floor":48,"turns":3},{"damage":0,"enemies":"Donu and Deca","floor":50,"turns":11},{"damage":1,"enemies":"Time Eater","floor":51,"turns":17},{"damage":3,"enemies":"Shield and Spear","floor":55,"turns":7},{"damage":5,"enemies":"The Heart","floor":56,"turns":11}],"seed_played":"-5666677191521203546","potions_obtained":[{"floor":3.0,"key":"Block Potion"},{"floor":4.0,"key":"SteroidPotion"},{"floor":13.0,"key":"SteroidPotion"},{"floor":16.0,"key":"DuplicationPotion"},{"floor":21.0,"key":"Block Potion"},{"floor":31.0,"key":"ColorlessPotion"},{"floor":33.0,"key":"PowerPotion"},{"floor":39.0,"key":"AttackPotion"},{"floor":46,"key":"LiquidBronze"}],"is_trial":false,"path_per_floor":["M","?","M","M","M","?","E","R","T","M","?","R","E","$","R","B",null,"M","?","?","M","M","R","T","?","T","?","M","$","E","M","R","B",null,"M","?","$","M","M","R","E","R","T","E","M","E","?","M","R","B","B",null,"R","$","E","B",null],"character_chosen":"THE_SILENT","items_purchased":["Apotheosis","Footwork","Poison Potion","Strawberry","Well Laid Plans","Toolbox","Bronze Scales","Caltrops"],"campfire_rested":1,"item_purchase_floors":[14,14,14,29,29,37,37,54],"current_hp_per_floor":[58,58,58,58,58,54,36,36,36,31,24,24,13,13,13,12,44,44,28,28,16,12,28,28,7,7,7,7,14,14,13,13,13,29,29,29,29,29,29,29,29,29,29,29,28,28,28,28,28,28,27,31,31,31,28,25],"gold":102,"neow_bonus":"THREE_RARE_CARDS","is_daily":false,"chose_seed":false,"campfire_upgraded":7,"win_rate":0.0,"timestamp":1611361024,"path_taken":["M","?","M","?","M","?","E","R","T","M","?","R","E","$","R","BOSS","M","?","?","M","M","R","?","?","T","?","M","?","E","M","R","BOSS","M","?","$","M","M","R","E","R","T","E","M","E","?","M","R","BOSS","BOSS","R","$","E","BOSS"],"items_purchased_type":["Card","Card","Potion","Relic","Card","Relic","Relic","Card"],"build_version":"2020-12-22","purchased_purges":4,"victory":true,"max_hp_per_floor":[60,60,60,60,60,54,54,54,54,54,54,54,54,54,54,54,54,54,54,54,54,54,54,54,54,54,27,27,34,34,34,34,34,34,34,34,34,34,34,34,34,34,34,34,34,34,32,32,32,32,32,32,32,32,32,32],"relic_stats":{"Blood Vial":2,"SsserpentHead":550,"counters":[28,209],"Golden Idol":211,"Mummified Hand":[66],"Bronze Scales":[406],"StoneCalendar":[423],"Orichalcum":[24],"Cursed Key":0,"obtain_stats":[{"Lantern":13,"Golden Idol":6,"Enchiridion":25,"StoneCalendar":30,"Orichalcum":7,"Paper Crane":46,"Cursed Key":17,"Empty Cage":34,"Blood Vial":55,"SsserpentHead":2,"Mummified Hand":44,"Strawberry":29,"Bronze Scales":37,"Toolbox":37,"Red Mask":19,"Ring of the Snake":0},{"Lantern":7,"Golden Idol":4,"Enchiridion":12,"StoneCalendar":14,"Orichalcum":5,"Paper Crane":23,"Cursed Key":8,"Empty Cage":16,"Blood Vial":27,"SsserpentHead":1,"Mummified Hand":21,"Strawberry":13,"Bronze Scales":17,"Toolbox":17,"Red Mask":10,"Ring of the Snake":0},{"Lantern":48,"Golden Idol":20,"Enchiridion":79,"StoneCalendar":91,"Orichalcum":28,"Paper Crane":160,"Cursed Key":58,"Empty Cage":117,"Blood Vial":198,"SsserpentHead":7,"Mummified Hand":149,"Strawberry":86,"Bronze Scales":121,"Toolbox":121,"Red Mask":68,"Ring of the Snake":0}],"Ring of the Snake":[56]},"card_choices":[{"not_picked":["Corpse Explosion","Doppelganger"],"picked":"After Image","floor":0.0},{"not_picked":["Sucker Punch","Distraction"],"picked":"Cloak And Dagger","floor":1.0},{"not_picked":["Slice","Catalyst"],"picked":"Dagger Throw","floor":3.0},{"not_picked":["Leg Sweep","Acrobatics"],"picked":"Eviscerate","floor":4.0},{"not_picked":["Dash","Bane"],"picked":"After Image","floor":5.0},{"not_picked":["Dagger Throw","Acrobatics"],"picked":"Terror","floor":7.0},{"not_picked":["Noxious Fumes","Concentrate"],"picked":"Heel Hook","floor":10.0},{"not_picked":["Outmaneuver","Tactician"],"picked":"Predator","floor":13.0},{"not_picked":["After Image","Storm of Steel"],"picked":"Adrenaline","floor":16.0},{"not_picked":["Quick Slash","Bane","Dodge and Roll"],"picked":"SKIP","floor":18.0},{"not_picked":["Bane","Reflex"],"picked":"Blur","floor":19.0},{"not_picked":["Deadly Poison","Eviscerate"],"picked":"Dash","floor":21.0},{"not_picked":["Expertise+1","Backstab","Bane"],"picked":"SKIP","floor":22.0},{"not_picked":["Cloak And Dagger","Prepared","Deadly Poison+1"],"picked":"SKIP","floor":28.0},{"not_picked":["Eviscerate","Backflip+1"],"picked":"Night Terror","floor":30.0},{"not_picked":["Backflip","Sucker Punch+1"],"picked":"Calculated Gamble","floor":31.0},{"not_picked":["Malaise","Tools of the Trade"],"picked":"Adrenaline","floor":33.0},{"not_picked":["Underhanded Strike","Finisher"],"picked":"Crippling Poison","floor":35.0},{"not_picked":["Underhanded Strike","Blade Dance"],"picked":"Backflip","floor":38.0},{"not_picked":["Cloak And Dagger","Bane","Predator"],"picked":"SKIP","floor":39.0},{"not_picked":["Blade Dance","Sucker Punch"],"picked":"Acrobatics","floor":41},{"not_picked":["Infinite Blades+1","Acrobatics"],"picked":"Leg Sweep","floor":44},{"not_picked":["Infinite Blades","Deflect"],"picked":"Corpse Explosion","floor":45},{"not_picked":["Outmaneuver","Choke"],"picked":"Blur+1","floor":46},{"not_picked":["Deflect","Backflip+1"],"picked":"Calculated Gamble+1","floor":48},{"not_picked":["Envenom","Acrobatics"],"picked":"Backflip+1","floor":55}],"player_experience":2730608,"relics_obtained":[{"floor":7.0,"key":"Orichalcum"},{"floor":13.0,"key":"Lantern"},{"floor":19.0,"key":"Red Mask"},{"floor":25.0,"key":"Enchiridion"},{"floor":30.0,"key":"StoneCalendar"},{"floor":44,"key":"Mummified Hand"},{"floor":46,"key":"Paper Crane"},{"floor":55,"key":"Blood Vial"}],"event_choices":[{"damage_healed":0.0,"max_hp_gain":0.0,"max_hp_loss":0.0,"gold_gain":0.0,"event_name":"FaceTrader","player_choice":"Trade","floor":2.0,"gold_loss":0.0,"damage_taken":0.0,"relics_obtained":["SsserpentHead"]},{"damage_healed":0.0,"max_hp_gain":0.0,"max_hp_loss":6.0,"gold_gain":0.0,"event_name":"Golden Idol","player_choice":"Lose Max HP","floor":6.0,"gold_loss":0.0,"damage_taken":0.0,"relics_obtained":["Golden Idol"]},{"cards_removed":["Strike_G"],"damage_healed":0.0,"max_hp_gain":0.0,"max_hp_loss":0.0,"gold_gain":0.0,"event_name":"Golden Wing","player_choice":"Card Removal","floor":11.0,"gold_loss":0.0,"damage_taken":7.0},{"damage_healed":0.0,"max_hp_gain":0.0,"max_hp_loss":0.0,"gold_gain":0.0,"event_name":"Masked Bandits","player_choice":"Fought Bandits","floor":19.0,"gold_loss":0.0,"damage_taken":0.0},{"cards_removed":["Strike_G"],"damage_healed":0.0,"max_hp_gain":0.0,"max_hp_loss":0.0,"gold_gain":0.0,"event_name":"Beggar","player_choice":"Gave Gold","floor":20.0,"gold_loss":75.0,"damage_taken":0.0},{"damage_healed":0.0,"max_hp_gain":0.0,"max_hp_loss":0.0,"gold_gain":0.0,"event_name":"Cursed Tome","player_choice":"Obtained Book","floor":25.0,"gold_loss":0.0,"damage_taken":21.0},{"damage_healed":0.0,"max_hp_gain":0.0,"max_hp_loss":27.0,"gold_gain":0.0,"event_name":"Ghosts","player_choice":"Became a Ghost","floor":27.0,"gold_loss":0.0,"damage_taken":0.0,"cards_obtained":["Ghostly","Ghostly","Ghostly"]},{"damage_healed":0.0,"max_hp_gain":0.0,"max_hp_loss":0.0,"gold_gain":222.0,"event_name":"Tomb of Lord Red Mask","player_choice":"Wore Mask","floor":36.0,"gold_loss":0.0,"damage_taken":0.0},{"damage_healed":0,"gold_gain":0,"player_choice":"Max HP","damage_taken":0,"max_hp_gain":0,"max_hp_loss":2,"event_name":"Winding Halls","floor":47,"gold_loss":0}],"is_beta":false,"boss_relics":[{"not_picked":["Astrolabe","WristBlade"],"picked":"Cursed Key"},{"not_picked":["Snecko Eye","SacredBark"],"picked":"Empty Cage"}],"items_purged_floors":[14,29,37,54],"is_endless":false,"potions_floor_spawned":[3,4,13,16,18,21,31,33,39,41,46],"ascension_level":20}}