{"host":"qekv59dthhdg54sz","time":1611379031,"event":{"mods":["AchievementEnabler","BaseMod","Colored Map","DeckTracker","KOR Keyword Fix","Minty Spire (QoL Compilation)","Rare Cards Sparkle","StSLib","SuperFastMode"],"gold_per_floor":[119,14,14,32,32,32,64,64,109,109,128,155,155,165,165,241,241,214,6,18,18,18],"floor_reached":21,"language":"KOR","playtime":486,"items_purged":["Strike_G","Strike_G"],"score":374,"play_id":"499126c2-3fa8-4a1e-adbc-258b1e2cda21","local_time":"20210123141711","is_ascension_mode":true,"campfire_choices":[{"data":"Mayhem","floor":6.0,"key":"SMITH"},{"floor":8.0,"key":"REST"},{"floor":10.0,"key":"REST"},{"floor":15,"key":"REST"}],"circlet_count":0,"master_deck":["AscendersBane","Strike_G","Strike_G","Defend_G","Defend_G","Defend_G","Survivor","Neutralize","Mayhem+1","Dash","Quick Slash","Riddle With Holes","Deadly Poison","Backflip","After Image","Venomology","Predator","Purity"],"relics":["Ring of the Snake","Mummified Hand","MealTicket","Question Card","Empty Cage"],"acts_visited":["Exordium","TheCity"],"potions_floor_usage":[18,20,21,21],"damage_taken":[{"damage":7.0,"enemies":"Small Slimes","floor":1.0,"turns":4.0},{"damage":0.0,"enemies":"Cultist","floor":4.0,"turns":4.0},{"damage":35.0,"enemies":"3 Sentries","floor":7.0,"turns":9.0},{"damage":2.0,"enemies":"Jaw Worm","floor":11.0,"turns":3.0},{"damage":16.0,"enemies":"Lagavulin","floor":12.0,"turns":6.0},{"damage":1,"enemies":"2 Fungi Beasts","floor":14,"turns":3},{"damage":37,"enemies":"The Guardian","floor":16,"turns":13},{"damage":21,"enemies":"2 Thieves","floor":18,"turns":4},{"damage":5,"enemies":"Spheric Guardian","floor":20,"turns":5},{"damage":46,"enemies":"3 Cultists","floor":21,"turns":5}],"seed_played":"-7388663343281438949","potions_obtained":[{"floor":4.0,"key":"DistilledChaos"},{"floor":7.0,"key":"Strength Potion"},{"floor":14,"key":"Poison Potion"},{"floor":16,"key":"Weak Potion"},{"floor":18,"key":"GamblersBrew"}],"is_trial":false,"path_per_floor":["M","$","?","M","?","R","E","R","T","R","M","E","?","M","R","B",null,"M","$","M","M"],"character_chosen":"THE_SILENT","items_purchased":["Quick Slash","Purity"],"campfire_rested":3,"item_purchase_floors":[2,19],"current_hp_per_floor":[37,37,37,37,37,37,2,21,21,40,38,22,22,21,40,3,50,29,44,39,0,0],"gold":18,"neow_bonus":"RANDOM_COLORLESS_2","is_daily":false,"chose_seed":false,"campfire_upgraded":1,"win_rate":0.0,"timestamp":1611379031,"path_taken":["M","$","?","?","?","R","E","R","T","R","M","E","?","M","R","BOSS","M","$","?","?"],"items_purchased_type":["Card","Card"],"build_version":"2020-12-22","purchased_purges":2,"victory":false,"max_hp_per_floor":[66,66,66,66,66,66,66,66,66,66,66,66,66,66,66,66,66,66,66,66,66,66],"card_choices":[{"not_picked":["Transmutation","Chrysalis"],"picked":"Mayhem","floor":0.0},{"not_picked":["Blade Dance","Slice"],"picked":"Dash","floor":1.0},{"not_picked":["Dagger Throw","Underhanded Strike"],"picked":"Riddle With Holes","floor":4.0},{"not_picked":["Cloak And Dagger","Dash"],"picked":"Deadly Poison","floor":7.0},{"not_picked":["Dagger Throw","Dodge and Roll","Reflex"],"picked":"SKIP","floor":11.0},{"not_picked":["Leg Sweep","Skewer"],"picked":"Backflip","floor":12.0},{"not_picked":["Slice","Escape Plan","Predator"],"picked":"After Image","floor":14},{"not_picked":["Storm of Steel","Wraith Form v2","Tools of the Trade"],"picked":"Venomology","floor":16},{"not_picked":["Poisoned Stab","Dagger Throw+1","Outmaneuver"],"picked":"Predator","floor":18},{"not_picked":["Slice","Backstab","Dagger Spray","Bane"],"picked":"SKIP","floor":20}],"player_experience":812315,"relics_obtained":[{"floor":7.0,"key":"Mummified Hand"},{"floor":9.0,"key":"MealTicket"},{"floor":12.0,"key":"Question Card"}],"event_choices":[{"cards_removed":["Defend_G"],"damage_healed":0.0,"max_hp_gain":0.0,"max_hp_loss":0.0,"gold_gain":0.0,"event_name":"Bonfire Elementals","player_choice":"Offered Basic","floor":3.0,"gold_loss":0.0,"damage_taken":0.0},{"damage_healed":0.0,"max_hp_gain":0.0,"max_hp_loss":0.0,"gold_gain":0.0,"event_name":"Liars Game","player_choice":"Ignored","floor":5.0,"gold_loss":0.0,"damage_taken":0.0},{"damage_healed":0,"gold_gain":0,"player_choice":"0 cards matched","damage_taken":0,"max_hp_gain":0,"max_hp_loss":0,"event_name":"Match and Keep!","floor":13,"gold_loss":0,"cards_obtained":[]}],"is_beta":false,"boss_relics":[{"not_picked":["Pandora\u0027s Box","Fusion Hammer"],"picked":"Empty Cage"}],"items_purged_floors":[2,19],"is_endless":false,"potions_floor_spawned":[4,7,14,16,18],"killed_by":"3 Cultists","ascension_level":20}}