{"host":"o7j6aatxjwpw1421","time":1611409952,"event":{"mods":["2.2 Compatiblity","AchievementEnabler","BaseMod","Colored Map","DeckTracker","Highlight Path","Keyboard Shortcuts","Minty Spire (QoL Compilation)","Permanent Neow","Quick Restart","StSLib","SuperFastMode","everything is the same but u backflip on backflip"],"gold_per_floor":[114,189,189,114,114,114,128,128,182,202,202,202,243,261,261,357,357,375,375,388,288,308,349,224,224,224,274,287,287,53,72,72,165,165,189,23,46,77,98,98,131,144,171,192,192,35,35,54,54,54],"floor_reached":51,"language":"KOR","playtime":2205,"items_purged":["Strike_P","Defend_P","Strike_P","Strike_P"],"score":1373,"play_id":"d48d68a3-b622-4571-ac3b-acabf9045f9e","local_time":"20210123225232","is_ascension_mode":true,"campfire_choices":[{"floor":6.0,"key":"REST"},{"data":"Eruption","floor":8.0,"key":"SMITH"},{"data":"PathToVictory","floor":12.0,"key":"SMITH"},{"floor":15.0,"key":"REST"},{"floor":25.0,"key":"REST"},{"data":"MentalFortress","floor":29.0,"key":"SMITH"},{"floor":32.0,"key":"REST"},{"data":"1","floor":40.0,"key":"LIFT"},{"data":"Adaptation","floor":49.0,"key":"SMITH"}],"circlet_count":0,"master_deck":["AscendersBane","Defend_P","Defend_P+1","Eruption+1","Vigilance+1","PathToVictory+1","FearNoEvil+1","InnerPeace","EmptyFist","EmptyBody","MentalFortress+1","PathToVictory","MentalFortress","Adaptation","Adaptation+1","Madness"],"relics":["PureWater","CloakClasp","Golden Idol","Centennial Puzzle","InkBottle","Empty Cage","Akabeko","Yang","Black Star","Bag of Preparation","Girya","Question Card","Gremlin Horn","Damaru","Lee\u0027s Waffle"],"acts_visited":["Exordium","TheCity","TheBeyond"],"potions_floor_usage":[],"damage_taken":[{"damage":0.0,"enemies":"2 Louse","floor":1.0,"turns":3.0},{"damage":0.0,"enemies":"Small Slimes","floor":7.0,"turns":2.0},{"damage":0.0,"enemies":"Cultist","floor":10.0,"turns":3.0},{"damage":11.0,"enemies":"3 Sentries","floor":13.0,"turns":13.0},{"damage":4.0,"enemies":"Large Slime","floor":14.0,"turns":3.0},{"damage":10.0,"enemies":"The Guardian","floor":16.0,"turns":12.0},{"damage":7.0,"enemies":"Spheric Guardian","floor":18.0,"turns":5.0},{"damage":0.0,"enemies":"Chosen","floor":20.0,"turns":3.0},{"damage":0.0,"enemies":"Centurion and Healer","floor":22.0,"turns":6.0},{"damage":29.0,"enemies":"Slavers","floor":23.0,"turns":9.0},{"damage":12.0,"enemies":"Shelled Parasite and Fungi","floor":28.0,"turns":3.0},{"damage":0.0,"enemies":"Snecko","floor":31.0,"turns":4.0},{"damage":6.0,"enemies":"Collector","floor":33.0,"turns":7.0},{"damage":11.0,"enemies":"Orb Walker","floor":35.0,"turns":4.0},{"damage":4.0,"enemies":"3 Darklings","floor":37.0,"turns":5.0},{"damage":0.0,"enemies":"Mind Bloom Boss Battle","floor":38.0,"turns":5.0},{"damage":2.0,"enemies":"Maw","floor":39.0,"turns":5.0},{"damage":22.0,"enemies":"Reptomancer","floor":41.0,"turns":7.0},{"damage":3.0,"enemies":"Transient","floor":42.0,"turns":6.0},{"damage":0.0,"enemies":"3 Darklings","floor":44.0,"turns":3.0},{"damage":22.0,"enemies":"Spire Growth","floor":48.0,"turns":5.0},{"damage":5,"enemies":"Awakened One","floor":50,"turns":3}],"seed_played":"-5090678432765009471","potions_obtained":[{"floor":1.0,"key":"DistilledChaos"},{"floor":7.0,"key":"Fire Potion"},{"floor":14.0,"key":"Fire Potion"},{"floor":20.0,"key":"Ambrosia"},{"floor":23.0,"key":"FairyPotion"}],"is_trial":false,"path_per_floor":["M","?","?","$","?","R","M","R","T","M","?","R","E","M","R","B",null,"M","?","M","$","M","E","$","R","T","?","M","R","$","M","R","B",null,"M","$","M","?","M","R","E","M","T","M","?","$","?","M","R","B",null],"character_chosen":"WATCHER","items_purchased":["MentalFortress","Bag of Preparation","Lee\u0027s Waffle"],"campfire_rested":4,"item_purchase_floors":[30,36,46],"current_hp_per_floor":[43,32,12,12,12,30,30,30,30,30,30,30,19,15,33,23,52,45,45,45,45,45,16,16,34,34,34,22,22,22,22,40,34,55,44,44,40,40,38,38,16,13,13,13,13,69,69,47,47,42],"gold":54,"neow_bonus":"ONE_RARE_RELIC","is_daily":false,"chose_seed":false,"campfire_upgraded":4,"win_rate":0.0,"timestamp":1611409952,"path_taken":["M","?","?","$","?","R","M","R","T","M","?","R","E","M","R","BOSS","M","?","M","$","M","E","?","R","T","?","M","R","$","?","R","BOSS","M","$","M","?","M","R","E","M","T","M","?","?","?","M","R","BOSS"],"items_purchased_type":["Card","Relic","Relic"],"build_version":"2020-12-22","purchased_purges":4,"victory":true,"max_hp_per_floor":[68,68,68,68,62,62,62,62,62,62,62,62,62,62,62,62,62,62,62,62,62,62,62,62,62,62,62,62,62,62,62,62,62,62,62,62,62,62,62,62,62,62,62,62,62,69,69,69,69,69],"card_choices":[{"not_picked":["FlurryOfBlows","Protect"],"picked":"PathToVictory","floor":1.0},{"not_picked":["Conclude","PathToVictory"],"picked":"FearNoEvil","floor":7.0},{"not_picked":["Fasting2","Meditate"],"picked":"InnerPeace","floor":10.0},{"not_picked":["Prostrate","FearNoEvil"],"picked":"EmptyFist","floor":13.0},{"not_picked":["Protect","ThirdEye"],"picked":"EmptyBody","floor":14.0},{"not_picked":["BowlingBash","Consecrate","ThirdEye"],"picked":"SKIP","floor":18.0},{"not_picked":["PathToVictory","Establishment"],"picked":"MentalFortress","floor":20.0},{"not_picked":["Halt","JustLucky"],"picked":"PathToVictory","floor":22.0},{"not_picked":["Sanctity","Consecrate","Perseverance+1"],"picked":"SKIP","floor":23.0},{"not_picked":["Sanctity","Consecrate","Perseverance+1"],"picked":"SKIP","floor":23.0},{"not_picked":["Sanctity","Consecrate","Perseverance+1"],"picked":"SKIP","floor":23.0},{"not_picked":["Consecrate","Halt+1","Wallop"],"picked":"SKIP","floor":28.0},{"not_picked":["Worship","PathToVictory","Protect"],"picked":"SKIP","floor":31.0},{"not_picked":["InnerPeace","ClearTheMind+1"],"picked":"Adaptation","floor":35.0},{"not_picked":["Evaluate","FlyingSleeves","SandsOfTime"],"picked":"SKIP","floor":37.0},{"not_picked":["EmptyFist","Evaluate","ClearTheMind"],"picked":"SKIP","floor":39.0},{"not_picked":["EmptyBody+1","SashWhip+1","LikeWater"],"picked":"SKIP","floor":41.0},{"not_picked":["JustLucky+1","WheelKick+1","InnerPeace","FlurryOfBlows"],"picked":"SKIP","floor":42.0},{"not_picked":["SashWhip","Worship","Nirvana"],"picked":"Adaptation","floor":44.0},{"not_picked":["Good Instincts","Finesse","Swift Strike"],"picked":"Madness","floor":45.0},{"not_picked":["Crescendo","FollowUp+1","TalkToTheHand+1","CutThroughFate"],"picked":"SKIP","floor":48.0}],"player_experience":615929,"relics_obtained":[{"floor":9.0,"key":"Centennial Puzzle"},{"floor":13.0,"key":"InkBottle"},{"floor":23.0,"key":"Akabeko"},{"floor":26.0,"key":"Yang"},{"floor":38.0,"key":"Girya"},{"floor":41.0,"key":"Question Card"},{"floor":41.0,"key":"Gremlin Horn"},{"floor":43.0,"key":"Damaru"}],"event_choices":[{"damage_healed":0.0,"max_hp_gain":0.0,"max_hp_loss":0.0,"gold_gain":75.0,"event_name":"World of Goop","player_choice":"Gather Gold","floor":2.0,"gold_loss":0.0,"damage_taken":11.0},{"damage_healed":0.0,"max_hp_gain":0.0,"max_hp_loss":0.0,"gold_gain":0.0,"event_name":"Shining Light","player_choice":"Entered Light","floor":3.0,"gold_loss":0.0,"damage_taken":20.0,"cards_upgraded":["Defend_P","Vigilance"]},{"damage_healed":0.0,"max_hp_gain":0.0,"max_hp_loss":6.0,"gold_gain":0.0,"event_name":"Golden Idol","player_choice":"Lose Max HP","floor":5.0,"gold_loss":0.0,"damage_taken":0.0,"relics_obtained":["Golden Idol"]},{"damage_healed":0.0,"max_hp_gain":0.0,"max_hp_loss":0.0,"gold_gain":0.0,"event_name":"Liars Game","player_choice":"Ignored","floor":11.0,"gold_loss":0.0,"damage_taken":0.0},{"damage_healed":0.0,"max_hp_gain":0.0,"max_hp_loss":0.0,"gold_gain":0.0,"event_name":"Accursed Blacksmith","player_choice":"Forge","floor":19.0,"gold_loss":0.0,"damage_taken":0.0,"cards_upgraded":["FearNoEvil"]},{"damage_healed":0.0,"max_hp_gain":0.0,"max_hp_loss":0.0,"gold_gain":50.0,"event_name":"Golden Shrine","player_choice":"Pray","floor":27.0,"gold_loss":0.0,"damage_taken":0.0},{"damage_healed":0.0,"max_hp_gain":0.0,"max_hp_loss":0.0,"gold_gain":0.0,"event_name":"MindBloom","player_choice":"Fight","floor":38.0,"gold_loss":0.0,"damage_taken":0.0},{"damage_healed":0.0,"max_hp_gain":0.0,"max_hp_loss":0.0,"gold_gain":0.0,"event_name":"SensoryStone","player_choice":"Memory 1","floor":45.0,"gold_loss":0.0,"damage_taken":0.0},{"damage_healed":0.0,"max_hp_gain":0.0,"max_hp_loss":0.0,"gold_gain":0.0,"event_name":"Mysterious Sphere","player_choice":"Ignored","floor":47.0,"gold_loss":0.0,"damage_taken":0.0}],"is_beta":false,"boss_relics":[{"not_picked":["Astrolabe","Fusion Hammer"],"picked":"Empty Cage"},{"not_picked":["Cursed Key","Snecko Eye"],"picked":"Black Star"}],"items_purged_floors":[4,21,24,30],"is_endless":false,"potions_floor_spawned":[1,7,14,20,23,33,39,42,44],"ascension_level":18}}