{"host":"x8sop9v6zw8yitbt","time":1611381635,"event":{"mods":["BaseMod","Best Route Mod","Block Reminder","Colored Powertips","Dark Map","DeckTracker","Minty Spire (QoL Compilation)","Permanent Neow","Quick Restart","Relic Stats","Slay-I","StSLib"],"gold_per_floor":[112,62,62,24,34,62,13,24,24,24,24,352,13,13,13,115,115,133,232,232,232,245,277,277,217,268,298,298,298,158,158,158,158,158],"floor_reached":33,"language":"ENG","playtime":725,"items_purged":["Defend_B","Defend_B"],"score":347,"play_id":"46ecff9b-e08c-4180-a7b4-79eed2d88a86","local_time":"20210123010035","is_ascension_mode":true,"campfire_choices":[{"data":"Static Discharge","floor":11.0,"key":"SMITH"},{"data":"Static Discharge","floor":15.0,"key":"SMITH"},{"data":"Barrage","floor":24,"key":"SMITH"},{"data":"Defragment","floor":32,"key":"SMITH"}],"circlet_count":0,"master_deck":["Strike_B","Strike_B","Defend_B","Defend_B","Zap","Dualcast","Static Discharge+1","Electrodynamics","Barrage+1","Static Discharge+1","Amplify","Melter+1","Genetic Algorithm+1","Capacitor+1","Static Discharge+1","Defragment+1"],"relics":["Cracked Core","NeowsBlessing","Sundial","Du-Vu Doll","Mummified Hand","Old Coin","Torii","The Courier","Nuclear Battery","Nilry\u0027s Codex","Orichalcum","Juzu Bracelet","Meat on the Bone","Gambling Chip"],"acts_visited":["Exordium","TheCity"],"potions_floor_usage":[18,29,29],"damage_taken":[{"damage":0.0,"enemies":"Cultist","floor":1.0,"turns":1.0},{"damage":0.0,"enemies":"Jaw Worm","floor":5.0,"turns":1.0},{"damage":0.0,"enemies":"Lagavulin","floor":6.0,"turns":1.0},{"damage":5.0,"enemies":"2 Louse","floor":8.0,"turns":2.0},{"damage":4.0,"enemies":"3 Sentries","floor":12.0,"turns":3.0},{"damage":6,"enemies":"Hexaghost","floor":16,"turns":3},{"damage":1,"enemies":"2 Thieves","floor":18,"turns":2},{"damage":1,"enemies":"Chosen","floor":22,"turns":4},{"damage":22,"enemies":"Slavers","floor":23,"turns":2},{"damage":20,"enemies":"Gremlin Leader","floor":27,"turns":4},{"damage":13,"enemies":"Book of Stabbing","floor":29,"turns":3},{"damage":26,"enemies":"Collector","floor":33,"turns":2}],"seed_played":"8505932581567691546","potions_obtained":[{"floor":6.0,"key":"SneckoOil"},{"floor":8.0,"key":"SteroidPotion"},{"floor":16,"key":"Ancient Potion"},{"floor":18,"key":"SmokeBomb"}],"is_trial":false,"path_per_floor":["M","?","T","$","M","E","$","M","T","?","R","E","$","?","R","B",null,"M","?","?","?","M","E","R","$","T","E","?","E","$","T","R","B"],"character_chosen":"DEFECT","items_purchased":["Static Discharge","Barrage","Static Discharge","Torii","Defragment"],"campfire_rested":0,"item_purchase_floors":[4,7,13,13,30],"current_hp_per_floor":[75,75,75,75,75,75,75,70,70,63,63,59,59,47,47,41,75,74,74,58,58,57,35,35,35,35,15,15,14,14,14,14,0,0],"gold":158,"neow_bonus":"THREE_ENEMY_KILL","is_daily":false,"chose_seed":false,"campfire_upgraded":4,"win_rate":0.0,"timestamp":1611381635,"path_taken":["M","?","?","$","?","E","$","M","T","?","R","E","$","?","R","BOSS","M","?","?","?","?","E","R","$","T","E","?","E","$","?","R","BOSS"],"items_purchased_type":["Card","Card","Card","Relic","Card"],"build_version":"2020-12-22","purchased_purges":2,"victory":false,"max_hp_per_floor":[75,75,75,75,75,75,75,75,75,75,75,75,75,75,75,75,75,75,75,75,75,75,75,75,75,75,75,75,75,75,75,75,75,75],"relic_stats":{"Torii":31,"counters":[12,28],"Sundial":[2],"Mummified Hand":[29],"Gambling Chip":[3],"Juzu Bracelet":0,"Orichalcum":[24],"obtain_stats":[{"NeowsBlessing":0,"Torii":13,"Nilry\u0027s Codex":20,"The Courier":14,"Juzu Bracelet":26,"Orichalcum":23,"Old Coin":12,"Nuclear Battery":17,"Du-Vu Doll":6,"Sundial":3,"Mummified Hand":9,"Gambling Chip":31,"Cracked Core":0,"Meat on the Bone":27},{"NeowsBlessing":0,"Torii":5,"Nilry\u0027s Codex":7,"The Courier":5,"Juzu Bracelet":9,"Orichalcum":9,"Old Coin":5,"Nuclear Battery":6,"Du-Vu Doll":3,"Sundial":1,"Mummified Hand":4,"Gambling Chip":11,"Cracked Core":0,"Meat on the Bone":10},{"NeowsBlessing":0,"Torii":8,"Nilry\u0027s Codex":13,"The Courier":8,"Juzu Bracelet":19,"Orichalcum":19,"Old Coin":8,"Nuclear Battery":11,"Du-Vu Doll":3,"Sundial":1,"Mummified Hand":5,"Gambling Chip":26,"Cracked Core":0,"Meat on the Bone":23}],"Meat on the Bone":12},"card_choices":[{"not_picked":["Compile Driver","Stack","Scrape"],"picked":"SKIP","floor":1.0},{"not_picked":["Steam","FTL","Streamline"],"picked":"SKIP","floor":5.0},{"not_picked":["Leap","Sweeping Beam"],"picked":"Electrodynamics","floor":6.0},{"not_picked":["Sweeping Beam","Turbo","Rebound"],"picked":"SKIP","floor":8.0},{"not_picked":["Streamline","Buffer","Gash"],"picked":"SKIP","floor":12.0},{"not_picked":["Machine Learning","Seek"],"picked":"Amplify","floor":16},{"not_picked":["Stack","Steam Power","Doom and Gloom"],"picked":"SKIP","floor":18},{"not_picked":["Ball Lightning+1","Sweeping Beam+1"],"picked":"Melter+1","floor":22},{"not_picked":["Compile Driver","Hologram"],"picked":"Genetic Algorithm+1","floor":23},{"not_picked":["Turbo","Storm"],"picked":"Capacitor+1","floor":27}],"player_experience":880201,"relics_obtained":[{"floor":3.0,"key":"Sundial"},{"floor":6.0,"key":"Du-Vu Doll"},{"floor":9.0,"key":"Mummified Hand"},{"floor":12.0,"key":"Old Coin"},{"floor":20,"key":"Nilry\u0027s Codex"},{"floor":23,"key":"Orichalcum"},{"floor":26,"key":"Juzu Bracelet"},{"floor":27,"key":"Meat on the Bone"},{"floor":31,"key":"Gambling Chip"}],"event_choices":[{"cards_removed":["Strike_B"],"damage_healed":0.0,"max_hp_gain":0.0,"max_hp_loss":0.0,"gold_gain":0.0,"event_name":"The Cleric","player_choice":"Card Removal","floor":2.0,"gold_loss":50.0,"damage_taken":0.0},{"cards_removed":["Strike_B"],"damage_healed":0.0,"max_hp_gain":0.0,"max_hp_loss":0.0,"gold_gain":0.0,"event_name":"Golden Wing","player_choice":"Card Removal","floor":10.0,"gold_loss":0.0,"damage_taken":7.0},{"damage_healed":0.0,"max_hp_gain":0.0,"max_hp_loss":0.0,"gold_gain":0.0,"event_name":"Scrap Ooze","player_choice":"Success","floor":14.0,"gold_loss":0.0,"damage_taken":12.0,"relics_obtained":["The Courier"]},{"damage_healed":0,"gold_gain":99,"player_choice":"Stole From Cult","damage_taken":0,"max_hp_gain":0,"max_hp_loss":0,"event_name":"Nest","floor":19,"gold_loss":0},{"damage_healed":0,"gold_gain":0,"player_choice":"Obtained Book","damage_taken":16,"max_hp_gain":0,"max_hp_loss":0,"event_name":"Cursed Tome","floor":20,"gold_loss":0},{"damage_healed":0,"gold_gain":0,"player_choice":"Bought 0 Potions","damage_taken":0,"max_hp_gain":0,"max_hp_loss":0,"event_name":"The Woman in Blue","floor":21,"gold_loss":0},{"damage_healed":0,"gold_gain":0,"player_choice":"Copied","damage_taken":0,"max_hp_gain":0,"max_hp_loss":0,"event_name":"Duplicator","floor":28,"gold_loss":0,"cards_obtained":["Static Discharge"]}],"is_beta":false,"boss_relics":[{"not_picked":["Busted Crown","FrozenCore"],"picked":"Nuclear Battery"}],"items_purged_floors":[25,30],"is_endless":false,"potions_floor_spawned":[6,8,16,18,29],"killed_by":"Collector","ascension_level":1}}