{"host":"sdjng9zhqonqi3uc","time":1611363357,"event":{"mods":["2.2 Compatiblity","AchievementEnabler","BaseMod","Better Note","Better Third Choice","BetterRewards","Colored Map","Colored Powertips","Downfall","Hero for Fun","Hubris","Minty Spire (QoL Compilation)","Quick Restart","Relic Stats","Shop Mod","Spicy Shops","StSLib","Td1madao Mod","The Animator","The Cursed","The Servant 0.9.4"],"gold_per_floor":[129,129,129,143,108,135,135,148,148,162,162,173,173,192,192,295,295,273,284,284,294,67,67,104,156,156,156,191,191,191,299,299,411,411,425,6,16,16,16,65,65,34,83,116,132,132,132,132,132,142,142,142,606,668,733,810,810,135,226,318,318,53,172,254,254,18,145,145,163,163],"floor_reached":69,"language":"ENG","playtime":7487,"items_purged":["Decay"],"score":999,"play_id":"10187a87-fd81-4cf8-aad1-254f7ceaa26d","local_time":"20210123015557","is_ascension_mode":false,"campfire_choices":[{"floor":13,"key":"REST"},{"floor":15,"key":"RECALL"},{"data":"animator:Demiurge","floor":23,"key":"SMITH"},{"data":"animator:Ainz","floor":27,"key":"SMITH"},{"data":"animator:Evileye","floor":30,"key":"SMITH"},{"floor":32,"key":"REST"},{"data":"animator:Shizu","floor":41,"key":"SMITH"},{"data":"animator:Shalltear","floor":46,"key":"SMITH"},{"data":"animator:HigakiRinne","floor":49,"key":"SMITH"},{"data":"animator:GoblinSlayer","floor":52,"key":"SMITH"},{"floor":68,"key":"REST"}],"circlet_count":0,"master_deck":["animator:Strike_Overlord+1","animator:Defend_Overlord+1","animator:Strike+1","animator:Strike+1","animator:Defend+1","animator:Defend+1","animator:Cocytus+1","animator:Demiurge+1","animator:Shalltear+1","animator:NarberalGamma+1","animator:MetalKnight+1","animator:Evileye+1","animator:GoblinSlayer+1","animator:Entoma+15","animator:Chris+1","animator:Ainz+1","animator:PandorasActor+1","animator:Albedo+1","Doubt","animator:ItamiYouji+1","Pain","animator:Shizu+1","animator:HigakiRinne+1","animator:Vesta+1","animator:HigakiRinne+1","animator:Shiro+1","animator:TsurugaMeisai+1","animator:Rimuru","animator:MisakiNakahara+1","animator:Arpeggio+1"],"relics":["animator:TheEgnaroPiece","animator:AncientMedallion"],"acts_visited":["Exordium","TheCity","TheBeyond","TheEnding","EYB:TheUnnamedReign"],"potions_floor_usage":[6,10,14,19,19,24,24,31,40,50,55,59,60,63,63,67,69],"damage_taken":[{"damage":5,"enemies":"Cultist","floor":1,"turns":4},{"damage":0,"enemies":"2 Louse","floor":4,"turns":2},{"damage":11,"enemies":"Lagavulin","floor":6,"turns":6},{"damage":0,"enemies":"Small Slimes","floor":8,"turns":3},{"damage":6,"enemies":"Blue Slaver","floor":10,"turns":5},{"damage":4,"enemies":"2 Fungi Beasts","floor":12,"turns":3},{"damage":8,"enemies":"Lots of Slimes","floor":14,"turns":2},{"damage":48,"enemies":"Hexaghost","floor":16,"turns":13},{"damage":3,"enemies":"2 Thieves","floor":18,"turns":3},{"damage":18,"enemies":"Shell Parasite","floor":19,"turns":6},{"damage":3,"enemies":"Snake Plant","floor":21,"turns":5},{"damage":23,"enemies":"Book of Stabbing","floor":24,"turns":8},{"damage":0,"enemies":"Centurion and Healer","floor":25,"turns":5},{"damage":5,"enemies":"Slavers","floor":28,"turns":5},{"damage":0,"enemies":"Colosseum Slavers","floor":31,"turns":3},{"damage":37,"enemies":"Colosseum Nobs","floor":31,"turns":5},{"damage":40,"enemies":"Collector","floor":33,"turns":8},{"damage":0,"enemies":"Orb Walker","floor":35,"turns":3},{"damage":0,"enemies":"3 Darklings","floor":37,"turns":4},{"damage":0,"enemies":"Nemesis","floor":40,"turns":5},{"damage":9,"enemies":"Giant Head","floor":44,"turns":6},{"damage":2,"enemies":"Writhing Mass","floor":45,"turns":2},{"damage":20,"enemies":"hubris:GrandSnecko","floor":50,"turns":11},{"damage":50,"enemies":"animator:TRIPLE_SHAPES_WEAK","floor":54,"turns":10},{"damage":7,"enemies":"animator:UNNAMED_HAT","floor":55,"turns":12},{"damage":28,"enemies":"animator:TRIPLE_LAGAVULIN","floor":59,"turns":7},{"damage":37,"enemies":"animator:UNNAMED_CULTIST_2","floor":60,"turns":6},{"damage":14,"enemies":"animator:ULTIMATE_CUBE","floor":63,"turns":10},{"damage":70,"enemies":"animator:ULTIMATE_CRYSTAL","floor":67,"turns":13},{"damage":70,"enemies":"animator:TheUnnamed","floor":69,"turns":9}],"seed_played":"2772881126784111635","potions_obtained":[{"floor":1,"key":"Dexterity Potion"},{"floor":4,"key":"AttackPotion"},{"floor":12,"key":"BlessingOfTheForge"},{"floor":16,"key":"EssenceOfSteel"},{"floor":18,"key":"Block Potion"},{"floor":19,"key":"Ancient Potion"},{"floor":21,"key":"SpeedPotion"},{"floor":28,"key":"BlessingOfTheForge"},{"floor":33,"key":"SkillPotion"},{"floor":40,"key":"Strength Potion"},{"floor":45,"key":"bronze:BurnAndBuffPotion"},{"floor":54,"key":"animator:FalseLifePotion"},{"floor":55,"key":"animator:FalseLifePotion"},{"floor":59,"key":"animator:FalseLifePotion"},{"floor":60,"key":"animator:FalseLifePotion"},{"floor":63,"key":"animator:FalseLifePotion"},{"floor":67,"key":"animator:FalseLifePotion"}],"is_trial":false,"path_per_floor":["M","?","?","M","?","E","?","M","T","M","?","M","R","M","R","B",null,"M","M","?","M","$","R","E","M","T","R","E","?","R","?","R","B",null,"M","$","M","?","?","E","R","$","T","E","M","R","?","?","R","B",null,"R","??","M","M","T","?","$","M","M","?","$","E","T","?","$","E","R","B"],"character_chosen":"THE_ANIMATOR","items_purchased":["Anchor","MerchantsRug","Juzu Bracelet","animator:Shalltear","hubris:SphereOfDissonance","Membership Card","Ornamental Fan","Bag of Preparation","Question Card","DataDisk","animator:AncientMedallion","animator:AncientMedallion","animator:AncientMedallion","animator:AncientMedallion","animator:FalseLifePotion","animator:Rimuru","animator:MisakiNakahara"],"campfire_rested":3,"item_purchase_floors":[0,0,0,0,22,36,36,36,36,42,58,58,58,62,62,66,66],"current_hp_per_floor":[30,30,30,30,46,37,4,7,7,5,5,5,26,22,22,27,75,72,58,58,57,57,57,37,41,41,41,40,43,52,28,63,29,100,102,102,106,111,111,113,113,113,113,105,109,118,103,106,118,98,118,118,98,60,57,57,57,57,49,32,32,32,42,42,42,42,4,33,0,0],"gold":163,"neow_bonus":"","is_daily":false,"chose_seed":false,"campfire_upgraded":7,"win_rate":0.0,"timestamp":1611363357,"path_taken":["M","?","?","M","?","E","?","M","T","M","?","M","R","M","R","BOSS","M","M","?","M","$","R","E","M","T","R","E","?","R","?","R","BOSS","M","$","M","?","?","E","R","$","T","E","M","R","?","?","R","BOSS","R","??","M","M","T","?","$","M","M","?","$","E","T","?","$","E","R","BOSS"],"items_purchased_type":["Relic","Relic","Relic","Card","Relic","Relic","Relic","Relic","Relic","Relic","Relic","Relic","Relic","Relic","Potion","Card","Card"],"build_version":"2020-12-22","purchased_purges":1,"victory":false,"max_hp_per_floor":[66,66,66,66,66,68,68,69,69,71,71,73,73,75,75,75,75,75,77,77,77,77,77,78,80,80,80,82,82,82,88,88,92,100,102,102,106,111,111,113,113,113,113,114,118,118,118,118,118,118,118,118,98,98,98,98,98,98,98,98,98,98,98,98,98,98,98,98,98,98],"relic_stats":{"counters":[30,184],"obtain_stats":[{"Calipers":0,"Singing Bowl":3,"Gremlin Horn":6,"animator:TheMissingPiece":0,"Vajra":7,"Juzu Bracelet":0,"Bag of Preparation":36,"hubris:MysteriousPyramids":24,"Blood Vial":6,"hubris:Icosahedron":2,"animator:PurgingStone":0,"animator:AncientMedallion":53,"Sundial":9,"downfall:ExtraCursedKey":38,"Paper Frog":44,"MerchantsRug":0,"Dead Branch":31,"hubris:SphereOfDissonance":22,"Eternal Feather":28,"Omamori":40,"hubris:Towel":57,"Question Card":36,"WarpedTongs":39,"Anchor":0,"animator:HolyGrailRelic":34,"DataDisk":42,"animator:TheEgnaroPiece":53,"Ornamental Fan":36,"animator:LivingPicture":0,"Membership Card":36,"bronze:MakeshiftBattery":17,"hubris:Potato":26,"hubris:BottledRain":31},{"Calipers":0,"Singing Bowl":1,"Gremlin Horn":3,"animator:TheMissingPiece":0,"Vajra":3,"Juzu Bracelet":0,"Bag of Preparation":18,"hubris:MysteriousPyramids":12,"Blood Vial":3,"hubris:Icosahedron":1,"animator:PurgingStone":0,"animator:AncientMedallion":23,"Sundial":4,"downfall:ExtraCursedKey":19,"Paper Frog":21,"MerchantsRug":0,"Dead Branch":16,"hubris:SphereOfDissonance":11,"Eternal Feather":14,"Omamori":20,"hubris:Towel":25,"Question Card":18,"WarpedTongs":19,"Anchor":0,"animator:HolyGrailRelic":17,"DataDisk":20,"animator:TheEgnaroPiece":23,"Ornamental Fan":18,"animator:LivingPicture":0,"Membership Card":18,"bronze:MakeshiftBattery":8,"hubris:Potato":13,"hubris:BottledRain":16},{"Calipers":0,"Singing Bowl":4,"Gremlin Horn":12,"animator:TheMissingPiece":0,"Vajra":12,"Juzu Bracelet":0,"Bag of Preparation":89,"hubris:MysteriousPyramids":60,"Blood Vial":12,"hubris:Icosahedron":4,"animator:PurgingStone":0,"animator:AncientMedallion":117,"Sundial":15,"downfall:ExtraCursedKey":93,"Paper Frog":104,"MerchantsRug":0,"Dead Branch":78,"hubris:SphereOfDissonance":52,"Eternal Feather":70,"Omamori":98,"hubris:Towel":139,"Question Card":89,"WarpedTongs":93,"Anchor":0,"animator:HolyGrailRelic":86,"DataDisk":98,"animator:TheEgnaroPiece":117,"Ornamental Fan":89,"animator:LivingPicture":0,"Membership Card":89,"bronze:MakeshiftBattery":38,"hubris:Potato":65,"hubris:BottledRain":78}]},"card_choices":[{"not_picked":["animator:TukaLunaMarceau","animator:DolaCouronne"],"picked":"animator:NarberalGamma","floor":1},{"not_picked":["animator:Fredrika","animator:Benimaru"],"picked":"animator:MetalKnight","floor":4},{"not_picked":["animator:SilverFang","animator:Shuna","animator:Fredrika"],"picked":"Singing Bowl","floor":6},{"not_picked":["animator:Demiurge","animator:Cocytus"],"picked":"animator:Evileye","floor":8},{"not_picked":["animator:AcuraTooru","animator:Priestess","animator:Hitei"],"picked":"Singing Bowl","floor":10},{"not_picked":["animator:Guy","animator:Yoichi","animator:RoryMercury"],"picked":"Singing Bowl","floor":12},{"not_picked":["animator:MumenRider","animator:Togame","animator:CowGirl"],"picked":"Singing Bowl","floor":14},{"not_picked":["animator:ItamiYouji","animator:Wiz"],"picked":"animator:GoblinSlayer","floor":16},{"not_picked":["animator:Demiurge","animator:Shalltear"],"picked":"animator:Entoma","floor":18},{"not_picked":["animator:Shalltear","animator:Shigure+1","animator:FielNirvalen"],"picked":"Singing Bowl","floor":19},{"not_picked":["animator:Yoichi","animator:Darkness"],"picked":"animator:Chris","floor":21},{"not_picked":["animator:FielNirvalen","animator:Chris"],"picked":"animator:Ainz","floor":24},{"not_picked":["animator:Cocytus","animator:Demiurge"],"picked":"animator:PandorasActor","floor":25},{"not_picked":["animator:Vanir","animator:Layla","animator:LizardPriest"],"picked":"Singing Bowl","floor":28},{"not_picked":["animator:Hitei","animator:Gillette","animator:Darkness"],"picked":"Singing Bowl","floor":31},{"not_picked":["animator:Shizu","animator:ChaikaTrabant"],"picked":"animator:Albedo","floor":33},{"not_picked":["animator:Guy","animator:LeleiLaLalena","animator:Benimaru"],"picked":"Singing Bowl","floor":35},{"not_picked":["animator:Evileye","animator:Shalltear","animator:Cocytus","animator:PandorasActor"],"picked":"Singing Bowl","floor":37},{"not_picked":["animator:Viivi","animator:Tyuule+1","animator:KrulTepes+1"],"picked":"animator:Shizu","floor":40},{"not_picked":["animator:GazelDwargon","animator:Layla+1","animator:Gillette+1"],"picked":"animator:Vesta+1","floor":44},{"not_picked":["animator:Verdia+1","animator:DwarfShaman+1","animator:Kazuma","animator:Shuna"],"picked":"Singing Bowl","floor":45},{"not_picked":["animator:Viivi","animator:DwarfShaman","animator:Kazuma"],"picked":"SKIP","floor":54},{"not_picked":["animator:Cocytus","animator:Guy"],"picked":"animator:Shiro","floor":55},{"not_picked":["animator:MumenRider","animator:Kaijin","animator:RoryMercury+1"],"picked":"SKIP","floor":59},{"not_picked":["animator:GazelDwargon","animator:Kuribayashi+1","animator:Vanir"],"picked":"SKIP","floor":60},{"not_picked":["animator:Kuribayashi","animator:Demiurge"],"picked":"animator:TsurugaMeisai","floor":63},{"not_picked":["animator:Shigure","animator:ItamiYouji"],"picked":"animator:Arpeggio+1","floor":67}],"player_experience":368680,"relics_obtained":[{"floor":6,"key":"Blood Vial"},{"floor":6,"key":"Gremlin Horn"},{"floor":9,"key":"Sundial"},{"floor":24,"key":"hubris:MysteriousPyramids"},{"floor":26,"key":"hubris:Potato"},{"floor":28,"key":"Eternal Feather"},{"floor":31,"key":"Dead Branch"},{"floor":31,"key":"hubris:BottledRain"},{"floor":40,"key":"Omamori"},{"floor":44,"key":"Paper Frog"},{"floor":53,"key":"animator:TheEgnaroPiece"},{"floor":53,"key":"animator:AncientMedallion"},{"floor":56,"key":"animator:AncientMedallion"},{"floor":63,"key":"animator:AncientMedallion"},{"floor":64,"key":"animator:AncientMedallion"},{"floor":67,"key":"animator:AncientMedallion"}],"event_choices":[{"damage_healed":0,"gold_gain":0,"player_choice":"Gave Potion","damage_taken":0,"relics_obtained":["Singing Bowl"],"max_hp_gain":0,"max_hp_loss":0,"event_name":"WeMeetAgain","floor":3,"gold_loss":0},{"damage_healed":16,"gold_gain":0,"player_choice":"Healed","damage_taken":0,"max_hp_gain":0,"max_hp_loss":0,"event_name":"The Cleric","floor":5,"gold_loss":35},{"damage_healed":0,"gold_gain":0,"player_choice":"Relic ","damage_taken":33,"max_hp_gain":0,"max_hp_loss":0,"event_name":"betterThird:BetterScrap","floor":7,"gold_loss":0,"cards_obtained":["Meteor Strike"]},{"damage_healed":5,"gold_gain":0,"player_choice":"Leave","damage_taken":0,"max_hp_gain":0,"max_hp_loss":71,"event_name":"betterThird:BetterShining","floor":11,"gold_loss":0},{"cards_removed":["animator:Strike"],"damage_healed":0,"gold_gain":0,"player_choice":"Offered Basic","damage_taken":0,"max_hp_gain":0,"max_hp_loss":0,"event_name":"Bonfire Elementals","floor":20,"gold_loss":0},{"cards_removed":["animator:Ainz"],"damage_healed":0,"gold_gain":0,"player_choice":"Give","damage_taken":0,"max_hp_gain":0,"max_hp_loss":0,"event_name":"betterNote:BetterNote","floor":29,"gold_loss":0,"cards_obtained":["animator:Guy"]},{"damage_healed":0,"gold_gain":0,"player_choice":"Fight","damage_taken":0,"max_hp_gain":0,"max_hp_loss":0,"event_name":"Colosseum","floor":31,"gold_loss":0},{"damage_healed":0,"gold_gain":0,"player_choice":"Fought Nobs","damage_taken":0,"max_hp_gain":0,"max_hp_loss":0,"event_name":"Colosseum","floor":31,"gold_loss":0},{"damage_healed":0,"gold_gain":0,"player_choice":"Rummage","damage_taken":0,"relics_obtained":["WarpedTongs"],"max_hp_gain":0,"max_hp_loss":0,"event_name":"Accursed Blacksmith","floor":39,"gold_loss":0,"cards_obtained":["Pain"]},{"damage_healed":0,"gold_gain":0,"player_choice":"Embrace Madness","damage_taken":15,"max_hp_gain":0,"max_hp_loss":0,"event_name":"Winding Halls","floor":47,"gold_loss":0,"cards_obtained":["animator:HigakiRinne"]},{"cards_removed":["animator:Defend"],"damage_healed":0,"gold_gain":0,"player_choice":"Removed Skill","damage_taken":0,"max_hp_gain":0,"max_hp_loss":0,"event_name":"Falling","floor":48,"gold_loss":0}],"is_beta":false,"boss_relics":[{"not_picked":["animator:VividPicture","hubris:Backtick"],"picked":"bronze:MakeshiftBattery"},{"not_picked":["Runic Dome","Tiny House"],"picked":"animator:HolyGrailRelic"}],"items_purged_floors":[58],"is_endless":false,"potions_floor_spawned":[1,4,12,16,18,19,21,28,31,33,40,45,55,63,67],"killed_by":"animator:TheUnnamed","ascension_level":0}}