{"host":"armnliea5o2aqs4b","time":1611395512,"event":{"mods":["BaseMod","Hermit","Hubris","Infinite Spire","Minty Spire (QoL Compilation)","Quick Restart","StSLib","The Construct","The Disciple","The Forsaken"],"gold_per_floor":[109,109,34,47,47,75,75,107,107,127,127,161,161,161,161,256,256,271,171,185,185,202,202,233,233,233,245,245,263,292,306,306,403,403,419,519,519,567,583,583,610,630,656,687,706,717,737,737,737,832,832,847,847,847,866,872,872,872,597,622,648,657,983,1083,1091,1091,1193,1193,1210,1291,1291,1342,1219,1249,1249,1266,1266,1293,1293,1392,1272,1283,1283,1384,1384,1402,1402,1402,1414,1441,1469,1469,1485,1485,1485,1485,1485,1518,1378,1378,1477,1477,1492,1442,1442,1442,1499,1531,1531,1557,1582,1594,1618,1630,1669,1698,1710,1817,1879,1910,1934,1946,1958,1970,2007,2019,2054,2066,2093,1980,1980,1992,1992,1992,2086,2086,2097,2111,2127,2136,2181,2202,2202,2249,2249,2249,2249,2266,2278,2309,2309,2404,2404,2404,2232,2262,2341],"floor_reached":158,"language":"ENG","playtime":8162,"items_purged":["Strike_R","Strike_R","Strike_R","Defend_R","Defend_R","Bash","Defend_R+1","Havoc"],"score":5871,"play_id":"d48053f7-cfbf-4815-b7fb-c0d1e4681bae","local_time":"20210123205152","is_ascension_mode":true,"campfire_choices":[{"data":"hubris:InfiniteBlow+544","floor":7.0,"key":"SMITH"},{"data":"hubris:InfiniteBlow+545","floor":13.0,"key":"SMITH"},{"data":"hubris:InfiniteBlow+546","floor":15.0,"key":"SMITH"},{"data":"hubris:InfiniteBlow+547","floor":23.0,"key":"SMITH"},{"data":"Double Tap","floor":25.0,"key":"SMITH"},{"data":"hubris:InfiniteBlow+548","floor":28.0,"key":"SMITH"},{"data":"hubris:InfiniteBlow+549","floor":32.0,"key":"SMITH"},{"floor":40.0,"key":"REST"},{"data":"hubris:InfiniteBlow+821","floor":49.0,"key":"SMITH"},{"data":"hubris:InfiniteBlow+822","floor":58.0,"key":"SMITH"},{"data":"hubris:InfiniteBlow+823","floor":66.0,"key":"SMITH"},{"data":"hubris:InfiniteBlow+824","floor":75.0,"key":"SMITH"},{"data":"hubris:InfiniteBlow+1096","floor":79,"key":"SMITH"},{"data":"hubris:InfiniteBlow+1097","floor":83,"key":"SMITH"},{"data":"hubris:InfiniteBlow+1099","floor":92,"key":"SMITH"},{"data":"hubris:InfiniteBlow+1100","floor":100,"key":"SMITH"},{"data":"hubris:InfiniteBlow+1102","floor":117,"key":"SMITH"},{"data":"infinitespire:Starlight","floor":126,"key":"SMITH"},{"data":"hubris:InfiniteBlow+1104","floor":134,"key":"SMITH"},{"data":"infinitespire:TheBestDefense","floor":143,"key":"SMITH"},{"data":"hubris:Fate","floor":147,"key":"SMITH"},{"data":"hubris:InfiniteBlow+1105","floor":151,"key":"SMITH"},{"data":"hubris:InfiniteBlow+1106","floor":154,"key":"SMITH"}],"circlet_count":1,"master_deck":["hubris:InfiniteBlow+1107","Dual Wield+1","hubris:DuctTapeCard","infinitespire:Starlight+1","hubris:CleavingFinish","hubris:Fate+1","infinitespire:TheBestDefense+1"],"relics":["infinitespire:DarkRift","NeowsBlessing","Red Skull","Shuriken","Sundial","hubris:Towel","War Paint","infinitespire:Cubic Diamond","hubris:Backtick","Bottled Flame","MutagenicStrength","Tiny Chest","Matryoshka","infinitespire:Lucky Rock","hubris:CrackedHourglass","hubris:64BitClover","Circlet","Orichalcum","Anchor","construct:FoamFinger","infinitespire:PuzzleCube","Strawberry","construct:BoolHorns","Busted Crown","Juzu Bracelet","Blood Vial","Empty Cage","Singing Bowl","PreservedInsect","Potion Belt","hubris:OldNail","Old Coin","hubris:ScarierMask","The Courier","Regal Pillow","Cauldron","Kunai","Letter Opener","theForsaken:Lifeblossom","Mummified Hand","Velvet Choker","hubris:TenFootPole","Pantograph","hubris:DuctTape","InkBottle","Bag of Marbles","theForsaken:PaleLantern","Nunchaku","theForsaken:ScaryMask","MealTicket","hubris:AstralHammer","hubris:ToyBattleship","Whetstone","MawBank","infinitespire:Bottled Soul","Odd Mushroom","Tiny House","hubris:SlimyHat","infinitespire:EmpoweringShard","Thread and Needle","Red Mask","hubris:PeanutButter","hubris:EmptyBottle","Ginger","Smiling Mask","hubris:TerracottaHorce","hubris:Zylophone","Paper Frog","infinitespire:Magic Flask","Bronze Scales","infinitespire:Beetle Shell","Toy Ornithopter","hubris:BundleOfHerbs","infinitespire:Satchel","Prayer Wheel"],"acts_visited":["Exordium","TheCity","TheBeyond","Exordium","TheCity","TheBeyond","Exordium","TheCity","TheBeyond","TheEnding"],"potions_floor_usage":[118,142,142,157,157,157,157,157],"damage_taken":[{"damage":0.0,"enemies":"2 Louse","floor":1.0,"turns":1.0},{"damage":0.0,"enemies":"Cultist","floor":4.0,"turns":1.0},{"damage":0.0,"enemies":"3 Sentries","floor":6.0,"turns":2.0},{"damage":0.0,"enemies":"Lagavulin","floor":8.0,"turns":1.0},{"damage":3.0,"enemies":"Small Slimes","floor":10.0,"turns":2.0},{"damage":12.0,"enemies":"3 Sentries","floor":12.0,"turns":6.0},{"damage":0.0,"enemies":"Hexaghost","floor":16.0,"turns":2.0},{"damage":0.0,"enemies":"Spheric Guardian","floor":18.0,"turns":1.0},{"damage":0.0,"enemies":"Shell Parasite","floor":20.0,"turns":1.0},{"damage":0.0,"enemies":"Snecko","floor":22.0,"turns":1.0},{"damage":0.0,"enemies":"Nightmare","floor":24.0,"turns":1.0},{"damage":16.0,"enemies":"3 Cultists","floor":27.0,"turns":5.0},{"damage":0.0,"enemies":"Shelled Parasite and Fungi","floor":29.0,"turns":3.0},{"damage":29.0,"enemies":"Slavers","floor":30.0,"turns":4.0},{"damage":2.0,"enemies":"Centurion and Healer","floor":31.0,"turns":3.0},{"damage":0.0,"enemies":"Champ","floor":33.0,"turns":1.0},{"damage":0.0,"enemies":"Orb Walker","floor":35.0,"turns":1.0},{"damage":43.0,"enemies":"infinitespire:Three Voidlings","floor":36.0,"turns":5.0},{"damage":0.0,"enemies":"Nightmare_Alpha","floor":36.0,"turns":1.0},{"damage":10.0,"enemies":"3 Shapes","floor":39.0,"turns":3.0},{"damage":0.0,"enemies":"Giant Head","floor":41.0,"turns":1.0},{"damage":1.0,"enemies":"Jaw Worm Horde","floor":42.0,"turns":3.0},{"damage":0.0,"enemies":"Reptomancer","floor":44.0,"turns":1.0},{"damage":0.0,"enemies":"Writhing Mass","floor":45.0,"turns":1.0},{"damage":0.0,"enemies":"Transient","floor":46.0,"turns":1.0},{"damage":0.0,"enemies":"Spire Growth","floor":47.0,"turns":1.0},{"damage":0.0,"enemies":"hubris:GrandSnecko","floor":50.0,"turns":1.0},{"damage":0.0,"enemies":"Jaw Worm","floor":52.0,"turns":1.0},{"damage":0.0,"enemies":"Cultist","floor":55.0,"turns":1.0},{"damage":0.0,"enemies":"Small Slimes","floor":56.0,"turns":1.0},{"damage":0.0,"enemies":"Lagavulin","floor":61.0,"turns":1.0},{"damage":0.0,"enemies":"3 Louse","floor":62.0,"turns":2.0},{"damage":0.0,"enemies":"Gremlin Nob","floor":63.0,"turns":1.0},{"damage":8.0,"enemies":"Gremlin Gang","floor":65.0,"turns":2.0},{"damage":0.0,"enemies":"The Guardian","floor":67.0,"turns":1.0},{"damage":0.0,"enemies":"Chosen","floor":69.0,"turns":1.0},{"damage":0.0,"enemies":"Book of Stabbing","floor":74.0,"turns":1.0},{"damage":0.0,"enemies":"3 Byrds","floor":76.0,"turns":1.0},{"damage":0,"enemies":"Slavers","floor":78,"turns":1},{"damage":0,"enemies":"Centurion and Healer","floor":82,"turns":1},{"damage":0,"enemies":"hubris:MusketHawk","floor":84,"turns":1},{"damage":0,"enemies":"Orb Walker","floor":86,"turns":1},{"damage":0,"enemies":"3 Darklings","floor":89,"turns":1},{"damage":0,"enemies":"Giant Head","floor":91,"turns":1},{"damage":0,"enemies":"Writhing Mass","floor":93,"turns":1},{"damage":0,"enemies":"Nemesis","floor":98,"turns":1},{"damage":0,"enemies":"Donu and Deca","floor":101,"turns":1},{"damage":0,"enemies":"Cultist","floor":103,"turns":1},{"damage":0,"enemies":"Gremlin Nob","floor":107,"turns":1},{"damage":0,"enemies":"Gremlin Nob","floor":108,"turns":1},{"damage":0,"enemies":"Lagavulin","floor":110,"turns":1},{"damage":0,"enemies":"Small Slimes","floor":113,"turns":1},{"damage":0,"enemies":"The Mushroom Lair","floor":115,"turns":1},{"damage":0,"enemies":"2 Louse","floor":116,"turns":1},{"damage":0,"enemies":"Hexaghost","floor":118,"turns":1},{"damage":0,"enemies":"Spheric Guardian","floor":120,"turns":1},{"damage":0,"enemies":"2 Thieves","floor":121,"turns":1},{"damage":0,"enemies":"Nightmare","floor":125,"turns":1},{"damage":0,"enemies":"Masked Bandits","floor":127,"turns":1},{"damage":0,"enemies":"Cultist and Chosen","floor":129,"turns":1},{"damage":0,"enemies":"Snecko","floor":132,"turns":1},{"damage":0,"enemies":"Champ","floor":135,"turns":1},{"damage":0,"enemies":"3 Darklings","floor":137,"turns":1},{"damage":0,"enemies":"3 Shapes","floor":138,"turns":1},{"damage":0,"enemies":"Spire Growth","floor":139,"turns":1},{"damage":0,"enemies":"4 Shapes","floor":140,"turns":1},{"damage":0,"enemies":"2 Orb Walkers","floor":141,"turns":1},{"damage":84,"enemies":"Nightmare_Alpha","floor":142,"turns":3},{"damage":0,"enemies":"Mind Bloom Boss Battle","floor":144,"turns":2},{"damage":0,"enemies":"Maw","floor":148,"turns":1},{"damage":0,"enemies":"Spire Growth","floor":149,"turns":1},{"damage":0,"enemies":"Giant Head","floor":150,"turns":1},{"damage":0,"enemies":"infinitespire:LordOfFortification","floor":152,"turns":1},{"damage":0,"enemies":"Shield and Spear","floor":156,"turns":1},{"damage":20,"enemies":"The Heart","floor":157,"turns":5}],"seed_played":"-6141723511321404037","potions_obtained":[{"floor":4.0,"key":"GamblersBrew"},{"floor":6.0,"key":"EssenceOfSteel"},{"floor":8.0,"key":"GamblersBrew"},{"floor":56.0,"key":"SkillPotion"},{"floor":62.0,"key":"Swift Potion"},{"floor":73.0,"key":"CultistPotion"},{"floor":118,"key":"Fruit Juice"},{"floor":119,"key":"Strength Potion"},{"floor":152,"key":"Regen Potion"}],"is_trial":false,"path_per_floor":["M","?","$","M","$","E","R","E","T","M","?","E","R","?","R","B",null,"M","$","M","?","M","R","NM","R","T","M","R","M","E","M","R","B",null,"M","?","?","T","M","R","E","M","T","E","M","M","M","?","R","B",null,"M","?","AVR","M","M","T","R","$","T","E","M","E","?","M","R","B",null,"M","T","?","T","$","E","R","M","T","E","R","?","$","M","R","B",null,"M","NS","?","M","T","E","R","M","T","AVR","?","?","E","$","R","B",null,"M","?","T","?","?","E","?","E","T","T","M","?","?","M","R","B",null,"M","M","AVR","?","T","NM","R","?","T","M","$","?","M","T","R","B",null,"M","M","M","M","?","NM","R","?","T","AVR","R","M","M","E","R","B",null,"R","$","E","B",null],"character_chosen":"IRONCLAD","items_purchased":["PreservedInsect","Cauldron","hubris:EmptyBottle","infinitespire:Satchel"],"campfire_rested":1,"item_purchase_floors":[59,73,130,155],"current_hp_per_floor":[80,80,80,80,80,80,80,80,80,80,80,74,74,74,74,74,80,80,80,80,80,80,80,80,80,80,64,64,64,35,33,33,33,80,80,46,46,46,36,60,60,59,66,66,66,66,66,66,66,66,87,87,87,87,87,87,87,87,87,87,89,91,91,91,85,85,89,95,97,97,97,97,97,99,99,101,101,103,103,103,103,105,105,107,107,109,109,109,111,111,113,113,115,115,115,109,112,114,114,114,116,116,118,118,118,118,120,122,121,124,124,124,126,126,128,128,128,135,142,144,146,146,146,146,148,148,150,150,152,152,134,153,153,153,156,156,158,160,162,164,166,84,84,170,170,170,170,172,174,176,176,178,178,178,178,180,179],"gold":2341,"neow_bonus":"THREE_ENEMY_KILL","is_daily":false,"chose_seed":false,"campfire_upgraded":22,"win_rate":0.0,"timestamp":1611395512,"path_taken":["M","?","$","?","?","E","R","E","T","?","?","E","R","?","R","BOSS","M","$","M","?","M","R","NM","R","T","M","R","M","E","M","R","BOSS","M","?","?","?","?","R","E","M","T","E","M","M","M","?","R","BOSS","M","?","AVR","M","M","?","R","$","T","E","M","E","?","M","R","BOSS","M","?","?","?","$","E","R","M","T","E","R","?","?","M","R","BOSS","M","NS","?","M","?","E","R","M","T","AVR","?","?","E","$","R","BOSS","M","?","?","?","?","E","?","E","T","?","M","?","?","M","R","BOSS","M","M","AVR","?","?","NM","R","?","T","M","?","?","M","?","R","BOSS","M","M","M","M","?","NM","R","?","T","AVR","R","M","M","E","R","BOSS","R","$","E","BOSS"],"items_purchased_type":["Relic","Relic","Relic","Relic"],"build_version":"2020-12-22","purchased_purges":8,"victory":true,"max_hp_per_floor":[80,80,80,80,80,80,80,80,80,80,80,80,80,80,80,80,80,80,80,80,80,80,80,80,80,80,80,80,80,80,80,80,80,80,80,80,80,80,80,80,80,80,87,87,87,87,87,87,87,87,87,87,87,87,87,87,87,87,87,87,89,91,91,91,93,93,95,95,97,97,97,97,97,99,99,101,101,103,103,103,103,105,105,107,107,109,109,109,111,111,113,113,115,115,115,109,112,114,114,114,116,116,118,118,118,118,120,122,122,124,124,124,126,126,128,128,128,135,142,144,146,146,146,146,148,148,150,150,152,152,152,154,154,154,156,156,158,160,162,164,166,168,168,170,170,170,170,172,174,176,176,178,178,178,178,180,182],"card_choices":[{"not_picked":["Sever Soul","Dropkick","Sword Boomerang"],"picked":"SKIP","floor":1.0},{"not_picked":["True Grit","Havoc","Sword Boomerang"],"picked":"SKIP","floor":4.0},{"not_picked":["Uppercut","hubris:CleavingFinish","Warcry"],"picked":"SKIP","floor":6.0},{"not_picked":["Corruption","Warcry","Anger"],"picked":"SKIP","floor":8.0},{"not_picked":["Flame Barrier","Sever Soul","Flex"],"picked":"SKIP","floor":10.0},{"not_picked":["Rupture","True Grit","Flame Barrier"],"picked":"SKIP","floor":12.0},{"not_picked":["Fiend Fire","Berserk"],"picked":"Double Tap","floor":16.0},{"not_picked":["Perfected Strike+1","Fire Breathing","Flex"],"picked":"SKIP","floor":18.0},{"not_picked":["Warcry","True Grit","Cleave"],"picked":"SKIP","floor":20.0},{"not_picked":["Sword Boomerang","Rage+1","Clothesline"],"picked":"SKIP","floor":22.0},{"not_picked":["Iron Wave","Disarm","Evolve"],"picked":"SKIP","floor":24.0},{"not_picked":["Pommel Strike","hubris:CleavingFinish","Heavy Blade"],"picked":"SKIP","floor":27.0},{"not_picked":["Iron Wave","True Grit","Wild Strike+1"],"picked":"SKIP","floor":29.0},{"not_picked":["Havoc","Infernal Blade","Ghostly Armor+1"],"picked":"SKIP","floor":30.0},{"not_picked":["Sever Soul+1","Searing Blow","Sword Boomerang"],"picked":"SKIP","floor":31.0},{"not_picked":["Perfected Strike+1","Sentinel","Iron Wave+1"],"picked":"SKIP","floor":35.0},{"not_picked":["Evolve+1","Entrench+1"],"picked":"Battle Trance+1","floor":36.0},{"not_picked":["Limit Break","Dropkick","Intimidate"],"picked":"SKIP","floor":39.0},{"not_picked":["Headbutt+1","Bludgeon","Spot Weakness"],"picked":"SKIP","floor":41.0},{"not_picked":["Burning Pact","Havoc","Shockwave+1"],"picked":"SKIP","floor":42.0},{"not_picked":["Dark Embrace+1","Body Slam+1"],"picked":"Dual Wield+1","floor":44.0},{"not_picked":["Twin Strike+1","Blood for Blood","Anger"],"picked":"SKIP","floor":45.0},{"not_picked":["Cleave","Sever Soul+1","Infernal Blade"],"picked":"SKIP","floor":46.0},{"not_picked":["Heavy Blade","Clash+1","infinitespire:OneForAll"],"picked":"SKIP","floor":47.0},{"not_picked":["hubris:CleavingFinish"],"picked":"SKIP","floor":52.0},{"not_picked":["Warcry"],"picked":"SKIP","floor":55.0},{"not_picked":["Armaments"],"picked":"SKIP","floor":56.0},{"not_picked":["Feel No Pain"],"picked":"Singing Bowl","floor":61.0},{"not_picked":["Combust"],"picked":"Singing Bowl","floor":62.0},{"not_picked":["Iron Wave"],"picked":"SKIP","floor":63.0},{"not_picked":["Rage"],"picked":"Singing Bowl","floor":65.0},{"not_picked":["Demon Form"],"picked":"Singing Bowl","floor":67.0},{"not_picked":["True Grit"],"picked":"Singing Bowl","floor":69.0},{"not_picked":["Rupture"],"picked":"Singing Bowl","floor":74.0},{"not_picked":["Flex"],"picked":"Singing Bowl","floor":76.0},{"not_picked":["Metallicize"],"picked":"Singing Bowl","floor":78},{"not_picked":["Shockwave"],"picked":"Singing Bowl","floor":82},{"not_picked":["Reaper"],"picked":"Singing Bowl","floor":84},{"not_picked":["Twin Strike"],"picked":"Singing Bowl","floor":86},{"not_picked":["Twin Strike"],"picked":"Singing Bowl","floor":89},{"not_picked":["Bludgeon"],"picked":"Singing Bowl","floor":91},{"not_picked":["Anger+1"],"picked":"Singing Bowl","floor":93},{"not_picked":["Thunderclap+1"],"picked":"Singing Bowl","floor":98},{"not_picked":["Feed"],"picked":"Singing Bowl","floor":101},{"not_picked":["Wild Strike"],"picked":"Singing Bowl","floor":103},{"not_picked":["Uppercut"],"picked":"Singing Bowl","floor":107},{"not_picked":["Flex"],"picked":"Singing Bowl","floor":108},{"not_picked":["Pommel Strike"],"picked":"Singing Bowl","floor":110},{"not_picked":["Body Slam"],"picked":"Singing Bowl","floor":113},{"not_picked":["Armaments"],"picked":"Singing Bowl","floor":115},{"not_picked":[],"picked":"Berserk","floor":116},{"not_picked":["Berserk"],"picked":"Singing Bowl","floor":118},{"not_picked":[],"picked":"Havoc","floor":119},{"not_picked":["infinitespire:Menacing","infinitespire:Gouge","infinitespire:FinalStrike"],"picked":"Singing Bowl","floor":119},{"not_picked":["Clothesline"],"picked":"Singing Bowl","floor":120},{"not_picked":["Perfected Strike"],"picked":"Singing Bowl","floor":121},{"not_picked":["Heavy Blade"],"picked":"Singing Bowl","floor":125},{"not_picked":["Wild Strike"],"picked":"Singing Bowl","floor":127},{"not_picked":["Heavy Blade"],"picked":"Singing Bowl","floor":129},{"not_picked":["infinitespire:Execution","infinitespire:Gouge"],"picked":"hubris:Fate","floor":131},{"not_picked":["Exhume"],"picked":"Singing Bowl","floor":132},{"not_picked":["Corruption"],"picked":"Singing Bowl","floor":135},{"not_picked":["Thunderclap+1"],"picked":"Singing Bowl","floor":137},{"not_picked":["Sword Boomerang+1"],"picked":"Singing Bowl","floor":138},{"not_picked":["Thunderclap"],"picked":"Singing Bowl","floor":139},{"not_picked":["Uppercut+1"],"picked":"Singing Bowl","floor":140},{"not_picked":["Clothesline"],"picked":"Singing Bowl","floor":141},{"not_picked":["infinitespire:DeathsTouch","infinitespire:FinalStrike"],"picked":"infinitespire:TheBestDefense","floor":142},{"not_picked":["Heavy Blade"],"picked":"Singing Bowl","floor":142},{"not_picked":["Havoc"],"picked":"Singing Bowl","floor":144},{"not_picked":["Iron Wave"],"picked":"Singing Bowl","floor":148},{"not_picked":["Clash"],"picked":"Singing Bowl","floor":149},{"not_picked":["True Grit"],"picked":"Singing Bowl","floor":150},{"not_picked":["hubris:StunningStrike"],"picked":"Singing Bowl","floor":152},{"not_picked":["Shrug It Off"],"picked":"Singing Bowl","floor":156},{"not_picked":["Feed"],"picked":"Singing Bowl","floor":157}],"player_experience":185353,"relics_obtained":[{"floor":6.0,"key":"Red Skull"},{"floor":8.0,"key":"Shuriken"},{"floor":9.0,"key":"Sundial"},{"floor":12.0,"key":"War Paint"},{"floor":24.0,"key":"Tiny Chest"},{"floor":26.0,"key":"Matryoshka"},{"floor":30.0,"key":"infinitespire:Lucky Rock"},{"floor":36.0,"key":"hubris:64BitClover"},{"floor":38.0,"key":"Orichalcum"},{"floor":38.0,"key":"Anchor"},{"floor":41.0,"key":"construct:FoamFinger"},{"floor":43.0,"key":"infinitespire:PuzzleCube"},{"floor":43.0,"key":"Strawberry"},{"floor":44.0,"key":"construct:BoolHorns"},{"floor":52.0,"key":"Juzu Bracelet"},{"floor":57.0,"key":"Singing Bowl"},{"floor":60.0,"key":"Potion Belt"},{"floor":61.0,"key":"hubris:OldNail"},{"floor":63.0,"key":"Old Coin"},{"floor":70.0,"key":"The Courier"},{"floor":72.0,"key":"Regal Pillow"},{"floor":74.0,"key":"Kunai"},{"floor":76.0,"key":"Letter Opener"},{"floor":77.0,"key":"theForsaken:Lifeblossom"},{"floor":78,"key":"Mummified Hand"},{"floor":90,"key":"hubris:TenFootPole"},{"floor":91,"key":"Pantograph"},{"floor":94,"key":"hubris:DuctTape"},{"floor":98,"key":"Bag of Marbles"},{"floor":103,"key":"Nunchaku"},{"floor":105,"key":"theForsaken:ScaryMask"},{"floor":107,"key":"MealTicket"},{"floor":108,"key":"hubris:AstralHammer"},{"floor":110,"key":"Whetstone"},{"floor":111,"key":"MawBank"},{"floor":112,"key":"infinitespire:Bottled Soul"},{"floor":115,"key":"Odd Mushroom"},{"floor":124,"key":"infinitespire:EmpoweringShard"},{"floor":125,"key":"Thread and Needle"},{"floor":127,"key":"Red Mask"},{"floor":128,"key":"hubris:PeanutButter"},{"floor":132,"key":"Ginger"},{"floor":133,"key":"Smiling Mask"},{"floor":141,"key":"hubris:Zylophone"},{"floor":142,"key":"Paper Frog"},{"floor":144,"key":"infinitespire:Magic Flask"},{"floor":145,"key":"Bronze Scales"},{"floor":149,"key":"Toy Ornithopter"},{"floor":150,"key":"hubris:BundleOfHerbs"},{"floor":156,"key":"Prayer Wheel"}],"event_choices":[{"damage_healed":0.0,"max_hp_gain":0.0,"max_hp_loss":0.0,"gold_gain":0.0,"event_name":"Upgrade Shrine","player_choice":"Upgraded","floor":2.0,"gold_loss":0.0,"damage_taken":0.0,"cards_upgraded":["hubris:InfiniteBlow"]},{"damage_healed":0.0,"max_hp_gain":0.0,"max_hp_loss":0.0,"gold_gain":0.0,"event_name":"Drug Dealer","player_choice":"Inject Mutagens","floor":21.0,"gold_loss":0.0,"damage_taken":0.0,"relics_obtained":["MutagenicStrength"]},{"damage_healed":0.0,"max_hp_gain":0.0,"max_hp_loss":0.0,"gold_gain":0.0,"event_name":"Drug Dealer","player_choice":"Inject Mutagens","floor":36.0,"gold_loss":0.0,"damage_taken":0.0,"relics_obtained":["Circlet"]},{"damage_healed":0.0,"max_hp_gain":0.0,"max_hp_loss":0.0,"gold_gain":0.0,"event_name":"The Woman in Blue","player_choice":"Bought 0 Potions","floor":37.0,"gold_loss":0.0,"damage_taken":0.0},{"damage_healed":0.0,"max_hp_gain":0.0,"max_hp_loss":0.0,"gold_gain":0.0,"event_name":"Mysterious Sphere","player_choice":"Ignored","floor":48.0,"gold_loss":0.0,"damage_taken":0.0},{"damage_healed":0.0,"max_hp_gain":0.0,"max_hp_loss":0.0,"gold_gain":100.0,"event_name":"Golden Shrine","player_choice":"Pray","floor":64.0,"gold_loss":0.0,"damage_taken":0.0},{"damage_healed":0.0,"max_hp_gain":0.0,"max_hp_loss":0.0,"gold_gain":0.0,"event_name":"Ghosts","player_choice":"Ignored","floor":71.0,"gold_loss":0.0,"damage_taken":0.0},{"damage_healed":0,"gold_gain":99,"player_choice":"Stole From Cult","damage_taken":0,"max_hp_gain":0,"max_hp_loss":0,"event_name":"Nest","floor":80,"gold_loss":0},{"damage_healed":0,"gold_gain":0,"player_choice":"Max HP","damage_taken":0,"max_hp_gain":0,"max_hp_loss":6,"event_name":"Winding Halls","floor":96,"gold_loss":0},{"cards_removed":["Defend_R"],"damage_healed":0,"gold_gain":0,"player_choice":"Card Removal","damage_taken":0,"max_hp_gain":0,"max_hp_loss":0,"event_name":"The Cleric","floor":104,"gold_loss":50},{"damage_healed":0,"gold_gain":0,"player_choice":"Ignored","damage_taken":0,"max_hp_gain":0,"max_hp_loss":0,"event_name":"Golden Wing","floor":106,"gold_loss":0},{"damage_healed":0,"gold_gain":0,"player_choice":"Searched \u00271\u0027 times","damage_taken":0,"max_hp_gain":0,"max_hp_loss":0,"event_name":"Dead Adventurer","floor":107,"gold_loss":0},{"damage_healed":0,"gold_gain":0,"player_choice":"Success","damage_taken":3,"relics_obtained":["hubris:ToyBattleship"],"max_hp_gain":0,"max_hp_loss":0,"event_name":"Scrap Ooze","floor":109,"gold_loss":0},{"cards_removed":["infinitespire:SealOfDarkness"],"damage_healed":0,"gold_gain":0,"player_choice":"Card Removal","damage_taken":0,"max_hp_gain":0,"max_hp_loss":0,"event_name":"Wheel of Change","floor":114,"gold_loss":0},{"damage_healed":0,"gold_gain":0,"player_choice":"Fought Mushrooms","damage_taken":0,"max_hp_gain":0,"max_hp_loss":0,"event_name":"Mushrooms","floor":115,"gold_loss":0},{"damage_healed":0,"gold_gain":0,"cards_transformed":["Berserk"],"player_choice":"Transformed","damage_taken":0,"max_hp_gain":0,"max_hp_loss":0,"event_name":"Transmorgrifier","floor":123,"gold_loss":0,"cards_obtained":["hubris:CleavingFinish"]},{"damage_healed":0,"gold_gain":0,"player_choice":"Fought Bandits","damage_taken":0,"max_hp_gain":0,"max_hp_loss":0,"event_name":"Masked Bandits","floor":127,"gold_loss":0},{"damage_healed":0,"gold_gain":0,"player_choice":"Fight","damage_taken":0,"max_hp_gain":0,"max_hp_loss":0,"event_name":"Mysterious Sphere","floor":141,"gold_loss":0},{"damage_healed":0,"gold_gain":0,"player_choice":"Fight","damage_taken":0,"max_hp_gain":0,"max_hp_loss":0,"event_name":"MindBloom","floor":144,"gold_loss":0}],"is_beta":false,"boss_relics":[{"not_picked":["hubris:ScarierMask","construct:WeddingRing"],"picked":"hubris:Backtick"},{"not_picked":["theForsaken:PaleLantern","hubris:VirtuousBlindfold"],"picked":"hubris:CrackedHourglass"},{"not_picked":["Astrolabe","Black Star"],"picked":"Busted Crown"},{"not_picked":["Sozu","hubris:GrandSneckoEye"],"picked":"hubris:ScarierMask"},{"not_picked":["hubris:RunicObelisk","infinitespire:Cupcake"],"picked":"Velvet Choker"},{"not_picked":["Mark of Pain","Pandora\u0027s Box"],"picked":"theForsaken:PaleLantern"},{"not_picked":["Astrolabe","construct:ClawGrip"],"picked":"Tiny House"},{"not_picked":["Snecko Eye","SlaversCollar"],"picked":"hubris:TerracottaHorce"},{"not_picked":["Mark of Pain","Sozu","Runic Dome"]}],"items_purged_floors":[3,19,54,59,81,95,99,155],"is_endless":true,"potions_floor_spawned":[4,6,8,18,27,29,31,39,42,44,45,52,56,62,69,74,86,93,98,101,107,115,118,120,129,135,140,141,142,144,150,152,157],"ascension_level":6}}