{"host":"Ringo","time":1611420914,"event":{"mods":["BaseMod","Colored Map","Conspire","Dota2Spire","Minty Spire (QoL Compilation)","Replay The Spire","StSLib","[IsaacMod]ÒÔÈö¼âËþ","¡¾ÒÅÎï¿¨ÅÆ¡¿REMEMod"],"gold_per_floor":[109,129,146,157,183,218,246,271,271,297,332,71,100,125,125,202,202,216,230,246,259,289,335,357,428,513,37,71,81,106,151,151,228,228,247,265,310,371,389,449,467,502,570,611,644,669,252,5,5,5,35],"floor_reached":52,"language":"ZHS","playtime":1622,"items_purged":[],"score":3361,"play_id":"14e87ebd-34b6-482f-8acd-78d3c2fdaa7f","local_time":"20210124005514","daily_mods":["SealedDeck","Vintage","Heirloom","Time Dilation","Flight","DeadlyEvents","Elite Swarm","Lethality","Binary"],"is_ascension_mode":true,"campfire_choices":[{"data":"Rupture","floor":15,"key":"SMITH"},{"data":"Armaments","floor":32,"key":"SMITH"},{"data":"ReplayTheSpireMod:Muscle Training","floor":49,"key":"SMITH"}],"circlet_count":0,"master_deck":["AscendersBane","Clothesline","Metallicize","Armaments","Sword Boomerang","Replay:Undeath\u0027s Touch","Clash","Thunderclap","Armaments+1","Rupture+1","ReplayTheSpireMod:Muscle Training+1","ReplayTheSpireMod:Trickstab","Offering+1","Rupture+1","Flash of Steel","Mayhem+1","Replay:Bootleg Shield Generator","Metallicize","Pummel"],"relics":["Burning Blood","Busted Crown","HushsDoor","Void","GuppysTail","Nunchaku","Dota2Spire:ArmletOfMordiggian","Dota2Spire:CrimsonGuard","Lantern","Ginger","FossilizedHelix","BelialBook","Dota2Spire:PowerTreads","Blue Candle","REME_DuelDisc","GuppysHairball","Bag of Marbles","Incense Burner","DeathBook","Girya","Dota2Spire:HandOfMidas","ReplayTheSpireMod:Lightbulb","Dota2Spire:LinkenSphere","Replay:Rubber Ducky","Counterbalance","MealTicket","Dota2Spire:Vanguard","Dota2Spire:Desolator","Pen Nib","SlaversCollar","Anchor","REME_LimitBreaker","Dota2Spire:BattleFury","Blood Vial","ReplayTheSpireMod:Spearhead","Champion Belt","Ancient Tea Set","GuppysPaw","Replay:Bottled Eggs","TheBible","Darkstone Periapt","Guide Book","Boot","Dota2Spire:BladeMail"],"acts_visited":["Exordium","TheCity","TheBeyond"],"potions_floor_usage":[41,51,51],"damage_taken":[{"damage":1,"enemies":"Small Slimes","floor":1,"turns":1},{"damage":0,"enemies":"Jaw Worm","floor":2,"turns":1},{"damage":0,"enemies":"2 Louse","floor":3,"turns":1},{"damage":0,"enemies":"Looter","floor":4,"turns":1},{"damage":0,"enemies":"Large Slime","floor":5,"turns":2},{"damage":0,"enemies":"Gremlin Nob","floor":6,"turns":2},{"damage":1,"enemies":"3 Sentries","floor":7,"turns":3},{"damage":10,"enemies":"Lagavulin","floor":8,"turns":3},{"damage":0,"enemies":"Gremlin Nob","floor":10,"turns":2},{"damage":0,"enemies":"Lagavulin","floor":11,"turns":3},{"damage":0,"enemies":"Gremlin Nob","floor":13,"turns":2},{"damage":0,"enemies":"3 Sentries","floor":14,"turns":3},{"damage":0,"enemies":"Fading Forest","floor":16,"turns":7},{"damage":0,"enemies":"3 Byrds","floor":18,"turns":1},{"damage":0,"enemies":"Spheric Guardian","floor":19,"turns":1},{"damage":0,"enemies":"Centurion and Healer","floor":20,"turns":1},{"damage":0,"enemies":"3 Cultists","floor":21,"turns":1},{"damage":0,"enemies":"Shelled Parasite and Fungi","floor":22,"turns":1},{"damage":0,"enemies":"conspire:Head Lice","floor":23,"turns":1},{"damage":0,"enemies":"Snake Plant","floor":24,"turns":1},{"damage":0,"enemies":"conspire:SneckoGhost","floor":25,"turns":1},{"damage":0,"enemies":"Gremlin Leader","floor":28,"turns":1},{"damage":6,"enemies":"Cultist and Chosen","floor":29,"turns":1},{"damage":0,"enemies":"Slavers","floor":30,"turns":1},{"damage":7,"enemies":"conspire:HollyBat","floor":31,"turns":3},{"damage":1,"enemies":"Collector","floor":33,"turns":2},{"damage":0,"enemies":"Orb Walker","floor":35,"turns":1},{"damage":7,"enemies":"3 Darklings","floor":36,"turns":1},{"damage":7,"enemies":"Writhing Mass","floor":37,"turns":1},{"damage":0,"enemies":"Jaw Worm Horde","floor":39,"turns":1},{"damage":0,"enemies":"R_Hoarder","floor":40,"turns":5},{"damage":1,"enemies":"Spire Growth","floor":41,"turns":2},{"damage":7,"enemies":"Giant Head","floor":42,"turns":2},{"damage":0,"enemies":"Writhing Mass","floor":44,"turns":2},{"damage":0,"enemies":"R_Hoarder","floor":45,"turns":1},{"damage":0,"enemies":"Reptomancer","floor":46,"turns":1},{"damage":6,"enemies":"Awakened One","floor":50,"turns":2},{"damage":9,"enemies":"Donu and Deca","floor":51,"turns":2}],"seed_played":"7571671650119051","potions_obtained":[{"floor":3,"key":"Reflective Coating"},{"floor":4,"key":"SkillPotion"},{"floor":41,"key":"REME_GoldPotion"},{"floor":42,"key":"ColorlessPotion"}],"is_trial":true,"path_per_floor":["M","M","M","M","M","E","E","E","T","E","E","$","E","E","R","B",null,"M","M","M","M","M","E","M","E","T","$","E","M","E","M","R","B",null,"M","M","M","?","M","E","M","E","T","M","E","E","$","$","R","B","B",null],"character_chosen":"IRONCLAD","items_purchased":["Dota2Spire:PowerTreads","ReplayTheSpireMod:Trickstab","GuppysHairball","Offering","Rupture","Flash of Steel","Replay:Rubber Ducky","Counterbalance","Mayhem","Replay:Bootleg Shield Generator","Guide Book","Metallicize","Boot","Dota2Spire:BladeMail","Pummel"],"campfire_rested":0,"item_purchase_floors":[12,12,17,17,17,17,27,27,34,34,47,47,47,48,48],"current_hp_per_floor":[73,75,75,75,75,75,75,71,71,75,75,75,75,85,85,85,66,66,66,66,66,66,66,66,66,66,66,66,66,66,65,65,66,59,59,58,57,38,46,54,59,58,58,59,59,59,59,59,59,59,56],"gold":35,"neow_bonus":"","is_daily":false,"chose_seed":false,"campfire_upgraded":3,"win_rate":0.0,"timestamp":1611420914,"path_taken":["M","M","M","M","M","E","E","E","T","E","E","$","E","E","R","BOSS","M","M","M","M","M","E","M","E","T","$","E","M","E","M","R","BOSS","M","M","M","?","M","E","M","E","T","M","E","E","$","$","R","BOSS","BOSS"],"items_purchased_type":["Relic","Card","Relic","Card","Card","Card","Relic","Relic","Card","Card","Relic","Card","Relic","Relic","Card"],"build_version":"2020-12-18","purchased_purges":0,"victory":true,"max_hp_per_floor":[75,75,75,75,75,75,75,75,75,75,75,75,75,85,85,85,66,66,66,66,66,66,66,66,66,66,66,66,66,66,66,66,66,59,59,59,59,59,59,59,59,59,59,59,59,59,59,59,59,59,59],"card_choices":[],"player_experience":549408,"relics_obtained":[{"floor":1,"key":"Nunchaku"},{"floor":2,"key":"SalivaCoin"},{"floor":3,"key":"Dota2Spire:ArmletOfMordiggian"},{"floor":4,"key":"Dota2Spire:CrimsonGuard"},{"floor":6,"key":"Lantern"},{"floor":7,"key":"Divine Protection"},{"floor":8,"key":"Ginger"},{"floor":9,"key":"FossilizedHelix"},{"floor":10,"key":"Quantum Egg"},{"floor":11,"key":"BelialBook"},{"floor":13,"key":"Blue Candle"},{"floor":14,"key":"Pear"},{"floor":18,"key":"Bag of Marbles"},{"floor":19,"key":"Incense Burner"},{"floor":20,"key":"DeathBook"},{"floor":21,"key":"MawBank"},{"floor":22,"key":"conspire:GiftBox"},{"floor":23,"key":"Girya"},{"floor":24,"key":"Dota2Spire:HandOfMidas"},{"floor":25,"key":"ReplayTheSpireMod:Lightbulb"},{"floor":26,"key":"Dota2Spire:LinkenSphere"},{"floor":28,"key":"MealTicket"},{"floor":29,"key":"Dota2Spire:Vanguard"},{"floor":30,"key":"Dota2Spire:Desolator"},{"floor":31,"key":"Pen Nib"},{"floor":35,"key":"Anchor"},{"floor":36,"key":"REME_LimitBreaker"},{"floor":37,"key":"Dota2Spire:BattleFury"},{"floor":38,"key":"Blood Vial"},{"floor":39,"key":"ReplayTheSpireMod:Spearhead"},{"floor":40,"key":"Champion Belt"},{"floor":41,"key":"Ancient Tea Set"},{"floor":42,"key":"GuppysPaw"},{"floor":43,"key":"Replay:Bottled Eggs"},{"floor":44,"key":"TheBible"},{"floor":45,"key":"Darkstone Periapt"},{"floor":46,"key":"GnawedLeaf"}],"event_choices":[],"is_beta":true,"boss_relics":[{"not_picked":["Runic Pyramid","Replay:Ancient Bell"],"picked":"REME_DuelDisc"},{"not_picked":[]},{"not_picked":["ChewingGum","Replay:Bronze Core"],"picked":"SlaversCollar"},{"not_picked":[]}],"items_purged_floors":[],"is_endless":false,"potions_floor_spawned":[3,4,6,11,13,16,20,21,30,31,33,36,41,42,44,45,46],"ascension_level":20}}