{"host":"q387i5o1hp66091u","time":1611420780,"event":{"mods":["2.2 Compatiblity","BaseMod","Minty Spire (QoL Compilation)","Rare Cards Sparkle"],"gold_per_floor":[15,15,30,53,13,13,26,50,50,65,65,84,115,139,139,260,260,273,287,27,40,40,40,71,71,71,103,122,122,162,187,187,187,187],"floor_reached":33,"language":"JPN","playtime":1692,"items_purged":[],"score":426,"play_id":"288a3c52-68bc-4b18-93b2-274e401b45a3","local_time":"20210124015300","is_ascension_mode":true,"campfire_choices":[{"data":"Infernal Blade","floor":11.0,"key":"SMITH"},{"data":"Flame Barrier","floor":15.0,"key":"SMITH"},{"data":"Perfected Strike","floor":23.0,"key":"SMITH"},{"data":"Armaments","floor":29.0,"key":"SMITH"},{"floor":32.0,"key":"REST"}],"circlet_count":0,"master_deck":["Strike_R","Strike_R","Strike_R","Strike_R","Strike_R","Defend_R","Defend_R","Defend_R","Defend_R","Bash","Shrug It Off","Flame Barrier+1","Hemokinesis","Rage","Infernal Blade+1","Battle Trance","Immolate","Pommel Strike","Twin Strike","Reaper","Infernal Blade","Perfected Strike+1","Evolve","Writhe","Metallicize","Armaments+1","Searing Blow","Pommel Strike","Flame Barrier"],"relics":["Burning Blood","Bloody Idol","Eternal Feather","Gambling Chip","Black Star","Mummified Hand","StrikeDummy","Bird Faced Urn","Smiling Mask","Self Forming Clay","Pantograph","Nunchaku","Toy Ornithopter","CeramicFish"],"acts_visited":["Exordium","TheCity"],"potions_floor_usage":[],"damage_taken":[{"damage":0.0,"enemies":"Small Slimes","floor":1.0,"turns":5.0},{"damage":1.0,"enemies":"Cultist","floor":3.0,"turns":4.0},{"damage":2.0,"enemies":"Jaw Worm","floor":4.0,"turns":5.0},{"damage":0.0,"enemies":"Lagavulin","floor":6.0,"turns":1.0},{"damage":5.0,"enemies":"2 Fungi Beasts","floor":7.0,"turns":5.0},{"damage":2.0,"enemies":"3 Louse","floor":8.0,"turns":4.0},{"damage":2.0,"enemies":"Blue Slaver","floor":10.0,"turns":5.0},{"damage":18.0,"enemies":"Gremlin Gang","floor":12.0,"turns":6.0},{"damage":24.0,"enemies":"Gremlin Nob","floor":13.0,"turns":4.0},{"damage":2.0,"enemies":"3 Louse","floor":14.0,"turns":2.0},{"damage":50.0,"enemies":"Hexaghost","floor":16.0,"turns":10.0},{"damage":35.0,"enemies":"Shell Parasite","floor":18.0,"turns":8.0},{"damage":16.0,"enemies":"Chosen","floor":19.0,"turns":5.0},{"damage":2.0,"enemies":"Snake Plant","floor":21.0,"turns":2.0},{"damage":11.0,"enemies":"Gremlin Leader","floor":24.0,"turns":8.0},{"damage":35.0,"enemies":"Slavers","floor":27.0,"turns":6.0},{"damage":16.0,"enemies":"Snecko","floor":28.0,"turns":4.0},{"damage":72.0,"enemies":"Gremlin Leader","floor":30.0,"turns":8.0},{"damage":24.0,"enemies":"Centurion and Healer","floor":31.0,"turns":5.0},{"damage":0,"enemies":"Champ","floor":33,"turns":1}],"seed_played":"8460881565160020994","potions_obtained":[{"floor":5.0,"key":"LiquidMemories"},{"floor":5.0,"key":"FearPotion"},{"floor":5.0,"key":"SmokeBomb"},{"floor":7.0,"key":"CultistPotion"},{"floor":10.0,"key":"BloodPotion"},{"floor":13.0,"key":"DistilledChaos"},{"floor":18.0,"key":"SpeedPotion"},{"floor":19.0,"key":"Ancient Potion"},{"floor":27.0,"key":"Dexterity Potion"},{"floor":30.0,"key":"Strength Potion"}],"is_trial":false,"path_per_floor":["M","?","M","M","?","E","M","M","T","M","R","M","E","M","R","B",null,"M","M","$","M","?","R","E","?","T","E","M","R","E","M","R","B"],"character_chosen":"IRONCLAD","items_purchased":["Mummified Hand"],"campfire_rested":1,"item_purchase_floors":[20],"current_hp_per_floor":[96,72,77,81,81,87,88,92,92,96,96,84,66,70,79,35,81,52,61,61,69,69,81,76,76,76,56,59,74,34,40,83,96,96],"gold":187,"neow_bonus":"TWENTY_PERCENT_HP_BONUS","is_daily":false,"chose_seed":false,"campfire_upgraded":4,"win_rate":0.0,"timestamp":1611420780,"path_taken":["M","?","M","M","?","E","M","?","T","M","R","M","E","M","R","BOSS","M","M","$","M","?","R","E","?","T","E","M","R","E","M","R","BOSS"],"items_purchased_type":["Relic"],"build_version":"2020-12-22","purchased_purges":0,"victory":false,"max_hp_per_floor":[96,96,96,96,96,96,96,96,96,96,96,96,96,96,96,96,96,96,96,96,96,96,96,96,96,96,96,96,96,96,96,96,96,96],"card_choices":[{"not_picked":["Headbutt","Cleave"],"picked":"Shrug It Off","floor":1.0},{"not_picked":["Searing Blow","Spot Weakness"],"picked":"Flame Barrier","floor":3.0},{"not_picked":["Shockwave","Sword Boomerang"],"picked":"Hemokinesis","floor":4.0},{"not_picked":["Warcry","Intimidate"],"picked":"Rage","floor":7.0},{"not_picked":["Thunderclap","Wild Strike"],"picked":"Infernal Blade","floor":8.0},{"not_picked":["Disarm","Ghostly Armor"],"picked":"Battle Trance","floor":10.0},{"not_picked":["Heavy Blade","Intimidate"],"picked":"Immolate","floor":12.0},{"not_picked":["Burning Pact","True Grit"],"picked":"Pommel Strike","floor":13.0},{"not_picked":["Perfected Strike","Second Wind"],"picked":"Twin Strike","floor":14.0},{"not_picked":["Exhume","Brutality"],"picked":"Reaper","floor":16.0},{"not_picked":["Rupture+1","True Grit"],"picked":"Infernal Blade","floor":18.0},{"not_picked":["Shrug It Off","Iron Wave"],"picked":"Perfected Strike","floor":19.0},{"not_picked":["Sword Boomerang+1","Rupture"],"picked":"Evolve","floor":21.0},{"not_picked":["Wild Strike","Perfected Strike"],"picked":"Metallicize","floor":24.0},{"not_picked":["Bloodletting","Infernal Blade+1"],"picked":"Armaments","floor":27.0},{"not_picked":["Sever Soul","Second Wind+1"],"picked":"Searing Blow","floor":28.0},{"not_picked":["Clothesline+1","Bloodletting"],"picked":"Pommel Strike","floor":30.0},{"not_picked":["Iron Wave","Cleave+1"],"picked":"Flame Barrier","floor":31.0}],"player_experience":601999,"relics_obtained":[{"floor":9.0,"key":"Eternal Feather"},{"floor":13.0,"key":"Gambling Chip"},{"floor":24.0,"key":"Bird Faced Urn"},{"floor":24.0,"key":"Smiling Mask"},{"floor":26.0,"key":"Self Forming Clay"},{"floor":27.0,"key":"Pantograph"},{"floor":27.0,"key":"Nunchaku"},{"floor":30.0,"key":"Toy Ornithopter"},{"floor":30.0,"key":"CeramicFish"}],"event_choices":[{"damage_healed":0.0,"max_hp_gain":0.0,"max_hp_loss":0.0,"gold_gain":0.0,"event_name":"Golden Idol","player_choice":"Take Damage","floor":2.0,"gold_loss":0.0,"damage_taken":24.0,"relics_obtained":["Golden Idol"]},{"damage_healed":0.0,"max_hp_gain":0.0,"max_hp_loss":0.0,"gold_gain":0.0,"event_name":"The Woman in Blue","player_choice":"Bought 3 Potions","floor":5.0,"gold_loss":0.0,"damage_taken":0.0},{"damage_healed":0.0,"max_hp_gain":0.0,"max_hp_loss":0.0,"gold_gain":0.0,"event_name":"The Mausoleum","player_choice":"Opened","floor":22.0,"gold_loss":0.0,"damage_taken":0.0,"relics_obtained":["StrikeDummy"],"cards_obtained":["Writhe"]},{"damage_healed":0.0,"max_hp_gain":0.0,"max_hp_loss":0.0,"gold_gain":0.0,"event_name":"Forgotten Altar","player_choice":"Gave Idol","floor":25.0,"relics_lost":["Golden Idol"],"gold_loss":0.0,"damage_taken":0.0,"relics_obtained":["Bloody Idol"]}],"is_beta":false,"boss_relics":[{"not_picked":["SacredBark","Cursed Key"],"picked":"Black Star"}],"items_purged_floors":[],"is_endless":false,"potions_floor_spawned":[7,10,13,14,18,19,27,30],"killed_by":"Champ","ascension_level":5}}