{"host":"ees9py5fbpv5lclk","time":1611441427,"event":{"mods":["AchievementEnabler","BaseMod","Challenge The Spire","Colored Map","Colored Powertips","Conspire","Downfall","Hermit","Infinite Spire","Minty Spire (QoL Compilation)","Replay The Spire","Shop Mod","StSLib","SuperFastMode","The Bug Knight","The Cursed"],"gold_per_floor":[110,126,141,154,172,172,172,172,172],"floor_reached":7,"language":"ENG","playtime":785,"items_purged":[],"score":45,"play_id":"a28d0640-8d1b-4e3d-9e09-c07a7a8d3d72","local_time":"20210123173707","daily_mods":["Heirloom","DeadlyEvents","Uncertain Future"],"is_ascension_mode":false,"campfire_choices":[{"data":"sneckomod:Unknown","floor":6,"key":"SMITH"}],"circlet_count":0,"master_deck":["sneckomod:Strike","sneckomod:Strike","sneckomod:Strike","sneckomod:Defend","sneckomod:Defend","sneckomod:Defend","sneckomod:TailWhip","sneckomod:SnekBite","sneckomod:Unknown+1","sneckomod:Unknown","sneckomod:UnknownDraw","sneckomod:QuickBite","sneckomod:UnknownWeak","sneckomod:SoulRoll","sneckomod:SerpentIdol"],"relics":["sneckomod:SneckoSoul","Du-Vu Doll"],"acts_visited":["Exordium"],"potions_floor_usage":[],"damage_taken":[{"damage":4,"enemies":"Jaw Worm","floor":1,"turns":4},{"damage":0,"enemies":"Small Slimes","floor":2,"turns":2},{"damage":0,"enemies":"2 Louse","floor":3,"turns":2},{"damage":27,"enemies":"Lots of Slimes","floor":4,"turns":6},{"damage":0,"enemies":"Large Slime","floor":5,"turns":8},{"damage":79,"enemies":"Gremlin Nob","floor":7,"turns":6}],"seed_played":"7395090312871065694","potions_obtained":[{"floor":1,"key":"BlessingOfTheForge"},{"floor":3,"key":"LiquidMemories"},{"floor":5,"key":"sneckomod:MuddlingPotion"}],"is_trial":true,"path_per_floor":["M","M","M","M","M","R","E"],"character_chosen":"THE_SNECKO","items_purchased":[],"campfire_rested":0,"item_purchase_floors":[],"current_hp_per_floor":[86,86,86,59,59,59,0,0,0],"gold":172,"neow_bonus":"","is_daily":false,"chose_seed":false,"campfire_upgraded":1,"win_rate":0.0,"timestamp":1611441427,"path_taken":["M","M","M","M","M","R","E"],"items_purchased_type":[],"build_version":"2020-12-22","purchased_purges":0,"victory":false,"max_hp_per_floor":[90,90,90,90,90,90,90,90,90],"card_choices":[{"not_picked":["sneckomod:Nope","sneckomod:MasterEye"],"picked":"sneckomod:UnknownDraw","floor":1},{"not_picked":["sneckomod:QuickMove","sneckomod:UnknownUncommonAttack"],"picked":"sneckomod:QuickBite","floor":2},{"not_picked":["sneckomod:ImprovisedAttack","sneckomod:UnknownUncommonSkill"],"picked":"sneckomod:UnknownWeak","floor":3},{"not_picked":["sneckomod:QuickBite","sneckomod:UnknownCommonAttack"],"picked":"sneckomod:SoulRoll","floor":4},{"not_picked":["sneckomod:UnknownVulnerable","sneckomod:SoulDraw"],"picked":"sneckomod:SerpentIdol","floor":5}],"player_experience":106985,"relics_obtained":[],"event_choices":[],"is_beta":false,"boss_relics":[],"items_purged_floors":[],"is_endless":false,"potions_floor_spawned":[1,3,5],"killed_by":"Gremlin Nob","ascension_level":0}}