{"host":"kkheweh6jrpo3b02","time":1611366065,"event":{"mods":["AchievementEnabler","BaseMod","Colored Map","Downfall","Googly Eyes","Highlight Path","HololiveMod","Hubris","Infinite Spire","Jorbs\u0027s Wanderer Trilogy","Minty Spire (QoL Compilation)","Quick Restart","Replay The Spire","StSLib","SuperFastMode"],"gold_per_floor":[368,368,42,52,52,52,84,84,84,84,84],"floor_reached":10,"language":"ENG","playtime":644,"items_purged":["stsjorbsmod:Strike_Wanderer"],"score":70,"play_id":"e5c69f8d-b678-4106-a2e9-897e12209ded","local_time":"20210122204105","is_ascension_mode":true,"campfire_choices":[{"data":"Crow Ritual","floor":6,"key":"SMITH"}],"circlet_count":0,"master_deck":["stsjorbsmod:ForbiddenGrimoire+1","stsjorbsmod:Strike_Wanderer","stsjorbsmod:Strike_Wanderer","stsjorbsmod:Defend_Wanderer","stsjorbsmod:Defend_Wanderer","stsjorbsmod:Defend_Wanderer","stsjorbsmod:Defend_Wanderer","stsjorbsmod:FreshAdventure","stsjorbsmod:EyeOfTheStorm","Bash","hexamod:Defend","stsjorbsmod:MistyStep","stsjorbsmod:FindFamiliar","Crow Ritual+1","stsjorbsmod:DoubleCheck","ReplayTheSpireMod:Chaos Vortex"],"relics":["stsjorbsmod:GrimoireRelic","Calipers","Pen Nib"],"acts_visited":["Exordium"],"potions_floor_usage":[],"damage_taken":[{"damage":8,"enemies":"2 Louse","floor":1,"turns":4},{"damage":3,"enemies":"Cultist","floor":4,"turns":4},{"damage":27,"enemies":"Lagavulin","floor":7,"turns":7},{"damage":28,"enemies":"Gremlin Nob","floor":10,"turns":3}],"seed_played":"4249850394570687249","potions_obtained":[],"is_trial":false,"path_per_floor":["M","?","$","M","$","R","E","?","T","E"],"character_chosen":"WANDERER","items_purchased":["stsjorbsmod:FindFamiliar","Crow Ritual"],"campfire_rested":0,"item_purchase_floors":[3,3],"current_hp_per_floor":[66,66,66,65,65,65,42,24,24,0,0],"gold":84,"neow_bonus":"TWO_FIFTY_GOLD","is_daily":false,"chose_seed":false,"campfire_upgraded":1,"win_rate":0.0,"timestamp":1611366065,"path_taken":["M","?","$","M","?","R","E","?","T","E"],"items_purchased_type":["Card","Card"],"build_version":"2020-12-22","purchased_purges":1,"victory":false,"max_hp_per_floor":[72,72,72,72,72,72,72,72,72,72,72],"card_choices":[{"not_picked":["stsjorbsmod:Channel","stsjorbsmod:RayOfFrost"],"picked":"stsjorbsmod:MistyStep","floor":1},{"not_picked":["stsjorbsmod:FlameWard","stsjorbsmod:FracturedMind","stsjorbsmod:Hurt"],"picked":"SKIP","floor":4},{"not_picked":["stsjorbsmod:Trauma","stsjorbsmod:Prepare"],"picked":"stsjorbsmod:DoubleCheck","floor":7},{"not_picked":["infinitespire:Execution","infinitespire:Oblivion"],"picked":"ReplayTheSpireMod:Chaos Vortex","floor":8}],"player_experience":562595,"relics_obtained":[{"floor":7,"key":"Calipers"},{"floor":9,"key":"Pen Nib"}],"event_choices":[{"cards_removed":["stsjorbsmod:Strike_Wanderer"],"damage_healed":0,"gold_gain":0,"player_choice":"Purged","damage_taken":0,"max_hp_gain":0,"max_hp_loss":0,"event_name":"Purifier","floor":2,"gold_loss":0}],"is_beta":false,"boss_relics":[],"items_purged_floors":[3],"is_endless":false,"potions_floor_spawned":[],"killed_by":"Gremlin Nob","ascension_level":2}}