{"host":"c3lc60y5x60jlt1y","time":1611422388,"event":{"mods":["AchievementEnabler","BaseMod","Bestiary","Colored Map","Minty Spire (QoL Compilation)","Quick Restart","StSLib","ojb\u0027s Info Mod"],"gold_per_floor":[118,118,136,286,25,59,59,90,167,167,177,234,267,282,282,356,356,368,283,302,302,302,329,329,358,409,409,409],"floor_reached":27,"language":"ENG","playtime":1431,"items_purged":["Doubt"],"score":602,"play_id":"37604084-9152-4394-a6c6-30ea8ab3dfa5","local_time":"20210123191948","is_ascension_mode":true,"campfire_choices":[{"data":"Discovery","floor":7,"key":"SMITH"},{"data":"Defragment","floor":10,"key":"SMITH"},{"floor":15,"key":"REST"},{"data":"Hyperbeam","floor":24,"key":"SMITH"}],"circlet_count":0,"master_deck":["AscendersBane","Strike_B+1","Strike_B+1","Strike_B+1","Strike_B+1","Defend_B+1","Defend_B+1","Defend_B+1","Zap","Dualcast","Beam Cell","Compile Driver","Defragment+1","Discovery+1","Hello World","Ball Lightning","Conserve Battery","Go for the Eyes","Hyperbeam+1","Turbo","Biased Cognition","Lockon+1","Redo+1","Writhe","Fusion+1","Auto Shields"],"relics":["Cracked Core","NeowsBlessing","Toy Ornithopter","Incense Burner","Mercury Hourglass","Ice Cream","Pen Nib","Nuclear Battery","DataDisk","White Beast Statue","Pantograph","Sundial"],"acts_visited":["Exordium","TheCity"],"potions_floor_usage":[8,13,16,16,25,25,27],"damage_taken":[{"damage":0,"enemies":"Small Slimes","floor":1,"turns":1},{"damage":0,"enemies":"Cultist","floor":3,"turns":1},{"damage":0,"enemies":"Gremlin Nob","floor":6,"turns":1},{"damage":17,"enemies":"3 Sentries","floor":8,"turns":7},{"damage":9,"enemies":"2 Louse","floor":11,"turns":2},{"damage":26,"enemies":"3 Sentries","floor":12,"turns":4},{"damage":15,"enemies":"Lagavulin","floor":13,"turns":5},{"damage":0,"enemies":"Exordium Wildlife","floor":14,"turns":3},{"damage":5,"enemies":"Hexaghost","floor":16,"turns":7},{"damage":4,"enemies":"Chosen","floor":18,"turns":4},{"damage":25,"enemies":"2 Thieves","floor":20,"turns":3},{"damage":0,"enemies":"Slavers","floor":23,"turns":1},{"damage":18,"enemies":"Book of Stabbing","floor":25,"turns":4},{"damage":31,"enemies":"Shelled Parasite and Fungi","floor":27,"turns":1}],"seed_played":"352245432196067083","potions_obtained":[{"floor":3,"key":"Explosive Potion"},{"floor":6,"key":"PotionOfCapacity"},{"floor":8,"key":"LiquidBronze"},{"floor":13,"key":"Dexterity Potion"},{"floor":18,"key":"SteroidPotion"},{"floor":23,"key":"Swift Potion"},{"floor":25,"key":"Strength Potion"}],"is_trial":false,"path_per_floor":["M","?","M","?","$","E","R","E","T","R","M","?","E","M","R","B",null,"M","?","M","?","?","E","R","E","T","M"],"character_chosen":"DEFECT","items_purchased":["Defragment","Discovery"],"campfire_rested":1,"item_purchase_floors":[5,5],"current_hp_per_floor":[64,64,64,64,64,64,64,52,52,52,43,17,7,7,28,33,62,58,58,33,33,33,33,33,25,25,0,0],"gold":409,"neow_bonus":"THREE_ENEMY_KILL","is_daily":false,"chose_seed":false,"campfire_upgraded":3,"win_rate":0.0,"timestamp":1611422388,"path_taken":["M","?","?","?","$","E","R","E","T","R","M","?","E","M","R","BOSS","M","?","M","?","?","E","R","E","T","?"],"items_purchased_type":["Card","Card"],"build_version":"2020-12-22","purchased_purges":1,"victory":false,"max_hp_per_floor":[71,71,71,71,71,71,71,71,71,71,71,71,71,71,71,71,71,71,71,71,71,71,71,71,71,71,71,71],"card_choices":[{"not_picked":["Storm","Stack"],"picked":"Beam Cell","floor":1},{"not_picked":["Turbo","Rebound"],"picked":"Compile Driver","floor":3},{"not_picked":["Static Discharge","Gash"],"picked":"Hello World","floor":6},{"not_picked":["Streamline","Rebound"],"picked":"Ball Lightning","floor":8},{"not_picked":["Lockon","Double Energy"],"picked":"Conserve Battery","floor":11},{"not_picked":["Barrage","Scrape"],"picked":"Go for the Eyes","floor":12},{"not_picked":["Hologram","Leap"],"picked":"Hyperbeam","floor":13},{"not_picked":["Tempest","Heatsinks"],"picked":"Turbo","floor":14},{"not_picked":["Fission","Hyperbeam"],"picked":"Biased Cognition","floor":16},{"not_picked":["Gash","Steam Power"],"picked":"Lockon+1","floor":18},{"not_picked":["Ball Lightning","Recycle"],"picked":"Redo+1","floor":20},{"not_picked":["Steam","Aggregate"],"picked":"Fusion+1","floor":23},{"not_picked":["Lockon","Aggregate"],"picked":"Auto Shields","floor":25}],"player_experience":8437121,"relics_obtained":[{"floor":6,"key":"Toy Ornithopter"},{"floor":8,"key":"Incense Burner"},{"floor":9,"key":"Mercury Hourglass"},{"floor":12,"key":"Ice Cream"},{"floor":13,"key":"Pen Nib"},{"floor":23,"key":"Pantograph"},{"floor":25,"key":"Sundial"}],"event_choices":[{"cards_removed":["Defend_B"],"damage_healed":0,"gold_gain":0,"player_choice":"Offered Basic","damage_taken":0,"max_hp_gain":0,"max_hp_loss":0,"event_name":"Bonfire Elementals","floor":2,"gold_loss":0},{"damage_healed":0,"gold_gain":150,"player_choice":"AGREE","damage_taken":0,"max_hp_gain":0,"max_hp_loss":0,"event_name":"Liars Game","floor":4,"gold_loss":0,"cards_obtained":["Doubt"]},{"damage_healed":0,"gold_gain":0,"player_choice":"Searched \u00271\u0027 times","damage_taken":0,"max_hp_gain":0,"max_hp_loss":0,"event_name":"Dead Adventurer","floor":12,"gold_loss":0},{"damage_healed":0,"gold_gain":0,"player_choice":"Obtained Relic","damage_taken":0,"relics_obtained":["DataDisk"],"max_hp_gain":0,"max_hp_loss":0,"event_name":"Addict","floor":19,"gold_loss":85},{"damage_healed":0,"gold_gain":0,"player_choice":"Simplicity","damage_taken":0,"max_hp_gain":0,"max_hp_loss":0,"event_name":"Back to Basics","floor":21,"gold_loss":0,"cards_upgraded":["Strike_B","Strike_B","Strike_B","Strike_B","Defend_B","Defend_B","Defend_B"]},{"damage_healed":0,"gold_gain":0,"player_choice":"Opened","damage_taken":0,"relics_obtained":["White Beast Statue"],"max_hp_gain":0,"max_hp_loss":0,"event_name":"The Mausoleum","floor":22,"gold_loss":0,"cards_obtained":["Writhe"]}],"is_beta":false,"boss_relics":[{"not_picked":["Runic Dome","Ectoplasm"],"picked":"Nuclear Battery"}],"items_purged_floors":[5],"is_endless":false,"potions_floor_spawned":[3,6,8,11,13,18,23,25],"killed_by":"Shelled Parasite and Fungi","ascension_level":18}}