{"host":"08t08ld674si40tv","time":1611376730,"event":{"mods":["AchievementEnabler","BaseMod","Colored Map","Minty Spire (QoL Compilation)","StSLib","SuperFastMode"],"gold_per_floor":[113,113,127,202,202,202,228,243,243,243,260,283,309,309,309,403,403,416,466,15,15,15],"floor_reached":21,"language":"KOR","playtime":428,"items_purged":["Strike_B"],"score":399,"play_id":"b469b308-584b-4418-a84a-d073847b8cc4","local_time":"20210123133850","is_ascension_mode":true,"campfire_choices":[{"floor":6.0,"key":"REST"},{"floor":10.0,"key":"REST"},{"data":"Chaos","floor":15,"key":"SMITH"}],"circlet_count":0,"master_deck":["AscendersBane","Strike_B","Strike_B","Strike_B+1","Defend_B","Defend_B","Defend_B+1","Defend_B","Zap","Dualcast","Sweeping Beam","Sunder","Chaos+1","Cold Snap","Conserve Battery","Buffer","Chill","Creative AI"],"relics":["FrozenCore","NeowsBlessing","Pocketwatch","Sundial","Ornamental Fan","Ice Cream","Odd Mushroom","Calipers","Golden Idol","Toy Ornithopter","Medical Kit"],"acts_visited":["Exordium","TheCity"],"potions_floor_usage":[13,16,21],"damage_taken":[{"damage":0.0,"enemies":"Jaw Worm","floor":1.0,"turns":1.0},{"damage":6.0,"enemies":"Small Slimes","floor":3.0,"turns":2.0},{"damage":0.0,"enemies":"Lagavulin","floor":7.0,"turns":1.0},{"damage":1.0,"enemies":"2 Louse","floor":8.0,"turns":2.0},{"damage":6,"enemies":"Gremlin Gang","floor":11,"turns":3},{"damage":2,"enemies":"The Mushroom Lair","floor":12,"turns":3},{"damage":9,"enemies":"Gremlin Nob","floor":13,"turns":4},{"damage":14,"enemies":"Hexaghost","floor":16,"turns":12},{"damage":43,"enemies":"Spheric Guardian","floor":18,"turns":8},{"damage":13,"enemies":"3 Byrds","floor":21,"turns":2}],"seed_played":"-7522634006574765852","potions_obtained":[{"floor":3.0,"key":"CultistPotion"},{"floor":13,"key":"FocusPotion"}],"is_trial":false,"path_per_floor":["M","?","M","T","?","R","E","M","T","R","M","?","E","?","R","B",null,"M","?","$","M"],"character_chosen":"DEFECT","items_purchased":["Toy Ornithopter","Medical Kit","SkillPotion"],"campfire_rested":2,"item_purchase_floors":[20,20,20],"current_hp_per_floor":[64,29,23,23,2,23,23,22,22,43,37,35,26,26,26,12,51,8,8,8,0,0],"gold":15,"neow_bonus":"THREE_ENEMY_KILL","is_daily":false,"chose_seed":false,"campfire_upgraded":1,"win_rate":0.0,"timestamp":1611376730,"path_taken":["M","?","M","?","?","R","E","M","T","R","?","?","E","?","R","BOSS","M","?","$","M"],"items_purchased_type":["Relic","Relic","Potion"],"build_version":"2020-12-22","purchased_purges":1,"victory":false,"max_hp_per_floor":[71,71,71,71,71,71,71,71,71,71,71,71,71,64,64,64,64,64,64,64,64,64],"card_choices":[{"not_picked":["Compile Driver","Chill"],"picked":"Sweeping Beam","floor":1.0},{"not_picked":["Steam","Rebound"],"picked":"Sunder","floor":3.0},{"not_picked":["Leap","Reinforced Body"],"picked":"Chaos","floor":7.0},{"not_picked":["Ball Lightning","Rebound"],"picked":"Cold Snap","floor":8.0},{"not_picked":["Streamline","Stack"],"picked":"Conserve Battery","floor":11},{"not_picked":["Redo","Leap"],"picked":"Buffer","floor":12},{"not_picked":["Blizzard","Doom and Gloom"],"picked":"Chill","floor":13},{"not_picked":["Core Surge","Biased Cognition"],"picked":"Creative AI","floor":16},{"not_picked":["Conserve Battery","Sweeping Beam","Stack"],"picked":"SKIP","floor":18}],"player_experience":255569,"relics_obtained":[{"floor":4.0,"key":"Sundial"},{"floor":7.0,"key":"Ornamental Fan"},{"floor":9.0,"key":"Ice Cream"},{"floor":12,"key":"Odd Mushroom"},{"floor":13,"key":"Calipers"}],"event_choices":[{"damage_healed":0.0,"max_hp_gain":0.0,"max_hp_loss":0.0,"gold_gain":0.0,"event_name":"Scrap Ooze","player_choice":"Success","floor":2.0,"gold_loss":0.0,"damage_taken":35.0,"relics_obtained":["Pocketwatch"]},{"damage_healed":0.0,"max_hp_gain":0.0,"max_hp_loss":0.0,"gold_gain":0.0,"event_name":"Shining Light","player_choice":"Entered Light","floor":5.0,"gold_loss":0.0,"damage_taken":21.0,"cards_upgraded":["Defend_B","Strike_B"]},{"damage_healed":0,"gold_gain":0,"player_choice":"Fought Mushrooms","damage_taken":0,"max_hp_gain":0,"max_hp_loss":0,"event_name":"Mushrooms","floor":12,"gold_loss":0},{"damage_healed":0,"gold_gain":0,"player_choice":"Lose Max HP","damage_taken":0,"relics_obtained":["Golden Idol"],"max_hp_gain":0,"max_hp_loss":7,"event_name":"Golden Idol","floor":14,"gold_loss":0},{"damage_healed":0,"gold_gain":50,"player_choice":"Stole From Cult","damage_taken":0,"max_hp_gain":0,"max_hp_loss":0,"event_name":"Nest","floor":19,"gold_loss":0}],"is_beta":false,"boss_relics":[{"not_picked":["Velvet Choker","Snecko Eye"],"picked":"FrozenCore"}],"items_purged_floors":[20],"is_endless":false,"potions_floor_spawned":[3,13],"killed_by":"3 Byrds","ascension_level":18}}