{"host":"6xsbn6ynqlzwllfm","time":1611423628,"event":{"mods":["2.2 Compatiblity","BaseMod","Bestiary","Colored Map","Colored Powertips","Curses Come First","Highlight Path","Keyboard Shortcuts","Minty Spire (QoL Compilation)","Quick Restart","Relic Stats","Slay the Relics Exporter","StSLib","SuperFastMode"],"gold_per_floor":[119,129,204,204,33,66,86,125,125,125,140,140,158,27,27,123,123,143,161,161,4,19,19,19,19],"floor_reached":24,"language":"ENG","playtime":967,"items_purged":["Strike_R"],"score":462,"play_id":"d44d8b76-f20a-4efb-866b-21eabefb5ee5","local_time":"20210123124028","is_ascension_mode":true,"campfire_choices":[{"data":"Bash","floor":12,"key":"SMITH"},{"data":"True Grit","floor":15,"key":"SMITH"},{"data":"Feel No Pain","floor":23,"key":"SMITH"}],"circlet_count":0,"master_deck":["AscendersBane","Strike_R","Strike_R","Defend_R","Defend_R","Defend_R","Defend_R","Bash+1","Wild Strike","Pommel Strike","Feel No Pain+1","Cleave","Blood for Blood","Offering","Battle Trance","True Grit+1","Corruption","Rampage","Rupture"],"relics":["Burning Blood","NeowsBlessing","Golden Idol","ClockworkSouvenir","Anchor","Meat on the Bone","Omamori","Coffee Dripper","Strange Spoon"],"acts_visited":["Exordium","TheCity"],"potions_floor_usage":[8,16,16],"damage_taken":[{"damage":0,"enemies":"Small Slimes","floor":1,"turns":1},{"damage":0,"enemies":"Jaw Worm","floor":2,"turns":1},{"damage":0,"enemies":"Gremlin Nob","floor":6,"turns":1},{"damage":0,"enemies":"2 Louse","floor":7,"turns":2},{"damage":35,"enemies":"Lagavulin","floor":8,"turns":6},{"damage":3,"enemies":"Large Slime","floor":11,"turns":4},{"damage":13,"enemies":"Gremlin Gang","floor":13,"turns":3},{"damage":24,"enemies":"The Guardian","floor":16,"turns":10},{"damage":24,"enemies":"2 Thieves","floor":18,"turns":4},{"damage":7,"enemies":"Chosen","floor":19,"turns":4},{"damage":30,"enemies":"Snake Plant","floor":22,"turns":5},{"damage":40,"enemies":"Gremlin Leader","floor":24,"turns":2}],"seed_played":"-7594783869183102877","potions_obtained":[{"floor":7,"key":"SteroidPotion"},{"floor":11,"key":"BlessingOfTheForge"},{"floor":13,"key":"Energy Potion"}],"is_trial":false,"path_per_floor":["M","M","?","?","$","E","M","E","T","?","M","R","M","$","R","B",null,"M","M","?","$","M","R","E"],"character_chosen":"IRONCLAD","items_purchased":["ClockworkSouvenir","True Grit","Strange Spoon"],"campfire_rested":0,"item_purchase_floors":[5,14,21],"current_hp_per_floor":[74,75,64,64,64,68,68,39,39,32,47,47,52,52,52,46,63,45,44,44,44,32,32,0,0],"gold":19,"neow_bonus":"THREE_ENEMY_KILL","is_daily":false,"chose_seed":false,"campfire_upgraded":3,"win_rate":0.0,"timestamp":1611423628,"path_taken":["M","M","?","?","$","E","M","E","T","?","M","R","M","$","R","BOSS","M","M","?","$","M","R","E"],"items_purchased_type":["Relic","Card","Relic"],"build_version":"2020-12-22","purchased_purges":1,"victory":false,"max_hp_per_floor":[75,75,75,68,68,68,68,68,68,68,68,68,68,68,68,68,68,68,68,68,68,68,68,68,68],"relic_stats":{"Strange Spoon":[5],"counters":[12,43],"Golden Idol":56,"obtain_stats":[{"Strange Spoon":21,"Anchor":6,"NeowsBlessing":0,"Golden Idol":4,"Omamori":9,"Coffee Dripper":17,"Burning Blood":0,"ClockworkSouvenir":5,"Meat on the Bone":8},{"Strange Spoon":10,"Anchor":3,"NeowsBlessing":0,"Golden Idol":2,"Omamori":5,"Coffee Dripper":8,"Burning Blood":0,"ClockworkSouvenir":2,"Meat on the Bone":5},{"Strange Spoon":36,"Anchor":3,"NeowsBlessing":0,"Golden Idol":2,"Omamori":11,"Coffee Dripper":28,"Burning Blood":0,"ClockworkSouvenir":2,"Meat on the Bone":11}],"Burning Blood":53,"Meat on the Bone":48},"card_choices":[{"not_picked":["Warcry","Armaments"],"picked":"Wild Strike","floor":1},{"not_picked":["Searing Blow","Barricade"],"picked":"Pommel Strike","floor":2},{"not_picked":["Intimidate","Ghostly Armor"],"picked":"Feel No Pain","floor":6},{"not_picked":["Evolve","Havoc"],"picked":"Cleave","floor":7},{"not_picked":["Clash","Cleave"],"picked":"Blood for Blood","floor":8},{"not_picked":["Bloodletting","Dropkick"],"picked":"Offering","floor":11},{"not_picked":["Heavy Blade","Iron Wave"],"picked":"Battle Trance","floor":13},{"not_picked":["Juggernaut","Berserk"],"picked":"Corruption","floor":16},{"not_picked":["Headbutt","Clash"],"picked":"Rampage","floor":18},{"not_picked":["Cleave","Clothesline"],"picked":"Rupture","floor":19}],"player_experience":1088601,"relics_obtained":[{"floor":6,"key":"Anchor"},{"floor":8,"key":"Meat on the Bone"},{"floor":9,"key":"Omamori"}],"event_choices":[{"damage_healed":0,"gold_gain":75,"player_choice":"Gather Gold","damage_taken":11,"max_hp_gain":0,"max_hp_loss":0,"event_name":"World of Goop","floor":3,"gold_loss":0},{"damage_healed":0,"gold_gain":0,"player_choice":"Lose Max HP","damage_taken":0,"relics_obtained":["Golden Idol"],"max_hp_gain":0,"max_hp_loss":7,"event_name":"Golden Idol","floor":4,"gold_loss":0},{"cards_removed":["Strike_R"],"damage_healed":0,"gold_gain":0,"player_choice":"Card Removal","damage_taken":7,"max_hp_gain":0,"max_hp_loss":0,"event_name":"Golden Wing","floor":10,"gold_loss":0},{"cards_removed":["Strike_R"],"damage_healed":0,"gold_gain":0,"player_choice":"Offered Basic","damage_taken":0,"max_hp_gain":0,"max_hp_loss":0,"event_name":"Bonfire Elementals","floor":20,"gold_loss":0}],"is_beta":false,"boss_relics":[{"not_picked":["Astrolabe","Philosopher\u0027s Stone"],"picked":"Coffee Dripper"}],"items_purged_floors":[14],"is_endless":false,"potions_floor_spawned":[7,11,13],"killed_by":"Gremlin Leader","ascension_level":20}}