{"host":"5tzvto3beate6p8b","time":1611376053,"event":{"mods":["BaseMod","Colored Map","Colored Powertips","Minty Spire (QoL Compilation)","StSLib","SuperFastMode"],"gold_per_floor":[118,28,178,189,14,14,42,52,76,76,90,90,124,140,140,218,218,169,186,63,82,4,4,4,4,4,19,19,46,59,59,59,59,59],"floor_reached":33,"language":"JPN","playtime":2219,"items_purged":["Doubt"],"score":523,"play_id":"0095ca44-3d30-4ea8-a719-c320e9e4b779","local_time":"20210123132733","is_ascension_mode":true,"campfire_choices":[{"data":"Dash","floor":6.0,"key":"SMITH"},{"floor":10.0,"key":"REST"},{"data":"Envenom","floor":12.0,"key":"SMITH"},{"data":"Leg Sweep","floor":15.0,"key":"SMITH"},{"data":"Leg Sweep","floor":23.0,"key":"SMITH"},{"floor":25.0,"key":"REST"},{"floor":28.0,"key":"REST"},{"floor":32.0,"key":"REST"}],"circlet_count":0,"master_deck":["AscendersBane","Strike_G","Strike_G","Strike_G","Defend_G","Defend_G","Defend_G","Defend_G","Survivor","Neutralize","Leg Sweep+1","Dash+1","Acrobatics","Deadly Poison","Leg Sweep+1","Bane","Envenom+1","Endless Agony","Poisoned Stab","Flying Knee","PiercingWail","Night Terror","Malaise+1","Endless Agony+1","Acrobatics+1","Caltrops+1","PiercingWail","Footwork+1","Endless Agony","PiercingWail","Caltrops+1","Predator","Acrobatics+1","Deflect+1"],"relics":["Ring of the Snake","Gambling Chip","Lantern","Centennial Puzzle","Frozen Egg 2","Astrolabe","Toxic Egg 2","Ancient Tea Set","Enchiridion"],"acts_visited":["Exordium","TheCity"],"potions_floor_usage":[33],"damage_taken":[{"damage":4.0,"enemies":"Jaw Worm","floor":1.0,"turns":6.0},{"damage":5.0,"enemies":"Cultist","floor":4.0,"turns":5.0},{"damage":22.0,"enemies":"3 Sentries","floor":7.0,"turns":10.0},{"damage":1.0,"enemies":"Small Slimes","floor":8.0,"turns":3.0},{"damage":1.0,"enemies":"3 Louse","floor":11.0,"turns":3.0},{"damage":4.0,"enemies":"Lagavulin","floor":13.0,"turns":8.0},{"damage":2.0,"enemies":"Exordium Wildlife","floor":14.0,"turns":5.0},{"damage":3.0,"enemies":"Hexaghost","floor":16.0,"turns":10.0},{"damage":1.0,"enemies":"2 Thieves","floor":18.0,"turns":5.0},{"damage":0.0,"enemies":"3 Byrds","floor":19.0,"turns":4.0},{"damage":14.0,"enemies":"Sentry and Sphere","floor":21.0,"turns":6.0},{"damage":16.0,"enemies":"Centurion and Healer","floor":27.0,"turns":9.0},{"damage":13.0,"enemies":"Book of Stabbing","floor":29.0,"turns":5.0},{"damage":10.0,"enemies":"Snake Plant","floor":30.0,"turns":4.0},{"damage":29,"enemies":"Automaton","floor":33,"turns":16}],"seed_played":"-6111502427672586559","potions_obtained":[{"floor":1.0,"key":"LiquidBronze"},{"floor":11.0,"key":"Block Potion"},{"floor":16.0,"key":"ColorlessPotion"},{"floor":30.0,"key":"DuplicationPotion"}],"is_trial":false,"path_per_floor":["M","$","?","M","$","R","E","M","T","R","M","R","E","M","R","B",null,"M","M","$","M","$","R","?","R","T","M","R","E","M","?","R","B"],"character_chosen":"THE_SILENT","items_purchased":["Dash","Acrobatics","Leg Sweep","Bane","Footwork+1","Endless Agony","Caltrops+1"],"campfire_rested":4,"item_purchase_floors":[2,2,5,5,20,20,22],"current_hp_per_floor":[55,55,55,50,50,50,28,27,27,45,44,44,40,38,38,35,54,53,53,53,39,39,39,33,51,51,35,53,40,30,9,27,0,0],"gold":59,"neow_bonus":"ONE_RARE_RELIC","is_daily":false,"chose_seed":false,"campfire_upgraded":4,"win_rate":0.0,"timestamp":1611376053,"path_taken":["M","$","?","M","$","R","E","M","T","R","M","R","E","M","R","BOSS","M","M","$","M","$","R","?","R","T","M","R","E","?","?","R","BOSS"],"items_purchased_type":["Card","Card","Card","Card","Card","Card","Card"],"build_version":"2020-12-22","purchased_purges":1,"victory":false,"max_hp_per_floor":[60,60,60,60,60,60,60,60,60,60,60,60,60,60,60,60,60,60,60,60,60,60,60,60,60,60,60,60,60,60,60,60,60,60],"card_choices":[{"not_picked":["Poisoned Stab","Crippling Poison"],"picked":"Leg Sweep","floor":1.0},{"not_picked":["Flying Knee","Blur"],"picked":"Deadly Poison","floor":4.0},{"not_picked":["Finisher","Backflip"],"picked":"Envenom","floor":7.0},{"not_picked":["Distraction","Dodge and Roll"],"picked":"Endless Agony","floor":8.0},{"not_picked":["Setup","Outmaneuver"],"picked":"Poisoned Stab","floor":11.0},{"not_picked":["Distraction","Finisher"],"picked":"Flying Knee","floor":13.0},{"not_picked":["Deadly Poison","Outmaneuver"],"picked":"PiercingWail","floor":14.0},{"not_picked":["Die Die Die","Phantasmal Killer"],"picked":"Night Terror","floor":16.0},{"not_picked":["Flying Knee","Blade Dance"],"picked":"Caltrops+1","floor":18.0},{"not_picked":["Quick Slash","Cloak And Dagger"],"picked":"PiercingWail","floor":19.0},{"not_picked":["Expertise+1","Backstab"],"picked":"PiercingWail","floor":21.0},{"not_picked":["Cloak And Dagger+1","Slice"],"picked":"Predator","floor":27.0},{"not_picked":["Grand Finale","Infinite Blades+1"],"picked":"Acrobatics+1","floor":29.0},{"not_picked":["Dodge and Roll+1","Dagger Spray"],"picked":"Deflect+1","floor":30.0}],"player_experience":605199,"relics_obtained":[{"floor":7.0,"key":"Lantern"},{"floor":9.0,"key":"Centennial Puzzle"},{"floor":13.0,"key":"Frozen Egg 2"},{"floor":26.0,"key":"Toxic Egg 2"},{"floor":29.0,"key":"Ancient Tea Set"},{"floor":31.0,"key":"Enchiridion"}],"event_choices":[{"damage_healed":0.0,"max_hp_gain":0.0,"max_hp_loss":0.0,"gold_gain":150.0,"event_name":"Liars Game","player_choice":"AGREE","floor":3.0,"gold_loss":0.0,"damage_taken":0.0,"cards_obtained":["Doubt"]},{"damage_healed":0.0,"max_hp_gain":0.0,"max_hp_loss":0.0,"gold_gain":0.0,"event_name":"Knowing Skull","player_choice":"","floor":24.0,"potions_obtained":[],"gold_loss":0.0,"damage_taken":6.0,"cards_obtained":[]},{"damage_healed":0.0,"max_hp_gain":0.0,"max_hp_loss":0.0,"gold_gain":0.0,"event_name":"Cursed Tome","player_choice":"Obtained Book","floor":31.0,"gold_loss":0.0,"damage_taken":21.0}],"is_beta":false,"boss_relics":[{"not_picked":["SlaversCollar","Fusion Hammer"],"picked":"Astrolabe"}],"items_purged_floors":[5],"is_endless":false,"potions_floor_spawned":[1,11,14,16,19,21,30],"killed_by":"Automaton","ascension_level":18}}