{"host":"pletss163z7s8pvv","time":1611379465,"event":{"mods":["AchievementEnabler","BaseMod","Better Altar","CapriCore","Colored Map","Colored Powertips","Conspire","Energized Spire","GifTheSpireLib","Hermit","Ironclad Rager","Minty Spire (QoL Compilation)","Spicy Shops","StS++","StSLib","The Cursed","The Disciple"],"gold_per_floor":[114,126,144,144,162,189,189,203,228,128,128,4,4,4,4,103,103,123,123,7,22,0,0,26,56,83,83,95,95,105,121,121,224,174,189,189,149,17,30,30,42,42,69,69,69,0,12,32,32,32,32],"floor_reached":50,"language":"ENG","playtime":1753,"items_purged":["Writhe"],"score":485,"play_id":"9a9d71c2-4083-4345-8baa-309c2aa75a22","local_time":"20210122232425","is_ascension_mode":false,"campfire_choices":[{"floor":7,"key":"REST"},{"floor":11,"key":"REST"},{"floor":13,"key":"REST"},{"data":"Ghostly","floor":15,"key":"SMITH"},{"floor":23,"key":"REST"},{"floor":29,"key":"REST"},{"floor":32,"key":"REST"},{"floor":40,"key":"REST"},{"floor":45,"key":"REST"},{"floor":49,"key":"REST"}],"circlet_count":0,"master_deck":["Survivor","Neutralize","ICR:VenomStrike","ICR:VenomStrike","ICR:VenomStrike","ICR:VenomStrike","ICR:VenomStrike","ICR:Dodge","ICR:Dodge","ICR:Dodge","ICR:Dodge+1","StSpp:FiercePoison+1","Acrobatics","Cloak And Dagger","StSpp:PoisonousPunch","Dodge and Roll","Noxious Fumes","Ghostly+1","Backflip+1","A Thousand Cuts","Noxious Fumes","Dagger Spray","Bane+1","Underhanded Strike","Deadly Poison","Sucker Punch","Flying Knee","Storm of Steel","ICR:VenomStrike","Envenom","Bane+1","ICR:Paralyse","Backstab","Deflect","Flying Knee"],"relics":["Ring of the Snake","CaptainsWheel","Oddly Smooth Stone","conspire:SpecialSausage","War Paint","Strawberry","energizedSpire:HugeHouse","Lantern","Bag of Preparation","StSpp:TwinEgg","Red Mask"],"acts_visited":["Exordium","TheCity","TheBeyond"],"potions_floor_usage":[16,16,25,25,33,41,50],"damage_taken":[{"damage":3,"enemies":"conspire:RoseBush","floor":1,"turns":4},{"damage":9,"enemies":"Cultist","floor":2,"turns":4},{"damage":7,"enemies":"2 Louse","floor":3,"turns":4},{"damage":21,"enemies":"2 Fungi Beasts","floor":5,"turns":5},{"damage":14,"enemies":"Lagavulin","floor":6,"turns":6},{"damage":8,"enemies":"Blue Slaver","floor":8,"turns":4},{"damage":19,"enemies":"The Guardian","floor":16,"turns":9},{"damage":27,"enemies":"conspire:FuzzyDice","floor":18,"turns":7},{"damage":19,"enemies":"Shell Parasite","floor":21,"turns":6},{"damage":9,"enemies":"conspire:SneckoGhost","floor":25,"turns":5},{"damage":18,"enemies":"Centurion and Healer","floor":28,"turns":5},{"damage":3,"enemies":"Snake Plant","floor":30,"turns":5},{"damage":8,"enemies":"conspire:HollyBat","floor":31,"turns":7},{"damage":51,"enemies":"Automaton","floor":33,"turns":10},{"damage":25,"enemies":"3 Shapes","floor":35,"turns":4},{"damage":14,"enemies":"3 Darklings","floor":39,"turns":5},{"damage":17,"enemies":"Spire Growth","floor":41,"turns":5},{"damage":15,"enemies":"Writhing Mass","floor":47,"turns":7},{"damage":7,"enemies":"4 Shapes","floor":48,"turns":6},{"damage":109,"enemies":"conspire:OrnateMirror","floor":50,"turns":12}],"seed_played":"-8149041983051685700","potions_obtained":[{"floor":3,"key":"Swift Potion"},{"floor":6,"key":"SteroidPotion"},{"floor":8,"key":"Energy Potion"},{"floor":30,"key":"SkillPotion"},{"floor":31,"key":"SteroidPotion"},{"floor":37,"key":"Swift Potion"},{"floor":37,"key":"Regen Potion"},{"floor":37,"key":"PowerPotion"},{"floor":47,"key":"StSpp:SecondWindPotion"},{"floor":48,"key":"FairyPotion"}],"is_trial":false,"path_per_floor":["M","M","M","?","M","E","R","M","T","?","R","$","R","$","R","B",null,"M","?","$","M","?","R","T","E","T","?","M","R","M","M","R","B",null,"M","?","?","$","M","R","M","$","T","T","R","?","M","M","R","B"],"character_chosen":"THE_SILENT","items_purchased":["Backflip","Dexterity Potion","Noxious Fumes","Dagger Spray","Lantern"],"campfire_rested":9,"item_purchase_floors":[12,12,20,20,38],"current_hp_per_floor":[67,58,51,51,30,16,37,29,29,29,50,50,70,70,70,51,70,43,43,43,24,24,45,45,43,43,43,25,48,45,37,60,9,72,47,47,47,47,33,54,37,37,37,37,58,58,43,36,57,0,0],"gold":32,"neow_bonus":"SILENT_POISONER","is_daily":false,"chose_seed":false,"campfire_upgraded":1,"win_rate":0.0,"timestamp":1611379465,"path_taken":["M","M","M","?","?","E","R","M","T","?","R","$","R","$","R","BOSS","M","?","$","M","?","R","?","E","T","?","M","R","?","M","R","BOSS","M","?","?","$","?","R","M","$","T","?","R","?","M","M","R","BOSS"],"items_purchased_type":["Card","Potion","Card","Card","Relic"],"build_version":"2020-12-22","purchased_purges":1,"victory":false,"max_hp_per_floor":[70,70,70,70,70,70,70,70,70,70,70,70,70,70,70,70,70,70,70,70,70,70,70,70,77,77,77,77,77,77,77,77,77,72,72,72,72,72,72,72,72,72,72,72,72,72,72,72,72,72,72],"card_choices":[{"not_picked":["Dodge and Roll","StSpp:Dive"],"picked":"StSpp:FiercePoison","floor":1},{"not_picked":["StSpp:CorrosivePoison","Underhanded Strike"],"picked":"Acrobatics","floor":2},{"not_picked":["PiercingWail","Dodge and Roll"],"picked":"Cloak And Dagger","floor":3},{"not_picked":["Prepared","Blade Dance"],"picked":"StSpp:PoisonousPunch","floor":5},{"not_picked":["Acrobatics","Bane"],"picked":"Dodge and Roll","floor":6},{"not_picked":["Blade Dance","Blur"],"picked":"Noxious Fumes","floor":8},{"not_picked":["After Image","Storm of Steel"],"picked":"A Thousand Cuts","floor":16},{"not_picked":["Acrobatics+1","PiercingWail+1"],"picked":"Poisoned Stab","floor":18},{"not_picked":["StSpp:FiercePoison","Acrobatics"],"picked":"Bane+1","floor":21},{"not_picked":["Backflip","Finisher+1"],"picked":"Underhanded Strike","floor":25},{"not_picked":["Backflip","Underhanded Strike"],"picked":"Deadly Poison","floor":28},{"not_picked":["Bane","Underhanded Strike"],"picked":"Sucker Punch","floor":30},{"not_picked":["Backflip+1","Outmaneuver"],"picked":"Flying Knee","floor":31},{"not_picked":["Tools of the Trade","Doppelganger"],"picked":"Storm of Steel","floor":33},{"not_picked":["Sucker Punch","PiercingWail"],"picked":"Bane+1","floor":35},{"not_picked":["Terror+1","Acrobatics"],"picked":"ICR:Paralyse","floor":39},{"not_picked":["Poisoned Stab+1","Cloak And Dagger+1"],"picked":"Backstab","floor":41},{"not_picked":["StSpp:Dive+1","Cloak And Dagger"],"picked":"Deflect","floor":47},{"not_picked":["Infinite Blades","Prepared"],"picked":"Flying Knee","floor":48}],"player_experience":434838,"relics_obtained":[{"floor":6,"key":"CaptainsWheel"},{"floor":9,"key":"Oddly Smooth Stone"},{"floor":24,"key":"War Paint"},{"floor":25,"key":"Strawberry"},{"floor":43,"key":"Bag of Preparation"},{"floor":44,"key":"StSpp:TwinEgg"}],"event_choices":[{"damage_healed":0,"gold_gain":0,"player_choice":"Upgraded","damage_taken":0,"max_hp_gain":0,"max_hp_loss":0,"event_name":"Upgrade Shrine","floor":4,"gold_loss":0,"cards_upgraded":["StSpp:FiercePoison"]},{"damage_healed":0,"gold_gain":0,"player_choice":"Argue","damage_taken":0,"max_hp_gain":0,"max_hp_loss":0,"event_name":"conspire:LoneGhost","floor":10,"gold_loss":0},{"damage_healed":0,"gold_gain":0,"player_choice":"Leave","damage_taken":0,"max_hp_gain":0,"max_hp_loss":0,"event_name":"conspire:Investor","floor":19,"gold_loss":0},{"damage_healed":0,"gold_gain":0,"player_choice":"Paid Fearfully","damage_taken":0,"max_hp_gain":0,"max_hp_loss":0,"event_name":"Masked Bandits","floor":22,"gold_loss":22},{"damage_healed":0,"gold_gain":0,"player_choice":"Ignored","damage_taken":0,"max_hp_gain":0,"max_hp_loss":0,"event_name":"Purifier","floor":27,"gold_loss":0},{"cards_removed":["ICR:Dodge"],"damage_healed":0,"gold_gain":0,"player_choice":"Removed Skill","damage_taken":0,"max_hp_gain":0,"max_hp_loss":0,"event_name":"Falling","floor":36,"gold_loss":0},{"damage_healed":0,"gold_gain":0,"player_choice":"Bought 3 Potions","damage_taken":0,"max_hp_gain":0,"max_hp_loss":0,"event_name":"The Woman in Blue","floor":37,"gold_loss":0},{"damage_healed":0,"gold_gain":0,"player_choice":"Paid","damage_taken":0,"relics_obtained":["Red Mask"],"max_hp_gain":0,"max_hp_loss":0,"event_name":"Tomb of Lord Red Mask","floor":46,"gold_loss":69}],"is_beta":false,"boss_relics":[{"not_picked":["conspire:RoyalGoblet","Ring of the Serpent"],"picked":"conspire:SpecialSausage"},{"not_picked":["conspire:SeveredTorchhead","Coffee Dripper"],"picked":"energizedSpire:HugeHouse"}],"items_purged_floors":[38],"is_endless":false,"potions_floor_spawned":[3,6,8,30,31,47,48],"killed_by":"conspire:OrnateMirror","ascension_level":0}}