{"host":"seujf6kmfn3ctpoe","time":1611420460,"event":{"mods":["BaseMod","Colored Map","Downfall","Minty Spire (QoL Compilation)","Permanent Neow","Relic Sorter","Relic Stats","StSLib"],"gold_per_floor":[99,99,99,99,115,115,115,15,33,51,65,76,76,96,110,206,206,206,44,54,66,77,77,77,90,90,103,103,103,103,103],"floor_reached":29,"language":"ENG","playtime":1383,"items_purged":["bronze:ChildClass"],"score":244,"play_id":"24f740d8-9ed6-4aef-8ba2-5afea220bf7f","local_time":"20210123174740","is_ascension_mode":false,"campfire_choices":[{"floor":1,"key":"RECALL"},{"data":"bronze:Overheat","floor":8,"key":"SMITH"},{"data":"bronze:Invalidate","floor":13,"key":"SMITH"},{"data":"bronze:Mutator","floor":18,"key":"SMITH"},{"data":"bronze:WildBeam","floor":23,"key":"SMITH"},{"data":"bronze:WildBeam","floor":26,"key":"SMITH"},{"data":"bronze:WildBeam","floor":28,"key":"SMITH"}],"circlet_count":0,"master_deck":["bronze:Strike","bronze:Strike","bronze:Strike","bronze:Strike","bronze:Defend","bronze:Defend","bronze:Defend","bronze:Defend","bronze:Replicate","bronze:Goto","bronze:WildBeam","bronze:WildBeam+1","bronze:Flail","bronze:Overheat+1","bronze:Invalidate+1","bronze:WildBeam+1","bronze:ItsAFeature","bronze:Mutator+1","bronze:CloningBeam","bronze:DelayedGuard+1","bronze:WildBeam+1","bronze:MaxOutput"],"relics":["bronze:BronzeCore","downfall:HeartsMalice","Blue Candle","Meat on the Bone","downfall:HeartBlessingRed","Coffee Dripper","Kunai"],"acts_visited":["Exordium","TheCity"],"potions_floor_usage":[29],"damage_taken":[{"damage":0,"enemies":"Jaw Worm","floor":2,"turns":1},{"damage":0,"enemies":"Small Slimes","floor":3,"turns":1},{"damage":0,"enemies":"Cultist","floor":4,"turns":1},{"damage":0,"enemies":"3 Louse","floor":5,"turns":2},{"damage":2,"enemies":"Blue Slaver","floor":9,"turns":2},{"damage":11,"enemies":"Exordium Wildlife","floor":10,"turns":3},{"damage":0,"enemies":"3 Louse","floor":11,"turns":2},{"damage":0,"enemies":"Blue Slaver","floor":12,"turns":1},{"damage":0,"enemies":"Gremlin Gang","floor":14,"turns":3},{"damage":8,"enemies":"3 Louse","floor":15,"turns":2},{"damage":14,"enemies":"IC_STATUS_ARCHETYPE","floor":16,"turns":3},{"damage":15,"enemies":"downfall:FleeingMerchant","floor":19,"turns":4},{"damage":17,"enemies":"Spheric Guardian","floor":20,"turns":4},{"damage":16,"enemies":"Centurion and Healer","floor":21,"turns":5},{"damage":0,"enemies":"3 Cultists","floor":22,"turns":3},{"damage":29,"enemies":"Cultist and Chosen","floor":25,"turns":5},{"damage":0,"enemies":"Snecko","floor":27,"turns":3},{"damage":27,"enemies":"Gremlin Leader","floor":29,"turns":5}],"seed_played":"2366606463991734166","potions_obtained":[{"floor":5,"key":"champ:CounterPotion"},{"floor":11,"key":"sneckomod:MuddlingPotion"},{"floor":14,"key":"LiquidMemories"},{"floor":21,"key":"BlessingOfTheForge"}],"is_trial":false,"path_per_floor":["R","M","M","M","M","?","T","R","M","M","M","M","R","M","M","B",null,"R","$","M","M","M","R","T","M","R","M","R","E"],"character_chosen":"THE_AUTOMATON","items_purchased":["bronze:CloningBeam"],"campfire_rested":0,"item_purchase_floors":[19],"current_hp_per_floor":[70,70,70,70,70,65,65,65,63,52,52,52,52,52,44,42,70,70,55,38,34,46,46,46,29,29,41,41,14,14,14],"gold":103,"neow_bonus":"THREE_ENEMY_KILL","is_daily":false,"chose_seed":false,"campfire_upgraded":6,"win_rate":0.0,"timestamp":1611420460,"path_taken":["R","M","M","M","M","?","T","R","M","M","M","M","R","M","M","BOSS","R","$","M","M","M","R","T","M","R","M","R","E"],"items_purchased_type":["Card"],"build_version":"2020-12-22","purchased_purges":1,"victory":false,"max_hp_per_floor":[70,70,70,70,70,70,70,70,70,70,70,70,70,70,70,70,70,70,70,70,70,70,70,70,70,70,70,70,70,70,70],"relic_stats":{"counters":[18,47],"Blue Candle":[0],"Kunai":[5],"obtain_stats":[{"bronze:BronzeCore":0,"downfall:HeartBlessingRed":8,"Blue Candle":6,"downfall:HeartsMalice":0,"Coffee Dripper":17,"Kunai":24,"Meat on the Bone":7},{"bronze:BronzeCore":0,"downfall:HeartBlessingRed":4,"Blue Candle":4,"downfall:HeartsMalice":0,"Coffee Dripper":11,"Kunai":15,"Meat on the Bone":4},{"bronze:BronzeCore":0,"downfall:HeartBlessingRed":2,"Blue Candle":2,"downfall:HeartsMalice":0,"Coffee Dripper":18,"Kunai":34,"Meat on the Bone":2}],"Meat on the Bone":60},"card_choices":[{"not_picked":["bronze:Frontload","bronze:Allocate"],"picked":"bronze:WildBeam","floor":2},{"not_picked":["bronze:CutThrough","bronze:Iterate"],"picked":"bronze:WildBeam","floor":3},{"not_picked":["bronze:Frontload","bronze:BitShift"],"picked":"bronze:Flail","floor":4},{"not_picked":["bronze:DelayedSlice","bronze:Philosophize"],"picked":"bronze:Overheat","floor":5},{"not_picked":["bronze:Allocate","bronze:DelayedSlice"],"picked":"bronze:ChildClass","floor":9},{"not_picked":["bronze:BronzeArmor","bronze:Optimize"],"picked":"bronze:Invalidate","floor":10},{"not_picked":["bronze:BronzeOrb","bronze:Frontload"],"picked":"bronze:WildBeam","floor":11},{"not_picked":["bronze:Philosophize","bronze:Deprecate","bronze:Invalidate"],"picked":"SKIP","floor":12},{"not_picked":["bronze:Boost","bronze:GetLatest"],"picked":"bronze:ItsAFeature","floor":14},{"not_picked":["bronze:DigitalCarnage","bronze:AlphaBuild","bronze:Fortify"],"picked":"SKIP","floor":15},{"not_picked":["bronze:ShipIt","bronze:FindAndReplace"],"picked":"bronze:Mutator","floor":16},{"not_picked":["bronze:Invalidate","bronze:Shield","bronze:Repulsor"],"picked":"SKIP","floor":19},{"not_picked":["bronze:Overheat","bronze:Invalidate","bronze:OilSpill+1"],"picked":"SKIP","floor":20},{"not_picked":["bronze:FineTuning","bronze:DigitalCarnage"],"picked":"bronze:DelayedGuard+1","floor":21},{"not_picked":["bronze:Frontload","bronze:Optimize"],"picked":"bronze:WildBeam","floor":22},{"not_picked":["bronze:DelayedGuard","bronze:CloningBeam"],"picked":"bronze:MaxOutput","floor":25},{"not_picked":["bronze:ChildClass+1","bronze:ItsAFeature","bronze:Frontload"],"picked":"SKIP","floor":27}],"player_experience":415440,"relics_obtained":[{"floor":7,"key":"Meat on the Bone"},{"floor":24,"key":"Kunai"}],"event_choices":[],"is_beta":false,"boss_relics":[{"not_picked":["SlaversCollar","Busted Crown"],"picked":"Coffee Dripper"}],"items_purged_floors":[19],"is_endless":false,"potions_floor_spawned":[5,11,14,16,21,22],"killed_by":"Gremlin Leader","ascension_level":0}}