{"host":"4rvakrj1idbgia3f","time":1611374379,"event":{"mods":["BaseMod","Colored Map","Colored Powertips","DeckTracker","Highlight Path","Minty Spire (QoL Compilation)","Random Character Button","StSLib"],"gold_per_floor":[109,122,122,137,149,149,179,179,257,332,359,388,425,457,469,481,481],"floor_reached":16,"language":"JPN","playtime":888,"items_purged":[],"score":294,"play_id":"a030909f-7b32-4730-9db2-6bea10746289","local_time":"20210123125939","is_ascension_mode":true,"campfire_choices":[{"data":"True Grit","floor":6.0,"key":"SMITH"},{"data":"Pommel Strike","floor":8,"key":"SMITH"},{"data":"Metallicize","floor":15,"key":"SMITH"}],"circlet_count":0,"master_deck":["AscendersBane","Strike_R","Strike_R","Strike_R","Strike_R","Strike_R","Defend_R","Defend_R","Defend_R","Defend_R","Bash","Immolate+1","Ghostly Armor","Headbutt","True Grit+1","Pommel Strike+1","Metallicize+1","Rage","Sever Soul","Sentinel"],"relics":["Burning Blood","WingedGreaves","Darkstone Periapt","MawBank","Dream Catcher"],"acts_visited":["Exordium"],"potions_floor_usage":[11,11],"damage_taken":[{"damage":7.0,"enemies":"Jaw Worm","floor":1.0,"turns":3.0},{"damage":7.0,"enemies":"Small Slimes","floor":2.0,"turns":4.0},{"damage":0.0,"enemies":"Cultist","floor":4.0,"turns":3.0},{"damage":1.0,"enemies":"2 Fungi Beasts","floor":5.0,"turns":2.0},{"damage":10,"enemies":"3 Sentries","floor":7,"turns":4},{"damage":0,"enemies":"Lagavulin","floor":11,"turns":3},{"damage":2,"enemies":"Looter","floor":12,"turns":2},{"damage":26,"enemies":"Gremlin Nob","floor":13,"turns":4},{"damage":8,"enemies":"Large Slime","floor":14,"turns":6},{"damage":34,"enemies":"Hexaghost","floor":16,"turns":10}],"seed_played":"3272778187038278318","potions_obtained":[{"floor":2.0,"key":"Energy Potion"},{"floor":5.0,"key":"Fire Potion"}],"is_trial":false,"path_per_floor":["M","M","?","M","M","R","E","R","T","?","E","M","E","M","R","B"],"character_chosen":"IRONCLAD","items_purchased":[],"campfire_rested":0,"item_purchase_floors":[],"current_hp_per_floor":[49,48,48,54,59,59,55,55,55,44,50,54,34,32,32,0,0],"gold":481,"neow_bonus":"THREE_RARE_CARDS","is_daily":false,"chose_seed":false,"campfire_upgraded":3,"win_rate":0.0,"timestamp":1611374379,"path_taken":["M","M","?","M","M","R","E","R","T","?","E","?","E","M","R","BOSS"],"items_purchased_type":[],"build_version":"2020-12-22","purchased_purges":0,"victory":false,"max_hp_per_floor":[75,75,75,75,75,75,75,75,75,75,75,75,75,75,75,75,75],"card_choices":[{"not_picked":["Brutality","Bludgeon"],"picked":"Immolate","floor":0.0},{"not_picked":["Twin Strike","Combust"],"picked":"Ghostly Armor","floor":1.0},{"not_picked":["Clash","Twin Strike"],"picked":"Headbutt","floor":2.0},{"not_picked":["Clothesline","Seeing Red"],"picked":"True Grit","floor":4.0},{"not_picked":["Twin Strike","Dropkick"],"picked":"Pommel Strike","floor":5.0},{"not_picked":["Dropkick","Flex","Pummel"],"picked":"SKIP","floor":7},{"not_picked":["Headbutt","Anger"],"picked":"Metallicize","floor":11},{"not_picked":["Iron Wave","Headbutt"],"picked":"Rage","floor":12},{"not_picked":["Demon Form","Clothesline"],"picked":"Sever Soul","floor":13},{"not_picked":["Cleave","Armaments"],"picked":"Sentinel","floor":14}],"player_experience":2070083,"relics_obtained":[{"floor":7,"key":"WingedGreaves"},{"floor":9,"key":"Darkstone Periapt"},{"floor":11,"key":"MawBank"},{"floor":13,"key":"Dream Catcher"}],"event_choices":[{"damage_healed":0.0,"max_hp_gain":0.0,"max_hp_loss":0.0,"gold_gain":0.0,"event_name":"Living Wall","player_choice":"Grow","floor":3.0,"gold_loss":0.0,"damage_taken":0.0,"cards_upgraded":["Immolate"]},{"damage_healed":0,"gold_gain":75,"player_choice":"Gather Gold","damage_taken":11,"max_hp_gain":0,"max_hp_loss":0,"event_name":"World of Goop","floor":10,"gold_loss":0}],"is_beta":false,"boss_relics":[],"items_purged_floors":[],"is_endless":false,"potions_floor_spawned":[2,5],"killed_by":"Hexaghost","ascension_level":20}}