{"host":"y9jgkjnf95sujozk","time":1611405981,"event":{"mods":["2.2 Compatiblity","AchievementEnabler","Act Like it!","BaseMod","BetterRewards","Block Reminder","Colored Map","Colored Powertips","Decade(王小明)","Downfall","Friendly Minions","Gensokyo","GifTheSpireLib","Hallownest","Hermit","Highlight Path","HololiveMod","Hubris","Infinite Spire","Jorbs\u0027s Wanderer Trilogy","Koishi","Marisa（霧雨　魔理沙）","Minty Spire (QoL Compilation)","Quick Restart","Random Character Button","Rare Cards Sparkle","Reimu（博??梦）","Remilia（蕾米莉?）","Shop Mod","StSLib","SuperFastMode","The Animator","The Bug Knight","The Cursed","The Disciple","The Hierophant","The Jungle","The Runesmith","The Senshi","The Servant 0.9.4"],"gold_per_floor":[111,134,59,59,59,59,79,79,79,89,89,14,26,44,44,149,149,160,160,178,178,193,226,226,240,240,256,256,256,112,73,73,172,172,192,292,312,312,8,8,8,8,35,38,38,47,47,47,47,39],"floor_reached":51,"language":"ENG","playtime":1012,"items_purged":[],"score":803,"play_id":"43fac322-5e41-4ac0-8db2-b0f14a0af55e","local_time":"20210123134621","is_ascension_mode":false,"campfire_choices":[{"data":"Storm","floor":6,"key":"SMITH"},{"floor":8,"key":"REST"},{"floor":11,"key":"REST"},{"floor":15,"key":"REST"},{"floor":24,"key":"REST"},{"floor":29,"key":"REST"},{"floor":32,"key":"REST"},{"floor":40,"key":"REST"},{"floor":42,"key":"REST"},{"floor":45,"key":"REST"},{"floor":49,"key":"REST"}],"circlet_count":0,"master_deck":["Strike_B","Strike_B","Strike_B","Strike_B","Defend_B","Defend_B","Defend_B","Defend_B","Zap","Dualcast","Panacea","Barrage+1","Storm+1","Coolheaded","Doom and Gloom+1","Hallownest:skillGreenpathMap","Coolheaded","Cold Snap+1","Electrodynamics","Blizzard+1","Barrage+1","Glacier","Redo","Capacitor","Gash+1","Meteor Strike+1","hubris:PowerSurge","Capacitor","Creative AI","Chaos+1","downfall:Haunted","downfall:Haunted","animator:Curse_GriefSeed","Thunder Strike+1","Shame","Hololive_RevenueRecovery","Barrage+1","Hallownest:curseDreamersLament","Beam Cell+1","Capacitor+1"],"relics":["FrozenCore","infinitespire:Joker Card","Sling","Boot","Molten Egg 2","Toy Ornithopter","hubris:Towel","Hallownest:DreamNailRelic","Letter Opener","bronze:MakeshiftBattery","theSenshi:SailorFukuRelic","hubris:Metronome","Ice Cream","Fusion Hammer","Du-Vu Doll","Hallownest:BeastSealRelic","OrangePellets","Orichalcum","Hallownest:HeavyBlowRelic","Mastiff:ReiMu","Pear"],"acts_visited":["Exordium","Hallownest:Greenpath","theJungle:Jungle"],"potions_floor_usage":[16,16,33,33,35,50,50],"damage_taken":[{"damage":0,"enemies":"Hallownest:2_Tiktiks_and_1_Crawlid","floor":1,"turns":3},{"damage":6,"enemies":"Hallownest:2_Baldur","floor":7,"turns":4},{"damage":2,"enemies":"Hallownest:monsterHuskGuard","floor":10,"turns":3},{"damage":7,"enemies":"Hallownest:MossCreep_and_Mosskin","floor":13,"turns":5},{"damage":0,"enemies":"Hallownest:monsterMossCharger","floor":14,"turns":6},{"damage":20,"enemies":"Hallownest:BossHornet","floor":16,"turns":9},{"damage":12,"enemies":"theJungle:GiantWrat","floor":18,"turns":5},{"damage":14,"enemies":"theJungle:MUSHROOMGANG","floor":20,"turns":2},{"damage":8,"enemies":"theJungle:SlimyTreeVines","floor":22,"turns":4},{"damage":15,"enemies":"Nightmare","floor":23,"turns":6},{"damage":16,"enemies":"theJungle:Snecko_Cultist_And_Trap","floor":25,"turns":4},{"damage":1,"enemies":"theJungle:2_Snecko_Cultists","floor":27,"turns":4},{"damage":31,"enemies":"theJungle:TotemBoss","floor":33,"turns":5},{"damage":33,"enemies":"Hallownest:2_Littles","floor":35,"turns":4},{"damage":2,"enemies":"Hallownest:3_Siblings","floor":37,"turns":4},{"damage":19,"enemies":"Hallownest:2_Soldiers_and_1_Guardian","floor":44,"turns":4},{"damage":2,"enemies":"Hallownest:2_Great","floor":46,"turns":4},{"damage":29,"enemies":"Hallownest:BossGreyPrinceZote","floor":50,"turns":7}],"seed_played":"-4263199994887970493","potions_obtained":[{"floor":7,"key":"FocusPotion"},{"floor":13,"key":"Energy Potion"},{"floor":23,"key":"LiquidBronze"},{"floor":27,"key":"Dexterity Potion"},{"floor":33,"key":"SpeedPotion"},{"floor":35,"key":"Fruit Juice"},{"floor":44,"key":"PowerPotion"}],"is_trial":false,"path_per_floor":["M","T","$","?","?","R","M","R","T","M","R","?","M","M","R","B",null,"M","?","M","?","M","NM","R","M","T","M","AVR","R","$","$","R","B",null,"M","?","M","?","$","R","?","R","T","M","R","M","$","AVR","R","B",null],"character_chosen":"DEFECT","items_purchased":["Sling","Boot","Molten Egg 2","Panacea","Storm","Meteor Strike+1","hubris:PowerSurge","Capacitor","OrangePellets","Orichalcum"],"campfire_rested":10,"item_purchase_floors":[0,0,0,0,3,30,30,31,39,39],"current_hp_per_floor":[75,75,75,75,75,75,69,75,75,73,75,75,68,68,75,55,75,63,63,49,49,46,31,53,37,37,36,36,58,58,58,75,44,75,52,57,55,55,55,80,80,85,85,66,85,83,83,93,95,66],"gold":39,"neow_bonus":"","is_daily":false,"chose_seed":false,"campfire_upgraded":1,"win_rate":0.0,"timestamp":1611405981,"path_taken":["M","?","$","?","?","R","?","R","T","M","R","?","M","M","R","BOSS","M","?","M","?","M","NM","R","?","T","M","AVR","R","?","$","R","BOSS","M","?","M","?","?","R","?","R","T","M","R","M","?","AVR","R","BOSS"],"items_purchased_type":["Relic","Relic","Relic","Card","Card","Card","Card","Card","Relic","Relic"],"build_version":"2020-12-22","purchased_purges":0,"victory":true,"max_hp_per_floor":[75,75,75,75,75,75,75,75,75,75,75,75,75,75,75,75,75,75,75,75,75,75,75,75,75,75,75,75,75,75,75,75,75,75,80,85,85,85,85,85,85,85,85,85,85,85,85,95,95,95],"card_choices":[{"not_picked":["Sunder+1","Cold Snap+1"],"picked":"Barrage+1","floor":1},{"not_picked":["Leap","Streamline+1"],"picked":"Coolheaded","floor":7},{"not_picked":["Electrodynamics","Stack"],"picked":"Doom and Gloom+1","floor":10},{"not_picked":["Skim","Scrape+1"],"picked":"Coolheaded","floor":13},{"not_picked":["Lockon+1","Tempest"],"picked":"Cold Snap+1","floor":14},{"not_picked":["Echo Form","Multi-Cast"],"picked":"Electrodynamics","floor":16},{"not_picked":["Reprogram","Redo+1"],"picked":"Blizzard+1","floor":18},{"not_picked":["Ball Lightning+1","Coolheaded"],"picked":"Barrage+1","floor":20},{"not_picked":["BootSequence","Conserve Battery"],"picked":"Glacier","floor":22},{"not_picked":["Aggregate+1","Core Surge+1"],"picked":"Redo","floor":23},{"not_picked":["Self Repair+1","BootSequence"],"picked":"Capacitor","floor":25},{"not_picked":["Skim","Reprogram"],"picked":"Gash+1","floor":27},{"not_picked":["hubris:DoWhile","Seek"],"picked":"Creative AI","floor":33},{"not_picked":["Conserve Battery","Skim+1"],"picked":"Chaos+1","floor":35},{"not_picked":["Undo+1","Streamline+1"],"picked":"Barrage+1","floor":37},{"not_picked":["Turbo+1","Leap"],"picked":"Beam Cell+1","floor":44},{"not_picked":["Recycle+1","Turbo"],"picked":"Capacitor+1","floor":46}],"player_experience":163297,"relics_obtained":[{"floor":2,"key":"Toy Ornithopter"},{"floor":9,"key":"Letter Opener"},{"floor":23,"key":"theSenshi:SailorFukuRelic"},{"floor":26,"key":"hubris:Metronome"},{"floor":43,"key":"Mastiff:ReiMu"}],"event_choices":[{"damage_healed":0,"gold_gain":0,"player_choice":"Ignored","damage_taken":0,"max_hp_gain":0,"max_hp_loss":0,"event_name":"Purifier","floor":21,"gold_loss":0}],"is_beta":false,"boss_relics":[{"not_picked":["hubris:ScarierMask","Hololive_TopUpMoneyS"],"picked":"bronze:MakeshiftBattery"},{"not_picked":["infinitespire:Cupcake","hubris:HollowSoul"],"picked":"FrozenCore"}],"items_purged_floors":[],"is_endless":false,"potions_floor_spawned":[7,13,23,27,33,35,44],"ascension_level":0}}