{"host":"dlntb7rt7pkxckqh","time":1611372147,"event":{"mods":["AchievementEnabler","BaseMod","Colored Powertips","Highlight Path","Minty Spire (QoL Compilation)","Quick Restart","StSLib"],"gold_per_floor":[116,116,116,17,17,47,47,80,80,93,123,135,153,171,171,270,270,286,286,201,228,228,228,260,260,305,305,215,230,241,252,252,351,351,351],"floor_reached":34,"language":"ZHS","playtime":2654,"items_purged":["Strike_B"],"score":449,"play_id":"f03c82b4-318b-470b-92e3-02f1a5a91e30","local_time":"20210123112227","is_ascension_mode":true,"campfire_choices":[{"data":"Zap","floor":7.0,"key":"SMITH"},{"data":"Dualcast","floor":15.0,"key":"SMITH"},{"data":"Loop","floor":23.0,"key":"SMITH"},{"data":"Coolheaded","floor":25.0,"key":"SMITH"},{"data":"Electrodynamics","floor":27.0,"key":"SMITH"},{"data":"Creative AI","floor":32.0,"key":"SMITH"}],"circlet_count":0,"master_deck":["Strike_B+1","Defend_B","Defend_B","Defend_B","Defend_B+1","Zap+1","Dualcast+1","Skim","Go for the Eyes","Lockon","Coolheaded+1","Self Repair","Fusion","Hologram+1","Electrodynamics+1","Loop+1","Compile Driver+1","Stack","Cold Snap+1","Creative AI+1","Lockon+1","Electrodynamics"],"relics":["Cracked Core","NeowsBlessing","Pear","CaptainsWheel","Gremlin Horn","Pocketwatch","Nuclear Battery","Question Card","Bird Faced Urn","Red Mask","Molten Egg 2","Vajra"],"acts_visited":[],"potions_floor_usage":[],"damage_taken":[{"damage":0.0,"enemies":"Jaw Worm","floor":1.0,"turns":1.0},{"damage":0.0,"enemies":"3 Sentries","floor":6.0,"turns":1.0},{"damage":0.0,"enemies":"Gremlin Nob","floor":8.0,"turns":1.0},{"damage":0.0,"enemies":"2 Louse","floor":10.0,"turns":2.0},{"damage":0.0,"enemies":"Small Slimes","floor":12.0,"turns":1.0},{"damage":9.0,"enemies":"3 Louse","floor":13.0,"turns":2.0},{"damage":8.0,"enemies":"Exordium Wildlife","floor":14.0,"turns":3.0},{"damage":26.0,"enemies":"The Guardian","floor":16.0,"turns":13.0},{"damage":3.0,"enemies":"Chosen","floor":18.0,"turns":3.0},{"damage":13.0,"enemies":"Masked Bandits","floor":21.0,"turns":4.0},{"damage":10.0,"enemies":"Gremlin Leader","floor":24.0,"turns":6.0},{"damage":0.0,"enemies":"Spheric Guardian","floor":29.0,"turns":3.0},{"damage":7.0,"enemies":"Snake Plant","floor":30.0,"turns":3.0},{"damage":0.0,"enemies":"Chosen and Byrds","floor":31.0,"turns":3.0},{"damage":76.0,"enemies":"Collector","floor":33.0,"turns":8.0}],"seed_played":"-6892650256700683905","potions_obtained":[{"floor":1.0,"key":"Strength Potion"},{"floor":12.0,"key":"Fire Potion"},{"floor":14.0,"key":"PowerPotion"},{"floor":16.0,"key":"DuplicationPotion"},{"floor":29.0,"key":"SkillPotion"}],"is_trial":false,"path_per_floor":["M","?","?","$","?","E","R","E","T","M","?","M","M","M","R","B",null,"M","T","?","?","?","R","E","R","T","R","?","M","M","M","R","B",null],"character_chosen":"DEFECT","items_purchased":["Go for the Eyes"],"campfire_rested":0,"item_purchase_floors":[4],"current_hp_per_floor":[75,60,60,60,58,58,58,58,58,58,58,58,49,41,41,22,85,82,82,82,73,73,73,76,76,76,76,76,85,85,85,85,26,26,26],"gold":351,"neow_bonus":"THREE_ENEMY_KILL","is_daily":false,"chose_seed":false,"campfire_upgraded":6,"win_rate":0.0,"timestamp":1611372147,"path_taken":["M","?","?","?","?","E","R","E","T","M","?","M","?","M","R","BOSS","M","?","?","?","?","R","E","R","T","R","?","M","M","?","R","BOSS"],"items_purchased_type":["Card"],"build_version":"2020-12-22","purchased_purges":1,"victory":false,"max_hp_per_floor":[75,75,75,75,85,85,85,85,85,85,85,85,85,85,85,85,85,85,85,85,85,85,85,85,85,85,85,85,85,85,85,85,85,85,85],"card_choices":[{"not_picked":["Force Field","Coolheaded"],"picked":"Skim","floor":1.0},{"not_picked":["Barrage","Melter"],"picked":"Lockon","floor":6.0},{"not_picked":["Force Field","Hologram"],"picked":"Coolheaded","floor":8.0},{"not_picked":["Rebound","Lockon"],"picked":"Self Repair","floor":10.0},{"not_picked":["Chaos","Double Energy"],"picked":"Fusion","floor":12.0},{"not_picked":["Go for the Eyes","Steam"],"picked":"Hologram","floor":13.0},{"not_picked":["Sweeping Beam","Hologram","Go for the Eyes"],"picked":"SKIP","floor":14.0},{"not_picked":["Echo Form","Amplify"],"picked":"Electrodynamics","floor":16.0},{"not_picked":["Consume","Stack"],"picked":"Loop","floor":18.0},{"not_picked":["Sweeping Beam","Leap+1","Steam Power+1"],"picked":"Compile Driver+1","floor":21.0},{"not_picked":["Steam","Chaos","Gash+1"],"picked":"Stack","floor":24.0},{"not_picked":["Sweeping Beam+1","Storm","Redo"],"picked":"Cold Snap+1","floor":29.0},{"not_picked":["Aggregate","Cold Snap+1","Coolheaded"],"picked":"Creative AI","floor":30.0},{"not_picked":["Fusion","Steam","Stack"],"picked":"Lockon+1","floor":31.0},{"not_picked":["Machine Learning","All For One+1","Creative AI"],"picked":"Electrodynamics","floor":33.0}],"player_experience":205686,"relics_obtained":[{"floor":6.0,"key":"CaptainsWheel"},{"floor":8.0,"key":"Gremlin Horn"},{"floor":9.0,"key":"Pocketwatch"},{"floor":19.0,"key":"Question Card"},{"floor":21.0,"key":"Red Mask"},{"floor":24.0,"key":"Molten Egg 2"},{"floor":26.0,"key":"Vajra"}],"event_choices":[{"damage_healed":0.0,"max_hp_gain":0.0,"max_hp_loss":0.0,"gold_gain":0.0,"event_name":"Shining Light","player_choice":"Entered Light","floor":2.0,"gold_loss":0.0,"damage_taken":15.0,"cards_upgraded":["Defend_B","Strike_B"]},{"damage_healed":0.0,"max_hp_gain":0.0,"max_hp_loss":0.0,"gold_gain":0.0,"event_name":"Liars Game","player_choice":"Ignored","floor":3.0,"gold_loss":0.0,"damage_taken":0.0},{"damage_healed":0.0,"max_hp_gain":0.0,"max_hp_loss":0.0,"gold_gain":0.0,"event_name":"Scrap Ooze","player_choice":"Success","floor":5.0,"gold_loss":0.0,"damage_taken":12.0,"relics_obtained":["Pear"]},{"damage_healed":0.0,"max_hp_gain":0.0,"max_hp_loss":0.0,"gold_gain":30.0,"event_name":"Dead Adventurer","player_choice":"Searched \u00272\u0027 times","floor":11.0,"gold_loss":0.0,"damage_taken":0.0},{"damage_healed":0.0,"max_hp_gain":0.0,"max_hp_loss":0.0,"gold_gain":0.0,"event_name":"Addict","player_choice":"Obtained Relic","floor":20.0,"gold_loss":85.0,"damage_taken":0.0,"relics_obtained":["Bird Faced Urn"]},{"damage_healed":0.0,"max_hp_gain":0.0,"max_hp_loss":0.0,"gold_gain":0.0,"event_name":"Masked Bandits","player_choice":"Fought Bandits","floor":21.0,"gold_loss":0.0,"damage_taken":0.0},{"cards_removed":["Strike_B"],"damage_healed":0.0,"max_hp_gain":0.0,"max_hp_loss":0.0,"gold_gain":0.0,"event_name":"Back to Basics","player_choice":"Elegance","floor":22.0,"gold_loss":0.0,"damage_taken":0.0},{"cards_removed":["Strike_B"],"damage_healed":0.0,"max_hp_gain":0.0,"max_hp_loss":0.0,"gold_gain":0.0,"event_name":"Designer","player_choice":"Upgrade and Remove","floor":28.0,"gold_loss":90.0,"damage_taken":0.0,"cards_upgraded":["Hologram"]}],"is_beta":false,"boss_relics":[{"not_picked":["Fusion Hammer","Black Star"],"picked":"Nuclear Battery"}],"items_purged_floors":[4],"is_endless":false,"potions_floor_spawned":[1,12,14,16,29,30,31],"ascension_level":1}}