{"host":"hwgw78dblb98i0ci","time":1611438278,"event":{"mods":["BaseMod","Better Note","Better Third Choice","Downfall","Hubris","Minty Spire (QoL Compilation)","StSLib"],"gold_per_floor":[99,117,267,348,348,348,374,388,401,420,420,445,345,363,382,484,484,484,501,501,259,270,298,298,31,31,31,41,73,89,39,52,152,152,152,169,183,251,251,300,300,315,3,3,3,53,53,69,85,85],"floor_reached":51,"language":"ENG","playtime":7632,"items_purged":["sneckomod:Unknown","sneckomod:Unknown","sneckomod:Unknown0Cost"],"score":769,"play_id":"6814509f-50f3-4467-a368-ad769732110d","local_time":"20210123164438","is_ascension_mode":false,"campfire_choices":[{"data":"sneckomod:TailWhip","floor":1,"key":"SMITH"},{"data":"sneckomod:PureSnecko","floor":6,"key":"SMITH"},{"data":"sneckomod:QuickBite","floor":18,"key":"SMITH"},{"data":"sneckomod:Nope","floor":27,"key":"SMITH"},{"data":"sneckomod:SerpentMind","floor":35,"key":"SMITH"}],"circlet_count":0,"master_deck":["sneckomod:TailWhip+1","sneckomod:SnekBite","Guardian:Gem_Cyan","sneckomod:PureSnecko+1","sneckomod:Nope+1","sneckomod:UnknownDraw","A Thousand Cuts+1","sneckomod:UnknownRareAttack","sneckomod:QuickBite+1","sneckomod:UnknownDraw","sneckomod:UnknownStrike","sneckomod:UnknownRarePower","sneckomod:QuickMove+1","sneckomod:ImprovisedGuard+1","sneckomod:SlitherStrike","sneckomod:TrashToTreasure","sneckomod:UnendingSupply","Necronomicurse","sneckomod:SerpentMind+1","sneckomod:UnknownBlock+1","expansioncontent:Chronoboost","hubris:DuctTapeCard"],"relics":["sneckomod:SneckoSoul","Guardian:PocketSentry","Blue Candle","Blood Vial","Boot","Ginger","downfall:HeartBlessingGreen","Pandora\u0027s Box","Bag of Marbles","Sundial","Mummified Hand","Toolbox","Necronomicon","hubris:HollowSoul","hubris:DeckOfHolding","Nunchaku","hubris:DuctTape","Unceasing Top","Gambling Chip","hubris:TinFlute"],"acts_visited":["Exordium","TheCity","TheBeyond"],"potions_floor_usage":[12,15,16,16,30,33,37,50,50],"damage_taken":[{"damage":3,"enemies":"Jaw Worm","floor":2,"turns":2},{"damage":0,"enemies":"2 Louse","floor":8,"turns":3},{"damage":0,"enemies":"Small Slimes","floor":9,"turns":3},{"damage":8,"enemies":"3 Louse","floor":10,"turns":4},{"damage":14,"enemies":"Gremlin Nob","floor":12,"turns":3},{"damage":8,"enemies":"Gremlin Gang","floor":14,"turns":3},{"damage":6,"enemies":"Exordium Thugs","floor":15,"turns":4},{"damage":25,"enemies":"IC_STATUS_ARCHETYPE","floor":16,"turns":7},{"damage":11,"enemies":"Spheric Guardian","floor":19,"turns":4},{"damage":1,"enemies":"downfall:FleeingMerchant","floor":21,"turns":4},{"damage":17,"enemies":"Snake Plant","floor":22,"turns":3},{"damage":0,"enemies":"Book of Stabbing","floor":23,"turns":4},{"damage":0,"enemies":"downfall:FleeingMerchant","floor":25,"turns":4},{"damage":26,"enemies":"Centurion and Healer","floor":28,"turns":6},{"damage":1,"enemies":"3 Cultists","floor":29,"turns":3},{"damage":7,"enemies":"Snake Plant","floor":30,"turns":2},{"damage":0,"enemies":"Centurion and Healer","floor":32,"turns":4},{"damage":27,"enemies":"WA_ARCHETYPE_CALM","floor":33,"turns":7},{"damage":5,"enemies":"3 Shapes","floor":36,"turns":2},{"damage":52,"enemies":"3 Darklings","floor":37,"turns":4},{"damage":0,"enemies":"downfall:FleeingMerchant","floor":40,"turns":4},{"damage":7,"enemies":"Maw","floor":42,"turns":5},{"damage":0,"enemies":"Maw","floor":46,"turns":3},{"damage":0,"enemies":"Sphere and 2 Shapes","floor":48,"turns":1},{"damage":0,"enemies":"Jaw Worm Horde","floor":49,"turns":1},{"damage":31,"enemies":"SI_POISON_ARCHETYPE","floor":50,"turns":6}],"seed_played":"-2636382704121752472","potions_obtained":[{"floor":9,"key":"champ:CounterPotion"},{"floor":10,"key":"Energy Potion"},{"floor":14,"key":"SkillPotion"},{"floor":15,"key":"sneckomod:MuddlingPotion"},{"floor":19,"key":"Ancient Potion"},{"floor":28,"key":"Strength Potion"},{"floor":29,"key":"sneckomod:MuddlingPotion"},{"floor":30,"key":"Regen Potion"},{"floor":36,"key":"LiquidBronze"},{"floor":42,"key":"Energy Potion"}],"is_trial":false,"path_per_floor":["R","M","?","T","?","R","T","M","M","M","?","E","R","M","M","B",null,"R","M","?","$","M","E","T","$","?","R","M","M","M","?","M","B",null,"R","M","M","?","?","$","T","M","$","?","$","?","T","M","M","B",null],"character_chosen":"THE_SNECKO","items_purchased":["Bag of Marbles","Toolbox","Nunchaku","Unceasing Top"],"campfire_rested":0,"item_purchase_floors":[21,25,40,43],"current_hp_per_floor":[90,87,87,87,87,87,87,89,90,82,79,67,67,61,57,34,90,90,79,79,80,65,67,67,69,53,53,29,30,25,58,60,50,90,90,85,35,35,30,32,32,27,27,79,79,79,79,79,79,48],"gold":85,"neow_bonus":"RANDOM_COMMON_RELIC","is_daily":false,"chose_seed":false,"campfire_upgraded":5,"win_rate":0.0,"timestamp":1611438278,"path_taken":["R","M","?","?","?","R","T","M","M","M","?","E","R","M","M","BOSS","R","M","?","$","M","E","T","$","?","R","?","M","M","?","M","BOSS","R","M","M","?","?","$","T","M","?","?","$","?","?","?","M","BOSS"],"items_purchased_type":["Relic","Relic","Relic","Relic"],"build_version":"2020-12-22","purchased_purges":3,"victory":true,"max_hp_per_floor":[90,90,90,90,90,90,90,90,90,90,90,90,90,90,90,90,90,90,90,90,90,90,90,90,90,90,90,90,90,90,90,90,90,90,90,90,90,90,90,90,90,90,90,79,79,79,79,79,79,79],"card_choices":[{"not_picked":["Guardian:Gem_Red","Guardian:Gem_Lightblue"],"picked":"Guardian:Gem_Cyan","floor":2},{"not_picked":["sneckomod:Unknown1Cost","sneckomod:UnknownWeak"],"picked":"sneckomod:PureSnecko","floor":2},{"not_picked":["sneckomod:Unknown1Cost","sneckomod:QuickMove"],"picked":"sneckomod:Nope","floor":8},{"not_picked":["sneckomod:QuickMove","sneckomod:DiceCrush","sneckomod:Unknown1Cost"],"picked":"SKIP","floor":9},{"not_picked":["sneckomod:Rotation","sneckomod:QuickMove"],"picked":"sneckomod:UnknownDraw","floor":10},{"not_picked":["sneckomod:Nope","sneckomod:IronFang"],"picked":"sneckomod:UnknownRarePower","floor":12},{"not_picked":["sneckomod:UnknownDraw","sneckomod:Nope","sneckomod:DiceCrush"],"picked":"SKIP","floor":14},{"not_picked":["sneckomod:TrashToTreasure","sneckomod:PureSnecko"],"picked":"sneckomod:Unknown0Cost","floor":15},{"not_picked":["sneckomod:Mudshield","sneckomod:UnknownRareSkill"],"picked":"sneckomod:UnknownRareAttack","floor":16},{"not_picked":["sneckomod:CheapStock","sneckomod:QuickMove"],"picked":"sneckomod:ImprovisedGuard+1","floor":19},{"not_picked":["sneckomod:DiceBlock","sneckomod:UnknownBlock"],"picked":"sneckomod:SlitherStrike","floor":21},{"not_picked":["sneckomod:DiceBlock","sneckomod:UnknownBlock","sneckomod:ImprovisedAttack"],"picked":"SKIP","floor":22},{"not_picked":["sneckomod:DiceCrush","sneckomod:UnknownCommonAttack"],"picked":"sneckomod:TrashToTreasure","floor":23},{"not_picked":["sneckomod:Unknown1Cost","sneckomod:UnknownCommonAttack"],"picked":"sneckomod:UnendingSupply","floor":25},{"not_picked":["sneckomod:UnknownDraw","sneckomod:Nope"],"picked":"sneckomod:SerpentIdol+1","floor":28},{"not_picked":["sneckomod:DiceBlock","sneckomod:CheapStock","sneckomod:TrashToTreasure+1"],"picked":"SKIP","floor":29},{"not_picked":["sneckomod:UnknownUncommonAttack","sneckomod:IronFang","sneckomod:ImprovisedGuard"],"picked":"SKIP","floor":30},{"not_picked":["sneckomod:WideSting","sneckomod:Unknown1Cost","sneckomod:UnknownUncommonSkill"],"picked":"SKIP","floor":32},{"not_picked":["sneckomod:UnknownRareSkill","sneckomod:UnlimitedRolls"],"picked":"sneckomod:SerpentMind","floor":33},{"not_picked":["sneckomod:SoulDraw","sneckomod:DiceBlock","sneckomod:Unknown0Cost+1"],"picked":"SKIP","floor":36},{"not_picked":["sneckomod:UnknownExhaust","sneckomod:UnknownCommonAttack+1"],"picked":"sneckomod:UnknownBlock+1","floor":37},{"not_picked":["expansioncontent:HyperBeam","expansioncontent:YouAreMine"],"picked":"expansioncontent:Chronoboost","floor":39},{"not_picked":["sneckomod:Nope","sneckomod:CheapStock","sneckomod:QuickBite"],"picked":"SKIP","floor":40},{"not_picked":["sneckomod:SnekBeam","sneckomod:SoulDraw","sneckomod:DefensiveFlair"],"picked":"SKIP","floor":42},{"not_picked":["sneckomod:IronFang+1","sneckomod:ImprovisedAttack","sneckomod:UnknownDraw+1"],"picked":"SKIP","floor":48},{"not_picked":["sneckomod:UnknownUncommonAttack","sneckomod:CheapStock","sneckomod:SoulCleanse"],"picked":"SKIP","floor":49}],"player_experience":273741,"relics_obtained":[{"floor":4,"key":"Blue Candle"},{"floor":7,"key":"Blood Vial"},{"floor":12,"key":"Ginger"},{"floor":23,"key":"Sundial"},{"floor":24,"key":"Mummified Hand"},{"floor":26,"key":"Necronomicon"},{"floor":38,"key":"hubris:DeckOfHolding"},{"floor":41,"key":"hubris:DuctTape"},{"floor":46,"key":"Gambling Chip"},{"floor":47,"key":"hubris:TinFlute"}],"event_choices":[{"cards_removed":["downfall:Icky"],"damage_healed":0,"gold_gain":0,"player_choice":"Card Removal","damage_taken":0,"max_hp_gain":0,"max_hp_loss":0,"event_name":"The Cleric","floor":5,"gold_loss":0},{"damage_healed":0,"gold_gain":0,"player_choice":"Relic ","damage_taken":3,"max_hp_gain":0,"max_hp_loss":0,"event_name":"betterThird:BetterScrap","floor":11,"gold_loss":0,"cards_obtained":["Tempest"]},{"cards_removed":["sneckomod:ImprovisedGuard"],"damage_healed":0,"gold_gain":0,"player_choice":"Give","damage_taken":0,"max_hp_gain":0,"max_hp_loss":0,"event_name":"betterNote:BetterNote","floor":20,"gold_loss":0,"cards_obtained":["None"]}],"is_beta":false,"boss_relics":[{"not_picked":["Black Star","hubris:VirtuousBlindfold"],"picked":"Pandora\u0027s Box"},{"not_picked":["Fusion Hammer","Philosopher\u0027s Stone"],"picked":"hubris:HollowSoul"}],"items_purged_floors":[21,25,40],"is_endless":false,"potions_floor_spawned":[9,10,14,15,19,28,29,30,36,42],"ascension_level":0}}