{"host":"o9ks9zgjwk1fcyk2","time":1611444540,"event":{"mods":["A Magickal Journey","AchievementEnabler","Aspiration","BaseMod","BetterRewards","Colored Map","Colored Powertips","Conspire","DeckTracker","Downfall","Friendly Minions","GifTheSpireLib","Halation","Highlight Path","Hubris","Infinite Spire","Ironclad Rager","Minty Spire (QoL Compilation)","Permanent Neow","Quarter Circle Forward PUNCH!","Quick Restart","READ ME - Guardian Mod","Relic Sorter","Replay The Spire","StSLib","Stuff the Spire","The Alterego","The Construct","The Cursed","The Disciple","The Forsaken","The Jungle","The Marked","The Mystic","vexMod"],"gold_per_floor":[119,132,132,132,151,180,180,180,180,29,29,45,45,45,45,245,245,259,259,39,41,41],"floor_reached":21,"language":"ENG","playtime":1417,"items_purged":["alterego_mod:Defend"],"score":200,"play_id":"d8f58c9a-14ef-401a-a371-d309c10b6ef5","local_time":"20210123232900","is_ascension_mode":false,"campfire_choices":[{"data":"alterego_mod:Impale","floor":7,"key":"SMITH"},{"data":"alterego_mod:BigMeatyClaws","floor":11,"key":"SMITH"},{"data":"alterego_mod:Undulate","floor":13,"key":"SMITH"},{"data":"alterego_mod:Pet","floor":15,"key":"SMITH"}],"circlet_count":0,"master_deck":["alterego_mod:Strike","alterego_mod:Strike","alterego_mod:Strike","alterego_mod:Strike","alterego_mod:Defend","alterego_mod:Defend","alterego_mod:Impale+1","alterego_mod:BigMeatyClaws+1","alterego_mod:BrynhildrsRune","alterego_mod:Bounce+1","alterego_mod:Pet+1","alterego_mod:Undulate+1","alterego_mod:Bloomers","alterego_mod:STier+1","alterego_mod:Undulate"],"relics":["alterego_mod:MasochisticConstitution","hubris:Icosahedron","Simple Rune","m_MercuryCore","aspiration:Nostalgia","Replay:Bottled Eggs","StuffTheSpire:Nightcore","halation:SmartPhone","ClockworkSouvenir"],"acts_visited":["Exordium","TheCity"],"potions_floor_usage":[],"damage_taken":[{"damage":15,"enemies":"Small Slimes","floor":1,"turns":4},{"damage":0,"enemies":"2 Louse","floor":2,"turns":3},{"damage":6,"enemies":"conspire:RoseBush","floor":5,"turns":4},{"damage":30,"enemies":"Gremlin Nob","floor":6,"turns":4},{"damage":0,"enemies":"Large Slime","floor":12,"turns":2},{"damage":29,"enemies":"The Guardian","floor":16,"turns":12},{"damage":0,"enemies":"Chosen","floor":18,"turns":4},{"damage":100008,"enemies":"conspire:MimicChest","floor":21,"turns":4}],"seed_played":"-1199503791611039304","potions_obtained":[{"floor":6,"key":"Doom Potion"},{"floor":16,"key":"Strength Potion"},{"floor":18,"key":"LiquidMemories"}],"is_trial":false,"path_per_floor":["M","M","?","?","M","E","R","?","T","$","R","M","R","?","R","B",null,"M","?","$","?"],"character_chosen":"The_Alterego","items_purchased":["Simple Rune","ClockworkSouvenir"],"campfire_rested":0,"item_purchase_floors":[10,20],"current_hp_per_floor":[56,56,56,56,51,22,22,43,43,43,43,43,43,43,43,15,74,74,74,74,0,0],"gold":41,"neow_bonus":"NOSTALGIA","is_daily":false,"chose_seed":false,"campfire_upgraded":4,"win_rate":0.0,"timestamp":1611444540,"path_taken":["M","M","?","?","M","E","R","?","T","$","R","M","R","?","R","BOSS","M","?","$","?"],"items_purchased_type":["Relic","Relic"],"build_version":"2020-12-22","purchased_purges":1,"victory":false,"max_hp_per_floor":[71,71,71,71,72,73,73,73,73,73,73,73,73,73,73,74,74,74,74,74,74,74],"card_choices":[{"not_picked":["alterego_mod:MagicResistance","LockedWhetstone"],"picked":"alterego_mod:Bounce","floor":1},{"not_picked":["Heatsinks","alterego_mod:Cycle","alterego_mod:Cooking"],"picked":"SKIP","floor":2},{"not_picked":["LockedScales","alterego_mod:PerceptionDisorder"],"picked":"alterego_mod:Pet","floor":5},{"not_picked":["LockedBlood","alterego_mod:RingBreak"],"picked":"alterego_mod:Undulate","floor":6},{"not_picked":["LockedMedicine","Heatsinks"],"picked":"alterego_mod:Bloomers","floor":12},{"not_picked":["alterego_mod:Tantrum","alterego_mod:VirginLaserPalladion"],"picked":"alterego_mod:STier","floor":16},{"not_picked":["alterego_mod:Santa+1","alterego_mod:PerceptionDisorder"],"picked":"alterego_mod:Undulate","floor":18}],"player_experience":317465,"relics_obtained":[{"floor":6,"key":"Replay:Bottled Eggs"},{"floor":9,"key":"StuffTheSpire:Nightcore"}],"event_choices":[],"is_beta":false,"boss_relics":[{"not_picked":["halation:PinkAlligatorPlush","bronze:MakeshiftBattery"],"picked":"halation:SmartPhone"}],"items_purged_floors":[20],"is_endless":false,"potions_floor_spawned":[6,16,18],"killed_by":"conspire:MimicChest","ascension_level":0}}