{"host":"3zmssa4s99zhxek5","time":1611406113,"event":{"mods":["AchievementEnabler","BaseMod","Minty Spire (QoL Compilation)","Permanent Neow","Relic Stats"],"gold_per_floor":[112,187,204,219,50,76,76,76,76,76,110,128,128,140,140,216,216,228,228,153,164,174,174,189,215,238,249,275,545,564,304,304,375,375,385,440,457,477,492,492,522,95,95,114,114,134,134,167,167,167,167],"floor_reached":52,"language":"KOR","playtime":6176,"items_purged":["Defend_P","Strike_P","Strike_P"],"score":2328,"play_id":"f02af041-9553-47bc-93b0-6483eefdb5d0","local_time":"20210123214833","is_ascension_mode":true,"campfire_choices":[{"floor":8.0,"key":"REST"},{"data":"Strike_P","floor":10.0,"key":"SMITH"},{"data":"Wallop","floor":13.0,"key":"SMITH"},{"data":"WindmillStrike","floor":15.0,"key":"SMITH"},{"floor":23,"key":"REST"},{"data":"DevaForm","floor":32,"key":"SMITH"},{"data":"Wallop","floor":40,"key":"SMITH"},{"data":"WheelKick","floor":49,"key":"SMITH"}],"circlet_count":0,"master_deck":["AscendersBane","Strike_P+1","Defend_P","Eruption","Vigilance","Protect","Protect","Vault","Worship","Wallop+1","WindmillStrike+1","DevaForm+1","Fasting2","Wallop+1","Vault","CutThroughFate+1","Fasting2","WheelKick+1"],"relics":["Snecko Eye","PreservedInsect","Gremlin Horn","StrikeDummy","Regal Pillow","Empty Cage","Anchor","Damaru","Toy Ornithopter","Lee\u0027s Waffle","SlaversCollar","Calipers","The Courier","Pen Nib","Happy Flower","Eternal Feather","Torii"],"acts_visited":["Exordium","TheCity","TheBeyond"],"potions_floor_usage":[28,51],"damage_taken":[{"damage":6.0,"enemies":"2 Louse","floor":1.0,"turns":5.0},{"damage":7.0,"enemies":"Jaw Worm","floor":3.0,"turns":4.0},{"damage":0.0,"enemies":"Small Slimes","floor":4.0,"turns":2.0},{"damage":10.0,"enemies":"3 Sentries","floor":6.0,"turns":16.0},{"damage":0.0,"enemies":"Lagavulin","floor":11.0,"turns":5.0},{"damage":0.0,"enemies":"Red Slaver","floor":12.0,"turns":4.0},{"damage":0.0,"enemies":"Exordium Wildlife","floor":14.0,"turns":3.0},{"damage":1.0,"enemies":"The Guardian","floor":16.0,"turns":8.0},{"damage":19,"enemies":"3 Byrds","floor":18,"turns":6},{"damage":0,"enemies":"Spheric Guardian","floor":21,"turns":3},{"damage":7,"enemies":"Snake Plant","floor":22,"turns":3},{"damage":0,"enemies":"Sentry and Sphere","floor":24,"turns":4},{"damage":0,"enemies":"Slavers","floor":25,"turns":3},{"damage":9,"enemies":"Centurion and Healer","floor":27,"turns":3},{"damage":0,"enemies":"Book of Stabbing","floor":28,"turns":3},{"damage":0,"enemies":"3 Cultists","floor":30,"turns":3},{"damage":0,"enemies":"Automaton","floor":33,"turns":5},{"damage":0,"enemies":"3 Shapes","floor":35,"turns":3},{"damage":1,"enemies":"2 Orb Walkers","floor":36,"turns":4},{"damage":0,"enemies":"Orb Walker","floor":37,"turns":4},{"damage":0,"enemies":"Sphere and 2 Shapes","floor":38,"turns":5},{"damage":0,"enemies":"Transient","floor":39,"turns":8},{"damage":0,"enemies":"Giant Head","floor":41,"turns":4},{"damage":0,"enemies":"4 Shapes","floor":44,"turns":3},{"damage":0,"enemies":"3 Darklings","floor":46,"turns":4},{"damage":0,"enemies":"Reptomancer","floor":48,"turns":4},{"damage":36,"enemies":"Time Eater","floor":50,"turns":8},{"damage":0,"enemies":"Awakened One","floor":51,"turns":8}],"seed_played":"6125723270840845949","potions_obtained":[{"floor":6.0,"key":"DuplicationPotion"},{"floor":12.0,"key":"EntropicBrew"},{"floor":25,"key":"StancePotion"},{"floor":28,"key":"Strength Potion"},{"floor":33,"key":"LiquidMemories"}],"is_trial":false,"path_per_floor":["M","?","M","M","$","E","?","R","T","R","E","M","R","M","R","B",null,"M","?","$","M","M","R","M","E","T","M","E","?","M","$","R","B",null,"M","?","M","M","M","R","E","$","T","M","$","M","?","E","R","B","B",null],"character_chosen":"WATCHER","items_purchased":["PreservedInsect","Lee\u0027s Waffle","WheelKick","Pen Nib","Happy Flower"],"campfire_rested":2,"item_purchase_floors":[5,31,42,42,42],"current_hp_per_floor":[55,44,37,37,37,27,20,40,40,40,40,40,40,40,40,39,61,42,42,42,42,35,68,68,68,68,59,59,32,32,75,75,75,75,75,74,74,74,74,74,74,74,74,74,74,74,71,71,71,35,40],"gold":167,"neow_bonus":"BOSS_RELIC","is_daily":false,"chose_seed":false,"campfire_upgraded":6,"win_rate":0.0,"timestamp":1611406113,"path_taken":["M","?","M","M","$","E","?","R","T","R","E","M","R","M","R","BOSS","M","?","$","M","M","R","M","E","T","M","E","?","M","$","R","BOSS","M","?","M","M","M","R","E","$","T","M","$","M","?","E","R","BOSS","BOSS"],"items_purchased_type":["Relic","Relic","Card","Relic","Relic"],"build_version":"2020-12-22","purchased_purges":3,"victory":true,"max_hp_per_floor":[68,68,68,68,68,68,68,68,68,68,68,68,68,68,68,68,68,68,68,68,68,68,68,68,68,68,68,68,68,68,75,75,75,75,75,75,75,75,75,75,75,75,75,75,75,75,71,71,71,71,71],"relic_stats":{"Regal Pillow":13,"Lee\u0027s Waffle":43,"Gremlin Horn":[26,27],"Happy Flower":[9],"Torii":0,"counters":[28,135],"Snecko Eye":[249,225,229,227],"Eternal Feather":0,"PreservedInsect":338,"Pen Nib":[5],"obtain_stats":[{"Regal Pillow":11,"Lee\u0027s Waffle":31,"Calipers":36,"Gremlin Horn":6,"Happy Flower":42,"Torii":48,"Damaru":26,"Eternal Feather":43,"PreservedInsect":5,"The Courier":41,"Pen Nib":42,"Empty Cage":17,"SlaversCollar":34,"Anchor":25,"Snecko Eye":0,"PureWater":0,"StrikeDummy":9,"Toy Ornithopter":28},{"Regal Pillow":5,"Lee\u0027s Waffle":16,"Calipers":19,"Gremlin Horn":4,"Happy Flower":23,"Torii":26,"Damaru":13,"Eternal Feather":23,"PreservedInsect":3,"The Courier":23,"Pen Nib":23,"Empty Cage":8,"SlaversCollar":17,"Anchor":13,"Snecko Eye":0,"PureWater":0,"StrikeDummy":4,"Toy Ornithopter":15},{"Regal Pillow":32,"Lee\u0027s Waffle":75,"Calipers":87,"Gremlin Horn":27,"Happy Flower":108,"Torii":119,"Damaru":66,"Eternal Feather":108,"PreservedInsect":11,"The Courier":108,"Pen Nib":108,"Empty Cage":47,"SlaversCollar":80,"Anchor":66,"Snecko Eye":0,"PureWater":0,"StrikeDummy":27,"Toy Ornithopter":72}],"Toy Ornithopter":5},"card_choices":[{"not_picked":["ThirdEye","Prostrate"],"picked":"Protect","floor":1.0},{"not_picked":["Crescendo","Prostrate"],"picked":"Protect","floor":3.0},{"not_picked":["Crescendo","PathToVictory","ClearTheMind"],"picked":"SKIP","floor":4.0},{"not_picked":["SignatureMove","Nirvana"],"picked":"Vault","floor":6.0},{"not_picked":["Nirvana","Halt"],"picked":"Worship","floor":11.0},{"not_picked":["CutThroughFate","Tantrum"],"picked":"Wallop","floor":12.0},{"not_picked":["ThirdEye","Evaluate"],"picked":"WindmillStrike","floor":14.0},{"not_picked":["Devotion","Vault"],"picked":"DevaForm","floor":16.0},{"not_picked":["CutThroughFate","ForeignInfluence"],"picked":"Fasting2","floor":18},{"not_picked":["TalkToTheHand","Consecrate+1","EmptyFist"],"picked":"SKIP","floor":21},{"not_picked":["EmptyFist","SashWhip","EmptyBody"],"picked":"SKIP","floor":22},{"not_picked":["EmptyFist","SashWhip","EmptyBody"],"picked":"SKIP","floor":22},{"not_picked":["FlyingSleeves","Evaluate","ThirdEye"],"picked":"SKIP","floor":24},{"not_picked":["Protect","ThirdEye","InnerPeace"],"picked":"SKIP","floor":25},{"not_picked":["Consecrate","Prostrate","Halt"],"picked":"SKIP","floor":27},{"not_picked":["ThirdEye","Brilliance"],"picked":"Wallop","floor":28},{"not_picked":["Prostrate","BowlingBash","WindmillStrike"],"picked":"SKIP","floor":30},{"not_picked":["Scrawl","Judgement"],"picked":"Vault","floor":33},{"not_picked":["BattleHymn","Prostrate"],"picked":"CutThroughFate+1","floor":35},{"not_picked":["Prostrate","SandsOfTime"],"picked":"Fasting2","floor":36},{"not_picked":["Protect","EmptyFist","FlurryOfBlows+1"],"picked":"SKIP","floor":37},{"not_picked":["Crescendo+1","Indignation+1","Meditate"],"picked":"SKIP","floor":38},{"not_picked":["LikeWater","Establishment","Collect"],"picked":"SKIP","floor":39},{"not_picked":["BowlingBash","CutThroughFate","SashWhip"],"picked":"SKIP","floor":41},{"not_picked":["Evaluate+1","InnerPeace+1","Halt"],"picked":"SKIP","floor":44},{"not_picked":["FlurryOfBlows","Consecrate+1","Indignation+1"],"picked":"SKIP","floor":46},{"not_picked":["Prostrate+1","FlyingSleeves","Sanctity"],"picked":"SKIP","floor":48}],"player_experience":1579256,"relics_obtained":[{"floor":6.0,"key":"Gremlin Horn"},{"floor":9.0,"key":"StrikeDummy"},{"floor":11.0,"key":"Regal Pillow"},{"floor":25,"key":"Anchor"},{"floor":26,"key":"Damaru"},{"floor":28,"key":"Toy Ornithopter"},{"floor":36,"key":"Calipers"},{"floor":41,"key":"The Courier"},{"floor":43,"key":"Eternal Feather"},{"floor":48,"key":"Torii"}],"event_choices":[{"damage_healed":0.0,"max_hp_gain":0.0,"max_hp_loss":0.0,"gold_gain":75.0,"event_name":"World of Goop","player_choice":"Gather Gold","floor":2.0,"gold_loss":0.0,"damage_taken":11.0},{"cards_removed":["Defend_P"],"damage_healed":0.0,"max_hp_gain":0.0,"max_hp_loss":0.0,"gold_gain":0.0,"event_name":"Golden Wing","player_choice":"Card Removal","floor":7.0,"gold_loss":0.0,"damage_taken":7.0},{"damage_healed":0,"gold_gain":0,"player_choice":"Ignored","damage_taken":0,"max_hp_gain":0,"max_hp_loss":0,"event_name":"The Mausoleum","floor":19,"gold_loss":0},{"damage_healed":0,"gold_gain":270,"player_choice":"GOLD GOLD GOLD ","damage_taken":27,"max_hp_gain":0,"max_hp_loss":0,"event_name":"Knowing Skull","floor":29,"potions_obtained":[],"gold_loss":0,"cards_obtained":[]},{"damage_healed":0,"gold_gain":0,"player_choice":"Fight","damage_taken":0,"max_hp_gain":0,"max_hp_loss":0,"event_name":"Mysterious Sphere","floor":36,"gold_loss":0},{"damage_healed":0,"gold_gain":0,"player_choice":"Max HP","damage_taken":0,"max_hp_gain":0,"max_hp_loss":4,"event_name":"Winding Halls","floor":47,"gold_loss":0}],"is_beta":false,"boss_relics":[{"not_picked":["Busted Crown","Fusion Hammer"],"picked":"Empty Cage"},{"not_picked":["Astrolabe","Cursed Key"],"picked":"SlaversCollar"}],"items_purged_floors":[20,31,42],"is_endless":false,"potions_floor_spawned":[6,12,16,21,22,25,28,33,35,36,39,44,48],"ascension_level":20}}