{"host":"y7sd46uq4xlni546","time":1611404655,"event":{"mods":["AchievementEnabler","BaseMod","Colored Map","Colored Powertips","Curses Come First","Filter the Spire","Minty Spire (QoL Compilation)","Quick Restart","Random Character Button","Rare Cards Sparkle","StSLib"],"gold_per_floor":[113,127,127,127,202,232,232,266,266,281,456,456,491,503,503,608,608,619,631,631,631,642,670,670,670,670,702,722,738,738,752,752,857,857,869,607,620,640,352,352,352,387,387,405,431,431,431,0,0,0,0],"floor_reached":50,"language":"ENG","playtime":3791,"items_purged":["Doubt"],"score":658,"play_id":"58bcff84-954a-491d-9efa-584bc5620a74","local_time":"20210123132415","is_ascension_mode":false,"campfire_choices":[{"floor":7.0,"key":"REST"},{"floor":12.0,"key":"REST"},{"data":"Doppelganger","floor":15.0,"key":"SMITH"},{"floor":24.0,"key":"REST"},{"floor":30,"key":"REST"},{"floor":32,"key":"REST"},{"floor":40,"key":"REST"},{"floor":49,"key":"REST"}],"circlet_count":0,"master_deck":["Strike_G+1","Strike_G+1","Strike_G+1","Strike_G+1","Defend_G+1","Defend_G+1","Defend_G+1","Survivor","Neutralize","Storm of Steel+1","Corpse Explosion+1","Malaise+1","Backflip","Doppelganger+1","Tools of the Trade","Terror","Outmaneuver","Tactician+1","Night Terror","Noxious Fumes+1","Blade Dance","Concentrate+1","Outmaneuver+1","Deflect+1","Apotheosis","Accuracy","Reflex","Tactician"],"relics":["Astrolabe","Ornamental Fan","Gambling Chip","Dead Branch","PreservedInsect","HoveringKite","Anchor","Sundial","CaptainsWheel","Busted Crown","Bottled Lightning","Mercury Hourglass","Juzu Bracelet","Snake Skull","Red Mask"],"acts_visited":["Exordium","TheCity","TheBeyond"],"potions_floor_usage":[29,29,33,33,33,45,49,50],"damage_taken":[{"damage":5.0,"enemies":"Jaw Worm","floor":1.0,"turns":4.0},{"damage":2.0,"enemies":"2 Louse","floor":2.0,"turns":2.0},{"damage":17.0,"enemies":"3 Sentries","floor":6.0,"turns":4.0},{"damage":0.0,"enemies":"Lagavulin","floor":8.0,"turns":7.0},{"damage":6.0,"enemies":"Small Slimes","floor":10.0,"turns":3.0},{"damage":15.0,"enemies":"3 Sentries","floor":13.0,"turns":3.0},{"damage":3.0,"enemies":"Exordium Thugs","floor":14.0,"turns":4.0},{"damage":34.0,"enemies":"The Guardian","floor":16.0,"turns":10.0},{"damage":0.0,"enemies":"3 Byrds","floor":18.0,"turns":2.0},{"damage":2.0,"enemies":"Spheric Guardian","floor":19.0,"turns":3.0},{"damage":7.0,"enemies":"Snake Plant","floor":22.0,"turns":3.0},{"damage":19.0,"enemies":"Gremlin Leader","floor":23.0,"turns":4.0},{"damage":17.0,"enemies":"Slavers","floor":27.0,"turns":2.0},{"damage":5.0,"enemies":"Centurion and Healer","floor":28.0,"turns":3.0},{"damage":0,"enemies":"Shelled Parasite and Fungi","floor":29,"turns":1},{"damage":0,"enemies":"Chosen and Byrds","floor":31,"turns":4},{"damage":14,"enemies":"Champ","floor":33,"turns":6},{"damage":10,"enemies":"3 Darklings","floor":35,"turns":4},{"damage":2,"enemies":"Orb Walker","floor":37,"turns":4},{"damage":9,"enemies":"Spire Growth","floor":38,"turns":5},{"damage":0,"enemies":"Giant Head","floor":42,"turns":2},{"damage":0,"enemies":"Writhing Mass","floor":44,"turns":5},{"damage":60,"enemies":"Nemesis","floor":45,"turns":7},{"damage":54,"enemies":"Time Eater","floor":50,"turns":11}],"seed_played":"-1298386658854439570","potions_obtained":[{"floor":2.0,"key":"Swift Potion"},{"floor":8.0,"key":"SpeedPotion"},{"floor":10.0,"key":"DistilledChaos"},{"floor":16.0,"key":"LiquidMemories"},{"floor":22.0,"key":"CultistPotion"},{"floor":23.0,"key":"SteroidPotion"},{"floor":27.0,"key":"CunningPotion"},{"floor":29,"key":"Strength Potion"},{"floor":31,"key":"CunningPotion"},{"floor":37,"key":"SteroidPotion"},{"floor":44,"key":"Fire Potion"},{"floor":45,"key":"Fruit Juice"}],"is_trial":false,"path_per_floor":["M","M","?","$","?","E","R","E","T","M","?","R","E","M","R","B",null,"M","M","?","?","M","E","R","?","T","E","M","M","R","M","R","B",null,"M","$","M","M","$","R","?","E","T","M","E","?","?","?","R","B"],"character_chosen":"THE_SILENT","items_purchased":["Apotheosis","Accuracy","Bottled Lightning"],"campfire_rested":7,"item_purchase_floors":[36,39,39],"current_hp_per_floor":[65,63,68,68,57,40,62,62,62,56,56,75,60,57,57,23,75,75,73,73,59,52,33,57,57,57,40,35,35,59,59,80,66,80,70,70,68,59,59,80,80,80,80,80,20,20,20,20,49,0,0],"gold":0,"neow_bonus":"BOSS_RELIC","is_daily":false,"chose_seed":false,"campfire_upgraded":1,"win_rate":0.0,"timestamp":1611404655,"path_taken":["M","M","?","$","?","E","R","E","T","M","?","R","E","M","R","BOSS","M","M","?","?","M","E","R","?","T","E","M","?","R","M","R","BOSS","M","$","M","M","$","R","?","E","T","M","E","?","?","?","R","BOSS"],"items_purchased_type":["Card","Card","Relic"],"build_version":"2020-12-22","purchased_purges":1,"victory":false,"max_hp_per_floor":[70,70,75,75,75,75,75,75,75,75,75,75,75,75,75,75,75,75,75,75,80,80,80,80,80,80,80,80,80,80,80,80,80,80,80,80,80,80,80,80,80,80,80,80,80,80,80,80,85,85,85],"card_choices":[{"not_picked":["Outmaneuver","Endless Agony"],"picked":"Backflip","floor":1.0},{"not_picked":["Deadly Poison","Bane","Riddle With Holes"],"picked":"SKIP","floor":2.0},{"not_picked":["Tactician","Cloak And Dagger"],"picked":"Doppelganger","floor":6.0},{"not_picked":["Concentrate","Bane"],"picked":"Tools of the Trade","floor":8.0},{"not_picked":["Dagger Throw","Deflect"],"picked":"Terror","floor":10.0},{"not_picked":["Acrobatics","Deflect"],"picked":"Outmaneuver","floor":13.0},{"not_picked":["Deadly Poison","Poisoned Stab"],"picked":"Tactician","floor":14.0},{"not_picked":["Corpse Explosion","Tools of the Trade"],"picked":"Night Terror","floor":16.0},{"not_picked":["Eviscerate","Tactician+1"],"picked":"Noxious Fumes+1","floor":18.0},{"not_picked":["Underhanded Strike","Predator","Poisoned Stab"],"picked":"SKIP","floor":19.0},{"not_picked":["Dagger Throw","Outmaneuver","Slice+1"],"picked":"SKIP","floor":22.0},{"not_picked":["Bane","Finisher"],"picked":"Concentrate+1","floor":23.0},{"not_picked":["Leg Sweep","Riddle With Holes","Infinite Blades"],"picked":"SKIP","floor":27.0},{"not_picked":["Dodge and Roll","Flechettes+1","Doppelganger"],"picked":"SKIP","floor":28.0},{"not_picked":["Dodge and Roll","PiercingWail","Deadly Poison"],"picked":"SKIP","floor":29},{"not_picked":["Blade Dance","Concentrate+1"],"picked":"Outmaneuver+1","floor":31},{"not_picked":[],"picked":"Deflect+1","floor":35},{"not_picked":["Deadly Poison+1"],"picked":"SKIP","floor":37},{"not_picked":["Acrobatics+1"],"picked":"SKIP","floor":38},{"not_picked":[],"picked":"Reflex","floor":42},{"not_picked":["Flechettes"],"picked":"SKIP","floor":44},{"not_picked":[],"picked":"Tactician","floor":45}],"player_experience":683695,"relics_obtained":[{"floor":6.0,"key":"Ornamental Fan"},{"floor":8.0,"key":"Gambling Chip"},{"floor":9.0,"key":"Dead Branch"},{"floor":13.0,"key":"PreservedInsect"},{"floor":23.0,"key":"Anchor"},{"floor":26.0,"key":"Sundial"},{"floor":27.0,"key":"CaptainsWheel"},{"floor":42,"key":"Mercury Hourglass"},{"floor":43,"key":"Juzu Bracelet"},{"floor":45,"key":"Snake Skull"}],"event_choices":[{"damage_healed":0.0,"max_hp_gain":5.0,"max_hp_loss":0.0,"gold_gain":0.0,"event_name":"Big Fish","player_choice":"Donut","floor":3.0,"gold_loss":0.0,"damage_taken":0.0},{"damage_healed":0.0,"max_hp_gain":0.0,"max_hp_loss":0.0,"gold_gain":75.0,"event_name":"World of Goop","player_choice":"Gather Gold","floor":5.0,"gold_loss":0.0,"damage_taken":11.0},{"damage_healed":0.0,"max_hp_gain":0.0,"max_hp_loss":0.0,"gold_gain":175.0,"event_name":"Liars Game","player_choice":"AGREE","floor":11.0,"gold_loss":0.0,"damage_taken":0.0,"cards_obtained":["Doubt"]},{"damage_healed":0.0,"max_hp_gain":0.0,"max_hp_loss":0.0,"gold_gain":0.0,"event_name":"The Library","player_choice":"Read","floor":20.0,"gold_loss":0.0,"damage_taken":0.0,"cards_obtained":["Blade Dance"]},{"damage_healed":0.0,"max_hp_gain":5.0,"max_hp_loss":0.0,"gold_gain":0.0,"event_name":"Forgotten Altar","player_choice":"Shed Blood","floor":21.0,"gold_loss":0.0,"damage_taken":19.0},{"damage_healed":0.0,"max_hp_gain":0.0,"max_hp_loss":0.0,"gold_gain":0.0,"event_name":"Back to Basics","player_choice":"Simplicity","floor":25.0,"gold_loss":0.0,"damage_taken":0.0,"cards_upgraded":["Strike_G","Strike_G","Strike_G","Strike_G","Defend_G","Defend_G","Defend_G"]},{"damage_healed":0,"gold_gain":0,"player_choice":"Memory 1","damage_taken":0,"max_hp_gain":0,"max_hp_loss":0,"event_name":"SensoryStone","floor":41,"gold_loss":0},{"damage_healed":0,"gold_gain":0,"player_choice":"Upgraded","damage_taken":0,"max_hp_gain":0,"max_hp_loss":0,"event_name":"Upgrade Shrine","floor":46,"gold_loss":0,"cards_upgraded":["Tactician"]},{"damage_healed":0,"gold_gain":0,"player_choice":"Ignored","damage_taken":0,"max_hp_gain":0,"max_hp_loss":0,"event_name":"Mysterious Sphere","floor":47,"gold_loss":0},{"damage_healed":0,"gold_gain":0,"player_choice":"Paid","damage_taken":0,"relics_obtained":["Red Mask"],"max_hp_gain":0,"max_hp_loss":0,"event_name":"Tomb of Lord Red Mask","floor":48,"gold_loss":431}],"is_beta":false,"boss_relics":[{"not_picked":["Coffee Dripper","Tiny House"],"picked":"HoveringKite"},{"not_picked":["WristBlade","SacredBark"],"picked":"Busted Crown"}],"items_purged_floors":[36],"is_endless":false,"potions_floor_spawned":[2,8,10,16,22,23,27,29,31,37,44,45],"killed_by":"Time Eater","ascension_level":0}}