{"host":"5p9hybygolzp0efr","time":1611386339,"event":{"mods":["AchievementEnabler","BaseMod","Bestiary","Colored Map","Googly Eyes","Minty Spire (QoL Compilation)","Permanent Neow","Relic Stats"],"gold_per_floor":[115,130,149,149,74,103,124,134,134,234,251,281,281,300,300,404,404,420,174,189,44,44,69,69,69,69,69,79,79,4,4,4,101,101,111,122,122,32,0,0,32,48,97,97,122,122,140,156,156,156,156,156,4,36,36,36],"floor_reached":55,"language":"ENG","playtime":2731,"items_purged":["Strike_R"],"score":789,"play_id":"0eee74e9-2c48-43f2-8ccd-19cfe562fed4","local_time":"20210123151859","is_ascension_mode":true,"campfire_choices":[{"data":"Limit Break","floor":13.0,"key":"SMITH"},{"data":"Heavy Blade","floor":15.0,"key":"SMITH"},{"floor":24.0,"key":"REST"},{"floor":27.0,"key":"RECALL"},{"data":"True Grit","floor":29.0,"key":"SMITH"},{"floor":32.0,"key":"REST"},{"floor":40.0,"key":"REST"},{"data":"Double Tap","floor":44.0,"key":"SMITH"},{"data":"Demon Form","floor":46.0,"key":"SMITH"},{"floor":49.0,"key":"REST"},{"data":"Battle Trance","floor":52.0,"key":"SMITH"}],"circlet_count":0,"master_deck":["Strike_R","Defend_R","Defend_R+1","Defend_R","Bash","Uppercut","Heavy Blade+1","Limit Break+1","Flex","Inflame","Flex+1","Battle Trance+1","Flame Barrier","Demon Form+1","Clothesline+1","Burning Pact+1","True Grit+1","Double Tap+1","Wild Strike+1","Dark Embrace+1","Reaper+1","Pummel+1","Panacea","Inflame+1","Twin Strike+1","Metallicize+1"],"relics":["Philosopher\u0027s Stone","Meat on the Bone","Charon\u0027s Ashes","Odd Mushroom","Red Skull","Black Star","Mercury Hourglass","Akabeko","War Paint","Calipers","Molten Egg 2","Incense Burner","Astrolabe","Red Mask","Bag of Preparation","Turnip","MealTicket","Pear","Smiling Mask","Bronze Scales","Paper Frog","Boot"],"acts_visited":["Exordium","TheCity","TheBeyond","TheEnding"],"potions_floor_usage":[55],"damage_taken":[{"damage":0.0,"enemies":"Cultist","floor":1.0,"turns":2.0},{"damage":1.0,"enemies":"Small Slimes","floor":2.0,"turns":3.0},{"damage":8.0,"enemies":"2 Louse","floor":3.0,"turns":2.0},{"damage":35.0,"enemies":"Lagavulin","floor":6.0,"turns":7.0},{"damage":19.0,"enemies":"The Mushroom Lair","floor":7.0,"turns":4.0},{"damage":9.0,"enemies":"Looter","floor":8.0,"turns":3.0},{"damage":12.0,"enemies":"Exordium Thugs","floor":11.0,"turns":3.0},{"damage":15.0,"enemies":"Gremlin Nob","floor":12.0,"turns":3.0},{"damage":13.0,"enemies":"Exordium Wildlife","floor":14.0,"turns":3.0},{"damage":17.0,"enemies":"The Guardian","floor":16.0,"turns":6.0},{"damage":20.0,"enemies":"Spheric Guardian","floor":18.0,"turns":5.0},{"damage":12.0,"enemies":"3 Byrds","floor":20.0,"turns":4.0},{"damage":15.0,"enemies":"Book of Stabbing","floor":23.0,"turns":5.0},{"damage":15.0,"enemies":"Snake Plant","floor":28.0,"turns":3.0},{"damage":73.0,"enemies":"Collector","floor":33.0,"turns":9.0},{"damage":19.0,"enemies":"Orb Walker","floor":35.0,"turns":5.0},{"damage":43.0,"enemies":"3 Darklings","floor":36.0,"turns":6.0},{"damage":47.0,"enemies":"Reptomancer","floor":41.0,"turns":4.0},{"damage":23.0,"enemies":"Sphere and 2 Shapes","floor":42.0,"turns":5.0},{"damage":27.0,"enemies":"Nemesis","floor":45.0,"turns":5.0},{"damage":1.0,"enemies":"Transient","floor":47.0,"turns":5.0},{"damage":14.0,"enemies":"Jaw Worm Horde","floor":48.0,"turns":4.0},{"damage":63.0,"enemies":"Donu and Deca","floor":50.0,"turns":9.0},{"damage":60.0,"enemies":"Shield and Spear","floor":54.0,"turns":5.0},{"damage":86,"enemies":"The Heart","floor":55,"turns":6}],"seed_played":"-9188969192769805919","potions_obtained":[{"floor":1.0,"key":"ColorlessPotion"},{"floor":3.0,"key":"Ancient Potion"},{"floor":6.0,"key":"LiquidBronze"},{"floor":8.0,"key":"SteroidPotion"},{"floor":16.0,"key":"SkillPotion"},{"floor":20.0,"key":"ElixirPotion"},{"floor":23.0,"key":"Swift Potion"},{"floor":42.0,"key":"Energy Potion"},{"floor":45.0,"key":"Energy Potion"}],"is_trial":false,"path_per_floor":["M","M","M","T","$","E","?","M","T","?","M","E","R","M","R","B",null,"M","$","M","$","?","E","R","?","T","R","M","R","?","T","R","B",null,"M","M","?","$","?","R","E","M","T","R","E","R","M","M","R","B",null,"R","$","E","B"],"character_chosen":"IRONCLAD","items_purchased":["Mercury Hourglass","Akabeko","Panacea","Bronze Scales"],"campfire_rested":4,"item_purchase_floors":[19,21,38,53],"current_hp_per_floor":[80,79,71,71,71,48,41,44,44,44,44,41,41,40,40,35,80,60,60,48,48,33,30,55,55,55,55,52,52,52,52,77,16,85,66,53,45,45,45,70,50,57,57,57,57,57,75,61,89,50,95,95,95,47,0,0],"gold":36,"neow_bonus":"BOSS_RELIC","is_daily":false,"chose_seed":false,"campfire_upgraded":6,"win_rate":0.0,"timestamp":1611386339,"path_taken":["M","M","M","?","$","E","?","M","T","?","M","E","R","M","R","BOSS","M","$","M","$","?","E","R","?","T","R","M","R","?","?","R","BOSS","M","M","?","?","?","R","E","?","T","R","E","R","M","M","R","BOSS","R","$","E","BOSS"],"items_purchased_type":["Relic","Relic","Card","Relic"],"build_version":"2020-12-22","purchased_purges":1,"victory":false,"max_hp_per_floor":[80,80,80,80,80,80,80,80,80,80,80,80,80,80,80,80,80,80,80,80,80,85,85,85,85,85,85,85,85,85,85,85,85,85,85,85,85,85,85,85,85,85,85,85,95,95,95,95,95,95,95,95,95,95,95,95],"relic_stats":{"counters":[25,115],"Astrolabe":["Wild Strike","Dark Embrace","Reaper"],"Charon\u0027s Ashes":[248],"Bag of Preparation":[14],"War Paint":["Defend_R","Flex"],"Smiling Mask":0,"Boot":[0],"Mercury Hourglass":[279],"Bronze Scales":[84],"MealTicket":0,"Turnip":[7],"Black Star":4,"obtain_stats":[{"Calipers":23,"Pear":45,"Astrolabe":34,"Charon\u0027s Ashes":6,"Incense Burner":31,"Bag of Preparation":41,"Odd Mushroom":7,"War Paint":23,"Smiling Mask":45,"Boot":54,"Burning Blood":0,"Akabeko":21,"Mercury Hourglass":19,"Bronze Scales":53,"Philosopher\u0027s Stone":0,"Molten Egg 2":26,"MealTicket":43,"Turnip":41,"Black Star":17,"Red Mask":39,"Red Skull":12,"Meat on the Bone":4,"Paper Frog":54},{"Calipers":13,"Pear":20,"Astrolabe":15,"Charon\u0027s Ashes":4,"Incense Burner":14,"Bag of Preparation":18,"Odd Mushroom":5,"War Paint":13,"Smiling Mask":20,"Boot":24,"Burning Blood":0,"Akabeko":12,"Mercury Hourglass":11,"Bronze Scales":23,"Philosopher\u0027s Stone":0,"Molten Egg 2":13,"MealTicket":19,"Turnip":18,"Black Star":10,"Red Mask":17,"Red Skull":8,"Meat on the Bone":3,"Paper Frog":24},{"Calipers":50,"Pear":86,"Astrolabe":62,"Charon\u0027s Ashes":14,"Incense Burner":53,"Bag of Preparation":76,"Odd Mushroom":18,"War Paint":50,"Smiling Mask":86,"Boot":109,"Burning Blood":0,"Akabeko":45,"Mercury Hourglass":41,"Bronze Scales":104,"Philosopher\u0027s Stone":0,"Molten Egg 2":50,"MealTicket":81,"Turnip":76,"Black Star":36,"Red Mask":72,"Red Skull":27,"Meat on the Bone":7,"Paper Frog":109}],"Meat on the Bone":144},"card_choices":[{"not_picked":["Flex","Thunderclap"],"picked":"Uppercut","floor":1.0},{"not_picked":["Evolve","Clothesline"],"picked":"Heavy Blade","floor":2.0},{"not_picked":["Heavy Blade","Seeing Red"],"picked":"Limit Break","floor":3.0},{"not_picked":["Rupture","Brutality"],"picked":"Flex","floor":6.0},{"not_picked":["Wild Strike","Dropkick"],"picked":"Inflame","floor":7.0},{"not_picked":["Body Slam","Perfected Strike"],"picked":"Flex","floor":8.0},{"not_picked":["Perfected Strike","Flame Barrier"],"picked":"Battle Trance","floor":11.0},{"not_picked":["Seeing Red","Anger"],"picked":"Flame Barrier","floor":12.0},{"not_picked":["Corruption","Bloodletting","Sever Soul"],"picked":"SKIP","floor":14.0},{"not_picked":["Offering","Limit Break"],"picked":"Demon Form","floor":16.0},{"not_picked":["Rage","Headbutt"],"picked":"Clothesline+1","floor":18.0},{"not_picked":["Sword Boomerang","Iron Wave","Clothesline+1"],"picked":"SKIP","floor":20.0},{"not_picked":["Flex","Warcry"],"picked":"Burning Pact+1","floor":23.0},{"not_picked":["Battle Trance+1","Offering"],"picked":"True Grit","floor":28.0},{"not_picked":["Fiend Fire+1","Bludgeon+1"],"picked":"Double Tap","floor":33.0},{"not_picked":["Blood for Blood+1","Hemokinesis+1"],"picked":"Pummel+1","floor":35.0},{"not_picked":["True Grit","Clothesline+1","Headbutt+1"],"picked":"SKIP","floor":36.0},{"not_picked":["Anger+1","Wild Strike+1","Pummel+1"],"picked":"SKIP","floor":41.0},{"not_picked":["Reckless Charge+1","Clash+1"],"picked":"Inflame+1","floor":42.0},{"not_picked":["Blood for Blood+1","Searing Blow+1"],"picked":"Twin Strike+1","floor":45.0},{"not_picked":["Anger+1","Perfected Strike+1","Thunderclap+1"],"picked":"SKIP","floor":47.0},{"not_picked":["Flame Barrier","Headbutt+1","Thunderclap+1"],"picked":"SKIP","floor":48.0},{"not_picked":["Shrug It Off","Clash+1"],"picked":"Metallicize+1","floor":54.0}],"player_experience":512619,"relics_obtained":[{"floor":4.0,"key":"Meat on the Bone"},{"floor":6.0,"key":"Charon\u0027s Ashes"},{"floor":7.0,"key":"Odd Mushroom"},{"floor":12.0,"key":"Red Skull"},{"floor":23.0,"key":"War Paint"},{"floor":23.0,"key":"Calipers"},{"floor":26.0,"key":"Molten Egg 2"},{"floor":31.0,"key":"Incense Burner"},{"floor":41.0,"key":"Bag of Preparation"},{"floor":41.0,"key":"Turnip"},{"floor":43.0,"key":"MealTicket"},{"floor":45.0,"key":"Pear"},{"floor":45.0,"key":"Smiling Mask"},{"floor":54.0,"key":"Paper Frog"},{"floor":54.0,"key":"Boot"}],"event_choices":[{"damage_healed":0.0,"max_hp_gain":0.0,"max_hp_loss":0.0,"gold_gain":0.0,"event_name":"Mushrooms","player_choice":"Fought Mushrooms","floor":7.0,"gold_loss":0.0,"damage_taken":0.0},{"damage_healed":0.0,"max_hp_gain":0.0,"max_hp_loss":0.0,"gold_gain":100.0,"event_name":"Golden Shrine","player_choice":"Pray","floor":10.0,"gold_loss":0.0,"damage_taken":0.0},{"damage_healed":0.0,"max_hp_gain":5.0,"max_hp_loss":0.0,"gold_gain":0.0,"event_name":"Forgotten Altar","player_choice":"Shed Blood","floor":22.0,"gold_loss":0.0,"damage_taken":20.0},{"damage_healed":0.0,"max_hp_gain":0.0,"max_hp_loss":0.0,"gold_gain":0.0,"event_name":"Vampires","player_choice":"Ignored","floor":25.0,"gold_loss":0.0,"damage_taken":0.0},{"cards_removed":["Strike_R"],"damage_healed":0.0,"max_hp_gain":0.0,"max_hp_loss":0.0,"gold_gain":0.0,"event_name":"Beggar","player_choice":"Gave Gold","floor":30.0,"gold_loss":75.0,"damage_taken":0.0},{"damage_healed":0.0,"max_hp_gain":0.0,"max_hp_loss":0.0,"gold_gain":0.0,"event_name":"Wheel of Change","player_choice":"Damaged","floor":37.0,"gold_loss":0.0,"damage_taken":8.0},{"damage_healed":0.0,"max_hp_gain":0.0,"max_hp_loss":0.0,"gold_gain":0.0,"event_name":"Tomb of Lord Red Mask","player_choice":"Paid","floor":39.0,"gold_loss":32.0,"damage_taken":0.0,"relics_obtained":["Red Mask"]}],"is_beta":false,"boss_relics":[{"not_picked":["Runic Cube","Sozu"],"picked":"Black Star"},{"not_picked":["Busted Crown","Runic Dome"],"picked":"Astrolabe"}],"items_purged_floors":[5],"is_endless":false,"potions_floor_spawned":[1,3,6,8,16,20,23,42,45],"killed_by":"The Heart","ascension_level":1}}