{"host":"1c17lcvl7acx821p","time":1611402219,"event":{"mods":["AchievementEnabler","BaseMod","Colored Map","Minty Spire (QoL Compilation)","StSLib"],"gold_per_floor":[116,116,128,144,94,94,112,146,146,146,3,3,3,14,14,117,117,134,147,147,167,182,182,214,214,214,214,214,214,229,256,268,384,396,421,132,182,232,232,232,243,274,274,309,269,294,312,329,329,329,329,329,23,55,55,55],"floor_reached":55,"language":"ENG","playtime":2783,"items_purged":["Defend_B"],"score":1227,"play_id":"3e707ab8-0425-4039-abf4-90f7e32effa2","local_time":"20210123134339","is_ascension_mode":true,"campfire_choices":[{"data":"Coolheaded","floor":6.0,"key":"SMITH"},{"data":"Fission","floor":10.0,"key":"SMITH"},{"data":"Coolheaded","floor":12.0,"key":"SMITH"},{"floor":15.0,"key":"REST"},{"data":"Hologram","floor":23.0,"key":"SMITH"},{"floor":25.0,"key":"REST"},{"data":"Rainbow","floor":27.0,"key":"SMITH"},{"data":"Electrodynamics","floor":29.0,"key":"SMITH"},{"data":"Turbo","floor":32.0,"key":"SMITH"},{"data":"Fission","floor":40,"key":"SMITH"},{"floor":49,"key":"RECALL"},{"data":"Amplify","floor":52,"key":"SMITH"}],"circlet_count":0,"master_deck":["AscendersBane","Strike_B+1","Defend_B+1","Zap","Dualcast","Ball Lightning+1","Force Field","Coolheaded+1","Storm","Coolheaded+1","Fission+1","Electrodynamics+1","Hologram+1","Multi-Cast","Turbo+1","Rainbow+1","Glacier","Hologram+1","Redo+1","Fission+1","CurseOfTheBell","BootSequence","Loop+1","Amplify+1","Madness","Madness","Double Energy+1","Loop","Chaos+1","Reboot"],"relics":["Cracked Core","Whetstone","Bag of Marbles","ClockworkSouvenir","Sozu","Letter Opener","Sundial","MawBank","Calling Bell","Blood Vial","HornCleat","Dead Branch","Lee\u0027s Waffle","Unceasing Top","Ice Cream","Incense Burner","Bottled Lightning","Art of War","Bag of Preparation","Oddly Smooth Stone","Centennial Puzzle"],"acts_visited":["Exordium","TheCity","TheBeyond","TheEnding"],"potions_floor_usage":[],"damage_taken":[{"damage":2.0,"enemies":"Jaw Worm","floor":1.0,"turns":3.0},{"damage":1.0,"enemies":"Cultist","floor":3.0,"turns":4.0},{"damage":0.0,"enemies":"Small Slimes","floor":4.0,"turns":3.0},{"damage":7.0,"enemies":"Looter","floor":7.0,"turns":4.0},{"damage":20.0,"enemies":"3 Sentries","floor":8.0,"turns":8.0},{"damage":1.0,"enemies":"Exordium Thugs","floor":14.0,"turns":4.0},{"damage":9.0,"enemies":"The Guardian","floor":16.0,"turns":14.0},{"damage":0.0,"enemies":"Spheric Guardian","floor":18.0,"turns":4.0},{"damage":0.0,"enemies":"Chosen","floor":19.0,"turns":4.0},{"damage":0.0,"enemies":"Sentry and Sphere","floor":21.0,"turns":2.0},{"damage":2.0,"enemies":"Centurion and Healer","floor":22.0,"turns":4.0},{"damage":50.0,"enemies":"Book of Stabbing","floor":24.0,"turns":7.0},{"damage":0.0,"enemies":"Snecko","floor":30.0,"turns":4.0},{"damage":9.0,"enemies":"Gremlin Leader","floor":31.0,"turns":7.0},{"damage":31,"enemies":"Champ","floor":33,"turns":13},{"damage":20,"enemies":"3 Darklings","floor":35,"turns":3},{"damage":0,"enemies":"Mind Bloom Boss Battle","floor":37,"turns":6},{"damage":0,"enemies":"2 Orb Walkers","floor":38,"turns":3},{"damage":0,"enemies":"3 Shapes","floor":41,"turns":2},{"damage":28,"enemies":"Nemesis","floor":42,"turns":7},{"damage":0,"enemies":"Reptomancer","floor":44,"turns":5},{"damage":0,"enemies":"Nemesis","floor":46,"turns":3},{"damage":0,"enemies":"Jaw Worm Horde","floor":47,"turns":2},{"damage":0,"enemies":"4 Shapes","floor":48,"turns":4},{"damage":36,"enemies":"Donu and Deca","floor":50,"turns":6},{"damage":32,"enemies":"Shield and Spear","floor":54,"turns":4},{"damage":39,"enemies":"The Heart","floor":55,"turns":5}],"seed_played":"-5433456089750786167","potions_obtained":[{"floor":3.0,"key":"Strength Potion"},{"floor":7.0,"key":"Fire Potion"}],"is_trial":false,"path_per_floor":["M","?","M","M","?","R","M","E","T","R","$","R","?","M","R","B",null,"M","M","?","M","M","R","E","R","T","R","?","R","M","E","R","B",null,"M","$","?","?","?","R","M","E","T","E","?","E","M","M","R","B",null,"R","$","E","B"],"character_chosen":"DEFECT","items_purchased":["ClockworkSouvenir","Loop","Lee\u0027s Waffle","Bag of Preparation","Oddly Smooth Stone"],"campfire_rested":2,"item_purchase_floors":[11,36,36,53,53],"current_hp_per_floor":[66,66,65,65,65,65,58,38,38,38,38,38,31,30,52,43,67,67,67,67,67,65,65,15,37,37,37,62,62,62,53,53,22,62,44,82,82,82,72,72,74,48,48,50,50,52,54,56,56,22,67,67,67,37,0,0],"gold":55,"neow_bonus":"REMOVE_CARD","is_daily":false,"chose_seed":false,"campfire_upgraded":9,"win_rate":0.0,"timestamp":1611402219,"path_taken":["M","?","?","?","?","R","M","E","T","R","$","R","?","?","R","BOSS","M","M","?","M","M","R","E","R","T","R","?","R","M","E","R","BOSS","M","$","?","?","?","R","M","E","T","E","?","E","M","?","R","BOSS","R","$","E","BOSS"],"items_purchased_type":["Relic","Card","Relic","Relic","Relic"],"build_version":"2020-12-22","purchased_purges":1,"victory":false,"max_hp_per_floor":[75,75,75,75,75,75,75,75,75,75,75,75,75,75,75,75,75,75,75,75,75,75,75,75,75,75,75,75,75,75,75,75,75,75,75,82,82,82,82,82,82,82,82,82,82,82,82,82,82,82,82,82,82,82,82,82],"card_choices":[{"not_picked":["Gash","Aggregate"],"picked":"Ball Lightning","floor":1.0},{"not_picked":["Rebound","Ball Lightning"],"picked":"Coolheaded","floor":3.0},{"not_picked":["Tempest","Hologram"],"picked":"Storm","floor":4.0},{"not_picked":["Stack","Force Field"],"picked":"Coolheaded","floor":7.0},{"not_picked":["Genetic Algorithm","Aggregate"],"picked":"Fission","floor":8.0},{"not_picked":["Steam","Gash","Rebound"],"picked":"SKIP","floor":14.0},{"not_picked":["Seek","Echo Form"],"picked":"Electrodynamics","floor":16.0},{"not_picked":["Cold Snap","Turbo+1"],"picked":"Hologram","floor":18.0},{"not_picked":["Go for the Eyes","Barrage","Cold Snap"],"picked":"SKIP","floor":19.0},{"not_picked":["Hello World","Barrage","Heatsinks"],"picked":"SKIP","floor":21.0},{"not_picked":["Beam Cell+1","Turbo"],"picked":"Rainbow","floor":22.0},{"not_picked":["Auto Shields","Thunder Strike"],"picked":"Glacier","floor":24.0},{"not_picked":["Coolheaded","Steam"],"picked":"Hologram+1","floor":30.0},{"not_picked":["Conserve Battery","Compile Driver+1"],"picked":"Redo+1","floor":31.0},{"not_picked":["Core Surge","All For One"],"picked":"Fission","floor":33},{"not_picked":["Hologram","Redo+1"],"picked":"BootSequence","floor":35},{"not_picked":["Rebound+1","Sweeping Beam+1"],"picked":"Amplify","floor":37},{"not_picked":["Redo+1","Streamline+1","Leap"],"picked":"SKIP","floor":41},{"not_picked":["Steam","Redo","Gash+1"],"picked":"SKIP","floor":42},{"not_picked":["Tempest+1","Turbo"],"picked":"Double Energy+1","floor":44},{"not_picked":["Streamline+1","Meteor Strike","Sweeping Beam+1"],"picked":"SKIP","floor":46},{"not_picked":["Rebound+1","Reinforced Body"],"picked":"Loop","floor":47},{"not_picked":["Streamline","Ball Lightning+1"],"picked":"Chaos+1","floor":48},{"not_picked":["Cold Snap","FTL+1"],"picked":"Reboot","floor":54}],"player_experience":184608,"relics_obtained":[{"floor":8.0,"key":"Whetstone"},{"floor":9.0,"key":"Bag of Marbles"},{"floor":24.0,"key":"Letter Opener"},{"floor":26.0,"key":"Sundial"},{"floor":31.0,"key":"MawBank"},{"floor":34,"key":"Blood Vial"},{"floor":34,"key":"HornCleat"},{"floor":34,"key":"Dead Branch"},{"floor":37,"key":"Unceasing Top"},{"floor":38,"key":"Ice Cream"},{"floor":42,"key":"Incense Burner"},{"floor":44,"key":"Bottled Lightning"},{"floor":46,"key":"Art of War"},{"floor":54,"key":"Centennial Puzzle"}],"event_choices":[{"damage_healed":0.0,"max_hp_gain":0.0,"max_hp_loss":0.0,"gold_gain":0.0,"cards_transformed":["Strike_B"],"event_name":"Transmorgrifier","player_choice":"Transformed","floor":2.0,"gold_loss":0.0,"damage_taken":0.0,"cards_obtained":["Force Field"]},{"cards_removed":["Defend_B"],"damage_healed":0.0,"max_hp_gain":0.0,"max_hp_loss":0.0,"gold_gain":0.0,"event_name":"The Cleric","player_choice":"Card Removal","floor":5.0,"gold_loss":50.0,"damage_taken":0.0},{"damage_healed":0.0,"max_hp_gain":0.0,"max_hp_loss":0.0,"gold_gain":0.0,"event_name":"Wheel of Change","player_choice":"Damaged","floor":13.0,"gold_loss":0.0,"damage_taken":7.0},{"damage_healed":0.0,"max_hp_gain":0.0,"max_hp_loss":0.0,"gold_gain":0.0,"cards_transformed":["Strike_B","Defend_B"],"event_name":"Drug Dealer","player_choice":"Became Test Subject","floor":20.0,"gold_loss":0.0,"damage_taken":0.0,"cards_obtained":["Multi-Cast","Turbo"]},{"damage_healed":25.0,"max_hp_gain":0.0,"max_hp_loss":0.0,"gold_gain":0.0,"event_name":"The Library","player_choice":"Heal","floor":28.0,"gold_loss":0.0,"damage_taken":0.0},{"damage_healed":0,"gold_gain":0,"player_choice":"Fight","damage_taken":0,"max_hp_gain":0,"max_hp_loss":0,"event_name":"MindBloom","floor":37,"gold_loss":0},{"damage_healed":0,"gold_gain":0,"player_choice":"Fight","damage_taken":0,"max_hp_gain":0,"max_hp_loss":0,"event_name":"Mysterious Sphere","floor":38,"gold_loss":0},{"damage_healed":0,"gold_gain":0,"player_choice":"Embrace Madness","damage_taken":10,"max_hp_gain":0,"max_hp_loss":0,"event_name":"Winding Halls","floor":39,"gold_loss":0,"cards_obtained":["Madness","Madness"]},{"damage_healed":0,"gold_gain":0,"player_choice":"Upgraded Two","damage_taken":0,"max_hp_gain":0,"max_hp_loss":0,"event_name":"Designer","floor":45,"gold_loss":40,"cards_upgraded":["Defend_B","Loop"]}],"is_beta":false,"boss_relics":[{"not_picked":["Fusion Hammer","Tiny House"],"picked":"Sozu"},{"not_picked":["Snecko Eye","Runic Dome"],"picked":"Calling Bell"}],"items_purged_floors":[36],"is_endless":false,"potions_floor_spawned":[3,7,18,19,21,24,31,42,44,46,48],"killed_by":"The Heart","ascension_level":10}}