{"host":"wha9hktbkslqvblg","time":1611412223,"event":{"mods":["BaseMod","Colored Map","Minty Spire (QoL Compilation)","Relic Stats","SuperFastMode","everything is the same but u backflip on backflip"],"gold_per_floor":[110,23,23,23,34,34,65,65,116,41,56,89,89,101,101,179,179,198,18,30,30,30,30,30,30],"floor_reached":24,"language":"KOR","playtime":362,"items_purged":["Strike_R","Strike_R"],"score":504,"play_id":"67bcaf42-705d-4b25-bb93-41ca962574ba","local_time":"20210123233023","is_ascension_mode":true,"campfire_choices":[{"data":"Bludgeon","floor":6.0,"key":"SMITH"},{"data":"Entrench","floor":8.0,"key":"SMITH"},{"data":"Seeing Red","floor":13.0,"key":"SMITH"},{"floor":15.0,"key":"RECALL"},{"data":"Body Slam","floor":23.0,"key":"SMITH"}],"circlet_count":0,"master_deck":["AscendersBane","Strike_R","Strike_R","Strike_R","Defend_R","Defend_R+1","Defend_R","Defend_R+1","Bash","Entrench+1","Bludgeon+1","Seeing Red+1","Brutality","Evolve+1","Shrug It Off","Headbutt","Shockwave+1","Body Slam+1"],"relics":["Burning Blood","NeowsBlessing","Red Skull","Orichalcum","SlaversCollar"],"acts_visited":["Exordium","TheCity"],"potions_floor_usage":[24],"damage_taken":[{"damage":0.0,"enemies":"Cultist","floor":1.0,"turns":1.0},{"damage":0.0,"enemies":"Small Slimes","floor":5.0,"turns":1.0},{"damage":0.0,"enemies":"Gremlin Nob","floor":7.0,"turns":1.0},{"damage":2.0,"enemies":"Jaw Worm","floor":11.0,"turns":3.0},{"damage":1.0,"enemies":"Lagavulin","floor":12.0,"turns":2.0},{"damage":1.0,"enemies":"Red Slaver","floor":14.0,"turns":3.0},{"damage":52.0,"enemies":"The Guardian","floor":16.0,"turns":7.0},{"damage":21.0,"enemies":"Spheric Guardian","floor":18.0,"turns":4.0},{"damage":19.0,"enemies":"Chosen","floor":20.0,"turns":4.0},{"damage":32,"enemies":"Slavers","floor":24,"turns":5}],"seed_played":"1908654580526682706","potions_obtained":[{"floor":7.0,"key":"LiquidMemories"},{"floor":12.0,"key":"ElixirPotion"},{"floor":14.0,"key":"BlessingOfTheForge"},{"floor":20.0,"key":"Fire Potion"}],"is_trial":false,"path_per_floor":["M","$","?","$","M","R","E","R","T","$","M","E","R","M","R","B",null,"M","$","M","?","?","R","E"],"character_chosen":"IRONCLAD","items_purchased":["Bludgeon","Shrug It Off","Headbutt"],"campfire_rested":0,"item_purchase_floors":[2,19,19],"current_hp_per_floor":[74,74,51,51,57,57,63,63,63,63,67,72,72,75,75,29,64,49,49,36,36,36,36,4,4],"gold":30,"neow_bonus":"THREE_ENEMY_KILL","is_daily":false,"chose_seed":false,"campfire_upgraded":4,"win_rate":0.0,"timestamp":1611412223,"path_taken":["M","?","?","$","M","R","E","R","T","?","M","E","R","?","R","BOSS","M","$","?","?","?","R","E"],"items_purchased_type":["Card","Card","Card"],"build_version":"2020-12-22","purchased_purges":2,"victory":false,"max_hp_per_floor":[75,75,75,75,75,75,75,75,75,75,75,75,75,75,75,75,75,75,75,75,75,75,75,75,75],"relic_stats":{"counters":[10,31],"Orichalcum":[48],"obtain_stats":[{"SlaversCollar":17,"NeowsBlessing":0,"Orichalcum":12,"Burning Blood":0,"Red Skull":7},{"SlaversCollar":7,"NeowsBlessing":0,"Orichalcum":5,"Burning Blood":0,"Red Skull":3},{"SlaversCollar":18,"NeowsBlessing":0,"Orichalcum":8,"Burning Blood":0,"Red Skull":3}],"Burning Blood":52},"card_choices":[{"not_picked":["Pommel Strike","Sword Boomerang"],"picked":"Entrench","floor":1.0},{"not_picked":["Dark Embrace","Dual Wield"],"picked":"Seeing Red","floor":5.0},{"not_picked":["Whirlwind","Inflame"],"picked":"Brutality","floor":7.0},{"not_picked":["Intimidate","Cleave","Anger"],"picked":"SKIP","floor":11.0},{"not_picked":["True Grit","Warcry","Rupture"],"picked":"SKIP","floor":12.0},{"not_picked":["Wild Strike","Inflame","Havoc"],"picked":"SKIP","floor":14.0},{"not_picked":["Headbutt","Intimidate"],"picked":"Evolve+1","floor":18.0},{"not_picked":["Havoc","Cleave"],"picked":"Shockwave+1","floor":20.0}],"player_experience":989602,"relics_obtained":[{"floor":7.0,"key":"Red Skull"},{"floor":12.0,"key":"Orichalcum"}],"event_choices":[{"damage_healed":0.0,"max_hp_gain":0.0,"max_hp_loss":0.0,"gold_gain":0.0,"event_name":"Shining Light","player_choice":"Entered Light","floor":3.0,"gold_loss":0.0,"damage_taken":23.0,"cards_upgraded":["Defend_R","Defend_R"]},{"damage_healed":0.0,"max_hp_gain":0.0,"max_hp_loss":0.0,"gold_gain":0.0,"event_name":"The Library","player_choice":"Read","floor":21.0,"gold_loss":0.0,"damage_taken":0.0,"cards_obtained":["Body Slam"]},{"damage_healed":0.0,"max_hp_gain":0.0,"max_hp_loss":0.0,"gold_gain":0.0,"event_name":"Vampires","player_choice":"Ignored","floor":22.0,"gold_loss":0.0,"damage_taken":0.0}],"is_beta":false,"boss_relics":[{"not_picked":["Velvet Choker","Mark of Pain"],"picked":"SlaversCollar"}],"items_purged_floors":[10,19],"is_endless":false,"potions_floor_spawned":[7,12,14,16,20],"killed_by":"Slavers","ascension_level":20}}