{"host":"y1oqg7uy0jc6f5mb","time":1611402386,"event":{"mods":["BaseMod","Better Altar","Better Match","Better Note","Better Sensory Stone","Better Skull","Better Third Choice","BetterRewards","Block Reminder","Colored Map","Colored Powertips","Custom Start","DeckTracker","Displayed Cursed Tome","Highlight Path","Ironclad Rager","Minty Spire (QoL Compilation)","Permanent Neow","Quick Restart","Relic Sorter","Relic Stats","Shop Mod","StSLib"],"gold_per_floor":[109,127,141,152,164,175,175,185,185,35,50,50,50,66,66,162,162,162,87,37,37,37,37,37,37,37,37,37,37,37],"floor_reached":29,"language":"ENG","playtime":1885,"items_purged":["Zap"],"score":236,"play_id":"0bdeabb6-fc63-410f-a382-5ce7cb7e7e82","local_time":"20210123194626","is_ascension_mode":true,"campfire_choices":[{"data":"Genetic Algorithm","floor":7.0,"key":"SMITH"},{"floor":13.0,"key":"REST"},{"floor":15.0,"key":"REST"},{"data":"Battle Trance","floor":23.0,"key":"SMITH"},{"data":"Dualcast","floor":25.0,"key":"SMITH"}],"circlet_count":0,"master_deck":["Strike_B","Strike_B","Strike_B","Defend_B","Defend_B","Defend_B","Defend_B","Dualcast+1","Doom and Gloom","Conserve Battery","Darkness","Barrage","Genetic Algorithm+1","Loop","Doom and Gloom","Beam Cell","Auto Shields","Capacitor","Battle Trance+1","Undo","Multi-Cast","Skim+1","Sweeping Beam","Steam+1","Conserve Battery","Hologram","Leap+1"],"relics":["Cracked Core","Pantograph","Art of War","Ectoplasm","Bottled Lightning"],"acts_visited":["Exordium","TheCity"],"potions_floor_usage":[],"damage_taken":[{"damage":5.0,"enemies":"2 Louse","floor":1.0,"turns":2.0},{"damage":0.0,"enemies":"Jaw Worm","floor":2.0,"turns":2.0},{"damage":0.0,"enemies":"Cultist","floor":3.0,"turns":3.0},{"damage":14.0,"enemies":"Exordium Thugs","floor":4.0,"turns":4.0},{"damage":6.0,"enemies":"Lots of Slimes","floor":5.0,"turns":3.0},{"damage":4.0,"enemies":"3 Louse","floor":6.0,"turns":2.0},{"damage":15.0,"enemies":"Red Slaver","floor":8.0,"turns":4.0},{"damage":0.0,"enemies":"Exordium Wildlife","floor":11.0,"turns":3.0},{"damage":10.0,"enemies":"Looter","floor":14.0,"turns":4.0},{"damage":37.0,"enemies":"The Guardian","floor":16.0,"turns":11.0},{"damage":21.0,"enemies":"3 Byrds","floor":18.0,"turns":6.0},{"damage":0.0,"enemies":"Spheric Guardian","floor":21.0,"turns":3.0},{"damage":17.0,"enemies":"Centurion and Healer","floor":22.0,"turns":5.0},{"damage":15.0,"enemies":"Snecko","floor":24.0,"turns":4.0},{"damage":15.0,"enemies":"Sentry and Sphere","floor":27.0,"turns":5.0},{"damage":3.0,"enemies":"Centurion and Healer","floor":28.0,"turns":6.0},{"damage":15,"enemies":"Chosen and Byrds","floor":29,"turns":4}],"seed_played":"2810868098707986521","potions_obtained":[{"floor":5.0,"key":"PowerPotion"},{"floor":6.0,"key":"ColorlessPotion"},{"floor":8.0,"key":"Fruit Juice"},{"floor":14.0,"key":"Ancient Potion"},{"floor":16.0,"key":"Swift Potion"},{"floor":21.0,"key":"SpeedPotion"},{"floor":22.0,"key":"FearPotion"},{"floor":28.0,"key":"LiquidBronze"}],"is_trial":false,"path_per_floor":["M","M","M","M","M","M","R","M","T","$","M","?","R","M","R","B",null,"M","?","?","M","M","R","M","R","T","M","M","M"],"character_chosen":"DEFECT","items_purchased":["Auto Shields"],"campfire_rested":2,"item_purchase_floors":[10],"current_hp_per_floor":[70,70,70,56,50,46,46,31,31,31,31,2,24,19,43,31,80,59,59,59,59,42,42,27,27,27,12,9,0,0],"gold":37,"neow_bonus":"THREE_CARDS","is_daily":false,"chose_seed":false,"campfire_upgraded":3,"win_rate":0.0,"timestamp":1611402386,"path_taken":["M","M","M","M","M","M","R","M","T","$","M","?","R","M","R","BOSS","M","?","?","M","M","R","M","R","T","M","?","M"],"items_purchased_type":["Card"],"build_version":"2020-12-22","purchased_purges":1,"victory":false,"max_hp_per_floor":[75,75,75,75,75,75,75,75,75,75,75,75,75,80,80,80,80,80,80,80,80,80,80,80,80,80,80,80,80,80],"relic_stats":{"counters":[17,71],"Pantograph":25,"Ectoplasm":188,"Art of War":[8],"obtain_stats":[{"Pantograph":9,"Ectoplasm":17,"Art of War":12,"Bottled Lightning":26,"Cracked Core":0},{"Pantograph":7,"Ectoplasm":10,"Art of War":8,"Bottled Lightning":14,"Cracked Core":0},{"Pantograph":20,"Ectoplasm":38,"Art of War":23,"Bottled Lightning":56,"Cracked Core":0}]},"card_choices":[{"not_picked":["Heatsinks","Chill"],"picked":"Doom and Gloom","floor":0.0},{"not_picked":["Hologram","Coolheaded"],"picked":"Conserve Battery","floor":1.0},{"not_picked":["Chill","Melter"],"picked":"Darkness","floor":2.0},{"not_picked":["Steam","Cold Snap"],"picked":"Barrage","floor":3.0},{"not_picked":["Hologram","Streamline"],"picked":"Genetic Algorithm","floor":4.0},{"not_picked":["Hologram","Conserve Battery"],"picked":"Loop","floor":5.0},{"not_picked":["Storm","Scrape"],"picked":"Doom and Gloom","floor":6.0},{"not_picked":["Sweeping Beam","Compile Driver"],"picked":"Beam Cell","floor":8.0},{"not_picked":["Multi-Cast","Compile Driver"],"picked":"Capacitor","floor":11.0},{"not_picked":["Steam Power","Rebound"],"picked":"Undo","floor":14.0},{"not_picked":["All For One","Buffer"],"picked":"Multi-Cast","floor":16.0},{"not_picked":["Stack+1","Redo"],"picked":"Skim+1","floor":18.0},{"not_picked":["Turbo","Loop"],"picked":"Sweeping Beam","floor":21.0},{"not_picked":["Cold Snap","Beam Cell"],"picked":"Steam+1","floor":22.0},{"not_picked":["Sweeping Beam","Compile Driver"],"picked":"Conserve Battery","floor":24.0},{"not_picked":["Reprogram+1","Barrage"],"picked":"Hologram","floor":27.0},{"not_picked":["Aggregate","Chill"],"picked":"Leap+1","floor":28.0}],"player_experience":145275,"relics_obtained":[{"floor":9.0,"key":"Pantograph"},{"floor":26.0,"key":"Bottled Lightning"}],"event_choices":[{"damage_healed":0.0,"max_hp_gain":0.0,"max_hp_loss":0.0,"gold_gain":1.0,"event_name":"betterThird:BetterScrap","player_choice":"Card Relic ","floor":12.0,"gold_loss":0.0,"damage_taken":29.0,"cards_obtained":["Battle Trance","Glass Knife"]},{"cards_removed":["Strike_B"],"damage_healed":0.0,"max_hp_gain":0.0,"max_hp_loss":0.0,"gold_gain":0.0,"event_name":"Beggar","player_choice":"Gave Gold","floor":19.0,"gold_loss":75.0,"damage_taken":0.0},{"damage_healed":0.0,"max_hp_gain":0.0,"max_hp_loss":0.0,"gold_gain":100.0,"event_name":"The Joust","player_choice":"Bet on Murderer","floor":20.0,"gold_loss":50.0,"damage_taken":0.0}],"is_beta":false,"boss_relics":[{"not_picked":["Tiny House","SlaversCollar"],"picked":"Ectoplasm"}],"items_purged_floors":[10],"is_endless":false,"potions_floor_spawned":[5,6,8,14,16,21,22,28],"killed_by":"Chosen and Byrds","ascension_level":1}}