{"host":"cgwysqtmt736mr58","time":1611414920,"event":{"mods":["2.2 Compatiblity","Aspiration","BaseMod","Beaked The Cultist","Colored Map","Colored Powertips","Downfall","Googly Eyes","Halation","Hermit","Hubris","Infinite Spire","Lobotomy","LobotomyExtend","Marisa????????","Minty Spire (QoL Compilation)","Relic Stats","Replay The Spire","Shade Mod","StSLib","The Bug Knight","The Construct","The Cursed","The Disciple","The Exalted","The Jungle","The Necromancer","The Runesmith","The Servant 0.9.4","The Wild Card","Waifu the Spire","Yuri Mod","[IsaacMod]????"],"gold_per_floor":[99,113,125,125,142,242,266,8,8,31,49,86,86,30,48,157,157,57,74,96,96,122,122,168,191,191,209,234,258,258,279,302,418,418,418,448,464,486,42,64,90,55,80,170,170,190,190,190,209,228,228],"floor_reached":52,"language":"ENG","playtime":3445,"items_purged":[],"score":589,"play_id":"c6bba4ed-15d0-4092-8590-d0891abc47d3","local_time":"20210124021520","is_ascension_mode":false,"campfire_choices":[{"floor":1,"key":"RECALL"},{"floor":13,"key":"REST"},{"data":"champ:StanceDance","floor":18,"key":"SMITH"},{"floor":26,"key":"REST"},{"floor":30,"key":"REST"},{"floor":45,"key":"REST"},{"floor":47,"key":"REST"}],"circlet_count":0,"master_deck":["champ:Strike","champ:Strike","champ:Strike","champ:Strike","champ:Defend","champ:Defend","champ:Defend","champ:Defend","champ:Execute","champ:Taunt","champ:Backstep","champ:Encircle","champ:DeathBlow","champ:CheapShot","champ:TornadoPunch","champ:HeartStrike","champ:PerfectedStrike","champ:BringItOn","champ:EnGarde","champ:ShieldWall","champ:ShieldWall","champ:StanceDance+1","champ:VampiricStrike","CurseOfTheBell","champ:BerserkersShout","champ:PreciseThrust","champ:Encircle+1","Necronomicurse","champ:GladiatorStyle","champ:Circumvent+1","champ:Backstep+1","champ:Shatter","champ:SkillfulDodge+1","champ:GladiatorForm","champ:CalledShot","champ:RisingSlash","champ:DefensiveShout+1","champ:GutPunch","champ:StanceDance","EpicFetus","champ:StanceDance+1","champ:GladiatorStyle","champ:RisingSlash+1","ReplayTheSpireMod:Splinters","champ:PreciseThrust+1","champ:FlashCut"],"relics":["champ:ChampionCrown","HushsDoor","DoctorsRemote","LetterFromLob","downfall:GremlinWheel","halation:IllGainedPizza","Vajra","Letter Opener","Blue Doll","Calling Bell","Anchor","Replay:Ringing Soul","Turnip","downfall:HeartBlessingRed","Potion Belt","Necronomicon","Smiling Mask","aspiration:SecretTechniqueScroll","Bag of Marbles","infinitespire:Satchel","PreservedInsect","halation:Komachan","Omamori"],"acts_visited":["Exordium","TheCity","TheBeyond"],"potions_floor_usage":[16,16,20,31,33,33,33,33,50,50,50,50,50],"damage_taken":[{"damage":25,"enemies":"infinitespire:Voidling","floor":2,"turns":6},{"damage":10,"enemies":"Jaw Worm","floor":3,"turns":4},{"damage":10,"enemies":"Cultist","floor":5,"turns":3},{"damage":50,"enemies":"Cultist","floor":6,"turns":5},{"damage":25,"enemies":"downfall:FleeingMerchant","floor":8,"turns":4},{"damage":27,"enemies":"3 Louse","floor":10,"turns":3},{"damage":10,"enemies":"Red Slaver","floor":11,"turns":3},{"damage":34,"enemies":"HollowMod:MossKnight","floor":12,"turns":6},{"damage":0,"enemies":"downfall:FleeingMerchant","floor":14,"turns":5},{"damage":10,"enemies":"Exordium Wildlife","floor":15,"turns":5},{"damage":46,"enemies":"IC_STATUS_ARCHETYPE","floor":16,"turns":7},{"damage":22,"enemies":"Spheric Guardian","floor":19,"turns":5},{"damage":37,"enemies":"Cultist and Chosen","floor":20,"turns":8},{"damage":5,"enemies":"Chosen and Byrds","floor":22,"turns":6},{"damage":33,"enemies":"Snake Plant","floor":25,"turns":5},{"damage":26,"enemies":"Centurion and Healer","floor":27,"turns":6},{"damage":41,"enemies":"Cultist and Chosen","floor":28,"turns":5},{"damage":35,"enemies":"Sentry and Sphere","floor":29,"turns":4},{"damage":15,"enemies":"Snake Plant","floor":31,"turns":3},{"damage":34,"enemies":"Cultist and Chosen","floor":32,"turns":4},{"damage":32,"enemies":"DF_ARCHETYPE_CLAW","floor":33,"turns":6},{"damage":6,"enemies":"3 Shapes","floor":36,"turns":4},{"damage":5,"enemies":"Orb Walker","floor":37,"turns":3},{"damage":40,"enemies":"Maw","floor":38,"turns":8},{"damage":20,"enemies":"downfall:FleeingMerchant","floor":39,"turns":6},{"damage":70,"enemies":"Writhing Mass","floor":40,"turns":7},{"damage":10,"enemies":"downfall:FleeingMerchant","floor":42,"turns":5},{"damage":37,"enemies":"Maw","floor":43,"turns":7},{"damage":44,"enemies":"Sphere and 2 Shapes","floor":46,"turns":5},{"damage":30,"enemies":"Transient","floor":49,"turns":5},{"damage":84,"enemies":"SI_POISON_ARCHETYPE","floor":50,"turns":13}],"seed_played":"-3532435937918631304","potions_obtained":[{"floor":2,"key":"LiquidBronze"},{"floor":3,"key":"Dexterity Potion"},{"floor":10,"key":"FearPotion"},{"floor":12,"key":"Milkshake"},{"floor":16,"key":"EssenceOfSteel"},{"floor":19,"key":"Toxic Potion"},{"floor":20,"key":"Elixir"},{"floor":22,"key":"Slimebound:ThreeZeroPotion"},{"floor":31,"key":"EssenceOfSteel"},{"floor":32,"key":"Adrenaline Potion"},{"floor":40,"key":"champ:CounterPotion"},{"floor":46,"key":"SteroidPotion"}],"is_trial":false,"path_per_floor":["R_BF","M","M","?","M","?","T","$","?","M","M","E","R","$","M","B",null,"R","M","M","AVR","M","?","T","M","R","M","M","M","R","M","M","B",null,"R_BF","M","M","M","$","M","T","$","M","?","R","M","R","?","M","B",null,null],"character_chosen":"THE_CHAMP","items_purchased":["Vajra","champ:TornadoPunch","champ:EndlessRage","champ:ShieldWall","EpicFetus","Bag of Marbles","Block Potion","AttackPotion","PreservedInsect","halation:Komachan","champ:GladiatorStyle"],"campfire_rested":5,"item_purchase_floors":[8,8,8,14,39,39,39,39,42,42,42],"current_hp_per_floor":[99,84,84,84,84,64,64,59,59,52,52,28,57,57,47,21,99,99,90,56,59,57,44,44,24,59,43,30,18,54,57,51,32,132,135,132,135,128,131,74,74,67,63,66,113,97,145,145,128,64,64],"gold":228,"neow_bonus":"TEN_PERCENT_HP_BONUS","is_daily":false,"chose_seed":false,"campfire_upgraded":1,"win_rate":0.0,"timestamp":1611414920,"path_taken":["R_BF","M","?","?","M","?","T","?","?","?","M","E","R","?","M","BOSS","R","M","M","AVR","M","?","T","M","R","M","M","M","R","M","M","BOSS","R_BF","M","M","M","$","M","T","?","M","?","R","M","R","?","M","BOSS"],"items_purchased_type":["Relic","Card","Card","Card","Card","Relic","Potion","Potion","Relic","Relic","Card"],"build_version":"2020-12-22","purchased_purges":0,"victory":true,"max_hp_per_floor":[99,99,99,99,99,99,99,99,99,99,99,99,99,99,99,99,99,99,102,105,108,111,114,114,117,117,117,120,123,123,126,129,132,132,135,138,141,144,147,150,150,153,156,159,159,162,162,162,165,165,165],"relic_stats":{"counters":[31,166],"Turnip":[20],"PreservedInsect":0,"Necronomicon":[45],"Letter Opener":[65],"Smiling Mask":0,"obtain_stats":[{"KeepersGift":0,"Potion Belt":21,"DoctorsRemote":0,"downfall:HeartBlessingRed":18,"halation:IllGainedPizza":7,"Vajra":8,"champ:ChampionCrown":0,"Blue Doll":13,"PreservedInsect":42,"halation:Komachan":42,"Omamori":44,"Letter Opener":12,"aspiration:SecretTechniqueScroll":34,"Smiling Mask":24,"Calling Bell":17,"Replay:Ringing Soul":17,"Anchor":17,"downfall:GremlinWheel":6,"infinitespire:Satchel":41,"Turnip":17,"LetterFromLob":2,"Necronomicon":23,"Bag of Marbles":39,"HushsDoor":0},{"KeepersGift":0,"Potion Belt":13,"DoctorsRemote":0,"downfall:HeartBlessingRed":11,"halation:IllGainedPizza":4,"Vajra":5,"champ:ChampionCrown":0,"Blue Doll":8,"PreservedInsect":27,"halation:Komachan":27,"Omamori":28,"Letter Opener":8,"aspiration:SecretTechniqueScroll":21,"Smiling Mask":14,"Calling Bell":11,"Replay:Ringing Soul":11,"Anchor":11,"downfall:GremlinWheel":4,"infinitespire:Satchel":26,"Turnip":11,"LetterFromLob":1,"Necronomicon":14,"Bag of Marbles":25,"HushsDoor":0},{"KeepersGift":0,"Potion Belt":64,"DoctorsRemote":0,"downfall:HeartBlessingRed":51,"halation:IllGainedPizza":18,"Vajra":22,"champ:ChampionCrown":0,"Blue Doll":34,"PreservedInsect":136,"halation:Komachan":136,"Omamori":143,"Letter Opener":34,"aspiration:SecretTechniqueScroll":103,"Smiling Mask":70,"Calling Bell":51,"Replay:Ringing Soul":51,"Anchor":51,"downfall:GremlinWheel":18,"infinitespire:Satchel":131,"Turnip":51,"LetterFromLob":6,"Necronomicon":70,"Bag of Marbles":124,"HushsDoor":0}]},"card_choices":[{"not_picked":["champ:FlashCut","champ:Shatter"],"picked":"champ:Backstep","floor":2},{"not_picked":["champ:BladeFlurry","champ:StanceDance"],"picked":"champ:Encircle","floor":3},{"not_picked":["champ:CrownThrow","champ:PerfectedStrike"],"picked":"champ:DeathBlow","floor":5},{"not_picked":["champ:StanceDance","champ:AdrenalArmor"],"picked":"champ:CheapShot","floor":8},{"not_picked":["champ:RapidStrikes","champ:TornadoPunch"],"picked":"champ:HeartStrike","floor":10},{"not_picked":["champ:Haymaker","champ:Encircle"],"picked":"champ:PerfectedStrike","floor":11},{"not_picked":["champ:BladeFlurry","champ:FanOfKnives"],"picked":"champ:BringItOn","floor":12},{"not_picked":["champ:Improvising","champ:CrownThrow"],"picked":"champ:EnGarde","floor":14},{"not_picked":["champ:EndlessRage","champ:FocusedBerserking"],"picked":"champ:StanceDance","floor":15},{"not_picked":["champ:IgnorePain","champ:UltimateStance"],"picked":"champ:VampiricStrike","floor":16},{"not_picked":["champ:EnGarde+1","champ:PreciseThrust+1"],"picked":"champ:BerserkersShout","floor":19},{"not_picked":["champ:RapidStrikes","champ:BerserkersShout"],"picked":"champ:PreciseThrust","floor":20},{"not_picked":["champ:ShieldSlam+1","champ:HeartStrike"],"picked":"champ:Encircle+1","floor":22},{"not_picked":["champ:DefensiveShout","champ:BladeFlurry"],"picked":"champ:GladiatorStyle","floor":25},{"not_picked":["champ:ShieldWall","champ:BladeFlurry+1","champ:ShieldSlam"],"picked":"SKIP","floor":27},{"not_picked":["champ:PerfectedStrike","champ:CrownThrow"],"picked":"champ:Circumvent+1","floor":28},{"not_picked":["champ:AdrenalArmor","champ:StanceDance"],"picked":"champ:Backstep+1","floor":29},{"not_picked":["champ:Parry","champ:ShieldThrow"],"picked":"champ:Shatter","floor":31},{"not_picked":["champ:Circumvent","champ:CrookedStrike"],"picked":"champ:SkillfulDodge+1","floor":32},{"not_picked":["champ:VampiricStrike","champ:CheapShot"],"picked":"champ:GladiatorForm","floor":33},{"not_picked":["champ:RisingSlash","champ:PreciseThrust+1","champ:CrookedStrike"],"picked":"SKIP","floor":36},{"not_picked":["champ:PreciseThrust+1","champ:CrookedStrike"],"picked":"champ:RisingSlash","floor":36},{"not_picked":["champ:RapidStrikes","champ:FaceSlap"],"picked":"champ:DefensiveShout+1","floor":37},{"not_picked":["champ:BladeFlurry","champ:DefensiveShout"],"picked":"champ:GutPunch","floor":38},{"not_picked":["champ:FocusedDefense+1","champ:DefensiveShout+1"],"picked":"champ:StanceDance","floor":39},{"not_picked":["champ:SwordThrow","champ:Backstep"],"picked":"champ:StanceDance+1","floor":40},{"not_picked":["champ:Circumvent","champ:AdrenalArmor","champ:DefensiveShout+1"],"picked":"SKIP","floor":42},{"not_picked":["champ:CrownThrow+1","champ:FanOfKnives"],"picked":"champ:RisingSlash+1","floor":43},{"not_picked":["champ:DefensiveShout","champ:Backstep+1"],"picked":"champ:ArenaPreparation","floor":44},{"not_picked":["champ:EndlessRage+1","champ:DefensiveShout+1"],"picked":"champ:PreciseThrust+1","floor":46},{"not_picked":["champ:DefensiveShout+1","champ:PreemptiveStrike"],"picked":"champ:FlashCut","floor":49}],"player_experience":1020120,"relics_obtained":[{"floor":2,"key":"LetterFromLob"},{"floor":6,"key":"downfall:GremlinWheel"},{"floor":7,"key":"halation:IllGainedPizza"},{"floor":12,"key":"Letter Opener"},{"floor":13,"key":"Blue Doll"},{"floor":17,"key":"Anchor"},{"floor":17,"key":"Replay:Ringing Soul"},{"floor":17,"key":"Turnip"},{"floor":23,"key":"Necronomicon"},{"floor":24,"key":"Smiling Mask"},{"floor":41,"key":"infinitespire:Satchel"},{"floor":44,"key":"Omamori"}],"event_choices":[{"damage_healed":0,"gold_gain":0,"player_choice":"Relic","damage_taken":0,"max_hp_gain":0,"max_hp_loss":0,"event_name":"Wheel of Change","floor":13,"gold_loss":0},{"cards_removed":["champ:ArenaPreparation"],"damage_healed":0,"gold_gain":0,"player_choice":"Removed Skill","damage_taken":0,"max_hp_gain":0,"max_hp_loss":0,"event_name":"Falling","floor":48,"gold_loss":0}],"is_beta":false,"boss_relics":[{"not_picked":["Empty Cage","halation:Prosthetics"],"picked":"Calling Bell"},{"not_picked":[]},{"not_picked":["Coffee Dripper","aspiration:FutureDiary"],"picked":"aspiration:SecretTechniqueScroll"},{"not_picked":[]}],"items_purged_floors":[],"is_endless":false,"potions_floor_spawned":[2,3,10,12,16,19,20,22,31,32,40,46,49],"ascension_level":0}}