{"host":"7j2n82b2zha9fuyn","time":1611433142,"event":{"mods":["BaseMod","Block Reminder","Minty Spire (QoL Compilation)","Replay The Spire","StSLib"],"gold_per_floor":[113,38,38,57,76,76,86,100,100,100,126,139,64,99,99,175,175,194,211,42,42,60,60,60,60,60],"floor_reached":25,"language":"ENG","playtime":1438,"items_purged":["Strike_P"],"score":513,"play_id":"33b6bd5b-280d-49df-a0c6-80570b6419d9","local_time":"20210123131902","is_ascension_mode":true,"campfire_choices":[{"data":"CrushJoints","floor":6.0,"key":"SMITH"},{"data":"Wallop","floor":10.0,"key":"SMITH"},{"floor":15.0,"key":"REST"},{"floor":23,"key":"REST"}],"circlet_count":0,"master_deck":["AscendersBane","Strike_P","Strike_P","Strike_P","Defend_P","Defend_P","Defend_P","Eruption","Vigilance","CrushJoints+1","FlurryOfBlows","Replay:AtTheReady","Wallop+1","WaveOfTheHand","CrushJoints","Replay:AllIn","ClearTheMind","ClearTheMind","MentalFortress","Protect","J.A.X."],"relics":["Busted Crown","Ring of Hypnosis","StrikeDummy","Sundial","InkBottle","Replay:Bronze Core","Orrery"],"acts_visited":["TheCity"],"potions_floor_usage":[],"damage_taken":[{"damage":3.0,"enemies":"2 Louse","floor":1.0,"turns":4.0},{"damage":0.0,"enemies":"Jaw Worm","floor":4.0,"turns":5.0},{"damage":2.0,"enemies":"Cultist","floor":5.0,"turns":5.0},{"damage":3.0,"enemies":"Blue Slaver","floor":7.0,"turns":3.0},{"damage":7.0,"enemies":"Large Slime","floor":8.0,"turns":4.0},{"damage":1.0,"enemies":"Gremlin Nob","floor":11.0,"turns":4.0},{"damage":0.0,"enemies":"2 Fungi Beasts","floor":12.0,"turns":3.0},{"damage":20.0,"enemies":"Replay:BlueRogue","floor":14.0,"turns":6.0},{"damage":0.0,"enemies":"Slime Boss","floor":16.0,"turns":6.0},{"damage":22.0,"enemies":"Spheric Guardian","floor":18.0,"turns":4.0},{"damage":9.0,"enemies":"3 Byrds","floor":19.0,"turns":7.0},{"damage":26,"enemies":"Snake Plant","floor":22,"turns":6},{"damage":25,"enemies":"Gremlin Leader","floor":25,"turns":1}],"seed_played":"2297382100342730721","potions_obtained":[{"floor":8.0,"key":"Block Potion"},{"floor":11.0,"key":"Strength Potion"},{"floor":12.0,"key":"FearPotion"},{"floor":18.0,"key":"Elixir"},{"floor":22,"key":"LiquidBronze"}],"is_trial":false,"path_per_floor":["M","$","?","M","M","R","M","M","T","R","E","M","?","E","R","B",null,"M","M","$","?","M","R","?","E"],"character_chosen":"WATCHER","items_purchased":["Orrery"],"campfire_rested":2,"item_purchase_floors":[20],"current_hp_per_floor":[58,58,58,58,56,56,53,46,46,46,45,45,45,25,45,45,62,40,31,31,31,5,25,25,0,0],"gold":60,"neow_bonus":"BOSS_RELIC","is_daily":false,"chose_seed":false,"campfire_upgraded":2,"win_rate":0.0,"timestamp":1611433142,"path_taken":["M","$","?","M","M","R","M","M","T","R","E","M","?","E","R","BOSS","M","M","$","?","?","R","?","E"],"items_purchased_type":["Relic"],"build_version":"2020-12-22","purchased_purges":1,"victory":false,"max_hp_per_floor":[68,68,68,68,68,68,68,68,68,68,68,68,68,68,68,68,68,68,68,68,68,68,68,68,68,68],"card_choices":[{"not_picked":[],"picked":"CrushJoints","floor":1.0},{"not_picked":["Prostrate"],"picked":"SKIP","floor":4.0},{"not_picked":[],"picked":"FlurryOfBlows","floor":5.0},{"not_picked":[],"picked":"Replay:AtTheReady","floor":7.0},{"not_picked":[],"picked":"Wallop","floor":8.0},{"not_picked":[],"picked":"WaveOfTheHand","floor":11.0},{"not_picked":[],"picked":"CrushJoints","floor":12.0},{"not_picked":["Prostrate"],"picked":"SKIP","floor":14.0},{"not_picked":[],"picked":"Replay:AllIn","floor":16.0},{"not_picked":["Sanctity"],"picked":"SKIP","floor":18.0},{"not_picked":[],"picked":"ClearTheMind","floor":19.0},{"not_picked":[],"picked":"ClearTheMind","floor":20.0},{"not_picked":[],"picked":"MentalFortress","floor":20.0},{"not_picked":[],"picked":"Protect","floor":20.0},{"not_picked":["ClearTheMind"],"picked":"SKIP","floor":22}],"player_experience":1909050,"relics_obtained":[{"floor":3.0,"key":"Ring of Hypnosis"},{"floor":9.0,"key":"StrikeDummy"},{"floor":11.0,"key":"Sundial"},{"floor":14.0,"key":"InkBottle"}],"event_choices":[{"cards_removed":["Amnesia"],"damage_healed":0.0,"max_hp_gain":0.0,"max_hp_loss":0.0,"gold_gain":0.0,"event_name":"The Cleric","player_choice":"Card Removal","floor":13.0,"gold_loss":75.0,"damage_taken":0.0},{"cards_removed":["Defend_P"],"damage_healed":0.0,"max_hp_gain":0.0,"max_hp_loss":0.0,"gold_gain":0.0,"event_name":"Bonfire Elementals","player_choice":"Offered Basic","floor":21.0,"gold_loss":0.0,"damage_taken":0.0},{"damage_healed":0,"gold_gain":0,"player_choice":"Obtain J.A.X.","damage_taken":0,"max_hp_gain":0,"max_hp_loss":0,"event_name":"Drug Dealer","floor":24,"gold_loss":0,"cards_obtained":["J.A.X."]}],"is_beta":false,"boss_relics":[{"not_picked":["Tiny House","Ring of Chaos"],"picked":"Replay:Bronze Core"}],"items_purged_floors":[2],"is_endless":false,"potions_floor_spawned":[8,11,12,14,18,22],"killed_by":"Gremlin Leader","ascension_level":19}}