{"host":"08t08ld674si40tv","time":1611378272,"event":{"mods":["AchievementEnabler","BaseMod","Colored Map","Minty Spire (QoL Compilation)","StSLib","SuperFastMode"],"gold_per_floor":[118,132,57,22,22,22,53,73,96,127,127,147,170,210,210,286,286,296,296,296,314,139,139,155,175,202,202,222,246,246,246],"floor_reached":30,"language":"KOR","playtime":483,"items_purged":["Strike_R","Strike_R"],"score":600,"play_id":"bb59afda-6460-47f4-bfee-4c65803f4741","local_time":"20210123140432","is_ascension_mode":true,"campfire_choices":[{"data":"Uppercut","floor":6,"key":"SMITH"},{"data":"Immolate","floor":11,"key":"SMITH"},{"data":"Bash","floor":15,"key":"SMITH"},{"data":"Fire Breathing","floor":23,"key":"SMITH"},{"floor":27,"key":"REST"}],"circlet_count":0,"master_deck":["AscendersBane","Strike_R","Strike_R","Strike_R","Defend_R","Defend_R","Defend_R","Defend_R","Bash+1","Uppercut+1","Ghostly Armor","Immolate+1","Power Through","Battle Trance","Intimidate","Fire Breathing+1"],"relics":["Burning Blood","Black Star","NeowsBlessing","Red Skull","Gambling Chip","Vajra","Tiny Chest","CeramicFish","Anchor","Centennial Puzzle","SacredBark","Lantern","Art of War"],"acts_visited":["Exordium","TheCity"],"potions_floor_usage":[14,14,14,16,25],"damage_taken":[{"damage":0,"enemies":"Jaw Worm","floor":1,"turns":1},{"damage":0,"enemies":"Cultist","floor":2,"turns":1},{"damage":0,"enemies":"Lagavulin","floor":7,"turns":1},{"damage":0,"enemies":"2 Louse","floor":8,"turns":1},{"damage":0,"enemies":"3 Sentries","floor":10,"turns":3},{"damage":0,"enemies":"Large Slime","floor":12,"turns":3},{"damage":2,"enemies":"Exordium Wildlife","floor":13,"turns":3},{"damage":15,"enemies":"Lagavulin","floor":14,"turns":3},{"damage":54,"enemies":"The Guardian","floor":16,"turns":14},{"damage":2,"enemies":"Chosen","floor":18,"turns":5},{"damage":15,"enemies":"Spheric Guardian","floor":21,"turns":5},{"damage":31,"enemies":"Cultist and Chosen","floor":24,"turns":4},{"damage":3,"enemies":"Snecko","floor":25,"turns":5},{"damage":14,"enemies":"Centurion and Healer","floor":28,"turns":4},{"damage":30,"enemies":"Shelled Parasite and Fungi","floor":30,"turns":5}],"seed_played":"-3946347453837372507","potions_obtained":[{"floor":7,"key":"SpeedPotion"},{"floor":8,"key":"EntropicBrew"},{"floor":13,"key":"DuplicationPotion"},{"floor":24,"key":"GamblersBrew"}],"is_trial":false,"path_per_floor":["M","M","$","?","?","R","E","M","T","E","R","M","M","E","R","B",null,"M","?","?","M","$","R","M","M","T","R","M","T","M"],"character_chosen":"IRONCLAD","items_purchased":["Fire Breathing"],"campfire_rested":1,"item_purchase_floors":[22],"current_hp_per_floor":[74,75,75,75,70,70,75,75,75,75,75,75,75,66,66,18,61,65,44,44,35,35,35,10,13,13,37,29,29,0,0],"gold":246,"neow_bonus":"THREE_ENEMY_KILL","is_daily":false,"chose_seed":false,"campfire_upgraded":4,"win_rate":0.0,"timestamp":1611378272,"path_taken":["M","M","$","?","?","R","E","M","T","E","R","M","M","E","R","BOSS","M","?","?","M","$","R","M","M","T","R","M","?","M"],"items_purchased_type":["Card"],"build_version":"2020-12-22","purchased_purges":2,"victory":false,"max_hp_per_floor":[75,75,75,75,75,75,75,75,75,75,75,75,75,75,75,75,75,75,80,80,80,80,80,80,80,80,80,80,80,80,80],"card_choices":[{"not_picked":["Iron Wave","Spot Weakness"],"picked":"Uppercut","floor":1},{"not_picked":["Searing Blow","Headbutt"],"picked":"Ghostly Armor","floor":2},{"not_picked":["Carnage","Shrug It Off"],"picked":"Immolate","floor":7},{"not_picked":["Combust","Armaments"],"picked":"Power Through","floor":8},{"not_picked":["Havoc","Carnage","Twin Strike"],"picked":"SKIP","floor":10},{"not_picked":["Sever Soul","Thunderclap","Shockwave"],"picked":"SKIP","floor":12},{"not_picked":["Heavy Blade","Uppercut"],"picked":"Battle Trance","floor":13},{"not_picked":["Anger","Clash"],"picked":"Intimidate","floor":14},{"not_picked":["Pummel","Clash","Uppercut"],"picked":"SKIP","floor":18},{"not_picked":["True Grit","Whirlwind","Havoc+1"],"picked":"SKIP","floor":21},{"not_picked":["Body Slam","Metallicize","Perfected Strike"],"picked":"SKIP","floor":24},{"not_picked":["Warcry","Iron Wave","Clothesline"],"picked":"SKIP","floor":25},{"not_picked":["Dual Wield","Twin Strike","Armaments"],"picked":"SKIP","floor":28}],"player_experience":257018,"relics_obtained":[{"floor":7,"key":"Gambling Chip"},{"floor":7,"key":"Vajra"},{"floor":10,"key":"Tiny Chest"},{"floor":10,"key":"CeramicFish"},{"floor":14,"key":"Anchor"},{"floor":14,"key":"Centennial Puzzle"},{"floor":26,"key":"Lantern"},{"floor":29,"key":"Art of War"}],"event_choices":[{"damage_healed":18,"gold_gain":0,"player_choice":"Healed","damage_taken":0,"max_hp_gain":0,"max_hp_loss":0,"event_name":"The Cleric","floor":4,"gold_loss":35},{"damage_healed":0,"gold_gain":0,"player_choice":"Success","damage_taken":5,"relics_obtained":["Red Skull"],"max_hp_gain":0,"max_hp_loss":0,"event_name":"Scrap Ooze","floor":5,"gold_loss":0},{"damage_healed":0,"gold_gain":0,"player_choice":"Shed Blood","damage_taken":26,"max_hp_gain":5,"max_hp_loss":0,"event_name":"Forgotten Altar","floor":19,"gold_loss":0},{"damage_healed":0,"gold_gain":0,"player_choice":"Ignored","damage_taken":0,"max_hp_gain":0,"max_hp_loss":0,"event_name":"The Mausoleum","floor":20,"gold_loss":0}],"is_beta":false,"boss_relics":[{"not_picked":["Astrolabe","Runic Cube"],"picked":"SacredBark"}],"items_purged_floors":[3,22],"is_endless":false,"potions_floor_spawned":[7,8,10,13,24],"killed_by":"Shelled Parasite and Fungi","ascension_level":20}}