{"host":"dv29tre2e7vje47n","time":1611401819,"event":{"mods":["AchievementEnabler","BaseMod","Colored Map","Colored Powertips","DeckTracker","Displayed Cursed Tome","Downfall","Friendly Minions","Googly Eyes","Highlight Path","Key Reminder","Minty Spire (QoL Compilation)","Quick Restart","Random Character Button","Rare Cards Sparkle","Relic Sorter","Relic Stats","Spire Birthday Party","StSLib","SuperFastMode","Unceasing Turn Reminder"],"gold_per_floor":[99,99,99,99,99,127,173,23,36,54,54,73,73,90,106,204,204,204,204],"floor_reached":17,"language":"ENG","playtime":770,"items_purged":[],"score":180,"play_id":"870a26e7-eeb9-4b6d-ae75-4f7ad95f0443","local_time":"20210123123659","is_ascension_mode":false,"campfire_choices":[{"data":"champ:Taunt","floor":1.0,"key":"SMITH"},{"data":"champ:SkillfulDodge","floor":11,"key":"SMITH"},{"data":"champ:StanceDance","floor":13,"key":"SMITH"}],"circlet_count":0,"master_deck":["champ:Strike","champ:Strike","champ:Strike","champ:Strike","champ:Defend","champ:Defend","champ:Defend","champ:Defend","champ:Execute","champ:Taunt+1","champ:EnGarde","champ:FlashCut","champ:RisingSlash","champ:Haymaker","champ:SkillfulDodge+1","champ:StanceDance+1","champ:EnragedBash","champ:MurderStrike","CurseOfTheBell"],"relics":["champ:ChampionCrown","downfall:HeartsMalice","Letter Opener","keyreminder:keyreminder","Vajra","Calling Bell","Bronze Scales","Pear","Peace Pipe"],"acts_visited":["Exordium","TheCity"],"potions_floor_usage":[15],"damage_taken":[{"damage":0.0,"enemies":"2 Louse","floor":2.0,"turns":1.0},{"damage":0,"enemies":"Jaw Worm","floor":3,"turns":1},{"damage":0,"enemies":"Cultist","floor":5,"turns":1},{"damage":42,"enemies":"Lagavulin","floor":6,"turns":6},{"damage":10,"enemies":"Gremlin Gang","floor":9,"turns":5},{"damage":6,"enemies":"2 Fungi Beasts","floor":10,"turns":4},{"damage":10,"enemies":"Red Slaver","floor":12,"turns":3},{"damage":15,"enemies":"2 Fungi Beasts","floor":14,"turns":3},{"damage":0,"enemies":"Exordium Wildlife","floor":15,"turns":3},{"damage":98,"enemies":"DF_ARCHETYPE_STREAMLINE","floor":16,"turns":10}],"seed_played":"8822796600046173111","potions_obtained":[{"floor":6,"key":"Block Potion"},{"floor":9,"key":"SneckoOil"},{"floor":12,"key":"AttackPotion"},{"floor":15,"key":"Fruit Juice"}],"is_trial":false,"path_per_floor":["R","M","M","?","M","E","T","?","M","M","R","M","R","M","M","B",null],"character_chosen":"THE_CHAMP","items_purchased":[],"campfire_rested":0,"item_purchase_floors":[],"current_hp_per_floor":[90,90,90,90,90,68,68,100,100,94,94,94,94,89,94,26,115,115,115],"gold":204,"neow_bonus":"THREE_ENEMY_KILL","is_daily":false,"chose_seed":false,"campfire_upgraded":3,"win_rate":0.0,"timestamp":1611401819,"path_taken":["R","M","M","?","M","E","T","?","M","?","R","M","R","M","M","BOSS"],"items_purchased_type":[],"build_version":"2020-12-22","purchased_purges":0,"victory":false,"max_hp_per_floor":[90,90,90,90,90,90,90,100,100,100,100,100,100,100,105,105,115,115,115],"relic_stats":{"Peace Pipe":0,"counters":[10,34],"Bronze Scales":[0],"Letter Opener":[15],"obtain_stats":[{"keyreminder:keyreminder":6,"Calling Bell":17,"Peace Pipe":17,"Pear":17,"Bronze Scales":17,"Vajra":7,"champ:ChampionCrown":0,"downfall:HeartsMalice":0,"Letter Opener":6},{"keyreminder:keyreminder":4,"Calling Bell":10,"Peace Pipe":10,"Pear":10,"Bronze Scales":10,"Vajra":4,"champ:ChampionCrown":0,"downfall:HeartsMalice":0,"Letter Opener":4},{"keyreminder:keyreminder":6,"Calling Bell":34,"Peace Pipe":34,"Pear":34,"Bronze Scales":34,"Vajra":6,"champ:ChampionCrown":0,"downfall:HeartsMalice":0,"Letter Opener":6}]},"card_choices":[{"not_picked":["champ:Backstep","champ:CalledShot"],"picked":"champ:EnGarde","floor":2},{"not_picked":["champ:GutPunch","champ:ShieldSlam"],"picked":"champ:FlashCut","floor":3},{"not_picked":["champ:EndlessRage","champ:CalledShot"],"picked":"champ:RisingSlash","floor":5},{"not_picked":["champ:Parry","champ:DefensiveShout"],"picked":"champ:Haymaker","floor":6},{"not_picked":["champ:RisingSlash","champ:BerserkersShout"],"picked":"champ:SkillfulDodge","floor":9},{"not_picked":["champ:BladeFlurry","champ:EndlessRage","champ:AdrenalArmor"],"picked":"SKIP","floor":10},{"not_picked":["champ:PreemptiveStrike","champ:CalledShot"],"picked":"champ:StanceDance","floor":12},{"not_picked":["champ:RapidStrikes","champ:PreciseThrust","champ:FlashCut"],"picked":"SKIP","floor":14},{"not_picked":["champ:CrownThrow","champ:CheapShot"],"picked":"champ:EnragedBash","floor":15},{"not_picked":["champ:IgnorePain","champ:GladiatorForm"],"picked":"champ:MurderStrike","floor":16}],"player_experience":115806,"relics_obtained":[{"floor":6,"key":"Letter Opener"},{"floor":7,"key":"Vajra"},{"floor":17,"key":"Bronze Scales"},{"floor":17,"key":"Pear"},{"floor":17,"key":"Peace Pipe"}],"event_choices":[],"is_beta":false,"boss_relics":[{"not_picked":["Runic Dome","Busted Crown"],"picked":"Calling Bell"}],"items_purged_floors":[],"is_endless":false,"potions_floor_spawned":[6,9,12,15],"ascension_level":0}}