{"host":"4bbalj7r5kimsnho","time":1611416673,"event":{"mods":["AchievementEnabler","BaseMod","Colored Powertips","Hermit","Minty Spire (QoL Compilation)","StSLib"],"gold_per_floor":[14,32,32,56,56,56,56,8,80,80,101,120,120,144,144,272,272,285,300,314,13,13,13,46,46,46,46,69,69,69,84,84,84,84],"floor_reached":33,"language":"ENG","playtime":1580,"items_purged":["Strike_B"],"score":294,"play_id":"8ebcf882-7f02-46da-b8c0-b512695866c9","local_time":"20210123154433","is_ascension_mode":true,"campfire_choices":[{"floor":7,"key":"REST"},{"data":"Dualcast","floor":10,"key":"SMITH"},{"data":"Go for the Eyes","floor":13,"key":"SMITH"},{"floor":15,"key":"REST"},{"floor":23,"key":"REST"},{"floor":29,"key":"REST"},{"data":"Coolheaded","floor":32,"key":"SMITH"}],"circlet_count":0,"master_deck":["Strike_B","Defend_B","Defend_B","Defend_B","Defend_B","Zap","Dualcast+1","Secret Technique","Gash","Gash","Go for the Eyes+1","Barrage","All For One","Gash","FTL+1","Leap","Self Repair","RitualDagger","Chill+1","BootSequence","Coolheaded+1","Hologram"],"relics":["Cracked Core","Golden Idol","Gremlin Horn","Inserter","MealTicket","Prayer Wheel"],"acts_visited":["Exordium","TheCity"],"potions_floor_usage":[6,6,16,24,28,33],"damage_taken":[{"damage":12,"enemies":"Jaw Worm","floor":1,"turns":3},{"damage":12,"enemies":"Small Slimes","floor":2,"turns":3},{"damage":6,"enemies":"Cultist","floor":4,"turns":3},{"damage":12,"enemies":"3 Sentries","floor":6,"turns":3},{"damage":1,"enemies":"Exordium Wildlife","floor":11,"turns":3},{"damage":9,"enemies":"Looter","floor":12,"turns":3},{"damage":5,"enemies":"3 Louse","floor":14,"turns":3},{"damage":31,"enemies":"The Guardian","floor":16,"turns":14},{"damage":31,"enemies":"2 Thieves","floor":18,"turns":4},{"damage":17,"enemies":"Shell Parasite","floor":19,"turns":4},{"damage":25,"enemies":"Centurion and Healer","floor":20,"turns":7},{"damage":9,"enemies":"Gremlin Leader","floor":24,"turns":4},{"damage":25,"enemies":"Snake Plant","floor":28,"turns":4},{"damage":8,"enemies":"3 Cultists","floor":31,"turns":5},{"damage":53,"enemies":"Automaton","floor":33,"turns":8}],"seed_played":"210182210059222537","potions_obtained":[{"floor":1,"key":"Swift Potion"},{"floor":2,"key":"SmokeBomb"},{"floor":11,"key":"DuplicationPotion"},{"floor":18,"key":"LiquidMemories"},{"floor":20,"key":"DistilledChaos"},{"floor":31,"key":"SpeedPotion"}],"is_trial":false,"path_per_floor":["M","M","?","M","?","E","R","$","T","R","M","M","R","M","R","B",null,"M","M","M","$","?","R","E","$","T","?","M","R","$","M","R","B"],"character_chosen":"DEFECT","items_purchased":["Gash","Self Repair","MealTicket"],"campfire_rested":4,"item_purchase_floors":[8,21,21],"current_hp_per_floor":[63,51,33,27,20,8,30,30,30,30,29,20,20,15,37,6,75,44,27,2,2,2,24,22,37,37,31,6,28,43,42,42,0,0],"gold":84,"neow_bonus":"RANDOM_COLORLESS_2","is_daily":false,"chose_seed":false,"campfire_upgraded":3,"win_rate":0.0,"timestamp":1611416673,"path_taken":["M","M","?","M","?","E","R","?","T","R","?","M","R","M","R","BOSS","M","M","M","$","?","R","E","$","T","?","M","R","?","?","R","BOSS"],"items_purchased_type":["Card","Card","Relic"],"build_version":"2020-12-22","purchased_purges":1,"victory":false,"max_hp_per_floor":[75,75,75,75,75,75,75,75,75,75,75,75,75,75,75,75,75,75,75,75,75,75,75,75,75,75,75,75,75,75,75,75,75,75],"card_choices":[{"not_picked":["Metamorphosis","The Bomb"],"picked":"Secret Technique","floor":0},{"not_picked":["Recycle","Blizzard","Sweeping Beam"],"picked":"SKIP","floor":1},{"not_picked":["Streamline","BootSequence"],"picked":"Gash","floor":2},{"not_picked":["Storm","Streamline","Turbo"],"picked":"SKIP","floor":4},{"not_picked":["Conserve Battery","Sweeping Beam"],"picked":"Go for the Eyes","floor":11},{"not_picked":["Streamline","Redo","Capacitor"],"picked":"SKIP","floor":12},{"not_picked":["Compile Driver","Fusion"],"picked":"Barrage","floor":14},{"not_picked":["Hyperbeam","Buffer"],"picked":"All For One","floor":16},{"not_picked":["Ball Lightning","Barrage"],"picked":"Gash","floor":18},{"not_picked":["Streamline","Sweeping Beam"],"picked":"FTL+1","floor":19},{"not_picked":["FTL","Sunder"],"picked":"Leap","floor":20},{"not_picked":["Fusion","Beam Cell","Loop+1"],"picked":"SKIP","floor":24},{"not_picked":["Reprogram+1","Steam+1"],"picked":"Chill+1","floor":28},{"not_picked":["Rip and Tear","Compile Driver"],"picked":"BootSequence","floor":28},{"not_picked":["Redo","Self Repair+1"],"picked":"Coolheaded","floor":31},{"not_picked":["Recycle","Capacitor"],"picked":"Hologram","floor":31}],"player_experience":118860,"relics_obtained":[{"floor":9,"key":"Gremlin Horn"},{"floor":24,"key":"Prayer Wheel"}],"event_choices":[{"damage_healed":0,"gold_gain":0,"player_choice":"Take Damage","damage_taken":18,"relics_obtained":["Golden Idol"],"max_hp_gain":0,"max_hp_loss":0,"event_name":"Golden Idol","floor":3,"gold_loss":0},{"cards_removed":["Strike_B"],"damage_healed":0,"gold_gain":0,"player_choice":"Card Removal","damage_taken":7,"max_hp_gain":0,"max_hp_loss":0,"event_name":"Golden Wing","floor":5,"gold_loss":0},{"cards_removed":["Strike_B"],"damage_healed":0,"gold_gain":0,"player_choice":"Elegance","damage_taken":0,"max_hp_gain":0,"max_hp_loss":0,"event_name":"Back to Basics","floor":22,"gold_loss":0},{"damage_healed":0,"gold_gain":0,"player_choice":"Joined the Cult","damage_taken":6,"max_hp_gain":0,"max_hp_loss":0,"event_name":"Nest","floor":27,"gold_loss":0,"cards_obtained":["RitualDagger"]}],"is_beta":false,"boss_relics":[{"not_picked":["Tiny House","Fusion Hammer"],"picked":"Inserter"}],"items_purged_floors":[21],"is_endless":false,"potions_floor_spawned":[1,2,11,18,20,31],"killed_by":"Automaton","ascension_level":2}}