{"host":"08t08ld674si40tv","time":1611369222,"event":{"mods":["AchievementEnabler","BaseMod","Colored Map","Minty Spire (QoL Compilation)","StSLib","SuperFastMode"],"gold_per_floor":[110,110,110,110,128,161,181,63,63,63,76,76,95,95,95,172,172,192,192,172,72,88,88,88,88],"floor_reached":24,"language":"KOR","playtime":524,"items_purged":["Strike_B","Strike_B"],"score":515,"play_id":"ffca5950-11dd-4f28-8800-8e927741773f","local_time":"20210123113342","is_ascension_mode":true,"campfire_choices":[{"data":"Loop","floor":12,"key":"SMITH"},{"data":"Recycle","floor":15,"key":"SMITH"},{"floor":23,"key":"REST"}],"circlet_count":0,"master_deck":["AscendersBane","Strike_B","Strike_B","Defend_B","Defend_B","Defend_B","Defend_B","Zap+1","Dualcast","Loop+1","Capacitor","Fusion","Ball Lightning","Cold Snap","Defragment+1","Seek","Recycle+1","Creative AI"],"relics":["Cracked Core","NeowsBlessing","Gremlin Horn","Matryoshka","HornCleat","Peace Pipe","Snecko Eye"],"acts_visited":["Exordium","TheCity"],"potions_floor_usage":[16,16,18,18,24,24],"damage_taken":[{"damage":0,"enemies":"Cultist","floor":1,"turns":1},{"damage":0,"enemies":"Jaw Worm","floor":5,"turns":1},{"damage":0,"enemies":"Gremlin Nob","floor":6,"turns":1},{"damage":8,"enemies":"2 Louse","floor":7,"turns":2},{"damage":0,"enemies":"Lots of Slimes","floor":11,"turns":4},{"damage":3,"enemies":"3 Louse","floor":13,"turns":3},{"damage":0,"enemies":"Slime Boss","floor":16,"turns":7},{"damage":21,"enemies":"3 Byrds","floor":18,"turns":6},{"damage":22,"enemies":"2 Thieves","floor":20,"turns":4},{"damage":9,"enemies":"Snecko","floor":22,"turns":6},{"damage":35,"enemies":"Slavers","floor":24,"turns":5}],"seed_played":"-1317841072750089848","potions_obtained":[{"floor":1,"key":"FocusPotion"},{"floor":11,"key":"FearPotion"},{"floor":16,"key":"PowerPotion"},{"floor":18,"key":"Fruit Juice"},{"floor":20,"key":"SneckoOil"},{"floor":22,"key":"Block Potion"}],"is_trial":false,"path_per_floor":["M","T","?","?","M","E","M","$","T","?","M","R","M","?","R","B",null,"M","?","M","$","M","R","E"],"character_chosen":"DEFECT","items_purchased":["Defragment"],"campfire_rested":1,"item_purchase_floors":[8],"current_hp_per_floor":[64,64,64,64,64,64,56,56,56,35,35,35,32,27,27,27,60,44,44,22,22,13,35,0,0],"gold":88,"neow_bonus":"THREE_ENEMY_KILL","is_daily":false,"chose_seed":false,"campfire_upgraded":2,"win_rate":0.0,"timestamp":1611369222,"path_taken":["M","?","?","?","?","E","M","$","T","?","M","R","M","?","R","BOSS","M","?","M","$","M","R","E"],"items_purchased_type":["Card"],"build_version":"2020-12-22","purchased_purges":2,"victory":false,"max_hp_per_floor":[71,71,71,71,71,71,71,71,71,71,71,71,71,71,71,71,71,76,76,76,76,76,76,76,76],"card_choices":[{"not_picked":["Beam Cell","Leap"],"picked":"Loop","floor":1},{"not_picked":["Auto Shields","Leap"],"picked":"Fusion","floor":5},{"not_picked":["Redo","Doom and Gloom"],"picked":"Ball Lightning","floor":6},{"not_picked":["Gash","Melter"],"picked":"Cold Snap","floor":7},{"not_picked":["Darkness","Go for the Eyes"],"picked":"Seek","floor":11},{"not_picked":["Turbo","Compile Driver"],"picked":"Recycle","floor":13},{"not_picked":["Meteor Strike","Seek"],"picked":"Creative AI","floor":16},{"not_picked":["Redo","Sweeping Beam","Auto Shields"],"picked":"SKIP","floor":18},{"not_picked":["FTL","Compile Driver","Ball Lightning"],"picked":"SKIP","floor":20},{"not_picked":["Blizzard","Static Discharge","Rebound"],"picked":"SKIP","floor":22}],"player_experience":253046,"relics_obtained":[{"floor":2,"key":"Gremlin Horn"},{"floor":6,"key":"Matryoshka"},{"floor":9,"key":"HornCleat"}],"event_choices":[{"damage_healed":0,"gold_gain":0,"player_choice":"Ignored","damage_taken":0,"max_hp_gain":0,"max_hp_loss":0,"event_name":"Liars Game","floor":3,"gold_loss":0},{"damage_healed":0,"gold_gain":0,"player_choice":"1 cards matched","damage_taken":0,"max_hp_gain":0,"max_hp_loss":0,"event_name":"Match and Keep!","floor":4,"gold_loss":0,"cards_obtained":["Capacitor"]},{"damage_healed":0,"gold_gain":0,"player_choice":"Entered Light","damage_taken":21,"max_hp_gain":0,"max_hp_loss":0,"event_name":"Shining Light","floor":10,"gold_loss":0,"cards_upgraded":["Defragment","Zap"]},{"damage_healed":0,"gold_gain":0,"player_choice":"Success","damage_taken":5,"relics_obtained":["Peace Pipe"],"max_hp_gain":0,"max_hp_loss":0,"event_name":"Scrap Ooze","floor":14,"gold_loss":0},{"damage_healed":0,"gold_gain":0,"player_choice":"Ignored","damage_taken":0,"max_hp_gain":0,"max_hp_loss":0,"event_name":"Ghosts","floor":19,"gold_loss":0}],"is_beta":false,"boss_relics":[{"not_picked":["Runic Pyramid","Coffee Dripper"],"picked":"Snecko Eye"}],"items_purged_floors":[8,21],"is_endless":false,"potions_floor_spawned":[1,11,16,18,20,22],"killed_by":"Slavers","ascension_level":18}}