{"host":"3jjxuhjpio8e4zkv","time":1611429378,"event":{"mods":["BaseMod","Colored Map","Highlight Path","Minty Spire (QoL Compilation)","Permanent Neow","Relic Stats","StSLib"],"gold_per_floor":[117,130,130,29,48,48,111,136,136,136,136,36,36,68,68,68,68],"floor_reached":16,"language":"ENG","playtime":388,"items_purged":["Strike_G","Strike_G"],"score":212,"play_id":"ec300763-6e0d-4ce5-9c3d-6f441689f2fb","local_time":"20210123141618","is_ascension_mode":true,"campfire_choices":[{"data":"Dagger Spray","floor":6,"key":"SMITH"},{"floor":11,"key":"REST"},{"data":"Blur","floor":13,"key":"SMITH"},{"data":"Masterful Stab","floor":15,"key":"SMITH"}],"circlet_count":0,"master_deck":["AscendersBane","Strike_G","Strike_G","Strike_G","Defend_G","Defend_G","Defend_G","Defend_G","Defend_G","Survivor","Neutralize","Dash","Skewer+1","Dagger Spray+1","Blur+1","Masterful Stab+1"],"relics":["Ring of the Snake","Bag of Preparation","Gambling Chip","Meat on the Bone","WingedGreaves","Tough Bandages","Blue Candle"],"acts_visited":["Exordium"],"potions_floor_usage":[8],"damage_taken":[{"damage":11,"enemies":"Cultist","floor":1,"turns":4},{"damage":0,"enemies":"Jaw Worm","floor":2,"turns":4},{"damage":0,"enemies":"Small Slimes","floor":5,"turns":2},{"damage":8,"enemies":"Gremlin Nob","floor":7,"turns":4},{"damage":16,"enemies":"Lagavulin","floor":8,"turns":6},{"damage":6,"enemies":"Gremlin Nob","floor":14,"turns":3},{"damage":49,"enemies":"Slime Boss","floor":16,"turns":8}],"seed_played":"-2646891200497112760","potions_obtained":[{"floor":5,"key":"Weak Potion"}],"is_trial":false,"path_per_floor":["M","M","?","$","M","R","?","E","T","?","R","$","R","E","R","B"],"character_chosen":"THE_SILENT","items_purchased":["Dagger Spray"],"campfire_rested":1,"item_purchase_floors":[4],"current_hp_per_floor":[48,48,48,48,48,48,40,24,24,19,38,38,38,44,44,0,0],"gold":68,"neow_bonus":"RANDOM_COMMON_RELIC","is_daily":false,"chose_seed":false,"campfire_upgraded":3,"win_rate":0.0,"timestamp":1611429378,"path_taken":["M","?","?","$","?","R","?","E","T","?","R","$","R","E","R","BOSS"],"items_purchased_type":["Card"],"build_version":"2020-12-22","purchased_purges":2,"victory":false,"max_hp_per_floor":[66,66,66,66,66,66,66,66,66,66,66,66,66,66,66,66,66],"relic_stats":{"Tough Bandages":[21],"counters":[7,31],"Gambling Chip":[7],"Blue Candle":[0],"Bag of Preparation":[14],"obtain_stats":[{"Tough Bandages":10,"Gambling Chip":7,"Blue Candle":14,"WingedGreaves":9,"Bag of Preparation":0,"Ring of the Snake":0,"Meat on the Bone":8},{"Tough Bandages":5,"Gambling Chip":4,"Blue Candle":6,"WingedGreaves":5,"Bag of Preparation":0,"Ring of the Snake":0,"Meat on the Bone":5},{"Tough Bandages":20,"Gambling Chip":14,"Blue Candle":23,"WingedGreaves":20,"Bag of Preparation":0,"Ring of the Snake":0,"Meat on the Bone":20}],"Ring of the Snake":[14],"Meat on the Bone":12},"card_choices":[{"not_picked":["Deadly Poison","Backflip"],"picked":"Dash","floor":1},{"not_picked":["Dash","Endless Agony"],"picked":"Skewer","floor":2},{"not_picked":["PiercingWail","Slice","Choke"],"picked":"SKIP","floor":5},{"not_picked":["Burst","Outmaneuver"],"picked":"Blur","floor":8},{"not_picked":["Deadly Poison","Dash"],"picked":"Masterful Stab","floor":14}],"player_experience":1235469,"relics_obtained":[{"floor":7,"key":"Gambling Chip"},{"floor":8,"key":"Meat on the Bone"},{"floor":9,"key":"WingedGreaves"},{"floor":14,"key":"Blue Candle"}],"event_choices":[{"damage_healed":0,"gold_gain":0,"player_choice":"Upgraded","damage_taken":0,"max_hp_gain":0,"max_hp_loss":0,"event_name":"Upgrade Shrine","floor":3,"gold_loss":0,"cards_upgraded":["Skewer"]},{"damage_healed":0,"gold_gain":0,"player_choice":"Searched \u00271\u0027 times","damage_taken":0,"max_hp_gain":0,"max_hp_loss":0,"event_name":"Dead Adventurer","floor":7,"gold_loss":0},{"damage_healed":0,"gold_gain":0,"player_choice":"Success","damage_taken":5,"relics_obtained":["Tough Bandages"],"max_hp_gain":0,"max_hp_loss":0,"event_name":"Scrap Ooze","floor":10,"gold_loss":0}],"is_beta":false,"boss_relics":[],"items_purged_floors":[4,12],"is_endless":false,"potions_floor_spawned":[5],"killed_by":"Slime Boss","ascension_level":20}}