{"host":"sv5wu69vx5k0n1ve","time":1611390085,"event":{"mods":["Act Like it!","BaseMod","Colored Powertips","Gensokyo","Minty Spire (QoL Compilation)","Quick Restart","Relic Stats","StSLib"],"gold_per_floor":[109,39,39,39,59,84,84,117,144,177,177,17,29,47,47,147,147,167,177,194,204,204,84,84,99,180,180,207,207,131,166,166,269,319,335,348,348,348,368,15,57,57,83,83,113,132,105,157,157,157],"floor_reached":51,"language":"ZHS","playtime":2819,"items_purged":["Strike_G"],"score":926,"play_id":"eb167e89-92e9-487c-bb54-922ac5b0c427","local_time":"20210123162125","is_ascension_mode":true,"campfire_choices":[{"data":"Noxious Fumes","floor":7.0,"key":"SMITH"},{"data":"Calculated Gamble","floor":11.0,"key":"SMITH"},{"data":"Calculated Gamble","floor":15.0,"key":"SMITH"},{"data":"Gensokyo:TurboGranny","floor":27.0,"key":"SMITH"},{"data":"Footwork","floor":29.0,"key":"SMITH"},{"data":"Blur","floor":32.0,"key":"SMITH"},{"data":"Acrobatics","floor":42.0,"key":"SMITH"},{"data":"Tools of the Trade","floor":49,"key":"SMITH"}],"circlet_count":0,"master_deck":["Strike_G+1","Strike_G+1","Strike_G","Strike_G","Defend_G","Defend_G","Defend_G","Defend_G","Defend_G","Survivor","Neutralize","Noxious Fumes+1","Cloak And Dagger","Burst","Footwork+1","Calculated Gamble+1","Calculated Gamble+1","Prepared+1","Blur+1","Dash","Underhanded Strike","After Image+1","Tactician+1","Backflip+1","Backflip","Gensokyo:MorningStar+1","Blur+1","Tools of the Trade+1","Acrobatics+1","Acrobatics","Noxious Fumes+1","Catalyst+1"],"relics":["Ring of the Snake","NeowsBlessing","Orichalcum","Smiling Mask","PreservedInsect","Tingsha","Gensokyo:BookOfSpecters","Philosopher\u0027s Stone","Gensokyo:MaskOfHope","Eternal Feather","Omamori","Tiny Chest","Tiny House","CaptainsWheel","Gremlin Horn","CeramicFish","Pantograph","Happy Flower","Question Card","Blood Vial","The Courier"],"acts_visited":["Gensokyo:Gensokyo","Gensokyo:Gensokyoer","Gensokyo:Gensokyoest"],"potions_floor_usage":[48,48,50,50,50],"damage_taken":[{"damage":0.0,"enemies":"Gensokyo:2_Kodama","floor":1.0,"turns":1.0},{"damage":0.0,"enemies":"Gensokyo:Python","floor":5.0,"turns":1.0},{"damage":0.0,"enemies":"Gensokyo:Mamizou","floor":6.0,"turns":2.0},{"damage":10.0,"enemies":"Gensokyo:Cirno","floor":8.0,"turns":6.0},{"damage":17.0,"enemies":"Gensokyo:Aya","floor":10.0,"turns":6.0},{"damage":2.0,"enemies":"Gensokyo:3_Fairies","floor":13.0,"turns":3.0},{"damage":0.0,"enemies":"Gensokyo:Kitsune","floor":14.0,"turns":3.0},{"damage":9.0,"enemies":"Gensokyo:Kokoro","floor":16.0,"turns":9.0},{"damage":20.0,"enemies":"Gensokyo:3_Dogs","floor":18.0,"turns":6.0},{"damage":0.0,"enemies":"Gensokyo:Chomper","floor":19.0,"turns":3.0},{"damage":20.0,"enemies":"Gensokyo:Slime_Group","floor":20.0,"turns":6.0},{"damage":10.0,"enemies":"Gensokyo:Wraith","floor":21.0,"turns":4.0},{"damage":11.0,"enemies":"Gensokyo:3_Gloops","floor":25.0,"turns":6.0},{"damage":2.0,"enemies":"Gensokyo:Reisen","floor":28.0,"turns":6.0},{"damage":0.0,"enemies":"Gensokyo:Koishi","floor":31.0,"turns":5.0},{"damage":4.0,"enemies":"Gensokyo:Kaguya","floor":33.0,"turns":13.0},{"damage":0.0,"enemies":"Gensokyo:AncientGuardian","floor":35.0,"turns":7.0},{"damage":0.0,"enemies":"Gensokyo:3_Bats","floor":36.0,"turns":4.0},{"damage":10.0,"enemies":"Gensokyo:3_Bats","floor":37.0,"turns":9.0},{"damage":8.0,"enemies":"Gensokyo:3_Boulders","floor":39.0,"turns":6.0},{"damage":0.0,"enemies":"Gensokyo:Kasen","floor":41.0,"turns":8.0},{"damage":0,"enemies":"Gensokyo:Marisa","floor":45,"turns":8},{"damage":0,"enemies":"Gensokyo:SeedOfUnknown","floor":46,"turns":5},{"damage":0,"enemies":"Gensokyo:Doremy","floor":48,"turns":6},{"damage":60,"enemies":"Gensokyo:Scarlet_Devils","floor":50,"turns":13}],"seed_played":"1269797043168262298","potions_obtained":[{"floor":1.0,"key":"Poison Potion"},{"floor":6.0,"key":"PowerPotion"},{"floor":13.0,"key":"BlessingOfTheForge"},{"floor":14.0,"key":"Dexterity Potion"},{"floor":19.0,"key":"BlessingOfTheForge"},{"floor":25.0,"key":"SpeedPotion"},{"floor":34.0,"key":"Weak Potion"},{"floor":41.0,"key":"EntropicBrew"}],"is_trial":false,"path_per_floor":["M","?","?","$","M","E","R","E","T","E","R","?","M","M","R","B",null,"M","M","M","M","?","?","?","M","T","R","E","R","COS","E","R","B",null,"M","M","?","T","M","$","E","R","T","T","E","M","COS","E","R","B",null],"character_chosen":"THE_SILENT","items_purchased":["Tools of the Trade","CeramicFish"],"campfire_rested":0,"item_purchase_floors":[40,40],"current_hp_per_floor":[70,70,77,77,77,77,77,67,67,50,50,50,48,48,48,39,77,57,57,37,27,27,27,27,16,16,28,26,38,38,38,50,46,75,75,75,75,75,67,67,67,75,75,75,75,75,75,75,75,15],"gold":157,"neow_bonus":"THREE_ENEMY_KILL","is_daily":false,"chose_seed":false,"campfire_upgraded":8,"win_rate":0.0,"timestamp":1611390085,"path_taken":["M","?","?","?","M","E","R","E","T","E","R","?","M","M","R","BOSS","M","M","M","?","?","?","?","M","T","R","E","R","COS","E","R","BOSS","M","M","?","?","?","$","E","R","T","?","E","M","COS","E","R","BOSS"],"items_purchased_type":["Card","Relic"],"build_version":"2020-12-22","purchased_purges":1,"victory":true,"max_hp_per_floor":[70,70,77,77,77,77,77,77,77,77,77,77,77,77,77,77,77,77,77,77,77,70,70,70,70,70,70,70,70,70,70,70,70,75,75,75,75,75,75,75,75,75,75,75,75,75,75,75,75,75],"relic_stats":{"Gremlin Horn":[7,7],"Happy Flower":[10],"counters":[25,146],"CeramicFish":45,"Tingsha":[1382],"Eternal Feather":44,"PreservedInsect":460,"Orichalcum":[72],"Smiling Mask":25,"Question Card":4,"Blood Vial":0,"Pantograph":0,"Tiny Chest":1,"obtain_stats":[{"Gensokyo:MaskOfHope":23,"Gensokyo:BookOfSpecters":12,"Tiny House":34,"NeowsBlessing":0,"Gremlin Horn":38,"Happy Flower":43,"CeramicFish":40,"Tingsha":10,"Eternal Feather":26,"PreservedInsect":9,"The Courier":48,"Omamori":28,"Orichalcum":6,"Smiling Mask":8,"Question Card":44,"Blood Vial":45,"Frozen Eye":31,"CaptainsWheel":36,"Pantograph":41,"Philosopher\u0027s Stone":17,"Tiny Chest":31,"Ring of the Snake":0},{"Gensokyo:MaskOfHope":12,"Gensokyo:BookOfSpecters":5,"Tiny House":16,"NeowsBlessing":0,"Gremlin Horn":19,"Happy Flower":21,"CeramicFish":20,"Tingsha":5,"Eternal Feather":13,"PreservedInsect":4,"The Courier":24,"Omamori":14,"Orichalcum":3,"Smiling Mask":4,"Question Card":21,"Blood Vial":22,"Frozen Eye":14,"CaptainsWheel":18,"Pantograph":21,"Philosopher\u0027s Stone":8,"Tiny Chest":15,"Ring of the Snake":0},{"Gensokyo:MaskOfHope":50,"Gensokyo:BookOfSpecters":16,"Tiny House":80,"NeowsBlessing":0,"Gremlin Horn":100,"Happy Flower":114,"CeramicFish":106,"Tingsha":16,"Eternal Feather":56,"PreservedInsect":10,"The Courier":133,"Omamori":62,"Orichalcum":4,"Smiling Mask":10,"Question Card":114,"Blood Vial":122,"Frozen Eye":62,"CaptainsWheel":89,"Pantograph":114,"Philosopher\u0027s Stone":31,"Tiny Chest":67,"Ring of the Snake":0}],"Ring of the Snake":[50]},"card_choices":[{"not_picked":["Masterful Stab","Backflip"],"picked":"Noxious Fumes","floor":1.0},{"not_picked":["Dagger Spray","Expertise"],"picked":"Cloak And Dagger","floor":5.0},{"not_picked":["PiercingWail","Blade Dance"],"picked":"Burst","floor":6.0},{"not_picked":["Setup","Dagger Throw"],"picked":"Footwork","floor":8.0},{"not_picked":["Riddle With Holes","Dash"],"picked":"Calculated Gamble","floor":10.0},{"not_picked":["Cloak And Dagger","Eviscerate","Accuracy"],"picked":"SKIP","floor":13.0},{"not_picked":["Backstab","Prepared"],"picked":"Calculated Gamble","floor":14.0},{"not_picked":["Blade Dance","Poisoned Stab","Accuracy+1"],"picked":"SKIP","floor":18.0},{"not_picked":["Outmaneuver","PiercingWail+1","Choke"],"picked":"SKIP","floor":19.0},{"not_picked":["Night Terror","Sucker Punch"],"picked":"Prepared+1","floor":20.0},{"not_picked":["Concentrate+1","Endless Agony"],"picked":"Blur","floor":21.0},{"not_picked":["Gensokyo:Doppelganger","Gensokyo:RedCapeBlueCape"],"picked":"Gensokyo:TurboGranny","floor":22.0},{"not_picked":["Masterful Stab+1","Prepared","Choke+1"],"picked":"SKIP","floor":25.0},{"not_picked":["Dagger Spray+1","Phantasmal Killer"],"picked":"Underhanded Strike","floor":28.0},{"not_picked":["Outmaneuver","Slice","Quick Slash"],"picked":"SKIP","floor":31.0},{"not_picked":["Tools of the Trade","Venomology"],"picked":"After Image","floor":33.0},{"not_picked":["Blade Dance","Dagger Throw"],"picked":"Tactician+1","floor":34.0},{"not_picked":["Tactician+1","Concentrate"],"picked":"Backflip+1","floor":35.0},{"not_picked":["Cloak And Dagger+1","Slice"],"picked":"Backflip","floor":36.0},{"not_picked":["Gensokyo:UnhurriedMind+1","Gensokyo:RainbowDanmaku+1"],"picked":"Gensokyo:MorningStar+1","floor":37.0},{"not_picked":["Masterful Stab+1","Leg Sweep"],"picked":"Blur+1","floor":39.0},{"not_picked":["Prepared+1","Blade Dance+1"],"picked":"Acrobatics","floor":41.0},{"not_picked":["Blur","Choke","Slice","Dagger Throw"],"picked":"SKIP","floor":45},{"not_picked":["Dodge and Roll","Underhanded Strike+1","Deflect+1"],"picked":"Acrobatics","floor":46},{"not_picked":["Caltrops+1","Corpse Explosion+1","Backflip+1"],"picked":"Noxious Fumes+1","floor":48},{"not_picked":["Dagger Throw","Outmaneuver","Slice"],"picked":"Catalyst+1","floor":48}],"player_experience":152612,"relics_obtained":[{"floor":6.0,"key":"Orichalcum"},{"floor":8.0,"key":"Smiling Mask"},{"floor":9.0,"key":"PreservedInsect"},{"floor":10.0,"key":"Tingsha"},{"floor":26.0,"key":"Eternal Feather"},{"floor":28.0,"key":"Omamori"},{"floor":31.0,"key":"Tiny Chest"},{"floor":38.0,"key":"Gremlin Horn"},{"floor":41.0,"key":"Pantograph"},{"floor":43.0,"key":"Happy Flower"},{"floor":44.0,"key":"Question Card"},{"floor":45,"key":"Blood Vial"},{"floor":48,"key":"The Courier"}],"event_choices":[],"is_beta":false,"boss_relics":[{"not_picked":["Runic Pyramid","Busted Crown"],"picked":"Philosopher\u0027s Stone"},{"not_picked":["Black Star","Fusion Hammer"],"picked":"Tiny House"}],"items_purged_floors":[40],"is_endless":false,"potions_floor_spawned":[1,6,13,14,19,25,41],"ascension_level":1}}