{"host":"baymyijz6sxaqj5s","time":1611366036,"event":{"mods":["AchievementEnabler","BaseMod","Colored Map","Colored Powertips","DeckTracker","Highlight Path","KOR Keyword Fix","Keyboard Shortcuts","Minty Spire (QoL Compilation)","StSLib","SuperFastMode","everything is the same but u backflip on backflip"],"gold_per_floor":[114,132,146,146,146,146,28,44,67,67,80,91,109,109,109,209,209,226,236,248,248,261,261,261,261],"floor_reached":24,"language":"KOR","playtime":792,"items_purged":[],"score":246,"play_id":"1c20ad6a-f66d-48e6-9b3c-d02e6ff2e89c","local_time":"20210123104036","is_ascension_mode":true,"campfire_choices":[{"data":"Armaments","floor":6,"key":"SMITH"},{"data":"Body Slam","floor":15,"key":"SMITH"},{"floor":23,"key":"REST"}],"circlet_count":0,"master_deck":["Strike_R","Strike_R","Strike_R","Strike_R","Strike_R","Defend_R","Defend_R","Defend_R","Defend_R","Bash","Armaments+1","Thunderclap","Body Slam+1","Double Tap","Ghostly Armor","Heavy Blade","Demon Form","Flame Barrier","Ghostly Armor"],"relics":["Black Blood","Happy Flower","Bag of Preparation"],"acts_visited":["Exordium","TheCity"],"potions_floor_usage":[12,13,22,24],"damage_taken":[{"damage":5,"enemies":"Cultist","floor":1,"turns":5},{"damage":9,"enemies":"Small Slimes","floor":2,"turns":5},{"damage":1,"enemies":"Jaw Worm","floor":3,"turns":5},{"damage":16,"enemies":"Exordium Wildlife","floor":8,"turns":4},{"damage":5,"enemies":"Exordium Thugs","floor":11,"turns":5},{"damage":24,"enemies":"Gremlin Gang","floor":12,"turns":6},{"damage":8,"enemies":"Red Slaver","floor":13,"turns":4},{"damage":60,"enemies":"The Guardian","floor":16,"turns":18},{"damage":10,"enemies":"Chosen","floor":18,"turns":6},{"damage":32,"enemies":"Shell Parasite","floor":19,"turns":7},{"damage":35,"enemies":"Snecko","floor":20,"turns":5},{"damage":26,"enemies":"Centurion and Healer","floor":22,"turns":8},{"damage":74,"enemies":"3 Cultists","floor":24,"turns":5}],"seed_played":"-3137912527405585501","potions_obtained":[{"floor":8,"key":"BloodPotion"},{"floor":11,"key":"Fruit Juice"},{"floor":18,"key":"Ancient Potion"},{"floor":20,"key":"Block Potion"},{"floor":22,"key":"SkillPotion"}],"is_trial":false,"path_per_floor":["M","M","M","?","?","R","$","M","T","$","M","M","M","$","R","B",null,"M","M","M","?","M","R","M"],"character_chosen":"IRONCLAD","items_purchased":["Body Slam","Double Tap"],"campfire_rested":1,"item_purchase_floors":[7,7],"current_hp_per_floor":[88,85,88,70,75,75,75,65,65,65,66,53,70,70,70,16,98,98,78,55,55,41,70,0,0],"gold":261,"neow_bonus":"TEN_PERCENT_HP_BONUS","is_daily":false,"chose_seed":false,"campfire_upgraded":2,"win_rate":0.0,"timestamp":1611366036,"path_taken":["M","M","?","?","?","R","$","M","T","$","M","M","M","?","R","BOSS","M","M","M","?","M","R","?"],"items_purchased_type":["Card","Card"],"build_version":"2020-12-22","purchased_purges":0,"victory":false,"max_hp_per_floor":[88,88,88,88,93,93,93,93,93,93,93,98,98,98,98,98,98,98,98,98,98,98,98,98,98],"card_choices":[{"not_picked":["Flex","Pommel Strike"],"picked":"Armaments","floor":1},{"not_picked":["Power Through","Perfected Strike","Havoc"],"picked":"SKIP","floor":2},{"not_picked":["Hemokinesis","Flex"],"picked":"Thunderclap","floor":3},{"not_picked":["Wild Strike","Evolve"],"picked":"Ghostly Armor","floor":8},{"not_picked":["Feed","Anger"],"picked":"Heavy Blade","floor":11},{"not_picked":["Thunderclap","Cleave","Iron Wave"],"picked":"SKIP","floor":12},{"not_picked":["Cleave","Bloodletting","Hemokinesis"],"picked":"SKIP","floor":13},{"not_picked":["Offering","Feed"],"picked":"Demon Form","floor":16},{"not_picked":["Wild Strike","Perfected Strike"],"picked":"Flame Barrier","floor":18},{"not_picked":["Thunderclap","Clothesline","Flex+1"],"picked":"SKIP","floor":19},{"not_picked":["Sentinel+1","Wild Strike","Clothesline+1"],"picked":"SKIP","floor":20},{"not_picked":["Clash","Metallicize+1","Iron Wave"],"picked":"SKIP","floor":22}],"player_experience":71592,"relics_obtained":[{"floor":9,"key":"Bag of Preparation"}],"event_choices":[{"damage_healed":0,"gold_gain":0,"player_choice":"Success","damage_taken":18,"relics_obtained":["Happy Flower"],"max_hp_gain":0,"max_hp_loss":0,"event_name":"Scrap Ooze","floor":4,"gold_loss":0},{"damage_healed":0,"gold_gain":0,"player_choice":"Donut","damage_taken":0,"max_hp_gain":5,"max_hp_loss":0,"event_name":"Big Fish","floor":5,"gold_loss":0},{"damage_healed":0,"gold_gain":0,"player_choice":"Copied","damage_taken":0,"max_hp_gain":0,"max_hp_loss":0,"event_name":"Duplicator","floor":21,"gold_loss":0,"cards_obtained":["Ghostly Armor"]}],"is_beta":false,"boss_relics":[{"not_picked":["Velvet Choker","Calling Bell"],"picked":"Black Blood"}],"items_purged_floors":[],"is_endless":false,"potions_floor_spawned":[8,11,18,20,22],"killed_by":"3 Cultists","ascension_level":3}}