{"host":"fm9e0lfunjlbhzxv","time":1611439428,"event":{"mods":["2.2 Compatiblity","AchievementEnabler","Alarm Clock","BaseMod","Bestiary","Colored Map","Colored Powertips","Key Reminder","Minty Spire (QoL Compilation)","Permanent Neow","Random Character Button","Rare Cards Sparkle","Relic Stats","StSLib","The IronCluck","slay the spire mod where everything is the same but ironclad has a cowboy hat"],"gold_per_floor":[113,131,109,34,34,61,61,74,74,94,125,141,141,172,172,273,273,284,138,138,150,165,165,191,191,191,34,59,87,87,0,0,102,102,118,118,168,185,204,230,230,330,330,349,349,349,381,393,393,393,393,393,4,35,35],"floor_reached":56,"language":"ENG","playtime":3249,"items_purged":["Strike_P","Pain"],"score":1466,"play_id":"f2cbd560-ea68-4ec6-8c11-c289dc4775de","local_time":"20210123140348","is_ascension_mode":true,"campfire_choices":[{"data":"Halt","floor":7.0,"key":"SMITH"},{"data":"Tantrum","floor":15.0,"key":"SMITH"},{"data":"ConjureBlade","floor":23.0,"key":"SMITH"},{"data":"Vigilance","floor":30,"key":"SMITH"},{"data":"1","floor":32,"key":"LIFT"},{"floor":41,"key":"RECALL"},{"data":"2","floor":46,"key":"LIFT"},{"floor":49,"key":"DIG"},{"floor":52,"key":"DIG"}],"circlet_count":0,"master_deck":["Eruption","Vigilance+1","Halt+1","WheelKick","EmptyFist","Tantrum+1","Wallop","FlurryOfBlows","ClearTheMind","FlyingSleeves","Devotion+1","ConjureBlade+1","ReachHeaven","Swivel+1","Ragnarok","Vengeance+1","FearNoEvil","DeceiveReality+1","Consecrate+1","CutThroughFate","WheelKick","Bandage Up","Halt","TalkToTheHand+1","Brilliance","Halt+1","EmptyBody","Devotion+1"],"relics":["Coffee Dripper","HornCleat","Frozen Egg 2","Oddly Smooth Stone","Damaru","Pandora\u0027s Box","ClockworkSouvenir","WarpedTongs","Darkstone Periapt","MutagenicStrength","War Paint","OrangePellets","Red Mask","Girya","SlaversCollar","Shovel","Akabeko","Meat on the Bone","Ornamental Fan","Pear","Happy Flower"],"acts_visited":["Exordium","TheCity","TheBeyond","TheEnding"],"potions_floor_usage":[29,33,44,50,50,54,55,55],"damage_taken":[{"damage":3.0,"enemies":"2 Louse","floor":1.0,"turns":3.0},{"damage":1.0,"enemies":"Small Slimes","floor":2.0,"turns":3.0},{"damage":10.0,"enemies":"Lagavulin","floor":6.0,"turns":6.0},{"damage":0.0,"enemies":"Cultist","floor":8.0,"turns":3.0},{"damage":0.0,"enemies":"2 Fungi Beasts","floor":10.0,"turns":2.0},{"damage":0.0,"enemies":"Gremlin Nob","floor":11.0,"turns":2.0},{"damage":1.0,"enemies":"Lots of Slimes","floor":12.0,"turns":2.0},{"damage":0.0,"enemies":"3 Sentries","floor":14.0,"turns":3.0},{"damage":4.0,"enemies":"Hexaghost","floor":16.0,"turns":6.0},{"damage":0.0,"enemies":"3 Byrds","floor":18.0,"turns":3.0},{"damage":18.0,"enemies":"2 Thieves","floor":21.0,"turns":3.0},{"damage":4.0,"enemies":"3 Cultists","floor":22.0,"turns":4.0},{"damage":12.0,"enemies":"Book of Stabbing","floor":24.0,"turns":4.0},{"damage":2,"enemies":"Masked Bandits","floor":28,"turns":3},{"damage":7,"enemies":"Gremlin Leader","floor":29,"turns":4},{"damage":11,"enemies":"Champ","floor":33,"turns":5},{"damage":0,"enemies":"3 Shapes","floor":35,"turns":4},{"damage":24,"enemies":"Mind Bloom Boss Battle","floor":37,"turns":3},{"damage":0,"enemies":"Orb Walker","floor":38,"turns":2},{"damage":2,"enemies":"Maw","floor":39,"turns":6},{"damage":32,"enemies":"Nemesis","floor":40,"turns":5},{"damage":16,"enemies":"Writhing Mass","floor":44,"turns":3},{"damage":24,"enemies":"Reptomancer","floor":47,"turns":3},{"damage":10,"enemies":"4 Shapes","floor":48,"turns":2},{"damage":13,"enemies":"Time Eater","floor":50,"turns":4},{"damage":5,"enemies":"Shield and Spear","floor":54,"turns":4},{"damage":43,"enemies":"The Heart","floor":55,"turns":6}],"seed_played":"276117372803928983","potions_obtained":[{"floor":6.0,"key":"LiquidMemories"},{"floor":8.0,"key":"SkillPotion"},{"floor":10.0,"key":"Block Potion"},{"floor":11.0,"key":"LiquidMemories"},{"floor":12.0,"key":"Regen Potion"},{"floor":18.0,"key":"ColorlessPotion"},{"floor":24.0,"key":"SteroidPotion"},{"floor":28,"key":"ColorlessPotion"},{"floor":29,"key":"BottledMiracle"},{"floor":40,"key":"BottledMiracle"},{"floor":47,"key":"SmokeBomb"},{"floor":48,"key":"EssenceOfSteel"},{"floor":54,"key":"DistilledChaos"}],"is_trial":false,"path_per_floor":["M","M","?","$","?","E","R","M","T","M","E","M","?","E","R","B",null,"M","$","?","M","M","R","E","?","T","$","?","E","R","$","R","B",null,"M","?","?","M","M","E","R","?","T","M","?","R","E","M","R","B",null,"R","$","E","B",null],"character_chosen":"WATCHER","items_purchased":["ClockworkSouvenir","OrangePellets","Bandage Up","Devotion+1","DistilledChaos","Strength Potion"],"campfire_rested":0,"item_purchase_floors":[19,27,31,53,53,53],"current_hp_per_floor":[69,68,68,68,68,58,58,58,58,58,58,57,57,57,57,53,72,72,72,72,54,50,50,38,38,38,38,36,29,29,29,29,22,72,72,68,44,48,54,30,30,30,30,29,29,29,11,17,17,16,68,78,78,73,46],"gold":35,"neow_bonus":"BOSS_RELIC","is_daily":false,"chose_seed":false,"campfire_upgraded":4,"win_rate":0.0,"timestamp":1611439428,"path_taken":["M","M","?","$","?","E","R","M","T","M","E","M","?","E","R","BOSS","M","?","?","M","?","R","E","?","T","$","?","E","R","$","R","BOSS","M","?","?","M","M","E","R","?","T","?","?","R","E","M","R","BOSS","R","$","E","BOSS"],"items_purchased_type":["Relic","Relic","Card","Card","Potion","Potion"],"build_version":"2020-12-22","purchased_purges":2,"victory":true,"max_hp_per_floor":[72,72,72,72,72,72,72,72,72,72,72,72,72,72,72,72,72,72,72,72,72,72,72,72,72,72,72,72,72,72,72,72,72,72,72,68,68,68,68,68,68,68,68,68,68,68,68,68,68,68,68,78,78,78,78],"relic_stats":{"Darkstone Periapt":0,"OrangePellets":[13],"Shovel":2,"Happy Flower":[2],"counters":[27,98],"Ornamental Fan":[32],"Pandora\u0027s Box":["ConjureBlade","ReachHeaven","Swivel","Ragnarok","Vengeance","FearNoEvil"],"War Paint":["Vengeance","Swivel"],"obtain_stats":[{"Darkstone Periapt":24,"Girya":29,"Pear":52,"Happy Flower":54,"Oddly Smooth Stone":11,"Damaru":14,"Frozen Egg 2":9,"War Paint":26,"Akabeko":40,"ClockworkSouvenir":19,"WarpedTongs":20,"keyreminder:keyreminder":40,"OrangePellets":27,"SlaversCollar":34,"HornCleat":6,"Shovel":37,"Ornamental Fan":49,"MutagenicStrength":25,"Pandora\u0027s Box":17,"Coffee Dripper":0,"Red Mask":28,"PureWater":0,"Meat on the Bone":47},{"Darkstone Periapt":13,"Girya":15,"Pear":25,"Happy Flower":26,"Oddly Smooth Stone":6,"Damaru":8,"Frozen Egg 2":4,"War Paint":13,"Akabeko":21,"ClockworkSouvenir":10,"WarpedTongs":10,"keyreminder:keyreminder":21,"OrangePellets":13,"SlaversCollar":16,"HornCleat":3,"Shovel":18,"Ornamental Fan":24,"MutagenicStrength":13,"Pandora\u0027s Box":9,"Coffee Dripper":0,"Red Mask":14,"PureWater":0,"Meat on the Bone":23},{"Darkstone Periapt":44,"Girya":51,"Pear":88,"Happy Flower":92,"Oddly Smooth Stone":19,"Damaru":24,"Frozen Egg 2":15,"War Paint":44,"Akabeko":76,"ClockworkSouvenir":33,"WarpedTongs":33,"keyreminder:keyreminder":76,"OrangePellets":44,"SlaversCollar":56,"HornCleat":12,"Shovel":63,"Ornamental Fan":84,"MutagenicStrength":44,"Pandora\u0027s Box":30,"Coffee Dripper":0,"Red Mask":47,"PureWater":0,"Meat on the Bone":82}],"WarpedTongs":[65],"Meat on the Bone":36},"card_choices":[{"not_picked":["ClearTheMind","EmptyFist"],"picked":"Halt","floor":1.0},{"not_picked":["ThirdEye","Consecrate"],"picked":"WheelKick","floor":2.0},{"not_picked":["Prostrate","Study"],"picked":"EmptyFist","floor":6.0},{"not_picked":["CrushJoints","Evaluate"],"picked":"Tantrum","floor":8.0},{"not_picked":["Consecrate","ThirdEye"],"picked":"Wallop","floor":10.0},{"not_picked":["BowlingBash","Sanctity"],"picked":"FlurryOfBlows","floor":11.0},{"not_picked":["Alpha","InnerPeace"],"picked":"ClearTheMind","floor":12.0},{"not_picked":["Worship","Perseverance"],"picked":"FlyingSleeves","floor":14.0},{"not_picked":["Scrawl","LessonLearned"],"picked":"Devotion+1","floor":16.0},{"not_picked":["Halt","Wallop+1"],"picked":"DeceiveReality+1","floor":18.0},{"not_picked":["Halt+1","CutThroughFate"],"picked":"Consecrate+1","floor":21.0},{"not_picked":["PathToVictory+1","Protect"],"picked":"CutThroughFate","floor":22.0},{"not_picked":["ClearTheMind","Study+1"],"picked":"WheelKick","floor":24.0},{"not_picked":["EmptyFist","Conclude","PathToVictory"],"picked":"SKIP","floor":29},{"not_picked":["Judgement","Blasphemy"],"picked":"Omniscience","floor":33},{"not_picked":["Consecrate+1","Swivel","Halt"],"picked":"SKIP","floor":35},{"not_picked":["CarveReality+1","WheelKick+1"],"picked":"Halt","floor":37},{"not_picked":["Consecrate+1","Weave","EmptyBody"],"picked":"SKIP","floor":38},{"not_picked":["FlurryOfBlows","SignatureMove+1"],"picked":"TalkToTheHand+1","floor":39},{"not_picked":["CutThroughFate","Conclude+1"],"picked":"Brilliance","floor":40},{"not_picked":["Evaluate","FlurryOfBlows"],"picked":"Halt+1","floor":44},{"not_picked":["FlyingSleeves","ClearTheMind+1","Ragnarok"],"picked":"SKIP","floor":47},{"not_picked":["Halt","Evaluate"],"picked":"EmptyBody","floor":48},{"not_picked":["ClearTheMind","Prostrate","Protect"],"picked":"SKIP","floor":54}],"player_experience":438106,"relics_obtained":[{"floor":6.0,"key":"HornCleat"},{"floor":9.0,"key":"Frozen Egg 2"},{"floor":11.0,"key":"Oddly Smooth Stone"},{"floor":14.0,"key":"Damaru"},{"floor":24.0,"key":"Darkstone Periapt"},{"floor":26.0,"key":"War Paint"},{"floor":28,"key":"Red Mask"},{"floor":29,"key":"Girya"},{"floor":37,"key":"Shovel"},{"floor":40,"key":"Akabeko"},{"floor":47,"key":"Meat on the Bone"},{"floor":49,"key":"Ornamental Fan"},{"floor":52,"key":"Pear"},{"floor":54,"key":"Happy Flower"}],"event_choices":[{"damage_healed":0.0,"max_hp_gain":0.0,"max_hp_loss":0.0,"gold_gain":0.0,"event_name":"World of Goop","player_choice":"Left Gold","floor":3.0,"gold_loss":22.0,"damage_taken":0.0},{"damage_healed":0.0,"max_hp_gain":0.0,"max_hp_loss":0.0,"gold_gain":0.0,"event_name":"Golden Idol","player_choice":"Ignored","floor":5.0,"gold_loss":0.0,"damage_taken":0.0},{"cards_removed":["Strike_P"],"damage_healed":0.0,"max_hp_gain":0.0,"max_hp_loss":0.0,"gold_gain":0.0,"event_name":"Bonfire Elementals","player_choice":"Offered Basic","floor":13.0,"gold_loss":0.0,"damage_taken":0.0},{"damage_healed":0.0,"max_hp_gain":0.0,"max_hp_loss":0.0,"gold_gain":0.0,"event_name":"Accursed Blacksmith","player_choice":"Rummage","floor":20.0,"gold_loss":0.0,"damage_taken":0.0,"relics_obtained":["WarpedTongs"],"cards_obtained":["Pain"]},{"damage_healed":0.0,"max_hp_gain":0.0,"max_hp_loss":0.0,"gold_gain":0.0,"event_name":"Drug Dealer","player_choice":"Inject Mutagens","floor":25.0,"gold_loss":0.0,"damage_taken":0.0,"relics_obtained":["MutagenicStrength"]},{"damage_healed":0,"gold_gain":0,"player_choice":"Fought Bandits","damage_taken":0,"max_hp_gain":0,"max_hp_loss":0,"event_name":"Masked Bandits","floor":28,"gold_loss":0},{"damage_healed":0,"gold_gain":0,"player_choice":"Max HP","damage_taken":0,"max_hp_gain":0,"max_hp_loss":4,"event_name":"Winding Halls","floor":36,"gold_loss":0},{"damage_healed":0,"gold_gain":0,"player_choice":"Fight","damage_taken":0,"max_hp_gain":0,"max_hp_loss":0,"event_name":"MindBloom","floor":37,"gold_loss":0},{"damage_healed":0,"gold_gain":100,"player_choice":"Pray","damage_taken":0,"max_hp_gain":0,"max_hp_loss":0,"event_name":"Golden Shrine","floor":42,"gold_loss":0},{"cards_removed":["Omniscience"],"damage_healed":0,"gold_gain":0,"player_choice":"Removed Skill","damage_taken":0,"max_hp_gain":0,"max_hp_loss":0,"event_name":"Falling","floor":45,"gold_loss":0}],"is_beta":false,"boss_relics":[{"not_picked":["Black Star","Sozu"],"picked":"Pandora\u0027s Box"},{"not_picked":["SacredBark","VioletLotus"],"picked":"SlaversCollar"}],"items_purged_floors":[4,53],"is_endless":false,"potions_floor_spawned":[6,8,10,11,12,14,18,24,28,29,40,47,48,54],"ascension_level":3}}