{"host":"sa4ahr18fk2zb79f","time":1611438276,"event":{"mods":["AchievementEnabler","BaseMod","Colored Map","Colored Powertips","Highlight Path","Minty Spire (QoL Compilation)","Permanent Neow","Quick Restart","Rare Cards Sparkle","Relic Sorter"],"gold_per_floor":[113,113,126,137,98,98,123,123,177,188,188,205,130,150,150,250,250,250],"floor_reached":17,"language":"ENG","playtime":2107,"items_purged":["Regret"],"score":157,"play_id":"4d8ee794-2c7b-4255-85e2-a90c864e2fce","local_time":"20210123224436","is_ascension_mode":false,"campfire_choices":[{"data":"Outmaneuver","floor":6.0,"key":"SMITH"},{"data":"Reflex","floor":8.0,"key":"SMITH"},{"data":"Phantasmal Killer","floor":15,"key":"SMITH"}],"circlet_count":0,"master_deck":["Strike_G","Strike_G","Strike_G","Strike_G","Strike_G","Defend_G","Defend_G","Defend_G","Defend_G","Defend_G","Survivor","Neutralize","Outmaneuver+1","Eviscerate","Underhanded Strike","Reflex+1","Infinite Blades","All Out Attack","Phantasmal Killer+1","After Image"],"relics":["Runic Pyramid","Pen Nib","Lizard Tail","Fusion Hammer"],"acts_visited":["Exordium","TheCity"],"potions_floor_usage":[12,16],"damage_taken":[{"damage":1.0,"enemies":"2 Louse","floor":1.0,"turns":3.0},{"damage":0.0,"enemies":"Cultist","floor":3.0,"turns":4.0},{"damage":0.0,"enemies":"Jaw Worm","floor":4.0,"turns":3.0},{"damage":8.0,"enemies":"Lagavulin","floor":7.0,"turns":6.0},{"damage":5.0,"enemies":"3 Louse","floor":10.0,"turns":4.0},{"damage":4,"enemies":"Large Slime","floor":12,"turns":5},{"damage":3,"enemies":"Red Slaver","floor":14,"turns":5},{"damage":43,"enemies":"The Guardian","floor":16,"turns":7}],"seed_played":"5793962180394382671","potions_obtained":[{"floor":3.0,"key":"ColorlessPotion"},{"floor":7.0,"key":"Swift Potion"},{"floor":10.0,"key":"FearPotion"},{"floor":14,"key":"SkillPotion"}],"is_trial":false,"path_per_floor":["M","?","M","M","$","R","E","R","T","M","?","M","$","M","R","B",null],"character_chosen":"THE_SILENT","items_purchased":["Reflex"],"campfire_rested":0,"item_purchase_floors":[5],"current_hp_per_floor":[69,69,69,69,69,69,61,61,61,56,56,52,52,49,49,6,70,70],"gold":250,"neow_bonus":"BOSS_RELIC","is_daily":false,"chose_seed":false,"campfire_upgraded":3,"win_rate":0.0,"timestamp":1611438276,"path_taken":["M","?","M","M","?","R","E","R","T","M","?","M","$","M","R","BOSS"],"items_purchased_type":["Card"],"build_version":"2020-12-22","purchased_purges":1,"victory":false,"max_hp_per_floor":[70,70,70,70,70,70,70,70,70,70,70,70,70,70,70,70,70,70],"card_choices":[{"not_picked":["Bane","Dash"],"picked":"Outmaneuver","floor":1.0},{"not_picked":["Sucker Punch","Riddle With Holes"],"picked":"Eviscerate","floor":3.0},{"not_picked":["Quick Slash","Acrobatics"],"picked":"Underhanded Strike","floor":4.0},{"not_picked":["Bane","Underhanded Strike","Endless Agony"],"picked":"SKIP","floor":7.0},{"not_picked":["Acrobatics","Slice"],"picked":"Infinite Blades","floor":10.0},{"not_picked":["Deflect","Bane"],"picked":"All Out Attack","floor":12},{"not_picked":["Flying Knee","Deadly Poison"],"picked":"Phantasmal Killer","floor":14},{"not_picked":["Phantasmal Killer","Envenom"],"picked":"After Image","floor":16}],"player_experience":460739,"relics_obtained":[{"floor":7.0,"key":"Pen Nib"}],"event_choices":[{"damage_healed":0.0,"max_hp_gain":0.0,"max_hp_loss":0.0,"gold_gain":0.0,"event_name":"NoteForYourself","player_choice":"Ignored","floor":2.0,"gold_loss":0.0,"damage_taken":0.0},{"damage_healed":0.0,"max_hp_gain":0.0,"max_hp_loss":0.0,"gold_gain":0.0,"event_name":"Big Fish","player_choice":"Box","floor":11.0,"gold_loss":0.0,"damage_taken":0.0,"relics_obtained":["Lizard Tail"],"cards_obtained":["Regret"]}],"is_beta":false,"boss_relics":[{"not_picked":["Velvet Choker","Busted Crown"],"picked":"Fusion Hammer"}],"items_purged_floors":[13],"is_endless":false,"potions_floor_spawned":[3,7,10,14],"ascension_level":0}}