{"host":"8s7r99mpv862ws6o","time":1611413403,"event":{"mods":["ATMod(∞¢Ë™Mod)","AchievementEnabler","Act Like it!","BaseMod","Gensokyo","GifTheSpireLib","Minty Spire (QoL Compilation)","Quick Restart","Reimu£®≤©¿ˆ¡È√Œ£©","StSLib"],"gold_per_floor":[115,131,142,162,173,208,208,225,225,225,235,235,75,0,0,0,0],"floor_reached":16,"language":"ZHS","playtime":1394,"items_purged":["Defend_Lin:ReiMu"],"score":104,"play_id":"b7b272c2-30b3-4f65-83ec-4ed9cd89db16","local_time":"20210123225003","is_ascension_mode":false,"campfire_choices":[{"data":"FantasyMoon:ReiMu","floor":7.0,"key":"SMITH"},{"floor":12.0,"key":"REST"},{"data":"Revelation:ReiMu","floor":15.0,"key":"SMITH"}],"circlet_count":0,"master_deck":["Strike_Lin:ReiMu","Strike_Lin:ReiMu","Strike_Lin:ReiMu","Strike_Lin:ReiMu","Defend_Lin:ReiMu","Defend_Lin:ReiMu","Defend_Lin:ReiMu","NB:ReiMu","Stagnation:ReiMu","PassingAway:ReiMu","LovePray:ReiMu","FantasyMoon:ReiMu+1","Authority:ReiMu","SpreadBorder2:ReiMu","SubAcupoint:ReiMu","OrbThrow:ReiMu","HakureiPhantom:ReiMu","WonderfulDomain:ReiMu","SealNeedle:ReiMu+1","Revelation:ReiMu+1"],"relics":["FlyPower:ReiMu","AT_ATBox","Prayer Wheel","Turnip","Shuriken","Nilry\u0027s Codex"],"acts_visited":["Exordium"],"potions_floor_usage":[16,16],"damage_taken":[{"damage":13.0,"enemies":"Gensokyo:Gryphon","floor":1.0,"turns":7.0},{"damage":2.0,"enemies":"Gensokyo:3_Fairies","floor":2.0,"turns":7.0},{"damage":3.0,"enemies":"Gensokyo:Python","floor":3.0,"turns":5.0},{"damage":13.0,"enemies":"Gensokyo:Gryphon_and_Rabbit","floor":4.0,"turns":8.0},{"damage":11.0,"enemies":"Gensokyo:3_Kodama","floor":5.0,"turns":8.0},{"damage":6.0,"enemies":"Gensokyo:Mamizou","floor":6.0,"turns":13.0},{"damage":1.0,"enemies":"Gensokyo:2_Rabbits","floor":8.0,"turns":4.0},{"damage":3.0,"enemies":"Gensokyo:VengefulSpirit","floor":11.0,"turns":6.0},{"damage":3,"enemies":"Gensokyo:Reimu","floor":16,"turns":3}],"seed_played":"-6928303569832917499","potions_obtained":[{"floor":3.0,"key":"AttackPotion"},{"floor":6.0,"key":"SkillPotion"},{"floor":11.0,"key":"SkillPotion"}],"is_trial":false,"path_per_floor":["M","M","M","M","M","E","R","M","T","?","M","R","?","$","R","B"],"character_chosen":"REIMU","items_purchased":[],"campfire_rested":1,"item_purchase_floors":[],"current_hp_per_floor":[46,44,41,28,17,11,11,10,10,10,7,24,24,24,24,21,21],"gold":0,"neow_bonus":"ONE_RARE_RELIC","is_daily":false,"chose_seed":false,"campfire_upgraded":2,"win_rate":0.0,"timestamp":1611413403,"path_taken":["M","M","M","?","M","E","R","M","T","?","M","R","?","$","R","BOSS"],"items_purchased_type":[],"build_version":"2020-12-22","purchased_purges":1,"victory":false,"max_hp_per_floor":[59,59,59,59,59,59,59,59,59,59,59,59,59,59,59,59,59],"card_choices":[{"not_picked":["WonderfulDomain:ReiMu","SpreadBorder2:ReiMu"],"picked":"PassingAway:ReiMu","floor":1.0},{"not_picked":["YinYangSign:ReiMu","WonderfulDomain:ReiMu"],"picked":"LovePray:ReiMu","floor":1.0},{"not_picked":["SpringWay:ReiMu","PayForSelf:ReiMu"],"picked":"FantasyMoon:ReiMu","floor":2.0},{"not_picked":["UniversalSpiritual:ReiMu","WonderfulDomain:ReiMu"],"picked":"Authority:ReiMu","floor":2.0},{"not_picked":["AlertArray:ReiMu","EmergencyTakeOff:ReiMu"],"picked":"SpreadBorder2:ReiMu","floor":3.0},{"not_picked":["SafetyPray:ReiMu","SpringWay:ReiMu","EmergencyTakeOff:ReiMu"],"picked":"SKIP","floor":3.0},{"not_picked":["Amulet:ReiMu","ForcedLanding:ReiMu"],"picked":"SubAcupoint:ReiMu","floor":4.0},{"not_picked":["SafetyPray:ReiMu","SpringWay:ReiMu","Intuition:ReiMu"],"picked":"SKIP","floor":4.0},{"not_picked":["Gathering:ReiMu","FantasyMoon:ReiMu"],"picked":"OrbThrow:ReiMu","floor":5.0},{"not_picked":["Meditation:ReiMu","CareerPray:ReiMu"],"picked":"HakureiPhantom:ReiMu","floor":5.0},{"not_picked":["AirManeuver:ReiMu","PayForSelf:ReiMu","Shading:ReiMu"],"picked":"SKIP","floor":6.0},{"not_picked":["TakeOff:ReiMu","ForcedLanding:ReiMu"],"picked":"WonderfulDomain:ReiMu","floor":8.0},{"not_picked":["OrbThrow:ReiMu","EmergencyTakeOff:ReiMu","Meditation:ReiMu"],"picked":"SKIP","floor":8.0},{"not_picked":["Meditation:ReiMu","SpreadBorder2:ReiMu"],"picked":"Revelation:ReiMu","floor":11.0},{"not_picked":["OctopathBindingBorder2:ReiMu","Free:ReiMu","SafetyPray:ReiMu"],"picked":"SKIP","floor":11.0}],"player_experience":594426,"relics_obtained":[{"floor":6.0,"key":"Turnip"},{"floor":9.0,"key":"Shuriken"}],"event_choices":[],"is_beta":false,"boss_relics":[],"items_purged_floors":[14],"is_endless":false,"potions_floor_spawned":[3,6,11],"killed_by":"Gensokyo:Reimu","ascension_level":0}}