{"host":"sian7qp8a9pc9xwd","time":1611408145,"event":{"mods":["BaseMod","Minty Spire (QoL Compilation)","StSLib","SuperFastMode"],"gold_per_floor":[119,137,137,137,153,153,153,153,180,195,229,404,417,335,335,430,430,449,462,476,486,150,150,168,182,182,200,200,100,100,133,133,228,278,296,90,390,402,114,114,114,114,160,170,202,202,20,68,68,68],"floor_reached":51,"language":"ENG","playtime":1463,"items_purged":["Doubt","Shockwave","Bash+1"],"score":1133,"play_id":"3b9fe362-3e73-4e15-8a1c-d9f6242d945f","local_time":"20210123082225","is_ascension_mode":true,"campfire_choices":[{"data":"Intimidate","floor":6.0,"key":"SMITH"},{"data":"Sword Boomerang","floor":8.0,"key":"SMITH"},{"floor":15.0,"key":"REST"},{"data":"Spot Weakness","floor":23.0,"key":"SMITH"},{"floor":28.0,"key":"REST"},{"floor":32,"key":"REST"},{"data":"Limit Break","floor":40,"key":"SMITH"},{"data":"Spot Weakness","floor":46,"key":"SMITH"},{"data":"Master of Strategy","floor":49,"key":"SMITH"}],"circlet_count":0,"master_deck":["Sword Boomerang+1","True Grit+1","Clothesline+1","Intimidate+1","Sword Boomerang+1","Shrug It Off","Spot Weakness+1","Spot Weakness+1","Limit Break+1","Metallicize","Bloodletting+1","Master of Strategy+1"],"relics":["Pandora\u0027s Box","Potion Belt","Whetstone","Pear","Sozu","Matryoshka","Pen Nib","Mummified Hand","Dead Branch","Tiny House","Incense Burner","Lantern","Bag of Preparation","Self Forming Clay","Red Skull"],"acts_visited":["Exordium","TheCity","TheBeyond"],"potions_floor_usage":[],"damage_taken":[{"damage":3.0,"enemies":"Jaw Worm","floor":1.0,"turns":4.0},{"damage":7.0,"enemies":"2 Louse","floor":2.0,"turns":2.0},{"damage":1.0,"enemies":"Small Slimes","floor":5.0,"turns":3.0},{"damage":11.0,"enemies":"2 Fungi Beasts","floor":10.0,"turns":3.0},{"damage":13.0,"enemies":"Gremlin Nob","floor":11.0,"turns":3.0},{"damage":12.0,"enemies":"Lots of Slimes","floor":13.0,"turns":3.0},{"damage":29.0,"enemies":"Slime Boss","floor":16.0,"turns":7.0},{"damage":3.0,"enemies":"3 Byrds","floor":18.0,"turns":3.0},{"damage":16.0,"enemies":"2 Thieves","floor":19.0,"turns":2.0},{"damage":12.0,"enemies":"3 Cultists","floor":20.0,"turns":4.0},{"damage":5.0,"enemies":"Snecko","floor":21.0,"turns":3.0},{"damage":9.0,"enemies":"Centurion and Healer","floor":24.0,"turns":4.0},{"damage":11.0,"enemies":"Shelled Parasite and Fungi","floor":25.0,"turns":4.0},{"damage":12.0,"enemies":"Snake Plant","floor":27.0,"turns":4.0},{"damage":27,"enemies":"Slavers","floor":31,"turns":3},{"damage":3,"enemies":"Champ","floor":33,"turns":6},{"damage":2,"enemies":"3 Shapes","floor":35,"turns":3},{"damage":11,"enemies":"3 Darklings","floor":38,"turns":4},{"damage":42,"enemies":"Sphere and 2 Shapes","floor":44,"turns":4},{"damage":0,"enemies":"Reptomancer","floor":45,"turns":3},{"damage":56,"enemies":"Time Eater","floor":50,"turns":7}],"seed_played":"-6709837711709561346","potions_obtained":[{"floor":2.0,"key":"Weak Potion"},{"floor":5.0,"key":"SteroidPotion"},{"floor":10.0,"key":"Regen Potion"}],"is_trial":false,"path_per_floor":["M","M","?","?","M","R","?","R","T","M","E","?","M","?","R","B",null,"M","M","M","M","$","R","M","M","T","M","R","$","?","E","R","B",null,"M","$","?","M","$","R","?","?","T","M","E","R","$","T","R","B",null],"character_chosen":"IRONCLAD","items_purchased":["Matryoshka","Metallicize","Incense Burner","Master of Strategy"],"campfire_rested":3,"item_purchase_floors":[22,36,39,47],"current_hp_per_floor":[69,62,55,39,38,38,38,38,38,27,14,14,2,12,39,25,74,71,55,43,38,38,38,29,18,18,6,33,33,33,6,33,30,80,78,78,78,67,67,67,67,105,105,63,63,63,63,63,63,7],"gold":68,"neow_bonus":"BOSS_RELIC","is_daily":false,"chose_seed":false,"campfire_upgraded":6,"win_rate":0.0,"timestamp":1611408145,"path_taken":["M","M","?","?","M","R","?","R","T","?","E","?","M","?","R","BOSS","M","M","?","M","$","R","M","M","T","M","R","$","?","E","R","BOSS","M","$","?","?","?","R","?","?","T","?","E","R","$","?","R","BOSS"],"items_purchased_type":["Relic","Card","Relic","Card"],"build_version":"2020-12-22","purchased_purges":3,"victory":true,"max_hp_per_floor":[80,80,80,80,80,80,80,80,80,80,80,80,80,90,90,90,90,90,90,90,90,90,90,90,90,90,90,90,90,90,90,90,90,95,95,95,95,95,95,95,95,105,105,105,105,105,105,105,105,105],"card_choices":[{"not_picked":["Iron Wave","Intimidate","Searing Blow"],"picked":"SKIP","floor":1.0},{"not_picked":["Flex","Sever Soul","Hemokinesis"],"picked":"SKIP","floor":2.0},{"not_picked":["Twin Strike","Combust","Power Through"],"picked":"SKIP","floor":5.0},{"not_picked":["Burning Pact","Thunderclap","Headbutt"],"picked":"SKIP","floor":10.0},{"not_picked":["Body Slam","Power Through"],"picked":"Spot Weakness","floor":11.0},{"not_picked":["Dual Wield","Clash","Reckless Charge"],"picked":"SKIP","floor":13.0},{"not_picked":["Warcry","Pommel Strike+1","Sever Soul"],"picked":"SKIP","floor":18.0},{"not_picked":["True Grit","Armaments","Iron Wave"],"picked":"SKIP","floor":19.0},{"not_picked":["Anger","Headbutt","Warcry"],"picked":"SKIP","floor":20.0},{"not_picked":["Warcry","Cleave","Blood for Blood"],"picked":"SKIP","floor":21.0},{"not_picked":["Headbutt","Iron Wave+1","Sever Soul+1"],"picked":"SKIP","floor":24.0},{"not_picked":["Dual Wield","Combust","Havoc"],"picked":"SKIP","floor":25.0},{"not_picked":["Power Through","Anger"],"picked":"Limit Break","floor":27.0},{"not_picked":["Cleave","Armaments","Havoc"],"picked":"SKIP","floor":31},{"not_picked":["Bludgeon","Immolate"],"picked":"Impervious","floor":33},{"not_picked":["Feel No Pain","Sentinel+1","Power Through"],"picked":"SKIP","floor":35},{"not_picked":["Disarm+1","Clash"],"picked":"Bloodletting+1","floor":38},{"not_picked":["Evolve","Hemokinesis","Flex+1"],"picked":"SKIP","floor":44},{"not_picked":["Twin Strike+1","Iron Wave+1","Fire Breathing"],"picked":"SKIP","floor":45}],"player_experience":759458,"relics_obtained":[{"floor":9.0,"key":"Potion Belt"},{"floor":11.0,"key":"Whetstone"},{"floor":26.0,"key":"Pen Nib"},{"floor":26.0,"key":"Mummified Hand"},{"floor":31,"key":"Dead Branch"},{"floor":43,"key":"Lantern"},{"floor":43,"key":"Bag of Preparation"},{"floor":45,"key":"Self Forming Clay"},{"floor":48,"key":"Red Skull"}],"event_choices":[{"cards_removed":["Barricade"],"damage_healed":0.0,"max_hp_gain":0.0,"max_hp_loss":0.0,"gold_gain":0.0,"event_name":"Golden Wing","player_choice":"Card Removal","floor":3.0,"gold_loss":0.0,"damage_taken":7.0},{"damage_healed":0.0,"max_hp_gain":0.0,"max_hp_loss":0.0,"gold_gain":0.0,"event_name":"Shining Light","player_choice":"Entered Light","floor":4.0,"gold_loss":0.0,"damage_taken":16.0,"cards_upgraded":["Bash","True Grit"]},{"damage_healed":0.0,"max_hp_gain":0.0,"max_hp_loss":0.0,"gold_gain":0.0,"cards_transformed":["Dual Wield"],"event_name":"Living Wall","player_choice":"Change","floor":7.0,"gold_loss":0.0,"damage_taken":0.0,"cards_obtained":["Spot Weakness"]},{"damage_healed":0.0,"max_hp_gain":0.0,"max_hp_loss":0.0,"gold_gain":175.0,"event_name":"Liars Game","player_choice":"AGREE","floor":12.0,"gold_loss":0.0,"damage_taken":0.0,"cards_obtained":["Doubt"]},{"damage_healed":0.0,"max_hp_gain":0.0,"max_hp_loss":0.0,"gold_gain":0.0,"event_name":"WeMeetAgain","player_choice":"Paid Gold","floor":14.0,"gold_loss":82.0,"damage_taken":0.0,"relics_obtained":["Pear"]},{"damage_healed":0,"gold_gain":0,"player_choice":"Ignored","damage_taken":0,"max_hp_gain":0,"max_hp_loss":0,"event_name":"The Mausoleum","floor":30,"gold_loss":0},{"damage_healed":0,"gold_gain":300,"player_choice":"Gold","damage_taken":0,"max_hp_gain":0,"max_hp_loss":0,"event_name":"Wheel of Change","floor":37,"gold_loss":0},{"damage_healed":0,"gold_gain":0,"player_choice":"Ignored","damage_taken":0,"max_hp_gain":0,"max_hp_loss":0,"event_name":"Tomb of Lord Red Mask","floor":41,"gold_loss":0},{"cards_removed":["Impervious"],"damage_healed":28,"gold_gain":0,"player_choice":"Offered Rare","damage_taken":0,"max_hp_gain":10,"max_hp_loss":0,"event_name":"Bonfire Elementals","floor":42,"gold_loss":0}],"is_beta":false,"boss_relics":[{"not_picked":["Runic Pyramid","Black Star"],"picked":"Sozu"},{"not_picked":["Coffee Dripper","Runic Dome"],"picked":"Tiny House"}],"items_purged_floors":[22,29,36],"is_endless":false,"potions_floor_spawned":[2,5,10,18,21,24,31,35],"ascension_level":9}}