{"host":"0rdbtfh27r6ur4pq","time":1611376647,"event":{"mods":["BaseMod","Colored Map","Colored Powertips","Downfall","Hubris","Minty Spire (QoL Compilation)","Quick Restart","Replay The Spire","StSLib","SuperFastMode"],"gold_per_floor":[114,130,147,159,171,197,208,238,238,256,256,71,86,52,52,157,157,174,189,189,199,199,199,230,240,240,271,271,283,283,314,314,314,314],"floor_reached":33,"language":"ENG","playtime":2256,"items_purged":[],"score":396,"play_id":"13f8fb99-dcdd-4ab0-87a3-ffeb866d5d75","local_time":"20210122223727","is_ascension_mode":false,"campfire_choices":[{"data":"Defragment","floor":11,"key":"SMITH"},{"floor":15,"key":"REST"},{"data":"Zap","floor":23,"key":"SMITH"},{"data":"Redo","floor":30,"key":"SMITH"},{"data":"FIFO Queue","floor":32,"key":"SMITH"}],"circlet_count":0,"master_deck":["Strike_B","Strike_B","Strike_B","Strike_B","Defend_B","Defend_B","Defend_B","Defend_B","Zap+1","Dualcast","Beam Cell","Electrodynamics+1","Gash","Beam Cell","Defragment+1","Loop","Cold Snap","Ball Lightning","Go for the Eyes","FTL","Reinforced Body","FTL","Amplify","Gash","Reprogram","Conserve Battery","Scrape","BasicCrystalCard","Redo+1","Ball Lightning","FIFO Queue+1"],"relics":["Cracked Core","ReplayTheSpireMod:Lightbulb","Snack Pack","Bottled Flame","Blood Vial","Honey Jar","hubris:BottledHeart","Potion Belt","Onion Ring","hubris:BallOfYels","Replay:Bottled Snecko"],"acts_visited":["Exordium","TheCity"],"potions_floor_usage":[27,33],"damage_taken":[{"damage":1,"enemies":"Cultist","floor":1,"turns":4},{"damage":3,"enemies":"Jaw Worm","floor":2,"turns":3},{"damage":0,"enemies":"Small Slimes","floor":3,"turns":3},{"damage":14,"enemies":"2 Fungi Beasts","floor":4,"turns":3},{"damage":0,"enemies":"Large Slime","floor":5,"turns":4},{"damage":19,"enemies":"Gremlin Nob","floor":6,"turns":4},{"damage":6,"enemies":"Gremlin Gang","floor":7,"turns":3},{"damage":14,"enemies":"Replay:BlueRogue","floor":8,"turns":4},{"damage":13,"enemies":"Red Slaver","floor":10,"turns":2},{"damage":3,"enemies":"3 Louse","floor":13,"turns":2},{"damage":22,"enemies":"Hexaghost","floor":16,"turns":8},{"damage":0,"enemies":"Chosen","floor":18,"turns":4},{"damage":6,"enemies":"3 Byrds","floor":19,"turns":4},{"damage":15,"enemies":"Snake Plant","floor":21,"turns":4},{"damage":0,"enemies":"Book of Stabbing","floor":24,"turns":5},{"damage":0,"enemies":"Cultist and Chosen","floor":25,"turns":6},{"damage":0,"enemies":"Gremlin Leader","floor":27,"turns":5},{"damage":0,"enemies":"3 Cultists","floor":29,"turns":2},{"damage":0,"enemies":"Replay:Snechameleon","floor":31,"turns":5},{"damage":12,"enemies":"Champ","floor":33,"turns":7}],"seed_played":"-5934087183541014510","potions_obtained":[{"floor":4,"key":"bronze:BurnAndBuffPotion"},{"floor":7,"key":"Energy Potion"},{"floor":8,"key":"PowerPotion"},{"floor":13,"key":"SteroidPotion"},{"floor":19,"key":"Energy Potion"},{"floor":29,"key":"DistilledChaos"}],"is_trial":false,"path_per_floor":["M","M","M","M","M","E","M","E","T","M","R","$","M","$","R","B",null,"M","M","?","M","?","R","E","M","T","E","?","M","R","E","R","B"],"character_chosen":"DEFECT","items_purchased":["Blood Vial","FTL","FTL"],"campfire_rested":1,"item_purchase_floors":[12,12,14],"current_hp_per_floor":[81,78,78,64,64,45,39,25,25,14,14,14,17,17,41,27,82,82,80,80,67,1,1,1,1,1,1,1,1,1,1,1,0,0],"gold":314,"neow_bonus":"TEN_PERCENT_HP_BONUS","is_daily":false,"chose_seed":false,"campfire_upgraded":4,"win_rate":0.0,"timestamp":1611376647,"path_taken":["M","M","M","M","M","E","M","E","T","M","R","$","M","?","R","BOSS","M","M","?","M","?","R","E","M","T","E","?","M","R","E","R","BOSS"],"items_purchased_type":["Relic","Card","Card"],"build_version":"2020-12-22","purchased_purges":0,"victory":false,"max_hp_per_floor":[82,82,82,82,82,82,82,82,82,82,82,82,82,82,82,82,82,82,82,82,82,1,1,1,1,1,1,1,1,1,1,1,1,1],"card_choices":[{"not_picked":["Leap","Steam"],"picked":"Beam Cell","floor":1},{"not_picked":["BasicCrystalCard","ReplayTheSpireMod:System Scan"],"picked":"Electrodynamics","floor":2},{"not_picked":["Leap","Defragment"],"picked":"Gash","floor":3},{"not_picked":["Barrage","Panic Button"],"picked":"Beam Cell","floor":4},{"not_picked":["Beam Cell","ReplaySort"],"picked":"Defragment","floor":5},{"not_picked":["Redo","Conserve Battery"],"picked":"Loop","floor":6},{"not_picked":["Skim","Tempest"],"picked":"Cold Snap","floor":7},{"not_picked":["Leap","Barrage"],"picked":"Ball Lightning","floor":8},{"not_picked":["Coolheaded","Stack"],"picked":"Go for the Eyes","floor":10},{"not_picked":["Double Energy","Biased Cognition"],"picked":"Reinforced Body","floor":13},{"not_picked":["hubris:SpecializedCircuitry","Multi-Cast"],"picked":"Amplify","floor":16},{"not_picked":["Stack+1","Time Bomb+1","Streamline"],"picked":"Gash","floor":18},{"not_picked":["Barrage+1","Panic Button","Beam Cell"],"picked":"Reprogram","floor":19},{"not_picked":["Compile Driver+1","ReplayTheSpireMod:Repulse","Undo"],"picked":"Conserve Battery","floor":21},{"not_picked":["Ball Lightning","Electrodynamics","Hologram"],"picked":"Scrape","floor":24},{"not_picked":["ReplaySolidLightProjector","Crystallizer","Steam"],"picked":"BasicCrystalCard","floor":25},{"not_picked":["Rebound","FTL","Chill"],"picked":"Redo","floor":27},{"not_picked":["Cold Snap","Barrage","Coolheaded+1"],"picked":"Ball Lightning","floor":29},{"not_picked":["Beam Cell+1","Static Discharge","Core Surge"],"picked":"FIFO Queue","floor":31}],"player_experience":84198,"relics_obtained":[{"floor":6,"key":"ReplayTheSpireMod:Lightbulb"},{"floor":8,"key":"Snack Pack"},{"floor":9,"key":"Bottled Flame"},{"floor":24,"key":"Potion Belt"},{"floor":26,"key":"Onion Ring"},{"floor":27,"key":"hubris:BallOfYels"},{"floor":31,"key":"Replay:Bottled Snecko"}],"event_choices":[],"is_beta":false,"boss_relics":[{"not_picked":["ReplayTheSpireMod:DimensionalGlitch","hubris:RunicObelisk"],"picked":"Honey Jar"}],"items_purged_floors":[],"is_endless":false,"potions_floor_spawned":[4,7,8,13,16,19,29],"killed_by":"Champ","ascension_level":0}}