{"host":"dth8fvkfiulu86fi","time":1611403032,"event":{"mods":["2.2 Compatiblity","AchievementEnabler","BaseMod","Better Third Choice","Colored Map","Colored Powertips","Minty Spire (QoL Compilation)","Rare Cards Sparkle","StSLib","SuperFastMode","Synergy Search"],"gold_per_floor":[114,114,64,79,94,94,124,100,100,28,58,58,73,88,88,188,188,203,3,3,3,3,18,18,48,48,63,93,93,108,138,138,238,238,253,569,584,599,349,379,394,409,409,11,11,41,41,56,56,56],"floor_reached":51,"language":"ENG","playtime":1627,"items_purged":[],"score":975,"play_id":"21f39611-2346-462e-bfc2-f22e22ed5019","local_time":"20210123125712","daily_mods":["Cursed Run","Purple Cards","DeadlyEvents"],"is_ascension_mode":false,"campfire_choices":[{"data":"Flex","floor":6.0,"key":"SMITH"},{"floor":12.0,"key":"REST"},{"floor":15.0,"key":"REST"},{"floor":24.0,"key":"REST"},{"floor":32,"key":"REST"},{"data":"Normality","floor":45,"key":"PURGE"},{"floor":49,"key":"REST"}],"circlet_count":0,"master_deck":["Strike_R+1","Strike_R+1","Strike_R+1","Strike_R+1","Defend_R+1","Defend_R+1","Defend_R+1","Defend_R+1","Bash","Flex+1","Flame Barrier","Anger","Limit Break","Flex","Parasite","Impervious+1","Flex","Reaper","Flex","Perfected Strike","Doubt","Heavy Blade+1","Limit Break","Clumsy","Double Tap","Consecrate+1","Parasite","Reckless Charge+1","Writhe","Finesse+1","Anger+1","Parasite"],"relics":["Cursed Key","Darkstone Periapt","Du-Vu Doll","Turnip","InkBottle","Bag of Preparation","SlaversCollar","Bottled Flame","Paper Frog","Pocketwatch","Oddly Smooth Stone","Busted Crown","Old Coin","Mummified Hand","Toy Ornithopter","Peace Pipe","Anchor","Akabeko","War Paint"],"acts_visited":["Exordium","TheCity","TheBeyond"],"potions_floor_usage":[31,33,36,36,50],"damage_taken":[{"damage":1.0,"enemies":"Jaw Worm","floor":1.0,"turns":3.0},{"damage":0.0,"enemies":"2 Louse","floor":4.0,"turns":3.0},{"damage":1.0,"enemies":"Cultist","floor":5.0,"turns":3.0},{"damage":21.0,"enemies":"Lagavulin","floor":7.0,"turns":5.0},{"damage":22.0,"enemies":"3 Sentries","floor":11.0,"turns":7.0},{"damage":10.0,"enemies":"Exordium Thugs","floor":13.0,"turns":2.0},{"damage":3.0,"enemies":"Exordium Wildlife","floor":14.0,"turns":3.0},{"damage":28.0,"enemies":"Hexaghost","floor":16.0,"turns":8.0},{"damage":13.0,"enemies":"3 Byrds","floor":18.0,"turns":5.0},{"damage":14.0,"enemies":"Spheric Guardian","floor":23.0,"turns":4.0},{"damage":27.0,"enemies":"Book of Stabbing","floor":25.0,"turns":4.0},{"damage":21,"enemies":"Snake Plant","floor":27,"turns":4},{"damage":42,"enemies":"Gremlin Leader","floor":28,"turns":8},{"damage":20,"enemies":"Sentry and Sphere","floor":30,"turns":4},{"damage":7,"enemies":"Slavers","floor":31,"turns":3},{"damage":51,"enemies":"Automaton","floor":33,"turns":8},{"damage":18,"enemies":"3 Darklings","floor":35,"turns":5},{"damage":22,"enemies":"2 Orb Walkers","floor":36,"turns":3},{"damage":10,"enemies":"Orb Walker","floor":37,"turns":2},{"damage":22,"enemies":"Writhing Mass","floor":38,"turns":4},{"damage":14,"enemies":"Nemesis","floor":40,"turns":3},{"damage":34,"enemies":"Transient","floor":41,"turns":5},{"damage":17,"enemies":"4 Shapes","floor":42,"turns":2},{"damage":13,"enemies":"Giant Head","floor":46,"turns":4},{"damage":0,"enemies":"Jaw Worm Horde","floor":48,"turns":2},{"damage":60,"enemies":"Time Eater","floor":50,"turns":5}],"seed_played":"-4692305807027556167","potions_obtained":[{"floor":5.0,"key":"ElixirPotion"},{"floor":7.0,"key":"LiquidBronze"},{"floor":11.0,"key":"Weak Potion"},{"floor":16.0,"key":"Swift Potion"},{"floor":23.0,"key":"HeartOfIron"},{"floor":30,"key":"Ancient Potion"},{"floor":31,"key":"LiquidBronze"},{"floor":33,"key":"SkillPotion"},{"floor":35,"key":"Weak Potion"},{"floor":38,"key":"Explosive Potion"},{"floor":40,"key":"Fire Potion"},{"floor":46,"key":"DistilledChaos"}],"is_trial":false,"path_per_floor":["M","?","?","M","M","R","E","$","T","$","E","R","M","M","R","B",null,"M","$","?","$","$","M","R","E","T","M","E","$","M","E","R","B",null,"M","?","M","M","$","E","M","M","T","$","R","E","?","M","R","B",null],"character_chosen":"IRONCLAD","items_purchased":["Anger","Limit Break","Flex","Reaper","Mummified Hand","Anchor","Finesse","Akabeko"],"campfire_rested":5,"item_purchase_floors":[8,10,19,19,39,44,44,44],"current_hp_per_floor":[79,79,79,79,78,78,57,57,63,63,41,66,56,53,78,56,92,79,79,79,79,79,65,92,77,83,67,40,40,34,27,56,38,104,104,104,94,94,94,81,47,40,46,46,46,88,77,77,111,62],"gold":56,"neow_bonus":"","is_daily":true,"chose_seed":false,"campfire_upgraded":1,"win_rate":0.0,"timestamp":1611403032,"path_taken":["M","?","?","M","M","R","E","$","T","$","E","R","?","M","R","BOSS","M","$","?","?","$","?","R","E","T","M","?","?","?","?","R","BOSS","M","?","M","M","$","E","?","M","T","$","R","?","?","M","R","BOSS"],"items_purchased_type":["Card","Card","Card","Card","Relic","Relic","Card","Relic"],"build_version":"2020-12-22","purchased_purges":0,"victory":true,"max_hp_per_floor":[80,80,80,80,80,80,80,80,86,86,86,86,86,86,86,92,92,92,92,92,92,92,92,92,92,98,98,98,98,98,98,98,104,104,104,104,104,110,110,110,110,110,116,116,116,116,116,116,116,122],"card_choices":[{"not_picked":["CrushJoints","Thunderclap","Prostrate"],"picked":"SKIP","floor":1.0},{"not_picked":["Combust","Seeing Red"],"picked":"Flex","floor":4.0},{"not_picked":["FollowUp","Clash"],"picked":"Flame Barrier","floor":5.0},{"not_picked":["Halt","Warcry","True Grit"],"picked":"SKIP","floor":7.0},{"not_picked":["Flame Barrier","Anger"],"picked":"Flex","floor":11.0},{"not_picked":["Pommel Strike","SignatureMove","Nirvana"],"picked":"SKIP","floor":13.0},{"not_picked":["Rage","Warcry","FollowUp"],"picked":"SKIP","floor":14.0},{"not_picked":["Omniscience","Scrawl"],"picked":"Impervious","floor":16.0},{"not_picked":["Wild Strike","Spot Weakness+1","Pommel Strike+1"],"picked":"SKIP","floor":18.0},{"not_picked":["PathToVictory","Sword Boomerang"],"picked":"Flex","floor":23.0},{"not_picked":["Armaments+1","CutThroughFate"],"picked":"Perfected Strike","floor":25},{"not_picked":["Metallicize+1","Carnage","EmptyFist"],"picked":"SKIP","floor":27},{"not_picked":["Sever Soul+1","Nirvana","Reckless Charge+1"],"picked":"SKIP","floor":28},{"not_picked":["WreathOfFlame","Protect"],"picked":"Heavy Blade+1","floor":30},{"not_picked":["BowlingBash","Iron Wave"],"picked":"Limit Break","floor":31},{"not_picked":["Establishment","DevaForm"],"picked":"Double Tap","floor":33},{"not_picked":[],"picked":"Consecrate+1","floor":35},{"not_picked":["JustLucky"],"picked":"SKIP","floor":37},{"not_picked":[],"picked":"Reckless Charge+1","floor":38},{"not_picked":["Brilliance"],"picked":"SKIP","floor":40},{"not_picked":["PathToVictory+1"],"picked":"SKIP","floor":41},{"not_picked":["FlurryOfBlows"],"picked":"SKIP","floor":42},{"not_picked":["Warcry+1"],"picked":"SKIP","floor":46},{"not_picked":[],"picked":"Anger+1","floor":48}],"player_experience":1157614,"relics_obtained":[{"floor":7.0,"key":"Turnip"},{"floor":9.0,"key":"InkBottle"},{"floor":11.0,"key":"Bag of Preparation"},{"floor":25,"key":"Bottled Flame"},{"floor":26,"key":"Paper Frog"},{"floor":28,"key":"Pocketwatch"},{"floor":31,"key":"Oddly Smooth Stone"},{"floor":36,"key":"Old Coin"},{"floor":40,"key":"Toy Ornithopter"},{"floor":43,"key":"Peace Pipe"},{"floor":46,"key":"War Paint"}],"event_choices":[{"damage_healed":0.0,"max_hp_gain":0.0,"max_hp_loss":0.0,"gold_gain":0.0,"cards_transformed":["Strike_R"],"event_name":"Living Wall","player_choice":"Change","floor":2.0,"gold_loss":0.0,"damage_taken":0.0,"cards_obtained":["Metallicize"]},{"cards_removed":["Metallicize"],"damage_healed":0.0,"max_hp_gain":0.0,"max_hp_loss":0.0,"gold_gain":0.0,"event_name":"The Cleric","player_choice":"Card Removal","floor":3.0,"gold_loss":50.0,"damage_taken":0.0},{"damage_healed":0.0,"max_hp_gain":0.0,"max_hp_loss":8.0,"gold_gain":0.0,"event_name":"betterThird:BetterWriting","player_choice":"Simplicity","floor":20.0,"gold_loss":0.0,"damage_taken":0.0},{"damage_healed":0,"gold_gain":0,"player_choice":"Fight","damage_taken":0,"max_hp_gain":0,"max_hp_loss":0,"event_name":"Mysterious Sphere","floor":36,"gold_loss":0},{"damage_healed":0,"gold_gain":0,"player_choice":"Damaged","damage_taken":11,"max_hp_gain":0,"max_hp_loss":0,"event_name":"Wheel of Change","floor":47,"gold_loss":0}],"is_beta":false,"boss_relics":[{"not_picked":["SacredBark","Calling Bell"],"picked":"SlaversCollar"},{"not_picked":["Runic Dome","Velvet Choker"],"picked":"Busted Crown"}],"items_purged_floors":[],"is_endless":false,"potions_floor_spawned":[5,7,11,16,23,30,31,33,35,38,40,46],"ascension_level":0}}