{"host":"8dhn6p16jorj0i1s","time":1611427618,"event":{"mods":["BaseMod","Colored Map","DeckTracker","Highlight Path","Minty Spire (QoL Compilation)","Permanent Neow","Quick Restart"],"gold_per_floor":[115,4,179,198,218,253,253,253,253,278,302,325,325,341,341,341,341],"floor_reached":16,"language":"ENG","playtime":903,"items_purged":["Strike_R"],"score":146,"play_id":"4ad6afc7-3fe1-4b98-8ee0-6e379d5b10f5","local_time":"20210123194658","is_ascension_mode":true,"campfire_choices":[{"data":"Searing Blow","floor":7.0,"key":"SMITH"},{"data":"Seeing Red","floor":13.0,"key":"SMITH"},{"data":"Bash","floor":15.0,"key":"SMITH"}],"circlet_count":0,"master_deck":["Strike_R","Strike_R","Strike_R","Defend_R","Defend_R","Defend_R","Bash+1","Inflame","Searing Blow+1","Doubt","Seeing Red+1","Spot Weakness","Spot Weakness","Clash"],"relics":["Burning Blood","Mercury Hourglass","Golden Idol","Happy Flower"],"acts_visited":["Exordium"],"potions_floor_usage":[16,16],"damage_taken":[{"damage":9.0,"enemies":"Jaw Worm","floor":1.0,"turns":4.0},{"damage":15.0,"enemies":"Small Slimes","floor":4.0,"turns":5.0},{"damage":0.0,"enemies":"2 Louse","floor":5.0,"turns":2.0},{"damage":50.0,"enemies":"Gremlin Nob","floor":6.0,"turns":6.0},{"damage":5.0,"enemies":"2 Fungi Beasts","floor":10.0,"turns":3.0},{"damage":0.0,"enemies":"Exordium Wildlife","floor":11.0,"turns":3.0},{"damage":4.0,"enemies":"3 Louse","floor":12.0,"turns":3.0},{"damage":7.0,"enemies":"Looter","floor":14.0,"turns":3.0},{"damage":21,"enemies":"The Guardian","floor":16,"turns":5}],"seed_played":"1016303577032689586","potions_obtained":[{"floor":1.0,"key":"Weak Potion"},{"floor":6.0,"key":"Dexterity Potion"},{"floor":10.0,"key":"LiquidBronze"},{"floor":14.0,"key":"DistilledChaos"}],"is_trial":false,"path_per_floor":["M","$","?","M","M","E","R","?","T","M","M","M","R","M","R","B"],"character_chosen":"IRONCLAD","items_purchased":["Searing Blow"],"campfire_rested":0,"item_purchase_floors":[2],"current_hp_per_floor":[69,69,69,60,66,22,22,22,22,23,29,31,31,30,30,9,9],"gold":341,"neow_bonus":"REMOVE_TWO","is_daily":false,"chose_seed":false,"campfire_upgraded":3,"win_rate":0.0,"timestamp":1611427618,"path_taken":["M","$","?","M","M","E","R","?","T","M","M","M","R","M","R","BOSS"],"items_purchased_type":["Card"],"build_version":"2020-12-22","purchased_purges":1,"victory":false,"max_hp_per_floor":[72,72,72,72,72,72,72,67,67,67,67,67,67,67,67,67,67],"card_choices":[{"not_picked":["Rupture","Armaments"],"picked":"Inflame","floor":1.0},{"not_picked":["Havoc","Warcry"],"picked":"Seeing Red","floor":4.0},{"not_picked":["Pommel Strike","Iron Wave","Hemokinesis"],"picked":"SKIP","floor":5.0},{"not_picked":["Entrench","Body Slam","Disarm"],"picked":"SKIP","floor":6.0},{"not_picked":["Infernal Blade","Anger"],"picked":"Spot Weakness","floor":10.0},{"not_picked":["Clash","Whirlwind"],"picked":"Spot Weakness","floor":11.0},{"not_picked":["Shockwave","Blood for Blood"],"picked":"Clash","floor":12.0},{"not_picked":["Thunderclap","Blood for Blood","Shrug It Off"],"picked":"SKIP","floor":14.0}],"player_experience":464083,"relics_obtained":[{"floor":6.0,"key":"Mercury Hourglass"},{"floor":9.0,"key":"Happy Flower"}],"event_choices":[{"damage_healed":0.0,"max_hp_gain":0.0,"max_hp_loss":0.0,"gold_gain":175.0,"event_name":"Liars Game","player_choice":"AGREE","floor":3.0,"gold_loss":0.0,"damage_taken":0.0,"cards_obtained":["Doubt"]},{"damage_healed":0.0,"max_hp_gain":0.0,"max_hp_loss":5.0,"gold_gain":0.0,"event_name":"Golden Idol","player_choice":"Lose Max HP","floor":8.0,"gold_loss":0.0,"damage_taken":0.0,"relics_obtained":["Golden Idol"]}],"is_beta":false,"boss_relics":[],"items_purged_floors":[2],"is_endless":false,"potions_floor_spawned":[1,6,10,14],"killed_by":"The Guardian","ascension_level":8}}