{"host":"y7b1p9nkx4idorr2","time":1611412543,"event":{"mods":["AchievementEnabler","Act Like it!","Aspiration","BaseMod","Better Altar","Better Match","Better Note","Better Sensory Stone","Better Skull","Better Third Choice","BetterRewards","Colored Map","Conspire","Downfall","GifTheSpireLib","Googly Eyes","Highlight Path","Hubris","Mimic Mod","Minty Spire (QoL Compilation)","Replay The Spire","Shop Mod","Spicy Shops","StSLib","Stuff the Spire","Unceasing Turn Reminder"],"gold_per_floor":[99,117,27,44,29,54,107,382,282,297,329,229,240,252,272,272,272,272],"floor_reached":16,"language":"ENG","playtime":924,"items_purged":[],"score":118,"play_id":"44e6ec65-a79c-49cf-aa84-8c469db8b36d","local_time":"20210123083543","is_ascension_mode":true,"campfire_choices":[{"data":"Slimebound:Split","floor":1,"key":"SMITH"},{"data":"Slimebound:OneTwoCombo","floor":9,"key":"SMITH"},{"data":"Slimebound:LeadByExample","floor":12,"key":"SMITH"}],"circlet_count":0,"master_deck":["Slimebound:Strike_Slimebound","Slimebound:Strike_Slimebound","Slimebound:Strike_Slimebound","Slimebound:Tackle","Slimebound:Defend_Slimebound","Slimebound:Defend_Slimebound","Slimebound:Defend_Slimebound","Slimebound:Defend_Slimebound","Slimebound:Split+1","Slimebound:CorrosiveSpit","Slimebound:OneTwoCombo+1","Slimebound:SlimeTap","Slimebound:PressTheAttack","Slimebound:LeadByExample+1","Slimebound:SplitSpecialist","Slimebound:MassRepurpose","Slimebound:SplitAcid","Regret","Slimebound:PressTheAttack","Slimebound:DivideAndConquer","Slimebound:SplitMire","Slimebound:HauntingLick"],"relics":["Slimebound:AbsorbEndCombat","hubris:Metronome","downfall:HeartBlessingBlue","StuffTheSpire:HeavyRock","downfall:HeartBlessingGreen"],"acts_visited":["Exordium"],"potions_floor_usage":[10,14,15],"damage_taken":[{"damage":1,"enemies":"conspire:RoseBush","floor":2,"turns":3},{"damage":16,"enemies":"downfall:FleeingMerchant","floor":3,"turns":4},{"damage":4,"enemies":"Cultist","floor":4,"turns":3},{"damage":6,"enemies":"downfall:FleeingMerchant","floor":5,"turns":4},{"damage":10,"enemies":"Gremlin Nob","floor":6,"turns":4},{"damage":19,"enemies":"Jaw Worm","floor":10,"turns":2},{"damage":2,"enemies":"Replay:BlueRogue","floor":11,"turns":3},{"damage":7,"enemies":"Large Slime","floor":13,"turns":3},{"damage":10,"enemies":"3 Louse","floor":14,"turns":2},{"damage":6,"enemies":"Blue Slaver","floor":15,"turns":3},{"damage":24,"enemies":"DF_ARCHETYPE_STREAMLINE","floor":16,"turns":3}],"seed_played":"-6710173684178179250","potions_obtained":[{"floor":6,"key":"DuplicationPotion"},{"floor":10,"key":"Elixir"},{"floor":13,"key":"Elixir"},{"floor":15,"key":"Explosive Potion"}],"is_trial":false,"path_per_floor":["R","M","$","M","$","E","T","?","R","M","E","R","M","M","M","B"],"character_chosen":"SLIMEBOUND","items_purchased":["Slimebound:LeadByExample"],"campfire_rested":0,"item_purchase_floors":[3],"current_hp_per_floor":[47,52,42,40,40,34,34,34,44,25,23,23,18,8,4,0,0,0],"gold":272,"neow_bonus":"THREE_RARE_CARDS","is_daily":false,"chose_seed":false,"campfire_upgraded":3,"win_rate":0.0,"timestamp":1611412543,"path_taken":["R","M","$","M","$","E","T","?","R","M","E","R","M","?","M","BOSS"],"items_purchased_type":["Card"],"build_version":"2020-12-22","purchased_purges":0,"victory":false,"max_hp_per_floor":[65,65,65,65,65,65,65,65,75,75,75,75,75,75,75,75,75,75],"card_choices":[{"not_picked":["Slimebound:TagTeam","Slimebound:PrepareCrush"],"picked":"Slimebound:OneTwoCombo","floor":0},{"not_picked":["Slimebound:LeechEnergy","Slimebound:SpikyOuterGoop"],"picked":"Slimebound:SlimeTap","floor":2},{"not_picked":["Slimebound:LeechEnergy","Slimebound:SlimeSpikes"],"picked":"Slimebound:PressTheAttack","floor":3},{"not_picked":["Slimebound:Chomp","Slimebound:PressTheAttack"],"picked":"Slimebound:SplitSpecialist","floor":4},{"not_picked":["Slimebound:DivideAndConquer","Slimebound:SlimeBarrage"],"picked":"Slimebound:MassRepurpose","floor":5},{"not_picked":["Slimebound:GoopTackle","Slimebound:SamplingLick"],"picked":"Slimebound:SplitAcid","floor":6},{"not_picked":["Slimebound:FormOfPuddle","Slimebound:LivingWall"],"picked":"Slimebound:PressTheAttack","floor":10},{"not_picked":["Slimebound:Chomp","Slimebound:TongueLash","Slimebound:LeechingTouch"],"picked":"SKIP","floor":11},{"not_picked":["Slimebound:Chomp","Slimebound:PressTheAttack"],"picked":"Slimebound:DivideAndConquer","floor":13},{"not_picked":["Slimebound:DisruptingSlam","Slimebound:MassRepurpose"],"picked":"Slimebound:SplitMire","floor":14},{"not_picked":["Slimebound:RollThrough","Slimebound:ItLooksTasty"],"picked":"Slimebound:HauntingLick","floor":15}],"player_experience":2167934,"relics_obtained":[{"floor":6,"key":"hubris:Metronome"},{"floor":11,"key":"StuffTheSpire:HeavyRock"}],"event_choices":[],"is_beta":false,"boss_relics":[],"items_purged_floors":[],"is_endless":false,"potions_floor_spawned":[6,10,13,15],"killed_by":"DF_ARCHETYPE_STREAMLINE","ascension_level":1}}