{"host":"cjhtzh7tp54jdfyv","time":1611441617,"event":{"mods":["AchievementEnabler","BaseMod","Colored Map","Colored Powertips","Curses Come First","DeckTracker","Filter the Spire","Minty Spire (QoL Compilation)","RNG Fix","Relic Sorter","Relic Stats","StSLib","UnlockEverythingMod","ojb\u0027s Better Paths Mod","ojb\u0027s Info Mod"],"gold_per_floor":[119,44,54,69,85,118,118,130,181,199,41,58,58,84,84,84,84],"floor_reached":16,"language":"ENG","playtime":819,"items_purged":["Defend_P"],"score":208,"play_id":"389e7eb1-8add-4e7f-a649-a744b7273eae","local_time":"20210123174017","is_ascension_mode":true,"campfire_choices":[{"data":"Eruption","floor":7.0,"key":"SMITH"},{"floor":13.0,"key":"REST"},{"floor":15.0,"key":"REST"}],"circlet_count":0,"master_deck":["AscendersBane","Strike_P","Strike_P","Strike_P","Strike_P","Defend_P","Defend_P","Defend_P","Eruption+1","Vigilance","Weave","InnerPeace","FollowUp","FollowUp","Adaptation"],"relics":["SacredBark","Smiling Mask","Medical Kit","Odd Mushroom"],"acts_visited":["Exordium"],"potions_floor_usage":[],"damage_taken":[{"damage":2.0,"enemies":"Jaw Worm","floor":1.0,"turns":3.0},{"damage":1.0,"enemies":"2 Louse","floor":3.0,"turns":4.0},{"damage":6.0,"enemies":"Cultist","floor":4.0,"turns":4.0},{"damage":16.0,"enemies":"Red Slaver","floor":5.0,"turns":4.0},{"damage":5.0,"enemies":"3 Sentries","floor":6.0,"turns":3.0},{"damage":9.0,"enemies":"3 Louse","floor":8.0,"turns":3.0},{"damage":15.0,"enemies":"Gremlin Gang","floor":10.0,"turns":4.0},{"damage":5.0,"enemies":"2 Fungi Beasts","floor":12.0,"turns":2.0},{"damage":19.0,"enemies":"The Mushroom Lair","floor":14.0,"turns":4.0},{"damage":25,"enemies":"Hexaghost","floor":16,"turns":8}],"seed_played":"7989769124204356734","potions_obtained":[{"floor":1.0,"key":"Explosive Potion"},{"floor":8.0,"key":"Weak Potion"},{"floor":10.0,"key":"BlessingOfTheForge"},{"floor":14.0,"key":"Explosive Potion"}],"is_trial":false,"path_per_floor":["M","$","M","M","M","E","R","M","T","M","$","M","R","?","R","B"],"character_chosen":"WATCHER","items_purchased":["Medical Kit"],"campfire_rested":2,"item_purchase_floors":[11],"current_hp_per_floor":[59,59,58,52,36,31,31,22,22,7,7,2,22,3,23,0,0],"gold":84,"neow_bonus":"BOSS_RELIC","is_daily":false,"chose_seed":false,"campfire_upgraded":1,"win_rate":0.0,"timestamp":1611441617,"path_taken":["M","$","M","M","M","E","R","M","T","M","$","M","R","?","R","BOSS"],"items_purchased_type":["Relic"],"build_version":"2020-12-22","purchased_purges":1,"victory":false,"max_hp_per_floor":[68,68,68,68,68,68,68,68,68,68,68,68,68,68,68,68,68],"relic_stats":{"counters":[10,39],"Smiling Mask":0,"Medical Kit":[4],"obtain_stats":[{"SacredBark":0,"PureWater":0,"Odd Mushroom":14,"Smiling Mask":6,"Medical Kit":11},{"SacredBark":0,"PureWater":0,"Odd Mushroom":9,"Smiling Mask":5,"Medical Kit":7},{"SacredBark":0,"PureWater":0,"Odd Mushroom":31,"Smiling Mask":18,"Medical Kit":25}]},"card_choices":[{"not_picked":["Protect","Sanctity"],"picked":"Weave","floor":1.0},{"not_picked":["FollowUp","CutThroughFate"],"picked":"InnerPeace","floor":3.0},{"not_picked":["CarveReality","PathToVictory"],"picked":"FollowUp","floor":4.0},{"not_picked":["Prostrate","ClearTheMind"],"picked":"FollowUp","floor":5.0},{"not_picked":["MasterReality","Perseverance"],"picked":"Adaptation","floor":6.0},{"not_picked":["ReachHeaven","ThirdEye","BattleHymn"],"picked":"SKIP","floor":8.0},{"not_picked":["SashWhip","PathToVictory","Evaluate"],"picked":"SKIP","floor":10.0},{"not_picked":["DeceiveReality","Halt","WindmillStrike"],"picked":"SKIP","floor":12.0}],"player_experience":4618614,"relics_obtained":[{"floor":6.0,"key":"Smiling Mask"},{"floor":14.0,"key":"Odd Mushroom"}],"event_choices":[{"damage_healed":0.0,"max_hp_gain":0.0,"max_hp_loss":0.0,"gold_gain":0.0,"event_name":"Mushrooms","player_choice":"Fought Mushrooms","floor":14.0,"gold_loss":0.0,"damage_taken":0.0}],"is_beta":false,"boss_relics":[],"items_purged_floors":[2],"is_endless":false,"potions_floor_spawned":[1,8,10,14],"killed_by":"Hexaghost","ascension_level":20}}