{"host":"dowi7cgbhepuzvpj","time":1611373787,"event":{"mods":["AchievementEnabler","BaseMod","Keyboard Shortcuts","Minty Spire (QoL Compilation)","Permanent Neow","Quick Restart","StSLib","SuperFastMode"],"gold_per_floor":[118,136,86,99,99,99,131,145,172,207,219,219,231,251,251,346,346,364,68,368,368,354,373,406,417,498,498,523,535,535,568,568,671,671,683,683,694,53,53,88,88,88,88,88,107,107,140,158,158,158,158,158,5,36,36,36],"floor_reached":55,"language":"KOR","playtime":2529,"items_purged":["Strike_R","Strike_R"],"score":1133,"play_id":"3f59af6d-5a49-47c3-a295-7c4e92eafecc","local_time":"20210123124947","is_ascension_mode":true,"campfire_choices":[{"data":"Bash","floor":6.0,"key":"SMITH"},{"data":"Flex","floor":12.0,"key":"SMITH"},{"data":"Disarm","floor":15.0,"key":"SMITH"},{"data":"Rupture","floor":27,"key":"SMITH"},{"data":"Flex","floor":30,"key":"SMITH"},{"data":"Battle Trance","floor":32,"key":"SMITH"},{"data":"Deep Breath","floor":42,"key":"SMITH"},{"data":"Panacea","floor":44,"key":"SMITH"},{"floor":46,"key":"RECALL"},{"data":"Disarm","floor":49,"key":"SMITH"},{"data":"Sword Boomerang","floor":52,"key":"SMITH"}],"circlet_count":0,"master_deck":["Strike_R","Strike_R","Defend_R","Defend_R","Defend_R+1","Defend_R+1","Bash+1","Battle Trance+1","Intimidate","Iron Wave+1","Offering","Shrug It Off","Disarm+1","Flex+1","Twin Strike","Reaper","Shockwave","Rupture+1","Reaper","Rupture+1","Armaments+1","Uppercut+1","Sword Boomerang+1","Impervious","Flex+1","Dropkick+1","Brutality","Madness","Madness","Disarm+1","Impervious","Dark Shackles","Deep Breath+1","Panacea+1","Evolve+1","Sword Boomerang+1"],"relics":["Burning Blood","Oddly Smooth Stone","War Paint","Anchor","Toy Ornithopter","Velvet Choker","DollysMirror","Old Coin","Bronze Scales","Ancient Tea Set","Self Forming Clay","Philosopher\u0027s Stone","Turnip","Lantern","HornCleat","Kunai","Bag of Preparation","White Beast Statue"],"acts_visited":["Exordium","TheCity","TheBeyond","TheEnding"],"potions_floor_usage":[33,55,55,55],"damage_taken":[{"damage":12.0,"enemies":"2 Louse","floor":1.0,"turns":3.0},{"damage":0.0,"enemies":"Cultist","floor":2.0,"turns":3.0},{"damage":1.0,"enemies":"Small Slimes","floor":4.0,"turns":5.0},{"damage":35.0,"enemies":"3 Sentries","floor":7.0,"turns":13.0},{"damage":6.0,"enemies":"Exordium Thugs","floor":8.0,"turns":5.0},{"damage":15.0,"enemies":"Lagavulin","floor":10.0,"turns":6.0},{"damage":6.0,"enemies":"2 Fungi Beasts","floor":11.0,"turns":4.0},{"damage":9.0,"enemies":"Gremlin Gang","floor":13.0,"turns":8.0},{"damage":0.0,"enemies":"Large Slime","floor":14.0,"turns":7.0},{"damage":49.0,"enemies":"Slime Boss","floor":16.0,"turns":16.0},{"damage":12,"enemies":"3 Byrds","floor":18,"turns":6},{"damage":6,"enemies":"2 Thieves","floor":22,"turns":4},{"damage":39,"enemies":"Sentry and Sphere","floor":23,"turns":8},{"damage":18,"enemies":"Book of Stabbing","floor":24,"turns":6},{"damage":9,"enemies":"Snake Plant","floor":25,"turns":4},{"damage":21,"enemies":"Gremlin Leader","floor":28,"turns":8},{"damage":23,"enemies":"Shelled Parasite and Fungi","floor":29,"turns":5},{"damage":18,"enemies":"Book of Stabbing","floor":31,"turns":5},{"damage":44,"enemies":"Automaton","floor":33,"turns":11},{"damage":26,"enemies":"3 Darklings","floor":35,"turns":5},{"damage":22,"enemies":"Orb Walker","floor":37,"turns":4},{"damage":25,"enemies":"Nemesis","floor":40,"turns":9},{"damage":43,"enemies":"4 Shapes","floor":45,"turns":7},{"damage":49,"enemies":"Reptomancer","floor":47,"turns":7},{"damage":10,"enemies":"3 Darklings","floor":48,"turns":4},{"damage":44,"enemies":"Donu and Deca","floor":50,"turns":8},{"damage":80,"enemies":"Shield and Spear","floor":54,"turns":9},{"damage":60,"enemies":"The Heart","floor":55,"turns":5}],"seed_played":"484124624595747831","potions_obtained":[{"floor":1.0,"key":"DistilledChaos"},{"floor":7.0,"key":"SpeedPotion"},{"floor":8.0,"key":"SkillPotion"},{"floor":14.0,"key":"LiquidBronze"},{"floor":22,"key":"Swift Potion"},{"floor":24,"key":"PowerPotion"},{"floor":41,"key":"CultistPotion"},{"floor":47,"key":"SkillPotion"}],"is_trial":false,"path_per_floor":["M","M","?","M","?","R","E","M","T","E","M","R","M","M","R","B",null,"M","$","?","?","M","M","E","M","T","R","E","M","R","E","R","B",null,"M","?","M","$","?","E","?","R","T","R","M","R","E","M","R","B",null,"R","$","E","B"],"character_chosen":"IRONCLAD","items_purchased":["Rupture","DollysMirror","Turnip","Disarm","Impervious","Bag of Preparation"],"campfire_rested":0,"item_purchase_floors":[19,19,38,38,38,53],"current_hp_per_floor":[66,72,72,77,77,77,48,48,48,39,39,39,36,42,42,9,62,62,62,62,47,73,50,54,58,58,58,84,83,83,79,79,64,80,85,74,83,83,73,61,61,61,61,61,72,72,72,85,85,85,85,85,85,45,0,0],"gold":36,"neow_bonus":"RANDOM_COMMON_RELIC","is_daily":false,"chose_seed":false,"campfire_upgraded":10,"win_rate":0.0,"timestamp":1611373787,"path_taken":["M","M","?","M","?","R","E","M","T","E","?","R","M","M","R","BOSS","M","$","?","?","M","M","E","M","T","R","E","M","R","E","R","BOSS","M","?","M","$","?","E","?","R","T","R","M","R","E","?","R","BOSS","R","$","E","BOSS"],"items_purchased_type":["Card","Relic","Relic","Card","Card","Relic"],"build_version":"2020-12-22","purchased_purges":2,"victory":false,"max_hp_per_floor":[80,80,80,80,80,80,80,80,80,80,80,80,80,80,80,80,80,80,80,80,85,85,85,85,85,85,85,85,85,85,85,85,85,85,85,85,85,85,85,85,85,85,85,85,85,85,85,85,85,85,85,85,85,85,85,85],"card_choices":[{"not_picked":["Sever Soul","Warcry"],"picked":"Battle Trance","floor":1.0},{"not_picked":["Wild Strike","Clothesline"],"picked":"Intimidate","floor":2.0},{"not_picked":["Intimidate","Thunderclap"],"picked":"Iron Wave","floor":4.0},{"not_picked":["True Grit","Berserk"],"picked":"Offering","floor":7.0},{"not_picked":["Dropkick","Infernal Blade"],"picked":"Shrug It Off","floor":8.0},{"not_picked":["Shockwave","Flame Barrier"],"picked":"Disarm","floor":10.0},{"not_picked":["Havoc","Shrug It Off"],"picked":"Flex","floor":11.0},{"not_picked":["Warcry","Perfected Strike"],"picked":"Twin Strike","floor":13.0},{"not_picked":["Clash","Heavy Blade","Intimidate"],"picked":"SKIP","floor":14.0},{"not_picked":["Offering","Feed"],"picked":"Reaper","floor":16.0},{"not_picked":["Feel No Pain","True Grit"],"picked":"Shockwave","floor":18},{"not_picked":["Clothesline","Disarm"],"picked":"Rupture+1","floor":22},{"not_picked":["Wild Strike+1","Heavy Blade"],"picked":"Armaments+1","floor":23},{"not_picked":["Searing Blow","Fire Breathing"],"picked":"Uppercut+1","floor":24},{"not_picked":["Havoc","Armaments"],"picked":"Sword Boomerang","floor":25},{"not_picked":["Immolate","Shockwave"],"picked":"Impervious","floor":28},{"not_picked":["Blood for Blood","Perfected Strike"],"picked":"Flex","floor":29},{"not_picked":["Power Through","Wild Strike"],"picked":"Dropkick+1","floor":31},{"not_picked":["Exhume","Corruption"],"picked":"Brutality","floor":33},{"not_picked":["Iron Wave","Havoc+1","Fire Breathing"],"picked":"SKIP","floor":35},{"not_picked":["Wild Strike+1","Thunderclap+1","Perfected Strike+1"],"picked":"SKIP","floor":37},{"not_picked":["PanicButton","Transmutation"],"picked":"Dark Shackles","floor":39},{"not_picked":["Purity","Blind"],"picked":"Deep Breath","floor":39},{"not_picked":["Secret Weapon","Good Instincts"],"picked":"Panacea","floor":39},{"not_picked":["Body Slam+1","Rage+1","Uppercut"],"picked":"SKIP","floor":40},{"not_picked":["Pommel Strike+1","Feel No Pain+1","Headbutt"],"picked":"SKIP","floor":45},{"not_picked":["Body Slam+1","Clash+1","Rage+1"],"picked":"SKIP","floor":47},{"not_picked":["Dual Wield","Iron Wave"],"picked":"Evolve+1","floor":48},{"not_picked":["Hemokinesis","Clash"],"picked":"Sword Boomerang+1","floor":54}],"player_experience":841364,"relics_obtained":[{"floor":7.0,"key":"War Paint"},{"floor":9.0,"key":"Anchor"},{"floor":10.0,"key":"Toy Ornithopter"},{"floor":24,"key":"Bronze Scales"},{"floor":28,"key":"Ancient Tea Set"},{"floor":31,"key":"Self Forming Clay"},{"floor":40,"key":"Lantern"},{"floor":43,"key":"HornCleat"},{"floor":47,"key":"Kunai"},{"floor":54,"key":"White Beast Statue"}],"event_choices":[{"cards_removed":["Strike_R"],"damage_healed":0.0,"max_hp_gain":0.0,"max_hp_loss":0.0,"gold_gain":0.0,"event_name":"The Cleric","player_choice":"Card Removal","floor":3.0,"gold_loss":50.0,"damage_taken":0.0},{"damage_healed":0.0,"max_hp_gain":0.0,"max_hp_loss":0.0,"gold_gain":0.0,"event_name":"Accursed Blacksmith","player_choice":"Forge","floor":5.0,"gold_loss":0.0,"damage_taken":0.0,"cards_upgraded":["Iron Wave"]},{"damage_healed":0,"gold_gain":0,"player_choice":"Opened","damage_taken":0,"relics_obtained":["Old Coin"],"max_hp_gain":0,"max_hp_loss":0,"event_name":"The Mausoleum","floor":20,"gold_loss":0},{"damage_healed":0,"gold_gain":0,"player_choice":"Shed Blood","damage_taken":20,"max_hp_gain":5,"max_hp_loss":0,"event_name":"Forgotten Altar","floor":21,"gold_loss":0},{"damage_healed":0,"gold_gain":0,"player_choice":"Embrace Madness","damage_taken":11,"max_hp_gain":0,"max_hp_loss":0,"event_name":"Winding Halls","floor":36,"gold_loss":0,"cards_obtained":["Madness","Madness"]},{"damage_healed":0,"gold_gain":0,"player_choice":"Memory 3","damage_taken":10,"max_hp_gain":0,"max_hp_loss":0,"event_name":"SensoryStone","floor":39,"gold_loss":0},{"damage_healed":0,"gold_gain":0,"player_choice":"Got Potions","damage_taken":0,"max_hp_gain":0,"max_hp_loss":0,"event_name":"Lab","floor":41,"gold_loss":0}],"is_beta":false,"boss_relics":[{"not_picked":["Runic Cube","Snecko Eye"],"picked":"Velvet Choker"},{"not_picked":["Fusion Hammer","Busted Crown"],"picked":"Philosopher\u0027s Stone"}],"items_purged_floors":[19,38],"is_endless":false,"potions_floor_spawned":[1,7,8,14,22,24,28,31,47],"killed_by":"The Heart","ascension_level":9}}