{"host":"ymn6un3ro3vi042j","time":1611432671,"event":{"mods":["AchievementEnabler","Act Like it!","Aspiration","BaseMod","Bestiary","Better Match","Better Note","Better Skull","Better Third Choice","BetterRewards","Block Reminder","Colored Map","Colored Powertips","Conspire","Curses Come First","Dark Map","DeckTracker","Downfall","Energized Spire","Friendly Minions","GifTheSpireLib","Googly Eyes","Highlight Path","Mimic Mod","Minty Spire (QoL Compilation)","Poor People Problems","Quick Restart","Rare Cards Sparkle","Relic Stats","Spicy Shops","StSLib","SuperFastMode","Synergy Search","The IronCluck","Wandering Minibosses","everything is the same but u backflip on backflip","slay the spire mod where everything is the same but ironclad has a cowboy hat"],"gold_per_floor":[109,121,134,150,28,28,48,48,48,25,43,43,59,59,59,163,163,180,180,180,95,95,95,106,6,44,44,72,72,72,88,88,88,88],"floor_reached":33,"language":"ENG","playtime":1158,"items_purged":["Normality","Pain"],"score":280,"play_id":"e1815839-cbf0-49ce-9e32-c67c6aca2c54","local_time":"20210123121111","is_ascension_mode":false,"campfire_choices":[{"data":"Noxious Fumes","floor":6,"key":"SMITH"},{"data":"Slice","floor":8,"key":"SMITH"},{"floor":12,"key":"REST"},{"data":"Footwork","floor":15,"key":"SMITH"},{"data":"Phantasmal Killer","floor":23,"key":"SMITH"},{"floor":27,"key":"REST"},{"data":"Venomology","floor":32,"key":"SMITH"}],"circlet_count":0,"master_deck":["Strike_G","Strike_G","Strike_G","Strike_G","Strike_G","Defend_G","Defend_G","Defend_G","Defend_G","Defend_G","Survivor","Neutralize","Endless Agony","Cloak And Dagger","Well Laid Plans","Noxious Fumes+1","Caltrops+1","Slice+1","Backflip","Footwork+1","Blade Dance","Phantasmal Killer+1","Bouncing Flask","Skewer","Underhanded Strike+1","Predator+1","Expertise","Flying Knee","Deadly Poison","All Out Attack","Escape Plan","Eviscerate+1","Skewer","Envenom","CurseOfTheBell","CurseOfTheBell","downfall:Icky","Clumsy","Venomology+1","Sucker Punch","Expertise","Setup+1"],"relics":["Ring of the Snake","Tingsha","Eternal Feather","energizedSpire:StickyHand","WarpedTongs","Tough Bandages","Strawberry","White Beast Statue","Vajra","downfall:ExtraCursedBell","Regal Pillow","conspire:DecoderRing","aspiration:AnachronicSnailShell"],"acts_visited":["Exordium","TheCity"],"potions_floor_usage":[16,16,24,26,28,31,33,33],"damage_taken":[{"damage":0,"enemies":"2 Louse","floor":1,"turns":4},{"damage":0,"enemies":"Small Slimes","floor":2,"turns":3},{"damage":5,"enemies":"Cultist","floor":3,"turns":5},{"damage":6,"enemies":"2 Fungi Beasts","floor":4,"turns":3},{"damage":10,"enemies":"Looter","floor":7,"turns":3},{"damage":13,"enemies":"3 Louse","floor":11,"turns":3},{"damage":9,"enemies":"2 Fungi Beasts","floor":13,"turns":3},{"damage":21,"enemies":"Hexaghost","floor":16,"turns":9},{"damage":7,"enemies":"3 Byrds","floor":18,"turns":5},{"damage":27,"enemies":"Shell Parasite","floor":24,"turns":4},{"damage":18,"enemies":"Chosen and Byrds","floor":26,"turns":5},{"damage":24,"enemies":"Book of Stabbing","floor":28,"turns":4},{"damage":8,"enemies":"Chosen and Byrds","floor":31,"turns":4},{"damage":73,"enemies":"Automaton","floor":33,"turns":7}],"seed_played":"-3756498728221065906","potions_obtained":[{"floor":7,"key":"Explosive Potion"},{"floor":11,"key":"hexamod:SoulburnPotion"},{"floor":13,"key":"SteroidPotion"},{"floor":16,"key":"Fire Potion"},{"floor":24,"key":"Ancient Potion"},{"floor":28,"key":"sneckomod:MuddlingPotion"},{"floor":31,"key":"bronze:BurnAndBuffPotion"}],"is_trial":false,"path_per_floor":["M","M","M","M","$","R","M","R","T","$","M","R","M","?","R","B",null,"M","?","?","?","T","R","M","$","MIM","R","E","?","?","M","R","B"],"character_chosen":"THE_SILENT","items_purchased":["Caltrops","Backflip"],"campfire_rested":2,"item_purchase_floors":[5,10],"current_hp_per_floor":[70,70,65,59,59,59,49,49,49,49,36,69,60,60,70,49,70,63,63,63,63,70,77,50,50,32,73,49,54,54,46,70,0,0],"gold":88,"neow_bonus":"ONE_RARE_RELIC","is_daily":false,"chose_seed":false,"campfire_upgraded":5,"win_rate":0.0,"timestamp":1611432671,"path_taken":["M","M","M","M","$","R","M","R","T","$","M","R","M","?","R","BOSS","M","?","?","?","?","R","M","$","MIM","R","E","?","?","M","R","BOSS"],"items_purchased_type":["Card","Card"],"build_version":"2020-12-22","purchased_purges":2,"victory":false,"max_hp_per_floor":[70,70,70,70,70,70,70,70,70,70,70,70,70,70,70,70,70,70,70,70,70,77,77,77,77,77,77,77,82,82,82,82,82,82],"relic_stats":{"Tough Bandages":[12],"Regal Pillow":0,"counters":[14,62],"Tingsha":[24],"Eternal Feather":71,"obtain_stats":[{"Regal Pillow":29,"Vajra":28,"Tingsha":0,"Eternal Feather":9,"energizedSpire:StickyHand":17,"White Beast Statue":26,"WarpedTongs":19,"Tough Bandages":21,"Strawberry":22,"conspire:DecoderRing":29,"aspiration:AnachronicSnailShell":29,"downfall:ExtraCursedBell":29,"Ring of the Snake":0},{"Regal Pillow":12,"Vajra":12,"Tingsha":0,"Eternal Feather":5,"energizedSpire:StickyHand":8,"White Beast Statue":11,"WarpedTongs":9,"Tough Bandages":9,"Strawberry":9,"conspire:DecoderRing":12,"aspiration:AnachronicSnailShell":12,"downfall:ExtraCursedBell":12,"Ring of the Snake":0},{"Regal Pillow":51,"Vajra":51,"Tingsha":0,"Eternal Feather":18,"energizedSpire:StickyHand":33,"White Beast Statue":47,"WarpedTongs":38,"Tough Bandages":38,"Strawberry":38,"conspire:DecoderRing":51,"aspiration:AnachronicSnailShell":51,"downfall:ExtraCursedBell":51,"Ring of the Snake":0}],"Ring of the Snake":[29],"WarpedTongs":[24]},"card_choices":[{"not_picked":["Quick Slash","Outmaneuver"],"picked":"Endless Agony","floor":1},{"not_picked":["conspire:PoisonWeapons","Sucker Punch"],"picked":"Cloak And Dagger","floor":2},{"not_picked":["Quick Slash","Prepared"],"picked":"Well Laid Plans","floor":3},{"not_picked":["Dodge and Roll","Flying Knee"],"picked":"Noxious Fumes","floor":4},{"not_picked":["Choke","Escape Plan"],"picked":"Slice","floor":7},{"not_picked":["Concentrate","Outmaneuver"],"picked":"Footwork","floor":11},{"not_picked":["Backflip","Choke"],"picked":"Blade Dance","floor":13},{"not_picked":["Unload","aspiration:Lunge"],"picked":"Phantasmal Killer","floor":16},{"not_picked":["Skewer","Underhanded Strike+1"],"picked":"Bouncing Flask","floor":18},{"not_picked":["Expertise","Flying Knee"],"picked":"Predator+1","floor":24},{"not_picked":["Deadly Poison","Escape Plan"],"picked":"All Out Attack","floor":26},{"not_picked":["Eviscerate+1","Envenom"],"picked":"Skewer","floor":28},{"not_picked":["Sucker Punch","Setup+1"],"picked":"Expertise","floor":31}],"player_experience":57757,"relics_obtained":[{"floor":9,"key":"Eternal Feather"},{"floor":22,"key":"Strawberry"},{"floor":26,"key":"White Beast Statue"},{"floor":28,"key":"Vajra"},{"floor":29,"key":"Regal Pillow"},{"floor":29,"key":"conspire:DecoderRing"},{"floor":29,"key":"aspiration:AnachronicSnailShell"}],"event_choices":[{"damage_healed":0,"gold_gain":0,"player_choice":"Grow","damage_taken":0,"max_hp_gain":0,"max_hp_loss":0,"event_name":"Living Wall","floor":14,"gold_loss":0,"cards_upgraded":["Caltrops"]},{"damage_healed":0,"gold_gain":0,"player_choice":"Rummage","damage_taken":0,"relics_obtained":["WarpedTongs"],"max_hp_gain":0,"max_hp_loss":0,"event_name":"Accursed Blacksmith","floor":19,"gold_loss":0,"cards_obtained":["Pain"]},{"cards_removed":["Pain"],"damage_healed":0,"gold_gain":0,"player_choice":"Give","damage_taken":0,"max_hp_gain":0,"max_hp_loss":0,"event_name":"betterNote:BetterNote","floor":20,"gold_loss":0,"cards_obtained":["Shame"]},{"damage_healed":0,"gold_gain":0,"player_choice":"Obtained Relic","damage_taken":0,"relics_obtained":["Tough Bandages"],"max_hp_gain":0,"max_hp_loss":0,"event_name":"Addict","floor":21,"gold_loss":85},{"damage_healed":0,"gold_gain":0,"player_choice":"Ignored","damage_taken":0,"max_hp_gain":0,"max_hp_loss":0,"event_name":"Ghosts","floor":30,"gold_loss":0}],"is_beta":false,"boss_relics":[{"not_picked":["energizedSpire:RedRose","Empty Cage"],"picked":"energizedSpire:StickyHand"}],"items_purged_floors":[5,25],"is_endless":false,"potions_floor_spawned":[7,11,13,16,24,28,31],"killed_by":"Automaton","ascension_level":0}}