{"host":"39i3emxub3h8uyq3","time":1611430981,"event":{"mods":["AchievementEnabler","BaseMod","Clockwork Mod","Colored Map","Downfall","Glutton Mod","Gold Saver","Minty Spire (QoL Compilation)","StSLib","TheHeartMod"],"gold_per_floor":[185,238,238,254,17,17,28,60,83,110,110,56,231,248,248,350,350,363,363,288,161,181,181,208,208,290,290,390,26,26,26,26,26,26],"floor_reached":33,"language":"ENG","playtime":1928,"items_purged":["Doubt"],"score":317,"play_id":"d136b7f2-c137-4ec5-8c17-7210f5e0ee97","local_time":"20210123144301","is_ascension_mode":false,"campfire_choices":[{"data":"Lockon","floor":6,"key":"SMITH"},{"floor":11,"key":"REST"},{"floor":15,"key":"REST"},{"floor":23,"key":"REST"},{"floor":25,"key":"REST"},{"floor":27,"key":"REST"},{"floor":32,"key":"REST"}],"circlet_count":0,"master_deck":["Strike_B+1","Strike_B+1","Strike_B+1","Strike_B+1","Defend_B+1","Defend_B+1","Defend_B+1","Defend_B+1","Zap","Dualcast","Steam","Steam","Stack","Lockon+1","Gash","Capacitor","Reinforced Body","Ball Lightning","Beam Cell","Creative AI","Streamline+1","Writhe","Self Repair","Cold Snap","Darkness+1","Streamline","downfall:Icky","Buffer","Doubt"],"relics":["Cracked Core","Oddly Smooth Stone","Boot","Juzu Bracelet","Potion Belt","Whetstone","Toy Ornithopter","Nuclear Battery","Happy Flower","Darkstone Periapt","Bottled Tornado","downfall:ExtraCursedKey","Mango"],"acts_visited":["Exordium","TheCity"],"potions_floor_usage":[24,33],"damage_taken":[{"damage":0,"enemies":"Cultist","floor":1,"turns":3},{"damage":0,"enemies":"Small Slimes","floor":4,"turns":3},{"damage":0,"enemies":"2 Louse","floor":7,"turns":3},{"damage":19,"enemies":"3 Sentries","floor":8,"turns":7},{"damage":20,"enemies":"Gremlin Nob","floor":10,"turns":4},{"damage":0,"enemies":"Looter","floor":14,"turns":2},{"damage":26,"enemies":"The Guardian","floor":16,"turns":11},{"damage":20,"enemies":"Shell Parasite","floor":18,"turns":6},{"damage":10,"enemies":"3 Byrds","floor":22,"turns":5},{"damage":94,"enemies":"Gremlin Leader","floor":24,"turns":6},{"damage":120,"enemies":"Collector","floor":33,"turns":7}],"seed_played":"8176857022566946037","potions_obtained":[{"floor":7,"key":"bronze:BurnAndBuffPotion"},{"floor":10,"key":"FairyPotion"},{"floor":16,"key":"hexamod:SoulburnPotion"},{"floor":18,"key":"bronze:BurnAndBuffPotion"},{"floor":22,"key":"GamblersBrew"},{"floor":24,"key":"AttackPotion"}],"is_trial":false,"path_per_floor":["M","T","?","M","$","R","M","E","T","E","R","$","?","M","R","B",null,"M","?","?","$","M","R","E","R","T","R","?","$","?","?","R","B"],"character_chosen":"DEFECT","items_purchased":["Juzu Bracelet","Lockon","Ball Lightning","Self Repair","Cold Snap","Mango"],"campfire_rested":6,"item_purchase_floors":[5,5,12,21,21,29],"current_hp_per_floor":[75,75,72,72,72,72,72,53,53,33,55,55,55,55,75,49,75,55,55,55,55,52,74,22,44,44,66,89,103,103,103,112,0,0],"gold":26,"neow_bonus":"THREE_CARDS","is_daily":false,"chose_seed":false,"campfire_upgraded":1,"win_rate":0.0,"timestamp":1611430981,"path_taken":["M","?","?","M","$","R","M","E","T","E","R","$","?","M","R","BOSS","M","?","?","$","M","R","E","R","T","R","?","$","?","?","R","BOSS"],"items_purchased_type":["Relic","Card","Card","Card","Card","Relic"],"build_version":"2020-12-22","purchased_purges":1,"victory":false,"max_hp_per_floor":[75,75,75,75,75,75,75,75,75,75,75,75,75,75,75,75,75,75,75,75,75,75,75,75,75,75,75,98,112,112,112,112,112,112],"card_choices":[{"not_picked":["Coolheaded","Fusion"],"picked":"Steam","floor":0},{"not_picked":["Tempest","Cold Snap"],"picked":"Steam","floor":1},{"not_picked":["Conserve Battery","Tempest"],"picked":"Stack","floor":4},{"not_picked":["Beam Cell","Aggregate"],"picked":"Gash","floor":7},{"not_picked":["Skim","Defragment"],"picked":"Capacitor","floor":8},{"not_picked":["Aggregate","Static Discharge"],"picked":"Reinforced Body","floor":10},{"not_picked":["Leap","Steam"],"picked":"Beam Cell","floor":14},{"not_picked":["Seek","Buffer"],"picked":"Creative AI","floor":16},{"not_picked":["Tempest","Steam Power"],"picked":"Streamline+1","floor":18},{"not_picked":["Conserve Battery","Compile Driver"],"picked":"Darkness+1","floor":22},{"not_picked":["Barrage","Leap"],"picked":"Streamline","floor":24}],"player_experience":24558,"relics_obtained":[{"floor":2,"key":"Oddly Smooth Stone"},{"floor":8,"key":"Potion Belt"},{"floor":9,"key":"Whetstone"},{"floor":10,"key":"Toy Ornithopter"},{"floor":24,"key":"Darkstone Periapt"},{"floor":26,"key":"Bottled Tornado"}],"event_choices":[{"damage_healed":0,"gold_gain":0,"player_choice":"Success","damage_taken":3,"relics_obtained":["Boot"],"max_hp_gain":0,"max_hp_loss":0,"event_name":"Scrap Ooze","floor":3,"gold_loss":0},{"damage_healed":0,"gold_gain":175,"player_choice":"AGREE","damage_taken":0,"max_hp_gain":0,"max_hp_loss":0,"event_name":"Liars Game","floor":13,"gold_loss":0,"cards_obtained":["Doubt"]},{"damage_healed":0,"gold_gain":0,"player_choice":"Opened","damage_taken":0,"relics_obtained":["Happy Flower"],"max_hp_gain":0,"max_hp_loss":0,"event_name":"The Mausoleum","floor":19,"gold_loss":0,"cards_obtained":["Writhe"]},{"cards_removed":["Doubt"],"damage_healed":0,"gold_gain":0,"player_choice":"Gave Gold","damage_taken":0,"max_hp_gain":0,"max_hp_loss":0,"event_name":"Beggar","floor":20,"gold_loss":75},{"damage_healed":0,"gold_gain":0,"player_choice":"Ignored","damage_taken":0,"max_hp_gain":0,"max_hp_loss":0,"event_name":"Cursed Tome","floor":30,"gold_loss":0},{"damage_healed":0,"gold_gain":0,"player_choice":"Simplicity","damage_taken":0,"max_hp_gain":0,"max_hp_loss":0,"event_name":"Back to Basics","floor":31,"gold_loss":0,"cards_upgraded":["Strike_B","Strike_B","Defend_B","Defend_B","Defend_B","Defend_B"]}],"is_beta":false,"boss_relics":[{"not_picked":["Empty Cage","Astrolabe"],"picked":"Nuclear Battery"}],"items_purged_floors":[29],"is_endless":false,"potions_floor_spawned":[7,10,16,18,22,24],"killed_by":"Collector","ascension_level":0}}