{"host":"fubl5olmpa6illow","time":1611440510,"event":{"mods":["BaseMod","Colored Map","Colored Powertips","Highlight Path","Minty Spire (QoL Compilation)","Quick Restart","Random Character Button","Relic Sorter","Relic Stats"],"gold_per_floor":[119,119,119,69,89,115,115,141,141,31,64,64,95,109,109,237,237,258,276,300,300,324,324,357,357,382,396,90,90,90,111,111,240,240,259,159,179,199,128,159,159,200,276,314,314,353,353,353,353,353,353,353,145,185,185],"floor_reached":56,"language":"ENG","playtime":5745,"items_purged":["Strike_R","Defend_R","Defend_R"],"score":1511,"play_id":"b5ef3cac-1e30-41f5-b9be-90788a221904","local_time":"20210123232150","is_ascension_mode":true,"campfire_choices":[{"data":"Bloodletting","floor":7,"key":"SMITH"},{"data":"Barricade","floor":15,"key":"SMITH"},{"floor":23,"key":"REST"},{"data":"Seeing Red","floor":25,"key":"SMITH"},{"data":"True Grit","floor":30,"key":"SMITH"},{"data":"Feel No Pain","floor":32,"key":"SMITH"},{"floor":41,"key":"RECALL"},{"data":"Corruption","floor":45,"key":"SMITH"},{"data":"Feel No Pain","floor":49,"key":"SMITH"},{"data":"True Grit","floor":52,"key":"SMITH"}],"circlet_count":0,"master_deck":["Strike_R","Strike_R+1","Defend_R","Defend_R","Bash","Rage","Feel No Pain+1","Cleave","Bloodletting+1","Immolate","Shrug It Off","Uppercut","Inflame","Barricade+1","Twin Strike+1","Double Tap","Cleave+1","Seeing Red+1","True Grit+1","Spot Weakness+1","Fiend Fire","Shrug It Off+1","Sever Soul","True Grit+1","True Grit+1","Feel No Pain+1","Juggernaut","Shockwave","Corruption+1","Battle Trance","Body Slam+1","Feel No Pain+1","Limit Break","Second Wind+1","Disarm","Burning Pact+1","Havoc+1","Purity","Dark Embrace+1"],"relics":["Runic Pyramid","Ornamental Fan","Unceasing Top","Kunai","Self Forming Clay","Eternal Feather","Golden Idol","Odd Mushroom","Philosopher\u0027s Stone","Enchiridion","Thread and Needle","Boot","Orrery","Sozu","Strawberry","Prayer Wheel","Whetstone","Juzu Bracelet","Bag of Preparation"],"acts_visited":["Exordium","TheCity","TheBeyond","TheEnding"],"potions_floor_usage":[16,22,22,54],"damage_taken":[{"damage":5,"enemies":"Small Slimes","floor":1,"turns":4},{"damage":0,"enemies":"2 Louse","floor":5,"turns":2},{"damage":9,"enemies":"3 Sentries","floor":6,"turns":9},{"damage":15,"enemies":"Lagavulin","floor":8,"turns":6},{"damage":3,"enemies":"Gremlin Nob","floor":11,"turns":3},{"damage":0,"enemies":"The Mushroom Lair","floor":13,"turns":2},{"damage":9,"enemies":"Jaw Worm","floor":14,"turns":2},{"damage":9,"enemies":"Hexaghost","floor":16,"turns":10},{"damage":6,"enemies":"Spheric Guardian","floor":18,"turns":4},{"damage":10,"enemies":"Chosen","floor":19,"turns":4},{"damage":28,"enemies":"Centurion and Healer","floor":20,"turns":3},{"damage":1,"enemies":"Cultist and Chosen","floor":22,"turns":6},{"damage":33,"enemies":"Book of Stabbing","floor":24,"turns":5},{"damage":11,"enemies":"Sentry and Sphere","floor":27,"turns":5},{"damage":0,"enemies":"Shelled Parasite and Fungi","floor":31,"turns":3},{"damage":8,"enemies":"Automaton","floor":33,"turns":6},{"damage":0,"enemies":"Orb Walker","floor":35,"turns":2},{"damage":14,"enemies":"3 Shapes","floor":37,"turns":3},{"damage":2,"enemies":"Spire Growth","floor":38,"turns":4},{"damage":0,"enemies":"Giant Head","floor":40,"turns":5},{"damage":13,"enemies":"Reptomancer","floor":42,"turns":5},{"damage":19,"enemies":"Nemesis","floor":44,"turns":5},{"damage":0,"enemies":"Reptomancer","floor":46,"turns":5},{"damage":8,"enemies":"Donu and Deca","floor":50,"turns":7},{"damage":2,"enemies":"Shield and Spear","floor":54,"turns":6},{"damage":46,"enemies":"The Heart","floor":55,"turns":6}],"seed_played":"-7755466418686415574","potions_obtained":[{"floor":8,"key":"ElixirPotion"},{"floor":13,"key":"ElixirPotion"},{"floor":14,"key":"Ancient Potion"},{"floor":19,"key":"SteroidPotion"},{"floor":20,"key":"Dexterity Potion"},{"floor":31,"key":"SkillPotion"},{"floor":33,"key":"ElixirPotion"}],"is_trial":false,"path_per_floor":["M","?","?","$","M","E","R","E","T","$","E","?","?","M","R","B",null,"M","M","M","?","M","R","E","R","T","M","$","?","R","M","R","B",null,"M","$","M","M","$","E","R","E","T","E","R","E","?","?","R","B",null,"R","$","E","B",null],"character_chosen":"IRONCLAD","items_purchased":["Cleave","Uppercut","Inflame","Orrery","Feel No Pain","Limit Break","Purity"],"campfire_rested":1,"item_purchase_floors":[4,10,10,28,28,39,53],"current_hp_per_floor":[75,75,57,57,57,48,48,33,33,33,30,30,30,21,30,21,74,68,58,30,14,13,47,14,29,29,18,18,18,36,36,54,46,74,74,74,60,58,58,65,81,68,68,49,70,70,70,70,81,73,81,81,81,79,33],"gold":185,"neow_bonus":"BOSS_RELIC","is_daily":false,"chose_seed":false,"campfire_upgraded":8,"win_rate":0.0,"timestamp":1611440510,"path_taken":["M","?","?","$","M","E","R","E","T","$","E","?","?","M","R","BOSS","M","M","M","?","M","R","E","R","T","M","$","?","R","M","R","BOSS","M","$","M","M","$","E","R","E","T","E","R","E","?","?","R","BOSS","R","$","E","BOSS"],"items_purchased_type":["Card","Card","Card","Relic","Card","Card","Card"],"build_version":"2020-12-22","purchased_purges":3,"victory":true,"max_hp_per_floor":[80,80,80,80,80,80,80,80,80,80,80,74,74,74,74,74,74,74,74,74,74,74,74,74,74,74,74,74,74,74,74,74,74,74,74,74,74,74,74,81,81,81,81,81,81,81,81,81,81,81,81,81,81,81,81],"relic_stats":{"counters":[26,122],"Self Forming Clay":[120],"Golden Idol":192,"Eternal Feather":120,"Juzu Bracelet":0,"Bag of Preparation":[2],"Whetstone":["Strike_R","Twin Strike"],"Boot":[0],"Sozu":2,"Ornamental Fan":[136],"Prayer Wheel":0,"Kunai":[31],"obtain_stats":[{"Self Forming Clay":9,"Golden Idol":12,"Enchiridion":21,"Eternal Feather":11,"Thread and Needle":24,"Juzu Bracelet":46,"Bag of Preparation":54,"Whetstone":44,"Odd Mushroom":13,"Boot":26,"Burning Blood":0,"Sozu":34,"Ornamental Fan":3,"Strawberry":40,"Orrery":28,"Philosopher\u0027s Stone":17,"Prayer Wheel":42,"Kunai":8,"Unceasing Top":6,"Runic Pyramid":0},{"Self Forming Clay":4,"Golden Idol":5,"Enchiridion":11,"Eternal Feather":5,"Thread and Needle":13,"Juzu Bracelet":23,"Bag of Preparation":25,"Whetstone":22,"Odd Mushroom":6,"Boot":13,"Burning Blood":0,"Sozu":16,"Ornamental Fan":1,"Strawberry":20,"Orrery":14,"Philosopher\u0027s Stone":8,"Prayer Wheel":21,"Kunai":4,"Unceasing Top":3,"Runic Pyramid":0},{"Self Forming Clay":21,"Golden Idol":24,"Enchiridion":49,"Eternal Feather":24,"Thread and Needle":60,"Juzu Bracelet":103,"Bag of Preparation":116,"Whetstone":98,"Odd Mushroom":26,"Boot":60,"Burning Blood":0,"Sozu":74,"Ornamental Fan":4,"Strawberry":88,"Orrery":65,"Philosopher\u0027s Stone":38,"Prayer Wheel":93,"Kunai":21,"Unceasing Top":15,"Runic Pyramid":0}],"Unceasing Top":[13]},"card_choices":[{"not_picked":["Iron Wave","Warcry"],"picked":"Rage","floor":1},{"not_picked":["Flex","Anger"],"picked":"Bloodletting","floor":5},{"not_picked":["Sword Boomerang","Pummel"],"picked":"Immolate","floor":6},{"not_picked":["Flex","Havoc"],"picked":"Shrug It Off","floor":8},{"not_picked":["Clothesline","Sword Boomerang"],"picked":"Barricade","floor":11},{"not_picked":["Blood for Blood","Hemokinesis"],"picked":"Twin Strike","floor":14},{"not_picked":["Exhume","Corruption"],"picked":"Double Tap","floor":16},{"not_picked":["Battle Trance","Body Slam"],"picked":"Cleave+1","floor":18},{"not_picked":["Cleave","Thunderclap"],"picked":"Seeing Red","floor":19},{"not_picked":["Wild Strike","Rupture"],"picked":"True Grit","floor":20},{"not_picked":["Blood for Blood+1","Whirlwind+1"],"picked":"Spot Weakness+1","floor":22},{"not_picked":["Clothesline+1","Havoc+1"],"picked":"Fiend Fire","floor":24},{"not_picked":["Perfected Strike","Armaments","Wild Strike"],"picked":"SKIP","floor":27},{"not_picked":["Battle Trance","Armaments"],"picked":"Shrug It Off+1","floor":28},{"not_picked":["Blood for Blood","Wild Strike"],"picked":"Sever Soul","floor":28},{"not_picked":["Searing Blow","Cleave"],"picked":"True Grit","floor":28},{"not_picked":["Rupture","Heavy Blade"],"picked":"True Grit+1","floor":28},{"not_picked":["Spot Weakness","Dropkick+1"],"picked":"Shockwave","floor":31},{"not_picked":["Reaper","Berserk"],"picked":"Corruption","floor":33},{"not_picked":["Cleave","True Grit"],"picked":"Battle Trance","floor":35},{"not_picked":["Headbutt+1","Perfected Strike+1"],"picked":"Body Slam+1","floor":37},{"not_picked":["Searing Blow","Disarm"],"picked":"Feel No Pain+1","floor":38},{"not_picked":["Perfected Strike","Inflame+1"],"picked":"Second Wind+1","floor":40},{"not_picked":["Spot Weakness+1","Fire Breathing"],"picked":"Disarm","floor":42},{"not_picked":["Anger","Fire Breathing"],"picked":"Burning Pact+1","floor":44},{"not_picked":["Sword Boomerang+1","Clash+1"],"picked":"Havoc+1","floor":46},{"not_picked":["Heavy Blade+1","Sword Boomerang+1"],"picked":"Dark Embrace+1","floor":54}],"player_experience":320683,"relics_obtained":[{"floor":6,"key":"Unceasing Top"},{"floor":8,"key":"Kunai"},{"floor":9,"key":"Self Forming Clay"},{"floor":11,"key":"Eternal Feather"},{"floor":13,"key":"Odd Mushroom"},{"floor":21,"key":"Enchiridion"},{"floor":24,"key":"Thread and Needle"},{"floor":26,"key":"Boot"},{"floor":40,"key":"Strawberry"},{"floor":42,"key":"Prayer Wheel"},{"floor":44,"key":"Whetstone"},{"floor":46,"key":"Juzu Bracelet"},{"floor":54,"key":"Bag of Preparation"}],"event_choices":[{"damage_healed":0,"gold_gain":0,"cards_transformed":["Strike_R"],"player_choice":"Change","damage_taken":0,"max_hp_gain":0,"max_hp_loss":0,"event_name":"Living Wall","floor":2,"gold_loss":0,"cards_obtained":["Feel No Pain"]},{"damage_healed":0,"gold_gain":0,"player_choice":"Success","damage_taken":18,"relics_obtained":["Ornamental Fan"],"max_hp_gain":0,"max_hp_loss":0,"event_name":"Scrap Ooze","floor":3,"gold_loss":0},{"damage_healed":0,"gold_gain":0,"player_choice":"Lose Max HP","damage_taken":0,"relics_obtained":["Golden Idol"],"max_hp_gain":0,"max_hp_loss":6,"event_name":"Golden Idol","floor":12,"gold_loss":0},{"damage_healed":0,"gold_gain":0,"player_choice":"Fought Mushrooms","damage_taken":0,"max_hp_gain":0,"max_hp_loss":0,"event_name":"Mushrooms","floor":13,"gold_loss":0},{"damage_healed":0,"gold_gain":0,"player_choice":"Obtained Book","damage_taken":16,"max_hp_gain":0,"max_hp_loss":0,"event_name":"Cursed Tome","floor":21,"gold_loss":0},{"damage_healed":0,"gold_gain":0,"player_choice":"Read","damage_taken":0,"max_hp_gain":0,"max_hp_loss":0,"event_name":"The Library","floor":29,"gold_loss":0,"cards_obtained":["Juggernaut"]},{"cards_removed":["Strike_R"],"damage_healed":0,"gold_gain":0,"player_choice":"Removed Attack","damage_taken":0,"max_hp_gain":0,"max_hp_loss":0,"event_name":"Falling","floor":47,"gold_loss":0},{"damage_healed":0,"gold_gain":0,"player_choice":"Memory 1","damage_taken":0,"max_hp_gain":0,"max_hp_loss":0,"event_name":"SensoryStone","floor":48,"gold_loss":0}],"is_beta":false,"boss_relics":[{"not_picked":["Pandora\u0027s Box","Calling Bell"],"picked":"Philosopher\u0027s Stone"},{"not_picked":["SacredBark","Velvet Choker"],"picked":"Sozu"}],"items_purged_floors":[28,36,53],"is_endless":false,"potions_floor_spawned":[8,13,14,19,20,31,33,40,46],"ascension_level":2}}