{"host":"tne4ru9orcvptaml","time":1611373022,"event":{"mods":["100% Spire Juice","ATMod(阿瑾Mod)","Act Like it!","Arknights The Spire","Ascension Reborn","Ascension Unlocker","Aspiration","BaseMod","BetterRewards","ChefMod","Colored Map","Colored Powertips","Conspire","Disable Question Mark Monsters","Dota2Spire","Energized Spire","Friendly Minions","Gensokyo","GungeonMod","Hermit","KinomotoSakuraMod(木之本樱)","Kiyohime（清姬）","KomeijiMod","Marked Mod","Minty Spire (QoL Compilation)","MostiFishMod","Pale of the Ancients","Permanent Neow","Quick Restart","Random Character Button","Replay The Spire","Robot Space Explorer","RumiaBox-露米娅的神秘盒子","Shop Mod","Spicy Shops","StSLib","TestMod","The Alterego","The Construct","The Forsaken","The Gatherer","Treasure Hunter","noobMod","【功能Mod】混沌之环修复补丁","【遗物卡牌】REMEMod","篝火指南"],"gold_per_floor":[119,49,49,49,68,99,115,151,199,224,224,289,289,327,327,452,452,479,487,507,173,173,53,85,85,85,131,507,549,255,255,255,384,384,410,228,228,258,258,336,336,374,374,658,17,17,30,30,30,30,80,101,165,165,196,196,572,572,88,88,98],"floor_reached":62,"language":"ZHS","playtime":2503,"items_purged":[],"score":2288,"play_id":"d7169ebd-4fe9-4740-bc89-608ee947a2a4","local_time":"20210123113702","is_ascension_mode":true,"campfire_choices":[{"floor":11,"key":"RECALL"},{"data":"Moonworks:EvilSpyWorkPreparation","floor":13,"key":"SMITH"},{"data":"Moonworks:TreasureThief","floor":15,"key":"SMITH"},{"data":"Moonworks:BigBangBell","floor":23,"key":"SMITH"},{"data":"Gensokyo:SpontaneousHumanCombustion","floor":32,"key":"SMITH"},{"data":"Moonworks:BigBangBell","floor":41,"key":"SMITH"},{"floor":49,"key":"REST"},{"floor":56,"key":"REST"},{"data":"Moonworks:Heat300Percent","floor":58,"key":"SMITH"}],"circlet_count":0,"master_deck":["Moonworks:Strike+1","Moonworks:Strike+1","Moonworks:Strike+1","Moonworks:Strike+1","Moonworks:Defend+1","Moonworks:Defend+1","Moonworks:Defend+1","Moonworks:Defend+1","Moonworks:Ambush+1","Moonworks:LongDistanceShot+1","Moonworks:JonathanRush","TH:EnergyPotion+1","Moonworks:EvilSpyWorkPreparation+1","TH:CopperCoins+1","TH:DeckOfManyThings+1","TH:TreasureMap+1","Moonworks:TreasureThief+1","TH:DeckOfManyThings+1","Moonworks:CrystalBarrier+1","Moonworks:BigBangBell+1","TH:TreasureMap+1","Moonworks:BigBangBell+1","TH:BikiniMail+1","TH:CopperCoins+1","Moonworks:MetallicMonocoque+1","TH:TreasureMap+1","Moonworks:WeAreWaruda+1","Gensokyo:SpontaneousHumanCombustion+1","Gensokyo:ShootingStar+1","TH:BikiniMail+1","Moonworks:StarBlastingFuse+1","MostiFishMod:KingOfFree+1","TH:TreasureMap+1","Moonworks:TreasureThief+1","TH:CopperCoins+1","Moonworks:Heat300Percent+1","TH:TreasureMap+1","TH:CopperCoins+1","Moonworks:StiffCrystal","Gensokyo:BlemishedSteel","Gensokyo:ScrapIron","TH:BikiniMail+1","Moonworks:AnotherUltimateWeapon+1","Moonworks:Dash+1","TH:CursedSword+1","Moonworks:CrystalBarrier+1","Moonworks:NicePresent+1"],"relics":["Moonworks:BrokenBomb","Moonworks:Homemark","testmod-TestBox","DaveBox","REME_ComplimentaryCards","AT_ATBox","ice","RhineCircuit","testmod-DragonStarHat","SynthV:TestCard","Gensokyo:Justice","DemoMod:ClearGuonStone","Golden Egg","MealTicket","Garlic","DemoMod:Bottle","Anchor","DemoMod:GreenGuonStone","testmod-TheFather","AT_TrinityForce","testmod-IntensifyImprint","Ice Cream","BirthdayGift-Tetrahedron","Gensokyo:ConquerorOfFear","Gremlin Horn","Gensokyo:RedStar","AT_BladeRuinedKing","ReplayFunnel","DemoMod:WeirdEgg","SynthV:C4","Dota2Spire:HandOfMidas","DemoMod:GlassGuonStoneRelic","ArrowTower","testmod-TimeTraveler","Gensokyo:EmptyGrave","Dota2Spire:AghanimScepter","MagicDraw3","GodSword7","Snack Pack","DemoMod:WhiteGuonStone","ClockworkSouvenir","testmod-Charity","DemoMod:MeatBun","Dota2Spire:PowerTreads","AT_TimeSand","Dota2Spire:Satanic","paleoftheancients:Timepiece","paleoftheancients:KeyRelic","Orichalcum","Mercury Hourglass","paleoftheancients:SoulOfTheWokeBloke","SSSystem","DemoMod:ChaffGrenade","DemoMod:BigBoy","testmod-CasingShield","Bronze Scales","Lantern","HandDrill","BrkXgEgg","AT_EbonyIvory"],"acts_visited":["Gensokyo:Gensokyo","Gensokyo:Gensokyoer","Gensokyo:Gensokyoest","paleoftheancients:PaleOfTheAncients"],"potions_floor_usage":[14,44],"damage_taken":[{"damage":0,"enemies":"Gensokyo:Python","floor":1,"turns":2},{"damage":0,"enemies":"Gensokyo:Gryphon","floor":5,"turns":3},{"damage":15,"enemies":"Gensokyo:Mamizou","floor":6,"turns":8},{"damage":0,"enemies":"Gensokyo:3_Fairies","floor":7,"turns":3},{"damage":0,"enemies":"Gensokyo:Cirno","floor":8,"turns":4},{"damage":0,"enemies":"Gensokyo:CorruptedTreant","floor":9,"turns":4},{"damage":12,"enemies":"Gensokyo:CorruptedTreant","floor":10,"turns":3},{"damage":3,"enemies":"Gensokyo:Aya","floor":14,"turns":4},{"damage":16,"enemies":"Gensokyo:Reimu","floor":16,"turns":8},{"damage":0,"enemies":"Gensokyo:2_Gloops","floor":18,"turns":3},{"damage":0,"enemies":"Gensokyo:2_Gloops","floor":19,"turns":5},{"damage":0,"enemies":"Gensokyo:CosmicMonolith","floor":20,"turns":2},{"damage":0,"enemies":"Gensokyo:Koishi","floor":24,"turns":1},{"damage":0,"enemies":"Gensokyo:Reisen","floor":27,"turns":1},{"damage":0,"enemies":"Gensokyo:Wraith","floor":28,"turns":1},{"damage":0,"enemies":"Gensokyo:Koishi","floor":29,"turns":1},{"damage":0,"enemies":"Gensokyo:Slime_Group","floor":30,"turns":1},{"damage":11,"enemies":"Gensokyo:Eternal_Rivals","floor":33,"turns":2},{"damage":0,"enemies":"Gensokyo:3_Boulders","floor":35,"turns":1},{"damage":0,"enemies":"Gensokyo:3_Bats","floor":38,"turns":1},{"damage":1,"enemies":"Gensokyo:Marisa","floor":40,"turns":1},{"damage":0,"enemies":"Gensokyo:Kasen","floor":42,"turns":1},{"damage":1,"enemies":"Gensokyo:Doremy","floor":44,"turns":1},{"damage":0,"enemies":"Gensokyo:Rafflesia","floor":47,"turns":1},{"damage":0,"enemies":"Gensokyo:Yuyuko","floor":50,"turns":1},{"damage":0,"enemies":"Gensokyo:Shinki","floor":51,"turns":3},{"damage":2,"enemies":"Gensokyo:Shinki","floor":52,"turns":2},{"damage":0,"enemies":"Gensokyo:Shinki","floor":53,"turns":2},{"damage":2,"enemies":"Gensokyo:Shinki","floor":57,"turns":2},{"damage":2,"enemies":"paleoftheancients:N","floor":61,"turns":2}],"seed_played":"770357031134075808","potions_obtained":[{"floor":5,"key":"UndeadPotion"},{"floor":5,"key":"Dota2Spire:Clarity"},{"floor":14,"key":"REME_GoldPotion"},{"floor":16,"key":"Block Potion"},{"floor":24,"key":"FairyPotion"},{"floor":44,"key":"REME_GoldPotion"},{"floor":44,"key":"Dota2Spire:HealingSalve"}],"is_trial":false,"path_per_floor":["M","COS","?","?","M","E","M","E","T","M","R","T","R","E","R","B",null,"M","?","M","COS","?","R","E","?","T","E","M","E","M","?","R","B",null,"M","$","?","M","?","E","R","E","T","E","COS","T","M","?","R","B","B","M","M","?","T","R","M","R","$","?","B",null],"character_chosen":"THE_STARBREAKER","items_purchased":["MostiFishMod:KingOfFree","Lantern","HandDrill","BrkXgEgg","AT_EbonyIvory","Moonworks:NicePresent"],"campfire_rested":2,"item_purchase_floors":[36,59,59,59,59,59],"current_hp_per_floor":[71,71,71,71,71,56,56,56,56,44,44,44,44,41,41,40,76,76,76,76,76,76,76,76,76,76,76,76,76,76,69,69,74,74,74,74,69,69,69,68,68,68,68,67,69,69,72,72,72,93,120,133,141,141,142,142,148,148,148,148,165],"gold":98,"neow_bonus":"TEN_PERCENT_HP_BONUS","is_daily":false,"chose_seed":false,"campfire_upgraded":6,"win_rate":0.0,"timestamp":1611373022,"path_taken":["M","COS","?","?","M","E","?","E","T","M","R","?","R","E","R","BOSS","M","?","M","COS","?","R","E","?","T","E","M","E","?","?","R","BOSS","M","$","?","M","?","E","R","E","T","E","COS","?","?","?","R","BOSS","BOSS","M","M","?","T","R","M","R","$","?","BOSS"],"items_purchased_type":["Card","Relic","Relic","Relic","Relic","Card"],"build_version":"2020-12-22","purchased_purges":0,"victory":true,"max_hp_per_floor":[71,71,71,71,71,71,71,71,71,71,71,71,71,71,71,76,76,76,76,76,76,76,76,76,76,76,76,76,76,76,69,69,74,74,74,74,69,69,69,69,69,69,69,69,69,69,72,72,72,93,120,134,141,141,142,142,148,148,148,148,165],"card_choices":[{"not_picked":["Moonworks:UnluckyCharm","Moonworks:LulusLuckyEgg"],"picked":"Moonworks:JonathanRush","floor":1},{"not_picked":["Moonworks:NicePresent","Moonworks:Assault","Moonworks:CompletionReward","Moonworks:ImmovableObject","Moonworks:SweetBattle"],"picked":"SKIP","floor":5},{"not_picked":["TH:Mimic","TH:ArmorSpikes","TH:PixieDust"],"picked":"TH:EnergyPotion","floor":6},{"not_picked":["Moonworks:CookingTime","Moonworks:ImOnFire","Moonworks:ExtendedPhotonRifle","Moonworks:TreasureThief"],"picked":"Moonworks:JonathanRush","floor":6},{"not_picked":["Moonworks:TacticalRetreat","Moonworks:IndiscriminateFireSupport","Moonworks:FullSpeedAlicianrone","Moonworks:LuckyCharm"],"picked":"Moonworks:EvilSpyWorkPreparation","floor":7},{"not_picked":["TH:BikiniMail","TH:ArmorSpikes","TH:PixieDust"],"picked":"TH:CopperCoins","floor":8},{"not_picked":["Moonworks:LulusLuckyEgg","Moonworks:DeployBits","Moonworks:IndiscriminateFireSupport","Moonworks:TreasureThief","Moonworks:DevilHand"],"picked":"SKIP","floor":8},{"not_picked":["Moonworks:ImOnFire","Moonworks:SelfDestruct","Moonworks:CloudOfSeagulls","Moonworks:DeployBits"],"picked":"Moonworks:EvilMastermind","floor":9},{"not_picked":["Moonworks:IntelligenceOfficer","Moonworks:NicePresent","Moonworks:SakisCookie","Moonworks:Bloodlust","Moonworks:IndiscriminateFireSupport"],"picked":"SKIP","floor":10},{"not_picked":["TH:ElvenBoots","TH:CursedSword","TH:Mimic"],"picked":"TH:DeckOfManyThings","floor":12},{"not_picked":["TH:Mimic","TH:EnergyPotion","TH:ArmorSpikes"],"picked":"TH:TreasureMap","floor":14},{"not_picked":["Moonworks:MixPhenomenon","Moonworks:IndiscriminateFireSupport","Moonworks:Assault","Moonworks:Poppoformation"],"picked":"Moonworks:TreasureThief","floor":14},{"not_picked":["TH:ArmorSpikes","TH:PixieDust","TH:ElvenBoots"],"picked":"TH:DeckOfManyThings","floor":16},{"not_picked":["Moonworks:WeAreWaruda","Moonworks:MetallicMonocoque","Moonworks:SinkOrSwim","Moonworks:MeltingMemories"],"picked":"Moonworks:CrystalBarrier","floor":16},{"not_picked":["Moonworks:UnpaidWork","Moonworks:LuckyCharm","Moonworks:IndiscriminateFireSupport","Moonworks:LulusLuckyEgg","Moonworks:JonathanRush"],"picked":"SKIP","floor":18},{"not_picked":["Moonworks:DeployBits","Moonworks:BigMagnum","Moonworks:Encore","Moonworks:Assault"],"picked":"Moonworks:BigBangBell","floor":19},{"not_picked":["Moonworks:MixPhenomenon+1","Moonworks:AngelHand","Moonworks:JonathanRush","Moonworks:SakisCookie","Moonworks:CloudOfSeagulls"],"picked":"SKIP","floor":20},{"not_picked":["TH:BikiniMail","TH:PixieDust","TH:Mimic"],"picked":"TH:TreasureMap","floor":24},{"not_picked":["Moonworks:LulusLuckyEgg","Moonworks:ReproductionOfRecords","Moonworks:NicePresent","Moonworks:DeployBits"],"picked":"Moonworks:BigBangBell","floor":24},{"not_picked":["TH:EnergyPotion","TH:ElvenBoots","TH:CursedSword"],"picked":"TH:BikiniMail","floor":26},{"not_picked":["TH:ElvenBoots","TH:Mimic","TH:PixieDust"],"picked":"TH:CopperCoins","floor":27},{"not_picked":["Moonworks:DeployBits","Moonworks:RagingMadness+1","Moonworks:SakisCookie+1","Moonworks:LulusLuckyEgg"],"picked":"Moonworks:MetallicMonocoque","floor":27},{"not_picked":["Moonworks:LulusLuckyEgg","Moonworks:NicePresent","Moonworks:ImOnFire","Moonworks:IndiscriminateFireSupport","Moonworks:LuckyCharm+1"],"picked":"SKIP","floor":28},{"not_picked":["TH:EnergyPotion","TH:CopperCoins","TH:PixieDust"],"picked":"TH:TreasureMap","floor":29},{"not_picked":["Moonworks:FinalSurgery","Moonworks:LeapThroughSpace","Moonworks:NicePresent","Moonworks:Assault"],"picked":"Moonworks:WeAreWaruda","floor":29},{"not_picked":["Moonworks:JonathanRush","Moonworks:UnluckyCharm","Moonworks:CookingTime","Moonworks:IndiscriminateFireSupport","Moonworks:NicePresent+1"],"picked":"SKIP","floor":30},{"not_picked":["Gensokyo:SlitMouthedWoman","Gensokyo:ManorOfTheDishes","Gensokyo:Apocalypse","Gensokyo:GapWoman"],"picked":"Gensokyo:SpontaneousHumanCombustion","floor":31},{"not_picked":[],"picked":"Gensokyo:ShootingStar","floor":33},{"not_picked":["TH:Mimic","TH:ArmorSpikes","TH:CursedSword"],"picked":"TH:BikiniMail","floor":33},{"not_picked":["Moonworks:RocketCannon","Moonworks:Gamble","Moonworks:CrystalBarrier","Moonworks:MeltingMemories"],"picked":"Moonworks:StarBlastingFuse","floor":33},{"not_picked":["Moonworks:NicePresent+1","Moonworks:CloudOfSeagulls+1","Moonworks:ScrambledEve","Moonworks:IndiscriminateFireSupport+1","Moonworks:JonathanRush"],"picked":"SKIP","floor":35},{"not_picked":["Moonworks:CompletionReward+1","Moonworks:SakisCookie+1","Moonworks:CloudOfSeagulls","Moonworks:ImOnFire","Moonworks:DeployBits+1"],"picked":"SKIP","floor":38},{"not_picked":["TH:BikiniMail","TH:EnergyPotion","TH:Mimic"],"picked":"TH:TreasureMap","floor":40},{"not_picked":["Moonworks:NicePresent","Moonworks:Assault+1","Moonworks:BigMagnum+1","Moonworks:WeAreWaruda"],"picked":"Moonworks:TreasureThief+1","floor":40},{"not_picked":["TH:ElvenBoots","TH:CursedSword","TH:EnergyPotion"],"picked":"TH:CopperCoins","floor":42},{"not_picked":["Moonworks:DevilHand+1","Moonworks:AccelHyper","Moonworks:BindingChains+1","Moonworks:TreasureThief+1"],"picked":"Moonworks:Heat300Percent","floor":42},{"not_picked":["TH:BikiniMail","TH:ElvenBoots","TH:DeckOfManyThings"],"picked":"TH:TreasureMap","floor":43},{"not_picked":["TH:DeckOfManyThings","TH:ArmorSpikes","TH:Mimic"],"picked":"TH:CopperCoins","floor":44},{"not_picked":["Moonworks:SakisCookie+1","Moonworks:JonathanRush+1","Moonworks:CookingTime+1","Moonworks:ScrambledEve"],"picked":"Moonworks:StiffCrystal","floor":44},{"not_picked":["TH:ElvenBoots","TH:ArmorSpikes","TH:PixieDust"],"picked":"TH:BikiniMail","floor":46},{"not_picked":["Moonworks:ForcedRevival+1","Moonworks:Assault","Moonworks:DevilHand","Moonworks:Poppoformation+1"],"picked":"Moonworks:AnotherUltimateWeapon","floor":47},{"not_picked":["Moonworks:IndiscriminateFireSupport","Moonworks:UnluckyCharm","Moonworks:ImOnFire+1","Moonworks:CastOff"],"picked":"Moonworks:Dash+1","floor":52},{"not_picked":["Moonworks:AngelHand","Moonworks:BigMagnum+1","Moonworks:SealedMemories","Moonworks:NicePresent+1","Moonworks:FinalSurgery+1"],"picked":"SKIP","floor":53},{"not_picked":["TH:PixieDust","TH:ElvenBoots","TH:EnergyPotion"],"picked":"TH:CursedSword","floor":55},{"not_picked":["Moonworks:LuckyCharm+1","Moonworks:AngelHand","Moonworks:EvilSpyWorkPreparation","Moonworks:CloudOfSeagulls+1"],"picked":"Moonworks:CrystalBarrier","floor":57}],"player_experience":306604,"relics_obtained":[{"floor":1,"key":"SynthV:TestCard"},{"floor":6,"key":"Golden Egg"},{"floor":7,"key":"MealTicket"},{"floor":8,"key":"Garlic"},{"floor":12,"key":"DemoMod:Bottle"},{"floor":12,"key":"Anchor"},{"floor":14,"key":"DemoMod:GreenGuonStone"},{"floor":16,"key":"testmod-TheFather"},{"floor":19,"key":"testmod-IntensifyImprint"},{"floor":19,"key":"Ice Cream"},{"floor":24,"key":"Gensokyo:ConquerorOfFear"},{"floor":24,"key":"Gremlin Horn"},{"floor":26,"key":"AT_BladeRuinedKing"},{"floor":26,"key":"ReplayFunnel"},{"floor":27,"key":"DemoMod:WeirdEgg"},{"floor":29,"key":"Dota2Spire:HandOfMidas"},{"floor":33,"key":"ArrowTower"},{"floor":40,"key":"Dota2Spire:AghanimScepter"},{"floor":42,"key":"MagicDraw3"},{"floor":43,"key":"GodSword7"},{"floor":43,"key":"Snack Pack"},{"floor":44,"key":"DemoMod:WhiteGuonStone"},{"floor":46,"key":"Dota2Spire:PowerTreads"},{"floor":46,"key":"AT_TimeSand"},{"floor":52,"key":"paleoftheancients:SoulOfTheWokeBloke"},{"floor":52,"key":"SSSystem"},{"floor":53,"key":"DemoMod:BigBoy"},{"floor":55,"key":"testmod-CasingShield"},{"floor":55,"key":"Bronze Scales"}],"event_choices":[{"damage_healed":0,"gold_gain":0,"player_choice":"Leave","damage_taken":0,"max_hp_gain":0,"max_hp_loss":0,"event_name":"conspire:Investor","floor":4,"gold_loss":0},{"cards_removed":["Moonworks:JonathanRush"],"damage_healed":0,"gold_gain":0,"player_choice":"Purged","damage_taken":0,"max_hp_gain":0,"max_hp_loss":0,"event_name":"Purifier","floor":54,"gold_loss":0}],"is_beta":false,"boss_relics":[{"not_picked":["testmod-BatchProcessingSystem","Kintsugi"],"picked":"AT_TrinityForce"},{"not_picked":["conspire:RoyalGoblet","testmod-Nine"],"picked":"testmod-TimeTraveler"}],"items_purged_floors":[],"is_endless":false,"potions_floor_spawned":[5,10,14,18,24,28,29,30,33,35,38,44,52],"ascension_level":0}}