{"host":"0ukt4blzh5g8drbw","time":1611410579,"event":{"mods":["100% Spire Juice","ATMod(∞¢Ë™Mod)","AchievementEnabler","Act Like it!","Arknights The Spire","Aspiration","BaseMod","ChefMod","Dota2Spire","Downfall","Energized Spire","Gensokyo","GungeonMod","KinomotoSakuraMod(ƒæ÷Æ±æ”£)","Koishi","Luminous","Mari Mod (Legacy)","Mari\u0027s V1 Patch","Marisa£®ÏF”Í°°ƒß¿Ì…≥£©","Minty Spire (QoL Compilation)","Quick Restart","Reimu£®≤©¿ˆ¡È√Œ£©","Remilia£®¿Ÿ√◊¿Ú—«£©","Replay The Spire","Robot Space Explorer","StSLib","The Alterego","The Bug Knight","The Construct","The Marked","The Runesmith","The Servant 0.9.4","WarShipGirlsR/’ΩΩ¢…Ÿ≈ÆR mod","Yakumo Yukari mod","Youmu£®ªÍ∆«—˝√Œ£©","Yuyuko","[IsaacMod]“‘»ˆº‚À˛","vexMod","°æ“≈ŒÔø®≈∆°øREMEMod"],"gold_per_floor":[119,130,130,6,6,41,56,56,56,69,149,149,149,183,183,183,183],"floor_reached":16,"language":"ZHS","playtime":907,"items_purged":["Injury"],"score":108,"play_id":"56d00e6e-798e-417f-9aca-c79d1ab4e5ed","local_time":"20210123220259","is_ascension_mode":false,"campfire_choices":[{"data":"EpicFetus","floor":13,"key":"SMITH"},{"floor":15,"key":"RECALL"}],"circlet_count":0,"master_deck":["ats:Strike C","ats:Strike G","ats:Strike S","ats:Armor Crushing Shot","ats:Defend","ats:Defend","ats:Defend","ats:Emotion Absorption+1","EpicFetus+1","ats:Blood Oath","ats:Revitalization","ats:Apocalypse","ats:Healing Drone","ats:Blood Oath","ats:Hook Shot"],"relics":["ats:Sanity","AT_ATBox","HushsDoor","KeepersGift","REME_ComplimentaryCards","NeowsBlessing","Replay:Bottled Steam","ats:Originium","Bird Faced Urn","Meat on the Bone","DemoMod:WhiteGuonStone"],"acts_visited":["Exordium"],"potions_floor_usage":[],"damage_taken":[{"damage":0,"enemies":"Gensokyo:2_Kodama","floor":1,"turns":1},{"damage":0,"enemies":"Gensokyo:Gryphon","floor":2,"turns":1},{"damage":5,"enemies":"Gensokyo:Cirno","floor":6,"turns":2},{"damage":9,"enemies":"Gensokyo:3_Fairies","floor":7,"turns":6},{"damage":34,"enemies":"Gensokyo:3_Kodama","floor":10,"turns":5},{"damage":17,"enemies":"Gensokyo:Mamizou","floor":14,"turns":8},{"damage":4,"enemies":"Gensokyo:Reimu","floor":16,"turns":4}],"seed_played":"3426996399741992216","potions_obtained":[{"floor":1,"key":"Block Potion"},{"floor":6,"key":"GrandPatriotsElixir:ReiMu"}],"is_trial":false,"path_per_floor":["M","M","?","$","?","E","M","?","T","M","?","T","R","E","R","B"],"character_chosen":"DOCTOR_CLASS","items_purchased":["ats:Apocalypse"],"campfire_rested":0,"item_purchase_floors":[4],"current_hp_per_floor":[72,72,72,72,58,58,72,72,72,60,60,60,60,72,72,68,68],"gold":183,"neow_bonus":"THREE_ENEMY_KILL","is_daily":false,"chose_seed":false,"campfire_upgraded":1,"win_rate":0.0,"timestamp":1611410579,"path_taken":["M","M","?","?","?","E","M","?","T","?","?","?","R","E","R","BOSS"],"items_purchased_type":["Card"],"build_version":"2020-12-22","purchased_purges":1,"victory":false,"max_hp_per_floor":[72,72,72,72,72,72,72,72,72,72,72,72,72,72,72,72,72],"card_choices":[{"not_picked":[],"picked":"EpicFetus","floor":0},{"not_picked":["ats:Curse Doll","ats:Composite Medical Shells"],"picked":"ats:Blood Oath","floor":1},{"not_picked":["ats:Cat Scratch","ats:Composite Medical Shells"],"picked":"ats:Revitalization","floor":2},{"not_picked":["ats:Durian","ats:Shadow Raid"],"picked":"ats:Healing Drone","floor":6},{"not_picked":["ats:Poison Spread","ats:Explosion Area Strengthen"],"picked":"ats:Blood Oath","floor":7},{"not_picked":["ats:Hammer On","ats:Leaping Hammer"],"picked":"ats:Hook Shot","floor":10},{"not_picked":["ats:Healing Strengthening","ats:Soul Absorption","ats:Charging Defense"],"picked":"SKIP","floor":14}],"player_experience":115766,"relics_obtained":[{"floor":6,"key":"ats:Originium"},{"floor":6,"key":"Bird Faced Urn"},{"floor":12,"key":"Meat on the Bone"},{"floor":14,"key":"ats:Originium"},{"floor":14,"key":"DemoMod:WhiteGuonStone"}],"event_choices":[],"is_beta":false,"boss_relics":[],"items_purged_floors":[4],"is_endless":false,"potions_floor_spawned":[1,6],"killed_by":"Gensokyo:Reimu","ascension_level":0}}