{"host":"xkmvu47k9fdstweo","time":1611387504,"event":{"mods":["BaseMod","Colored Map","Conspire","Hubris","Minty Spire (QoL Compilation)","Quick Restart","Railgun Mod","Shop Mod","StSLib","The Alterego","The Animator","The Servant 0.9.4","The Wild Card","TheBandit","WarShipGirlsR/??è≠èóR mod","vexMod"],"gold_per_floor":[116,132,148,248,267,297,103,135,135,135,135,135],"floor_reached":11,"language":"ENG","playtime":282,"items_purged":["animator:Strike"],"score":104,"play_id":"96182c59-0815-46c8-a233-ec67b1f97169","local_time":"20210123023824","is_ascension_mode":true,"campfire_choices":[],"circlet_count":0,"master_deck":["animator:Strike","animator:Strike","animator:Defend","animator:Defend","animator:Defend","animator:LizardPriest","animator:DwarfShaman","animator:Shuna","animator:NagisaMomoe+1","animator:Megumin+1","animator:ItamiYouji","animator:YunYun","hubris:DuctTapeCard"],"relics":["animator:LivingPicture","animator:TheMissingPiece","animator:PurgingStone","NeowsBlessing","Blood Vial","hubris:DuctTape","hubris:OldNail"],"acts_visited":["Exordium"],"potions_floor_usage":[5,8],"damage_taken":[{"damage":0,"enemies":"2 Louse","floor":1,"turns":1},{"damage":0,"enemies":"Cultist","floor":2,"turns":1},{"damage":0,"enemies":"Jaw Worm","floor":3,"turns":1},{"damage":0,"enemies":"Lots of Slimes","floor":5,"turns":1},{"damage":35,"enemies":"Lagavulin","floor":6,"turns":6},{"damage":24,"enemies":"Gremlin Nob","floor":8,"turns":5},{"damage":3,"enemies":"3 Sentries","floor":11,"turns":2}],"seed_played":"3132558923340828043","potions_obtained":[{"floor":3,"key":"Strength Potion"},{"floor":5,"key":"SpeedPotion"}],"is_trial":false,"path_per_floor":["M","M","M","?","M","E","$","E","T","?","E"],"character_chosen":"THE_ANIMATOR","items_purchased":["animator:YunYun","AttackPotion"],"campfire_rested":0,"item_purchase_floors":[7,7],"current_hp_per_floor":[66,66,66,66,66,31,31,9,9,9,8,8],"gold":135,"neow_bonus":"THREE_ENEMY_KILL","is_daily":false,"chose_seed":false,"campfire_upgraded":0,"win_rate":0.0,"timestamp":1611387504,"path_taken":["M","M","M","?","?","E","$","E","T","?","E"],"items_purchased_type":["Card","Potion"],"build_version":"2020-12-22","purchased_purges":1,"victory":false,"max_hp_per_floor":[66,66,66,66,66,66,66,66,66,66,66,66],"card_choices":[{"not_picked":["animator:TukaLunaMarceau","animator:GazelDwargon"],"picked":"animator:Shuna","floor":1},{"not_picked":["animator:TsurugaMeisai","animator:KyokoSakura"],"picked":"animator:NagisaMomoe","floor":2},{"not_picked":["animator:Millim","animator:Elsword"],"picked":"animator:Megumin","floor":3},{"not_picked":["animator:OrikoMikuni","animator:LeleiLaLalena"],"picked":"animator:ItamiYouji","floor":6},{"not_picked":["animator:Entoma","animator:Shichika"],"picked":"animator:Megumin","floor":8}],"player_experience":363863,"relics_obtained":[{"floor":6,"key":"Blood Vial"},{"floor":8,"key":"hubris:DuctTape"},{"floor":9,"key":"hubris:OldNail"}],"event_choices":[{"damage_healed":0,"gold_gain":100,"player_choice":"Pray","damage_taken":0,"max_hp_gain":0,"max_hp_loss":0,"event_name":"Golden Shrine","floor":4,"gold_loss":0},{"damage_healed":0,"gold_gain":0,"player_choice":"Forge","damage_taken":0,"max_hp_gain":0,"max_hp_loss":0,"event_name":"Accursed Blacksmith","floor":10,"gold_loss":0,"cards_upgraded":["animator:NagisaMomoe"]}],"is_beta":false,"boss_relics":[],"items_purged_floors":[7],"is_endless":false,"potions_floor_spawned":[3,5],"killed_by":"3 Sentries","ascension_level":5}}