{"host":"b995t17pt6d05w8c","time":1611360024,"event":{"mods":["AchievementEnabler","BaseMod","Colored Map","DeckTracker","Keyboard Shortcuts","Minty Spire (QoL Compilation)","Permanent Neow","SuperFastMode"],"gold_per_floor":[118,118,118,133,150,175,192,207,253,287,287,305,305,325,325,399,399,409,359,359,359,391,391,406,417,487,487,502,531,531,547,547,621,621,636,655,169,391,405,405,102,130,157,5,5,5,23,43,43,43],"floor_reached":51,"language":"KOR","playtime":1582,"items_purged":["Defend_B","Scrape+1","Defend_B","Beam Cell"],"score":1348,"play_id":"78dbeed3-c428-4939-b7af-a38cf883e343","local_time":"20210123090024","is_ascension_mode":true,"campfire_choices":[{"floor":11,"key":"REST"},{"data":"Zap","floor":13,"key":"SMITH"},{"data":"Echo Form","floor":15,"key":"SMITH"},{"data":"Seek","floor":23,"key":"SMITH"},{"data":"Loop","floor":27,"key":"SMITH"},{"data":"Defragment","floor":30,"key":"SMITH"},{"floor":32,"key":"REST"},{"data":"Coolheaded","floor":40,"key":"SMITH"},{"data":"Chaos","floor":46,"key":"SMITH"},{"floor":49,"key":"REST"}],"circlet_count":0,"master_deck":["AscendersBane","Zap+1","Dualcast","Core Surge","Ball Lightning","Undo","Electrodynamics","BootSequence","Echo Form+1","Rainbow","Seek+1","Glacier+1","Go for the Eyes+1","Loop+1","Defragment+1","Reboot","Coolheaded+1","Capacitor","Double Energy","Chaos+1","Madness","Madness"],"relics":["Cracked Core","Anchor","Smiling Mask","InkBottle","Odd Mushroom","Astrolabe","Red Mask","Cables","Vajra","Busted Crown","Bottled Lightning","OrangePellets","Membership Card","Du-Vu Doll","MawBank","ClockworkSouvenir"],"acts_visited":["Exordium","TheCity","TheBeyond"],"potions_floor_usage":[10,10,16,29,33,50,50],"damage_taken":[{"damage":0.0,"enemies":"Small Slimes","floor":1.0,"turns":2.0},{"damage":0.0,"enemies":"Cultist","floor":4.0,"turns":3.0},{"damage":0.0,"enemies":"2 Louse","floor":5.0,"turns":2.0},{"damage":35.0,"enemies":"3 Sentries","floor":6.0,"turns":8.0},{"damage":8.0,"enemies":"Blue Slaver","floor":7.0,"turns":4.0},{"damage":0.0,"enemies":"Large Slime","floor":8.0,"turns":4.0},{"damage":0,"enemies":"Gremlin Nob","floor":10,"turns":3},{"damage":2,"enemies":"Looter","floor":12,"turns":3},{"damage":0,"enemies":"The Mushroom Lair","floor":14,"turns":2},{"damage":8,"enemies":"The Guardian","floor":16,"turns":11},{"damage":2,"enemies":"Shell Parasite","floor":18,"turns":5},{"damage":2,"enemies":"Masked Bandits","floor":22,"turns":2},{"damage":0,"enemies":"2 Thieves","floor":24,"turns":2},{"damage":6,"enemies":"Cultist and Chosen","floor":25,"turns":5},{"damage":0,"enemies":"Chosen and Byrds","floor":28,"turns":5},{"damage":0,"enemies":"Gremlin Leader","floor":29,"turns":7},{"damage":8,"enemies":"Snecko","floor":31,"turns":4},{"damage":22,"enemies":"Collector","floor":33,"turns":7},{"damage":0,"enemies":"3 Shapes","floor":35,"turns":3},{"damage":0,"enemies":"3 Darklings","floor":36,"turns":4},{"damage":0,"enemies":"Transient","floor":39,"turns":5},{"damage":3,"enemies":"Nemesis","floor":42,"turns":7},{"damage":0,"enemies":"4 Shapes","floor":47,"turns":2},{"damage":3,"enemies":"Writhing Mass","floor":48,"turns":5},{"damage":48,"enemies":"Awakened One","floor":50,"turns":11}],"seed_played":"3606825579644826640","potions_obtained":[{"floor":6.0,"key":"Energy Potion"},{"floor":8.0,"key":"Regen Potion"},{"floor":10,"key":"FearPotion"},{"floor":12,"key":"SpeedPotion"},{"floor":16,"key":"Strength Potion"},{"floor":24,"key":"ColorlessPotion"},{"floor":29,"key":"FocusPotion"},{"floor":31,"key":"Dexterity Potion"},{"floor":35,"key":"Block Potion"}],"is_trial":false,"path_per_floor":["M","?","?","M","M","E","M","M","T","E","R","M","R","?","R","B",null,"M","$","?","?","?","R","M","M","T","R","M","E","R","M","R","B",null,"M","M","$","?","M","R","$","E","T","$","?","R","M","M","R","B",null],"character_chosen":"DEFECT","items_purchased":["Bottled Lightning","OrangePellets","Membership Card","Capacitor","Double Energy","ClockworkSouvenir","SteroidPotion"],"campfire_rested":3,"item_purchase_floors":[37,37,41,41,41,44,44],"current_hp_per_floor":[64,57,57,57,57,22,14,14,14,23,44,42,42,42,42,34,62,60,60,40,40,38,38,38,32,32,32,32,32,32,24,46,24,63,63,63,63,63,63,63,63,60,60,60,46,46,46,43,65,17],"gold":43,"neow_bonus":"TRANSFORM_CARD","is_daily":false,"chose_seed":false,"campfire_upgraded":7,"win_rate":0.0,"timestamp":1611360024,"path_taken":["M","?","?","?","M","E","M","M","T","E","R","M","R","?","R","BOSS","M","$","?","?","?","R","?","M","T","R","M","E","R","M","R","BOSS","M","M","$","?","M","R","$","E","T","$","?","R","M","M","R","BOSS"],"items_purchased_type":["Relic","Relic","Relic","Card","Card","Relic","Potion"],"build_version":"2020-12-22","purchased_purges":4,"victory":true,"max_hp_per_floor":[71,71,71,71,71,71,71,71,71,71,71,71,71,71,71,71,71,71,71,76,76,76,76,76,76,76,76,76,76,76,76,76,76,76,76,76,76,76,76,76,76,76,76,76,76,76,76,76,76,76],"card_choices":[{"not_picked":["Redo","Sweeping Beam"],"picked":"Ball Lightning","floor":1.0},{"not_picked":["Turbo","Heatsinks"],"picked":"Beam Cell","floor":4.0},{"not_picked":["Sweeping Beam","Gash"],"picked":"Undo","floor":5.0},{"not_picked":["Ball Lightning","Sweeping Beam"],"picked":"Electrodynamics","floor":6.0},{"not_picked":["Skim","Barrage","Rebound"],"picked":"SKIP","floor":7.0},{"not_picked":["Steam","Leap"],"picked":"BootSequence","floor":8.0},{"not_picked":["Coolheaded","Turbo"],"picked":"Echo Form","floor":10},{"not_picked":["Barrage","Redo"],"picked":"Rainbow","floor":12},{"not_picked":["Rainbow","Creative AI"],"picked":"Seek","floor":16},{"not_picked":["Cold Snap","Barrage","Storm"],"picked":"SKIP","floor":18},{"not_picked":["Compile Driver","Beam Cell","Hologram"],"picked":"SKIP","floor":24},{"not_picked":["Leap","Undo"],"picked":"Loop","floor":25},{"not_picked":["Fusion","Scrape+1","Reprogram+1"],"picked":"SKIP","floor":28},{"not_picked":["Chaos","Redo+1"],"picked":"Defragment","floor":29},{"not_picked":["Beam Cell+1","Redo","Streamline"],"picked":"SKIP","floor":31},{"not_picked":["All For One","Hyperbeam"],"picked":"Reboot","floor":33},{"not_picked":["Barrage"],"picked":"SKIP","floor":35},{"not_picked":[],"picked":"Coolheaded","floor":36},{"not_picked":["Tempest+1"],"picked":"SKIP","floor":39},{"not_picked":[],"picked":"Chaos","floor":42},{"not_picked":["Leap"],"picked":"SKIP","floor":47},{"not_picked":["Self Repair"],"picked":"SKIP","floor":48}],"player_experience":163064,"relics_obtained":[{"floor":6.0,"key":"Anchor"},{"floor":9.0,"key":"Smiling Mask"},{"floor":10,"key":"InkBottle"},{"floor":14,"key":"Odd Mushroom"},{"floor":22,"key":"Red Mask"},{"floor":26,"key":"Cables"},{"floor":29,"key":"Vajra"},{"floor":42,"key":"Du-Vu Doll"},{"floor":43,"key":"MawBank"}],"event_choices":[{"cards_removed":["Strike_B"],"damage_healed":0.0,"max_hp_gain":0.0,"max_hp_loss":0.0,"gold_gain":0.0,"event_name":"Golden Wing","player_choice":"Card Removal","floor":2.0,"gold_loss":0.0,"damage_taken":7.0},{"cards_removed":["Defend_B"],"damage_healed":0.0,"max_hp_gain":0.0,"max_hp_loss":0.0,"gold_gain":0.0,"event_name":"Bonfire Elementals","player_choice":"Offered Basic","floor":3.0,"gold_loss":0.0,"damage_taken":0.0},{"damage_healed":0,"gold_gain":0,"player_choice":"Fought Mushrooms","damage_taken":0,"max_hp_gain":0,"max_hp_loss":0,"event_name":"Mushrooms","floor":14,"gold_loss":0},{"damage_healed":0,"gold_gain":0,"player_choice":"Shed Blood","damage_taken":25,"max_hp_gain":5,"max_hp_loss":0,"event_name":"Forgotten Altar","floor":20,"gold_loss":0},{"damage_healed":0,"gold_gain":0,"player_choice":"Ignored","damage_taken":0,"max_hp_gain":0,"max_hp_loss":0,"event_name":"Vampires","floor":21,"gold_loss":0},{"damage_healed":0,"gold_gain":0,"player_choice":"Fought Bandits","damage_taken":0,"max_hp_gain":0,"max_hp_loss":0,"event_name":"Masked Bandits","floor":22,"gold_loss":0},{"damage_healed":0,"gold_gain":222,"player_choice":"Wore Mask","damage_taken":0,"max_hp_gain":0,"max_hp_loss":0,"event_name":"Tomb of Lord Red Mask","floor":38,"gold_loss":0},{"damage_healed":0,"gold_gain":0,"player_choice":"Embrace Madness","damage_taken":14,"max_hp_gain":0,"max_hp_loss":0,"event_name":"Winding Halls","floor":45,"gold_loss":0,"cards_obtained":["Madness","Madness"]}],"is_beta":false,"boss_relics":[{"not_picked":["Tiny House","FrozenCore"],"picked":"Astrolabe"},{"not_picked":["Calling Bell","Snecko Eye"],"picked":"Busted Crown"}],"items_purged_floors":[19,37,41,44],"is_endless":false,"potions_floor_spawned":[6,8,10,12,16,24,28,29,31,35],"ascension_level":16}}