{"host":"83ve8bsuvg15pdqh","time":1611441107,"event":{"mods":["2.2 Compatiblity","AchievementEnabler","BaseMod","Colored Map","Colored Powertips","Downfall","Highlight Path","Minty Spire (QoL Compilation)","Relic Stats","StSLib","everything is the same but u backflip on backflip"],"gold_per_floor":[99,118,218,231,231,266,316,336,336,336,336],"floor_reached":9,"language":"ENG","playtime":665,"items_purged":[],"score":61,"play_id":"0280b194-a977-4d6d-a58d-2ec365dce670","local_time":"20210123163147","is_ascension_mode":false,"campfire_choices":[{"floor":1,"key":"RECALL"}],"circlet_count":0,"master_deck":["champ:Strike","champ:Strike","champ:Strike","champ:Strike","champ:Defend","champ:Defend","champ:Defend","champ:Defend","champ:Execute","champ:Taunt","champ:FancyFootwork","champ:Shatter","champ:FlashCut","champ:ArenaPreparation","champ:StrikeOfGenius"],"relics":["champ:ChampionCrown","WristBlade","Shuriken"],"acts_visited":[],"potions_floor_usage":[6,6,9],"damage_taken":[{"damage":13,"enemies":"Jaw Worm","floor":2,"turns":4},{"damage":82,"enemies":"Jaw Worm","floor":3,"turns":9},{"damage":2,"enemies":"2 Louse","floor":4,"turns":3},{"damage":48,"enemies":"3 Sentries","floor":6,"turns":11},{"damage":10,"enemies":"Cultist","floor":8,"turns":3},{"damage":31,"enemies":"Gremlin Nob","floor":9,"turns":3}],"seed_played":"2082361050193426349","potions_obtained":[{"floor":3,"key":"Dexterity Potion"},{"floor":4,"key":"Ancient Potion"},{"floor":6,"key":"champ:OpenerPotion"}],"is_trial":false,"path_per_floor":["R","M","?","M","?","E","T","M","E"],"character_chosen":"THE_CHAMP","items_purchased":[],"campfire_rested":0,"item_purchase_floors":[],"current_hp_per_floor":[99,96,44,42,42,14,14,14,0,0,0],"gold":336,"neow_bonus":"TEN_PERCENT_HP_BONUS","is_daily":false,"chose_seed":false,"campfire_upgraded":0,"win_rate":0.0,"timestamp":1611441107,"path_taken":["R","M","?","M","?","E","T","?","E"],"items_purchased_type":[],"build_version":"2020-12-22","purchased_purges":0,"victory":false,"max_hp_per_floor":[99,99,99,99,99,99,99,99,99,99,99],"relic_stats":{"counters":[6,33],"Shuriken":[2],"obtain_stats":[{"WristBlade":3,"Shuriken":6,"champ:ChampionCrown":0},{"WristBlade":2,"Shuriken":4,"champ:ChampionCrown":0},{"WristBlade":13,"Shuriken":27,"champ:ChampionCrown":0}]},"card_choices":[{"not_picked":["champ:CrownThrow","champ:AdrenalArmor"],"picked":"champ:FancyFootwork","floor":2},{"not_picked":["champ:FlashCut","champ:FalseCounter"],"picked":"champ:Shatter","floor":3},{"not_picked":["champ:Duel","champ:Haymaker"],"picked":"champ:FlashCut","floor":4},{"not_picked":["champ:EndlessRage","champ:GladiatorStyle"],"picked":"champ:ArenaPreparation","floor":6},{"not_picked":["champ:ShieldWall","champ:GutPunch"],"picked":"champ:StrikeOfGenius","floor":8}],"player_experience":8518,"relics_obtained":[{"floor":3,"key":"WristBlade"},{"floor":6,"key":"Shuriken"}],"event_choices":[],"is_beta":false,"boss_relics":[],"items_purged_floors":[],"is_endless":false,"potions_floor_spawned":[3,4,6],"killed_by":"Gremlin Nob","ascension_level":0}}