{"host":"e1wc9sdc4kdvhg3d","time":1611372336,"event":{"mods":["AchievementEnabler","BaseMod","BetterRewards","Highlight Path","Minty Spire (QoL Compilation)","Relic Stats","StSLib"],"gold_per_floor":[112,112,125,138,152,152,180,180,180,180,197,217,217,246,246,345,345,362,65,91,103,116,116,149,149,217,229,263,276,301,301,301,301,301],"floor_reached":33,"language":"ENG","playtime":1876,"items_purged":[],"score":490,"play_id":"5b50de5f-4709-427a-ae45-449d01d9f334","local_time":"20210122212536","is_ascension_mode":true,"campfire_choices":[{"data":"Eruption","floor":6,"key":"SMITH"},{"data":"TalkToTheHand","floor":8,"key":"SMITH"},{"data":"SashWhip","floor":10,"key":"SMITH"},{"data":"ForeignInfluence","floor":13,"key":"SMITH"},{"data":"BowlingBash","floor":15,"key":"SMITH"},{"floor":23,"key":"RECALL"},{"floor":32,"key":"REST"}],"circlet_count":0,"master_deck":["Strike_P","Strike_P","Strike_P","Strike_P","Defend_P","Defend_P","Defend_P","Defend_P","Eruption+1","Vigilance","FollowUp+1","TalkToTheHand+1","SashWhip+1","BowlingBash+1","EmptyFist+1","ForeignInfluence+1","LessonLearned","Halt+1","WindmillStrike","JustLucky","Consecrate+1","FollowUp+1","DeceiveReality+1"],"relics":["HolyWater","Kunai","Tiny Chest","Meat on the Bone","Strawberry","Happy Flower","Chemical X","Vajra","Blue Candle","Letter Opener","White Beast Statue","Bottled Lightning"],"acts_visited":["Exordium","TheCity"],"potions_floor_usage":[18,22,24,29,30,33,33],"damage_taken":[{"damage":0,"enemies":"Small Slimes","floor":1,"turns":4},{"damage":0,"enemies":"Cultist","floor":3,"turns":2},{"damage":1,"enemies":"Jaw Worm","floor":4,"turns":4},{"damage":1,"enemies":"Blue Slaver","floor":5,"turns":4},{"damage":7,"enemies":"3 Sentries","floor":7,"turns":5},{"damage":7,"enemies":"Exordium Thugs","floor":11,"turns":3},{"damage":0,"enemies":"Large Slime","floor":12,"turns":3},{"damage":10,"enemies":"Gremlin Nob","floor":14,"turns":4},{"damage":0,"enemies":"Slime Boss","floor":16,"turns":4},{"damage":3,"enemies":"Spheric Guardian","floor":18,"turns":5},{"damage":0,"enemies":"Chosen","floor":21,"turns":4},{"damage":3,"enemies":"Snake Plant","floor":22,"turns":2},{"damage":6,"enemies":"Book of Stabbing","floor":24,"turns":5},{"damage":2,"enemies":"Snecko","floor":27,"turns":5},{"damage":20,"enemies":"Gremlin Leader","floor":28,"turns":5},{"damage":6,"enemies":"Shelled Parasite and Fungi","floor":29,"turns":3},{"damage":17,"enemies":"Book of Stabbing","floor":30,"turns":3},{"damage":86,"enemies":"Automaton","floor":33,"turns":12}],"seed_played":"5669245891795087907","potions_obtained":[{"floor":1,"key":"BlessingOfTheForge"},{"floor":3,"key":"Block Potion"},{"floor":4,"key":"Ambrosia"},{"floor":11,"key":"LiquidBronze"},{"floor":14,"key":"Strength Potion"},{"floor":22,"key":"DistilledChaos"},{"floor":24,"key":"Dexterity Potion"},{"floor":28,"key":"Fire Potion"},{"floor":29,"key":"Ancient Potion"},{"floor":30,"key":"StancePotion"}],"is_trial":false,"path_per_floor":["M","?","M","M","M","R","E","R","T","R","M","M","R","E","R","B",null,"M","$","T","M","M","R","E","?","T","M","E","M","E","?","R","B"],"character_chosen":"WATCHER","items_purchased":["Kunai","FollowUp","Happy Flower","Chemical X"],"campfire_rested":1,"item_purchase_floors":[0,0,19,19],"current_hp_per_floor":[72,72,72,71,70,70,63,63,63,63,56,56,56,53,53,53,79,76,76,76,76,73,73,67,52,52,50,42,48,43,43,68,0,0],"gold":301,"neow_bonus":"","is_daily":false,"chose_seed":false,"campfire_upgraded":5,"win_rate":0.0,"timestamp":1611372336,"path_taken":["M","?","?","M","M","R","E","R","T","R","?","?","R","E","R","BOSS","M","$","?","M","M","R","E","?","T","?","E","M","E","?","R","BOSS"],"items_purchased_type":["Relic","Card","Relic","Relic"],"build_version":"2020-12-22","purchased_purges":0,"victory":false,"max_hp_per_floor":[72,72,72,72,72,72,72,72,72,72,72,72,72,79,79,79,79,79,79,79,79,79,79,79,84,84,84,84,84,84,84,84,84,84],"relic_stats":{"Happy Flower":[13],"counters":[124,606],"Blue Candle":[0],"Tiny Chest":3,"Kunai":[47],"Chemical X":[1],"Letter Opener":[38],"obtain_stats":[{"Calipers":21,"Gremlin Horn":26,"Vajra":20,"Whetstone":14,"Ginger":45,"Old Coin":13,"Blood Vial":10,"Lizard Tail":17,"HornCleat":4,"Strawberry":41,"Philosopher\u0027s Stone":17,"MealTicket":26,"Prayer Wheel":39,"HandDrill":0,"Kunai":14,"Toxic Egg 2":6,"Pear":45,"Happy Flower":19,"Blue Candle":23,"Dead Branch":42,"Eternal Feather":9,"Pen Nib":9,"Letter Opener":38,"Question Card":43,"Shuriken":0,"Bronze Scales":37,"Bird Faced Urn":43,"Molten Egg 2":42,"Nloth\u0027s Gift":27,"Black Star":17,"Unceasing Top":0,"Pocketwatch":0,"Meat on the Bone":7,"Darkstone Periapt":25,"Regal Pillow":25,"Lantern":0,"Singing Bowl":11,"Incense Burner":10,"Bag of Preparation":13,"Juzu Bracelet":9,"Cursed Key":17,"Smiling Mask":9,"Burning Blood":0,"ClockworkSouvenir":0,"Dream Catcher":27,"Nunchaku":0,"Matryoshka":8,"Mummified Hand":6,"Gambling Chip":39,"Pantograph":2,"Tiny Chest":2,"Red Mask":20,"Chemical X":19,"Red Skull":8,"InkBottle":29,"Potion Belt":6,"Golden Idol":3,"Thread and Needle":12,"PreservedInsect":0,"Omamori":10,"Frozen Egg 2":0,"MawBank":7,"White Beast Statue":28,"Calling Bell":17,"Anchor":26,"Busted Crown":34,"Ornamental Fan":42,"HolyWater":17,"Coffee Dripper":34,"Bag of Marbles":14,"Art of War":27,"Bottled Lightning":43,"PureWater":0,"Toy Ornithopter":6},{"Calipers":11,"Gremlin Horn":13,"Vajra":116,"Whetstone":8,"Ginger":72,"Old Coin":7,"Blood Vial":32,"Lizard Tail":83,"HornCleat":99,"Strawberry":94,"Philosopher\u0027s Stone":35,"MealTicket":86,"Prayer Wheel":93,"HandDrill":97,"Kunai":82,"Toxic Egg 2":30,"Pear":95,"Happy Flower":116,"Blue Candle":12,"Dead Branch":95,"Eternal Feather":21,"Pen Nib":5,"Letter Opener":68,"Question Card":71,"Shuriken":52,"Bronze Scales":45,"Bird Faced Urn":48,"Molten Egg 2":48,"Nloth\u0027s Gift":86,"Black Star":104,"Unceasing Top":52,"Pocketwatch":97,"Meat on the Bone":111,"Darkstone Periapt":40,"Regal Pillow":13,"Lantern":97,"Singing Bowl":101,"Incense Burner":22,"Bag of Preparation":33,"Juzu Bracelet":57,"Cursed Key":9,"Smiling Mask":21,"Burning Blood":0,"ClockworkSouvenir":16,"Dream Catcher":14,"Nunchaku":52,"Matryoshka":21,"Mummified Hand":20,"Gambling Chip":69,"Pantograph":76,"Tiny Chest":17,"Red Mask":11,"Chemical X":116,"Red Skull":32,"InkBottle":87,"Potion Belt":56,"Golden Idol":53,"Thread and Needle":32,"PreservedInsect":0,"Omamori":6,"Frozen Egg 2":75,"MawBank":5,"White Beast Statue":121,"Calling Bell":83,"Anchor":62,"Busted Crown":90,"Ornamental Fan":71,"HolyWater":58,"Coffee Dripper":43,"Bag of Marbles":57,"Art of War":63,"Bottled Lightning":48,"PureWater":0,"Toy Ornithopter":100},{"Calipers":52,"Gremlin Horn":63,"Vajra":567,"Whetstone":30,"Ginger":382,"Old Coin":26,"Blood Vial":159,"Lizard Tail":424,"HornCleat":501,"Strawberry":481,"Philosopher\u0027s Stone":178,"MealTicket":438,"Prayer Wheel":473,"HandDrill":496,"Kunai":417,"Toxic Egg 2":150,"Pear":486,"Happy Flower":567,"Blue Candle":58,"Dead Branch":486,"Eternal Feather":104,"Pen Nib":19,"Letter Opener":356,"Question Card":379,"Shuriken":274,"Bronze Scales":236,"Bird Faced Urn":249,"Molten Egg 2":249,"Nloth\u0027s Gift":438,"Black Star":519,"Unceasing Top":274,"Pocketwatch":496,"Meat on the Bone":548,"Darkstone Periapt":204,"Regal Pillow":63,"Lantern":496,"Singing Bowl":509,"Incense Burner":111,"Bag of Preparation":167,"Juzu Bracelet":290,"Cursed Key":40,"Smiling Mask":104,"Burning Blood":0,"ClockworkSouvenir":80,"Dream Catcher":71,"Nunchaku":274,"Matryoshka":104,"Mummified Hand":99,"Gambling Chip":367,"Pantograph":396,"Tiny Chest":85,"Red Mask":52,"Chemical X":567,"Red Skull":159,"InkBottle":444,"Potion Belt":287,"Golden Idol":277,"Thread and Needle":159,"PreservedInsect":0,"Omamori":24,"Frozen Egg 2":394,"MawBank":19,"White Beast Statue":588,"Calling Bell":424,"Anchor":325,"Busted Crown":461,"Ornamental Fan":379,"HolyWater":302,"Coffee Dripper":226,"Bag of Marbles":290,"Art of War":334,"Bottled Lightning":249,"PureWater":0,"Toy Ornithopter":507}],"Meat on the Bone":36},"card_choices":[{"not_picked":["Sanctity","Indignation","Worship"],"picked":"SKIP","floor":1},{"not_picked":["FlyingSleeves","ClearTheMind"],"picked":"TalkToTheHand","floor":3},{"not_picked":["Halt","CrushJoints"],"picked":"SashWhip","floor":4},{"not_picked":["ThirdEye","Protect"],"picked":"BowlingBash","floor":5},{"not_picked":["Conclude","FlyingSleeves"],"picked":"EmptyFist","floor":7},{"not_picked":["InnerPeace","ThirdEye","Collect"],"picked":"SKIP","floor":11},{"not_picked":["BowlingBash","SignatureMove"],"picked":"ForeignInfluence","floor":12},{"not_picked":["EmptyBody","Crescendo","Adaptation"],"picked":"SKIP","floor":14},{"not_picked":["Ragnarok","ConjureBlade"],"picked":"LessonLearned","floor":16},{"not_picked":["CutThroughFate","Worship+1"],"picked":"Halt+1","floor":18},{"not_picked":["SignatureMove","ReachHeaven"],"picked":"WindmillStrike","floor":21},{"not_picked":["FlyingSleeves+1","Prostrate"],"picked":"JustLucky","floor":22},{"not_picked":["Worship+1","Evaluate+1"],"picked":"Consecrate+1","floor":24},{"not_picked":["EmptyFist","Halt"],"picked":"FollowUp+1","floor":27},{"not_picked":["Crescendo+1","ClearTheMind","EmptyFist"],"picked":"SKIP","floor":28},{"not_picked":["Omniscience","ForeignInfluence","CutThroughFate"],"picked":"SKIP","floor":29},{"not_picked":["FlurryOfBlows+1","Perseverance"],"picked":"DeceiveReality+1","floor":30}],"player_experience":477125,"relics_obtained":[{"floor":7,"key":"Meat on the Bone"},{"floor":14,"key":"Strawberry"},{"floor":20,"key":"Vajra"},{"floor":24,"key":"Blue Candle"},{"floor":26,"key":"Letter Opener"},{"floor":28,"key":"White Beast Statue"},{"floor":30,"key":"Bottled Lightning"}],"event_choices":[{"damage_healed":0,"gold_gain":0,"player_choice":"Gave Potion","damage_taken":0,"relics_obtained":["Tiny Chest"],"max_hp_gain":0,"max_hp_loss":0,"event_name":"WeMeetAgain","floor":2,"gold_loss":0},{"damage_healed":0,"gold_gain":0,"player_choice":"Shed Blood","damage_taken":20,"max_hp_gain":5,"max_hp_loss":0,"event_name":"Forgotten Altar","floor":25,"gold_loss":0},{"damage_healed":0,"gold_gain":0,"player_choice":"Ignored","damage_taken":0,"max_hp_gain":0,"max_hp_loss":0,"event_name":"Vampires","floor":31,"gold_loss":0}],"is_beta":false,"boss_relics":[{"not_picked":["Empty Cage","SacredBark"],"picked":"HolyWater"}],"items_purged_floors":[],"is_endless":false,"potions_floor_spawned":[1,3,4,11,14,22,24,28,29,30],"killed_by":"Automaton","ascension_level":1}}