{"host":"athd8lg4sftw81ak","time":1611376312,"event":{"mods":["BaseMod","Downfall","Hermit","Jorbs\u0027s Wanderer Trilogy","Minty Spire (QoL Compilation)","StSLib"],"gold_per_floor":[214,214,232,75,94,94,120,120,120,136,166,219,234,18,18,123,123,143,143,153,9,21,21,50,36,84,119,119,19,35,62,62,175,175,202,202,220,243,44,53,72,72,72],"floor_reached":42,"language":"ENG","playtime":1968,"items_purged":["Strike_R","Searing Blow","Clothesline"],"score":555,"play_id":"715318ff-8cd2-4810-aadb-e25044a734e1","local_time":"20210122223152","is_ascension_mode":true,"campfire_choices":[{"data":"Armaments","floor":6.0,"key":"SMITH"},{"data":"Bash","floor":8.0,"key":"SMITH"},{"floor":15.0,"key":"REST"},{"data":"Limit Break","floor":23.0,"key":"SMITH"},{"floor":28.0,"key":"REST"},{"floor":32.0,"key":"REST"},{"floor":40,"key":"REST"}],"circlet_count":0,"master_deck":["Defend_R","Defend_R","Defend_R","Bash+1","Armaments+1","Armaments","Flame Barrier","Pommel Strike","Pummel","Warcry","Demon Form","Headbutt","True Grit","Limit Break+1","Twin Strike+1","Flex+1","Shrug It Off","Thunderclap+1","Slimebound:Tackle+1","Slimebound:Tackle+1","Slimebound:Tackle+1","Limit Break","Shrug It Off+1","Madness","Madness","Uppercut+1","Body Slam+1","True Grit+1"],"relics":["Burning Blood","Question Card","Bottled Lightning","Dream Catcher","Blood Vial","Guardian:PocketSentry","Busted Crown","hexamod:BolsterEngine","MawBank","CeramicFish","Molten Egg 2","SlaversCollar"],"acts_visited":["Exordium","TheCity","TheBeyond"],"potions_floor_usage":[38,41],"damage_taken":[{"damage":7.0,"enemies":"Jaw Worm","floor":1.0,"turns":3.0},{"damage":6.0,"enemies":"Cultist","floor":3.0,"turns":4.0},{"damage":5.0,"enemies":"Small Slimes","floor":5.0,"turns":4.0},{"damage":22.0,"enemies":"Lagavulin","floor":7.0,"turns":8.0},{"damage":11.0,"enemies":"Looter","floor":10.0,"turns":3.0},{"damage":23.0,"enemies":"3 Sentries","floor":11.0,"turns":10.0},{"damage":11.0,"enemies":"3 Louse","floor":13.0,"turns":3.0},{"damage":20.0,"enemies":"The Guardian","floor":16.0,"turns":9.0},{"damage":13.0,"enemies":"2 Thieves","floor":18.0,"turns":5.0},{"damage":7.0,"enemies":"Chosen","floor":20.0,"turns":4.0},{"damage":9.0,"enemies":"Centurion and Healer","floor":22.0,"turns":7.0},{"damage":29.0,"enemies":"Slavers","floor":24.0,"turns":4.0},{"damage":25.0,"enemies":"Book of Stabbing","floor":27.0,"turns":7.0},{"damage":13.0,"enemies":"Sentry and Sphere","floor":30.0,"turns":6.0},{"damage":59.0,"enemies":"Automaton","floor":33.0,"turns":7.0},{"damage":18,"enemies":"3 Shapes","floor":35,"turns":6},{"damage":19,"enemies":"3 Darklings","floor":38,"turns":5},{"damage":61,"enemies":"Transient","floor":41,"turns":5},{"damage":25,"enemies":"Nemesis","floor":42,"turns":2}],"seed_played":"6025784826223724670","potions_obtained":[{"floor":3.0,"key":"EssenceOfSteel"},{"floor":5.0,"key":"EntropicBrew"},{"floor":10.0,"key":"bronze:BurnAndBuffPotion"},{"floor":27.0,"key":"Fruit Juice"},{"floor":33.0,"key":"AttackPotion"}],"is_trial":false,"path_per_floor":["M","?","M","$","M","R","E","R","T","M","E","T","M","$","R","B",null,"M","?","M","$","M","R","E","$","T","E","R","$","M","?","R","B",null,"M","?","?","M","$","R","M","E"],"character_chosen":"IRONCLAD","items_purchased":["Flame Barrier","Clothesline","Guardian:PocketSentry","GamblersBrew","hexamod:BolsterEngine","Shrug It Off","Guardian:BlockOnCardUsePotion"],"campfire_rested":4,"item_purchase_floors":[4,4,14,14,21,25,39],"current_hp_per_floor":[79,79,79,79,80,80,64,64,64,59,42,42,39,39,63,51,73,68,68,69,69,68,68,47,47,47,35,60,60,55,55,80,29,71,61,61,50,39,39,64,11,0,0],"gold":72,"neow_bonus":"HUNDRED_GOLD","is_daily":false,"chose_seed":false,"campfire_upgraded":3,"win_rate":0.0,"timestamp":1611376312,"path_taken":["M","?","M","$","M","R","E","R","T","?","E","?","M","$","R","BOSS","M","?","M","$","?","R","E","?","T","E","R","$","?","?","R","BOSS","M","?","?","M","$","R","M","E"],"items_purchased_type":["Card","Card","Relic","Potion","Relic","Card","Potion"],"build_version":"2020-12-22","purchased_purges":3,"victory":false,"max_hp_per_floor":[80,80,80,80,80,80,80,80,80,80,80,80,80,80,80,80,80,80,80,80,80,80,80,80,80,80,85,85,85,85,85,85,85,85,85,85,85,85,85,85,85,85,85],"card_choices":[{"not_picked":["Thunderclap","Cleave"],"picked":"Armaments","floor":1.0},{"not_picked":["Burning Pact","Havoc"],"picked":"Armaments","floor":3.0},{"not_picked":["Rupture","Wild Strike"],"picked":"Pommel Strike","floor":5.0},{"not_picked":["Havoc","Anger"],"picked":"Pummel","floor":7.0},{"not_picked":["Armaments","Wild Strike","Sword Boomerang"],"picked":"Warcry","floor":10.0},{"not_picked":["Shockwave","Havoc","True Grit"],"picked":"Demon Form","floor":11.0},{"not_picked":["Thunderclap","Pommel Strike","Armaments"],"picked":"Headbutt","floor":13.0},{"not_picked":["Pommel Strike","Cleave","Warcry"],"picked":"True Grit","floor":15.0},{"not_picked":["Juggernaut","Feed","Bludgeon"],"picked":"Limit Break","floor":16.0},{"not_picked":["Anger","Power Through"],"picked":"SKIP","floor":18.0},{"not_picked":["Entrench"],"picked":"Twin Strike+1","floor":20.0},{"not_picked":["Thunderclap"],"picked":"Flex+1","floor":22.0},{"not_picked":["Rampage","Wild Strike"],"picked":"SKIP","floor":24.0},{"not_picked":["Cleave+1"],"picked":"Thunderclap+1","floor":27.0},{"not_picked":["Perfected Strike+1","Whirlwind+1"],"picked":"SKIP","floor":30.0},{"not_picked":["Feed+1"],"picked":"Limit Break","floor":33.0},{"not_picked":["Pommel Strike+1"],"picked":"Shrug It Off+1","floor":35},{"not_picked":["Twin Strike+1"],"picked":"Uppercut+1","floor":38},{"not_picked":["Clothesline+1"],"picked":"Body Slam+1","floor":40},{"not_picked":["Sever Soul+1"],"picked":"True Grit+1","floor":41}],"player_experience":584588,"relics_obtained":[{"floor":7.0,"key":"Question Card"},{"floor":9.0,"key":"Bottled Lightning"},{"floor":11.0,"key":"Dream Catcher"},{"floor":12.0,"key":"Blood Vial"},{"floor":24.0,"key":"MawBank"},{"floor":26.0,"key":"CeramicFish"},{"floor":27.0,"key":"Molten Egg 2"}],"event_choices":[{"damage_healed":0.0,"max_hp_gain":0.0,"max_hp_loss":0.0,"gold_gain":0.0,"cards_transformed":["Strike_R"],"event_name":"Transmorgrifier","player_choice":"Transformed","floor":2.0,"gold_loss":0.0,"damage_taken":0.0,"cards_obtained":["Searing Blow"]},{"damage_healed":0.0,"max_hp_gain":0.0,"max_hp_loss":0.0,"gold_gain":0.0,"event_name":"NoteForYourself","player_choice":"Ignored","floor":19.0,"gold_loss":0.0,"damage_taken":0.0},{"cards_removed":["Defend_R"],"damage_healed":0,"gold_gain":0,"player_choice":"Removed Skill","damage_taken":0,"max_hp_gain":0,"max_hp_loss":0,"event_name":"Falling","floor":36,"gold_loss":0},{"damage_healed":0,"gold_gain":0,"player_choice":"Embrace Madness","damage_taken":11,"max_hp_gain":0,"max_hp_loss":0,"event_name":"Winding Halls","floor":37,"gold_loss":0,"cards_obtained":["Madness","Madness"]}],"is_beta":false,"boss_relics":[{"not_picked":["Sozu","Tiny House"],"picked":"Busted Crown"},{"not_picked":["Astrolabe","bronze:MakeshiftBattery"],"picked":"SlaversCollar"}],"items_purged_floors":[4,29,39],"is_endless":false,"potions_floor_spawned":[3,5,10,11,20,27,33],"killed_by":"Nemesis","ascension_level":5}}