{"host":"9kesdg97wkrx2bva","time":1611396137,"event":{"mods":["AchievementEnabler","BaseMod","Colored Map","GifTheSpireLib","Infinite Spire","Minty Spire (QoL Compilation)","Replay The Spire","StSLib"],"gold_per_floor":[118,160,172,45,62,94,94,94,121,121,137,152,8,8,8,87,87,103,103,103,103,120,148,148,148,217,217,231,231,251,251,251,251,251],"floor_reached":33,"language":"ENG","playtime":882,"items_purged":["Strike_B","Dualcast"],"score":500,"play_id":"94efdf78-1c81-45b1-a407-50391eebef0c","local_time":"20210123040217","is_ascension_mode":true,"campfire_choices":[{"data":"Reprogram","floor":8,"key":"SMITH"},{"data":"Buffer","floor":10,"key":"SMITH"},{"data":"Defend_B","floor":15,"key":"SMITH"},{"data":"Mirror Shield","floor":25,"key":"SMITH"},{"data":"Gash","floor":27,"key":"SMITH"},{"floor":29,"key":"REST"},{"floor":32,"key":"REST"}],"circlet_count":0,"master_deck":["AscendersBane","Defend_B+1","Defend_B","Defend_B","Buffer+1","Gash+1","Reprogram+1","Gash","Go for the Eyes","Rebound","Go for the Eyes+1","Mirror Shield+1","Gash","Leap","RitualDagger"],"relics":["Cracked Core","StrikeDummy","Centennial Puzzle","Vajra","Omamori","Replay:Drink Me","ReplayTheSpireMod:EnergyBall","Replay:PocketPolymizer","Letter Opener"],"acts_visited":["Exordium","TheCity"],"potions_floor_usage":[6,6,18,23,28,28,33],"damage_taken":[{"damage":2,"enemies":"2 Louse","floor":1,"turns":3},{"damage":0,"enemies":"Small Slimes","floor":3,"turns":2},{"damage":7,"enemies":"Jaw Worm","floor":5,"turns":2},{"damage":12,"enemies":"Lagavulin","floor":6,"turns":7},{"damage":8,"enemies":"Blue Slaver","floor":11,"turns":2},{"damage":1,"enemies":"Looter","floor":12,"turns":2},{"damage":9,"enemies":"The Guardian","floor":16,"turns":9},{"damage":3,"enemies":"2 Thieves","floor":18,"turns":4},{"damage":4,"enemies":"3 Byrds","floor":22,"turns":5},{"damage":19,"enemies":"Slavers","floor":23,"turns":6},{"damage":16,"enemies":"3 Cultists","floor":28,"turns":4},{"damage":5,"enemies":"Snake Plant","floor":30,"turns":4},{"damage":33,"enemies":"Pondfish","floor":33,"turns":6}],"seed_played":"-7792798386725955805","potions_obtained":[{"floor":5,"key":"EntropicBrew"},{"floor":11,"key":"Energy Potion"},{"floor":12,"key":"Strength Potion"},{"floor":22,"key":"PowerPotion"},{"floor":23,"key":"SkillPotion"},{"floor":30,"key":"Death Potion"}],"is_trial":false,"path_per_floor":["M","?","M","$","M","E","?","R","T","R","M","M","$","T","R","B",null,"M","?","AVR","?","M","E","?","R","T","R","M","R","M","?","R","B"],"character_chosen":"DEFECT","items_purchased":["Gash","Go for the Eyes+1"],"campfire_rested":2,"item_purchase_floors":[4,13],"current_hp_per_floor":[62,62,62,62,55,43,43,43,43,43,35,34,34,34,34,25,47,44,44,44,44,40,21,21,21,21,21,5,21,16,10,26,0,0],"gold":251,"neow_bonus":"ONE_RANDOM_RARE_CARD","is_daily":false,"chose_seed":false,"campfire_upgraded":5,"win_rate":0.0,"timestamp":1611396137,"path_taken":["M","?","M","$","M","E","?","R","T","R","M","M","$","?","R","BOSS","M","?","AVR","?","M","E","?","R","T","R","M","R","?","?","R","BOSS"],"items_purchased_type":["Card","Card"],"build_version":"2020-12-22","purchased_purges":2,"victory":false,"max_hp_per_floor":[71,71,71,71,71,71,71,71,71,71,71,71,71,71,71,71,54,54,54,54,54,54,54,54,54,54,54,54,54,54,54,54,54,54],"card_choices":[{"not_picked":["Panic Button","Scrape"],"picked":"Gash","floor":1},{"not_picked":["BasicCrystalCard","Hologram"],"picked":"Reprogram","floor":2},{"not_picked":["FIFO Queue","Redo","Doom and Gloom"],"picked":"SKIP","floor":3},{"not_picked":["Coolheaded","Crystallizer","Time Bomb"],"picked":"SKIP","floor":5},{"not_picked":["Seek","Reinforced Body"],"picked":"Go for the Eyes","floor":6},{"not_picked":["Hello World","Leap"],"picked":"Rebound","floor":11},{"not_picked":["Capacitor","Consume","Turbo"],"picked":"SKIP","floor":12},{"not_picked":["Creative AI","Amplify"],"picked":"Mirror Shield","floor":16},{"not_picked":["Rebound+1","Crystallizer"],"picked":"Gash","floor":18},{"not_picked":["ReplaySolidLightProjector","Beam Cell"],"picked":"Leap","floor":22},{"not_picked":["Static Discharge","Hello World","ReplayRNGCard"],"picked":"SKIP","floor":23},{"not_picked":["Hologram","Redo","BasicCrystalCard"],"picked":"SKIP","floor":28},{"not_picked":["Stack+1","Time Bomb","Capacitor"],"picked":"SKIP","floor":30}],"player_experience":961445,"relics_obtained":[{"floor":2,"key":"StrikeDummy"},{"floor":6,"key":"Centennial Puzzle"},{"floor":9,"key":"Vajra"},{"floor":14,"key":"Omamori"},{"floor":23,"key":"Replay:PocketPolymizer"},{"floor":26,"key":"Letter Opener"}],"event_choices":[{"cards_removed":["Zap"],"damage_healed":0,"gold_gain":0,"player_choice":"Forget","damage_taken":0,"max_hp_gain":0,"max_hp_loss":0,"event_name":"Living Wall","floor":7,"gold_loss":0},{"cards_removed":["Defend_B"],"damage_healed":0,"gold_gain":0,"player_choice":"Elegance","damage_taken":0,"max_hp_gain":0,"max_hp_loss":0,"event_name":"Back to Basics","floor":19,"gold_loss":0},{"damage_healed":0,"gold_gain":0,"player_choice":"Ignored","damage_taken":0,"max_hp_gain":0,"max_hp_loss":0,"event_name":"Ghosts","floor":21,"gold_loss":0},{"damage_healed":0,"gold_gain":0,"player_choice":"Joined the Cult","damage_taken":6,"max_hp_gain":0,"max_hp_loss":0,"event_name":"Nest","floor":31,"gold_loss":0,"cards_obtained":["RitualDagger"]}],"is_beta":false,"boss_relics":[{"not_picked":["Busted Crown","Pandora\u0027s Box"],"picked":"Replay:Drink Me"}],"items_purged_floors":[4,13],"is_endless":false,"potions_floor_spawned":[5,11,12,22,23,30],"killed_by":"Pondfish","ascension_level":18}}