{"host":"684z1xpuwaoqmmh1","time":1611397563,"event":{"mods":["BaseMod","Downfall","Hermit","Jorbs\u0027s Wanderer Trilogy","Marisa????????","Minty Spire (QoL Compilation)","Robot Space Explorer","Shade Mod","StSLib","The Bug Knight","The Cursed","The Dragon Tamer","The Hayseed","The Hierophant","The Marked","The Mystic","The Runesmith","The Senshi"],"gold_per_floor":[112,123,134,154,104,138,138,173,173,173,173],"floor_reached":10,"language":"ENG","playtime":770,"items_purged":[],"score":121,"play_id":"d5153910-7869-4ed7-8f1b-b20d5511794a","local_time":"20210123122603","is_ascension_mode":true,"campfire_choices":[{"floor":7,"key":"REST"}],"circlet_count":0,"master_deck":["AscendersBane","theSenshi:SailorKick","theSenshi:SailorKick","theSenshi:SailorKick","theSenshi:SailorBlock","theSenshi:SailorBlock","theSenshi:SailorBlock","theSenshi:SailorBlock","theSenshi:RoseThrow","theSenshi:MoonPrismPowerMakeUp","theSenshi:SailorCosmosAssists","theSenshi:SailorMercuryAssists","theSenshi:MoonTiaraMagic","theSenshi:MoonCrystalPowerMakeUp","theSenshi:MarsPride","theSenshi:IWillPunishYou","theSenshi:SailorCosmosAssists"],"relics":["theSenshi:TransformationBroochRelic","Pocketwatch","Bottled Tornado"],"acts_visited":["Exordium"],"potions_floor_usage":[8,10],"damage_taken":[{"damage":10,"enemies":"2 Louse","floor":1,"turns":4},{"damage":0,"enemies":"Small Slimes","floor":2,"turns":4},{"damage":6,"enemies":"Jaw Worm","floor":3,"turns":5},{"damage":7,"enemies":"Large Slime","floor":4,"turns":10},{"damage":17,"enemies":"Lagavulin","floor":6,"turns":10},{"damage":47,"enemies":"3 Sentries","floor":8,"turns":13},{"damage":15,"enemies":"Lagavulin","floor":10,"turns":11}],"seed_played":"2259862083262526690","potions_obtained":[{"floor":4,"key":"champ:CounterPotion"},{"floor":8,"key":"Dexterity Potion"}],"is_trial":false,"path_per_floor":["M","M","M","M","?","E","R","E","T","E"],"character_chosen":"THE_SENSHI","items_purchased":[],"campfire_rested":1,"item_purchase_floors":[],"current_hp_per_floor":[58,58,52,45,45,28,50,3,3,0,0],"gold":173,"neow_bonus":"ONE_RANDOM_RARE_CARD","is_daily":false,"chose_seed":false,"campfire_upgraded":0,"win_rate":0.0,"timestamp":1611397563,"path_taken":["M","M","M","M","?","E","R","E","T","E"],"items_purchased_type":[],"build_version":"2020-12-22","purchased_purges":0,"victory":false,"max_hp_per_floor":[75,75,75,75,75,75,75,75,75,75,75],"card_choices":[{"not_picked":["theSenshi:SailorChibiMoonAssists","theSenshi:RainbowMoonHeartAche"],"picked":"theSenshi:SailorMercuryAssists","floor":1},{"not_picked":["theSenshi:PlutosSolemnity","theSenshi:MoonKick"],"picked":"theSenshi:MoonTiaraMagic","floor":2},{"not_picked":["theSenshi:TuxedoSmokingBomber","theSenshi:SailorPlanetPower"],"picked":"theSenshi:MoonCrystalPowerMakeUp","floor":3},{"not_picked":["theSenshi:HesSoDreamy","theSenshi:MoonTiaraMagic"],"picked":"theSenshi:MarsPride","floor":4},{"not_picked":["theSenshi:SailorUranusAssists","theSenshi:SailorPlanetAttack"],"picked":"theSenshi:IWillPunishYou","floor":6},{"not_picked":["theSenshi:LateForSchool","theSenshi:MoonPrincessHalation"],"picked":"theSenshi:SailorCosmosAssists","floor":8}],"player_experience":2920689,"relics_obtained":[{"floor":6,"key":"Pocketwatch"},{"floor":8,"key":"Bottled Tornado"}],"event_choices":[{"cards_removed":["theSenshi:SailorKick"],"damage_healed":0,"gold_gain":0,"player_choice":"Card Removal","damage_taken":0,"max_hp_gain":0,"max_hp_loss":0,"event_name":"The Cleric","floor":5,"gold_loss":50}],"is_beta":false,"boss_relics":[],"items_purged_floors":[],"is_endless":false,"potions_floor_spawned":[4,8],"killed_by":"Lagavulin","ascension_level":11}}