{"host":"Rowan","time":1611381014,"event":{"mods":["BaseMod","Minty Spire (QoL Compilation)"],"gold_per_floor":[116,41,54,72,72,103,122,122,174,185,203,203,214,245,245,347,347,332,247,247,265,191,191,223,223,223,239,273,292,292,302,302,302,302],"floor_reached":33,"language":"ENG","playtime":2678,"items_purged":["Strike_G"],"score":299,"play_id":"56e574e3-8f14-4ef4-9570-62d68819f1f9","local_time":"20210122215014","is_ascension_mode":false,"campfire_choices":[{"floor":8,"key":"RECALL"},{"data":"Neutralize","floor":12,"key":"SMITH"},{"floor":15,"key":"REST"},{"data":"Venomology","floor":23,"key":"SMITH"},{"floor":25,"key":"REST"},{"floor":30,"key":"REST"},{"floor":32,"key":"REST"}],"circlet_count":0,"master_deck":["Strike_G","Strike_G","Strike_G","Strike_G","Defend_G","Defend_G","Defend_G","Defend_G","Defend_G","Survivor","Neutralize+1","Deadly Poison","Infinite Blades","Poisoned Stab","Deflect","Bane","Poisoned Stab","Caltrops","Dodge and Roll","Venomology+1","Outmaneuver","Terror+1","Noxious Fumes","Blur+1","Flying Knee","Burst+1","Catalyst+1","Dodge and Roll+1"],"relics":["Velvet Choker","Paper Crane","Regal Pillow","Black Star","Toxic Egg 2","MealTicket","Bottled Lightning","Bag of Marbles","The Specimen","Ancient Tea Set","Calipers"],"acts_visited":["Exordium","TheCity"],"potions_floor_usage":[5,7,16,18,24,24,27,28,28,28,29,29,31,33],"damage_taken":[{"damage":0,"enemies":"2 Louse","floor":1,"turns":3},{"damage":0,"enemies":"Cultist","floor":3,"turns":5},{"damage":0,"enemies":"Small Slimes","floor":4,"turns":3},{"damage":17,"enemies":"Lagavulin","floor":6,"turns":8},{"damage":8,"enemies":"Exordium Wildlife","floor":7,"turns":4},{"damage":5,"enemies":"Large Slime","floor":10,"turns":7},{"damage":14,"enemies":"Gremlin Gang","floor":11,"turns":4},{"damage":7,"enemies":"3 Louse","floor":13,"turns":4},{"damage":13,"enemies":"3 Sentries","floor":14,"turns":7},{"damage":15,"enemies":"Hexaghost","floor":16,"turns":8},{"damage":22,"enemies":"2 Thieves","floor":18,"turns":4},{"damage":12,"enemies":"Shell Parasite","floor":21,"turns":5},{"damage":41,"enemies":"Slavers","floor":24,"turns":7},{"damage":18,"enemies":"Centurion and Healer","floor":27,"turns":6},{"damage":25,"enemies":"Gremlin Leader","floor":28,"turns":5},{"damage":8,"enemies":"Snake Plant","floor":29,"turns":4},{"damage":9,"enemies":"Snecko","floor":31,"turns":6},{"damage":81,"enemies":"Collector","floor":33,"turns":6}],"seed_played":"-3168226238587924666","potions_obtained":[{"floor":3,"key":"Regen Potion"},{"floor":5,"key":"Fruit Juice"},{"floor":5,"key":"DuplicationPotion"},{"floor":5,"key":"LiquidMemories"},{"floor":7,"key":"BlessingOfTheForge"},{"floor":13,"key":"Block Potion"},{"floor":24,"key":"FearPotion"},{"floor":27,"key":"LiquidBronze"},{"floor":29,"key":"PowerPotion"}],"is_trial":false,"path_per_floor":["M","$","M","M","?","E","M","R","T","M","M","R","M","E","R","B",null,"M","?","?","M","$","R","E","R","T","M","E","M","R","M","R","B"],"character_chosen":"THE_SILENT","items_purchased":["Noxious Fumes"],"campfire_rested":4,"item_purchase_floors":[22],"current_hp_per_floor":[70,70,70,70,75,58,64,64,64,59,45,45,38,25,62,47,75,53,53,53,41,56,56,15,52,52,34,9,1,38,29,66,0,0],"gold":302,"neow_bonus":"BOSS_RELIC","is_daily":false,"chose_seed":false,"campfire_upgraded":2,"win_rate":0.0,"timestamp":1611381014,"path_taken":["M","$","M","M","?","E","M","R","T","?","?","R","M","E","R","BOSS","M","?","?","M","?","R","E","R","T","M","E","M","R","M","R","BOSS"],"items_purchased_type":["Card"],"build_version":"2020-12-18","purchased_purges":1,"victory":false,"max_hp_per_floor":[70,70,70,70,75,75,75,75,75,75,75,75,75,75,75,75,75,75,75,75,75,75,75,75,75,75,75,75,75,75,75,75,75,75],"card_choices":[{"not_picked":["Poisoned Stab","Calculated Gamble"],"picked":"Deadly Poison","floor":1},{"not_picked":["Tactician","Deadly Poison"],"picked":"Infinite Blades","floor":3},{"not_picked":["Tactician","Expertise","Escape Plan"],"picked":"SKIP","floor":4},{"not_picked":["Blade Dance","Predator"],"picked":"Poisoned Stab","floor":6},{"not_picked":["Deadly Poison","Blur"],"picked":"Deflect","floor":7},{"not_picked":["Flechettes","Reflex"],"picked":"Bane","floor":10},{"not_picked":["Escape Plan","Finisher"],"picked":"Poisoned Stab","floor":11},{"not_picked":["Dodge and Roll","Leg Sweep"],"picked":"Caltrops","floor":13},{"not_picked":["Underhanded Strike","Dagger Spray"],"picked":"Dodge and Roll","floor":14},{"not_picked":["Wraith Form v2","Glass Knife"],"picked":"Venomology","floor":16},{"not_picked":["Flechettes","Prepared"],"picked":"Outmaneuver","floor":18},{"not_picked":["Sucker Punch","Predator+1"],"picked":"Terror+1","floor":21},{"not_picked":["Bane","Dagger Spray"],"picked":"Blur+1","floor":24},{"not_picked":["Distraction+1","Malaise+1"],"picked":"Flying Knee","floor":27},{"not_picked":["Skewer","Cloak And Dagger+1"],"picked":"Burst+1","floor":28},{"not_picked":["Sucker Punch","Outmaneuver+1"],"picked":"Catalyst+1","floor":29},{"not_picked":["PiercingWail+1","Blade Dance+1"],"picked":"Dodge and Roll+1","floor":31}],"player_experience":402410,"relics_obtained":[{"floor":6,"key":"Paper Crane"},{"floor":14,"key":"Regal Pillow"},{"floor":24,"key":"Bottled Lightning"},{"floor":24,"key":"Bag of Marbles"},{"floor":26,"key":"The Specimen"},{"floor":28,"key":"Ancient Tea Set"},{"floor":28,"key":"Calipers"}],"event_choices":[{"damage_healed":0,"gold_gain":0,"player_choice":"Got Potions","damage_taken":0,"max_hp_gain":0,"max_hp_loss":0,"event_name":"Lab","floor":5,"gold_loss":0},{"damage_healed":0,"gold_gain":0,"player_choice":"Obtained Relic","damage_taken":0,"relics_obtained":["Toxic Egg 2"],"max_hp_gain":0,"max_hp_loss":0,"event_name":"Addict","floor":19,"gold_loss":85},{"damage_healed":0,"gold_gain":0,"player_choice":"Opened","damage_taken":0,"relics_obtained":["MealTicket"],"max_hp_gain":0,"max_hp_loss":0,"event_name":"The Mausoleum","floor":20,"gold_loss":0}],"is_beta":true,"boss_relics":[{"not_picked":["Runic Dome","Philosopher\u0027s Stone"],"picked":"Black Star"}],"items_purged_floors":[2],"is_endless":false,"potions_floor_spawned":[3,7,10,13,14,24,27,29],"killed_by":"Collector","ascension_level":0}}