{"host":"n4fty02wqqi95laq","time":1611399707,"event":{"mods":["BaseMod","Highlight Path","Minty Spire (QoL Compilation)","Quick Restart","Rare Cards Sparkle","StSLib"],"gold_per_floor":[111,111,131,143,158,158,233,233,233,233,127,127,139,156,156,156,156],"floor_reached":16,"language":"ZHS","playtime":201,"items_purged":[],"score":92,"play_id":"0eb04b95-0d9f-44b0-b710-e633b20b58e4","local_time":"20210123190147","is_ascension_mode":false,"campfire_choices":[{"data":"Eruption","floor":6,"key":"SMITH"},{"data":"BowlingBash","floor":8,"key":"SMITH"},{"data":"EmptyFist","floor":10,"key":"SMITH"},{"data":"CutThroughFate","floor":12,"key":"SMITH"},{"data":"Vigilance","floor":15,"key":"SMITH"}],"circlet_count":0,"master_deck":["Strike_P","Strike_P","Strike_P","Strike_P","Defend_P","Defend_P","Defend_P","Defend_P","Eruption+1","Vigilance+1","EmptyFist+1","CutThroughFate+1","BowlingBash+1","ThirdEye"],"relics":["Sozu","Mango"],"acts_visited":["Exordium"],"potions_floor_usage":[],"damage_taken":[{"damage":2.0,"enemies":"Jaw Worm","floor":1.0,"turns":3.0},{"damage":0.0,"enemies":"Cultist","floor":3.0,"turns":2.0},{"damage":5.0,"enemies":"Small Slimes","floor":4.0,"turns":2.0},{"damage":0,"enemies":"Gremlin Gang","floor":5,"turns":4},{"damage":2,"enemies":"Looter","floor":13,"turns":2},{"damage":11,"enemies":"Exordium Wildlife","floor":14,"turns":2},{"damage":0,"enemies":"Slime Boss","floor":16,"turns":1}],"seed_played":"5376632850019021197","potions_obtained":[],"is_trial":false,"path_per_floor":["M","?","M","M","M","R","?","R","T","R","?","R","M","M","R","B"],"character_chosen":"WATCHER","items_purchased":[],"campfire_rested":0,"item_purchase_floors":[],"current_hp_per_floor":[70,70,70,65,65,65,54,54,54,54,68,68,66,55,55,55,55],"gold":156,"neow_bonus":"BOSS_RELIC","is_daily":false,"chose_seed":false,"campfire_upgraded":5,"win_rate":0.0,"timestamp":1611399707,"path_taken":["M","?","M","M","?","R","?","R","T","R","?","R","M","M","R","BOSS"],"items_purchased_type":[],"build_version":"2020-12-22","purchased_purges":0,"victory":false,"max_hp_per_floor":[72,72,72,72,72,72,72,72,72,72,86,86,86,86,86,86,86],"card_choices":[{"not_picked":["Meditate","Crescendo","SignatureMove"],"picked":"SKIP","floor":1.0},{"not_picked":["Pray","FollowUp"],"picked":"EmptyFist","floor":3.0},{"not_picked":["Consecrate","SpiritShield"],"picked":"CutThroughFate","floor":4.0},{"not_picked":["SashWhip","JustLucky"],"picked":"BowlingBash","floor":5},{"not_picked":["Wallop","Adaptation"],"picked":"ThirdEye","floor":13},{"not_picked":["Consecrate","ThirdEye","FollowUp"],"picked":"SKIP","floor":14}],"player_experience":683217,"relics_obtained":[],"event_choices":[{"damage_healed":0.0,"max_hp_gain":0.0,"max_hp_loss":0.0,"gold_gain":0.0,"event_name":"Match and Keep!","player_choice":"0 cards matched","floor":2.0,"gold_loss":0.0,"damage_taken":0.0,"cards_obtained":[]},{"damage_healed":0,"gold_gain":75,"player_choice":"Gather Gold","damage_taken":11,"max_hp_gain":0,"max_hp_loss":0,"event_name":"World of Goop","floor":7,"gold_loss":0},{"damage_healed":0,"gold_gain":0,"player_choice":"Paid Gold","damage_taken":0,"relics_obtained":["Mango"],"max_hp_gain":0,"max_hp_loss":0,"event_name":"WeMeetAgain","floor":11,"gold_loss":106}],"is_beta":false,"boss_relics":[],"items_purged_floors":[],"is_endless":false,"potions_floor_spawned":[1,4,13,14],"killed_by":"Slime Boss","ascension_level":0}}