{"host":"9l4mw5jqza9qz9hr","time":1611391939,"event":{"mods":["AchievementEnabler","Always Whale","BaseMod","Colored Map","Minty Spire (QoL Compilation)","StSLib","SuperFastMode"],"gold_per_floor":[116,70,70,70,25,53,53,84,111,125,141,168,185,185,185,262,262,281,23,48,58,78,113,124,124,124,124,223,138,164,181,181,258,258,272,285,385,30,46,80,80,111,123,158,196,222,64,96,96,96],"floor_reached":51,"language":"KOR","playtime":1336,"items_purged":["Strike_B","Meteor Strike","Hyperbeam"],"score":1702,"play_id":"b0142221-d89d-4c41-9bf0-012ae347a286","local_time":"20210123175219","is_ascension_mode":true,"campfire_choices":[{"data":"Creative AI","floor":7.0,"key":"SMITH"},{"data":"Zap","floor":15.0,"key":"SMITH"},{"data":"Storm","floor":25.0,"key":"SMITH"},{"data":"Self Repair","floor":32,"key":"SMITH"},{"data":"Defragment","floor":41,"key":"SMITH"},{"data":"Defragment","floor":49,"key":"SMITH"}],"circlet_count":0,"master_deck":["AscendersBane","Zap+1","Dualcast","Defragment+1","Ball Lightning+1","Turbo","Creative AI+1","Self Repair+1","Capacitor","Glacier","Compile Driver","Biased Cognition","Storm+1","Go for the Eyes","Chill","Hologram","Biased Cognition","White Noise","Thunder Strike","Chill","Loop","Self Repair","Auto Shields","Conserve Battery","Defragment+1","Force Field+1","Defragment+1","Seek+1","Echo Form","Coolheaded+1","Coolheaded+1"],"relics":["Cracked Core","NeowsBlessing","Ancient Tea Set","Whetstone","PreservedInsect","Kunai","Letter Opener","Coffee Dripper","DataDisk","Red Mask","Blood Vial","HornCleat","Happy Flower","Anchor","Pandora\u0027s Box","Mummified Hand","Toxic Egg 2","MawBank","Cables","Akabeko","StrikeDummy","Potion Belt"],"acts_visited":["Exordium","TheCity","TheBeyond"],"potions_floor_usage":[30,50,50,50],"damage_taken":[{"damage":0.0,"enemies":"Cultist","floor":1.0,"turns":1.0},{"damage":0.0,"enemies":"Gremlin Nob","floor":6.0,"turns":1.0},{"damage":0.0,"enemies":"3 Sentries","floor":8.0,"turns":2.0},{"damage":0.0,"enemies":"2 Louse","floor":10.0,"turns":2.0},{"damage":13.0,"enemies":"Jaw Worm","floor":11.0,"turns":4.0},{"damage":2.0,"enemies":"Lagavulin","floor":12.0,"turns":8.0},{"damage":12.0,"enemies":"2 Fungi Beasts","floor":13.0,"turns":4.0},{"damage":42.0,"enemies":"The Guardian","floor":16.0,"turns":10.0},{"damage":28.0,"enemies":"Shell Parasite","floor":18.0,"turns":5.0},{"damage":44.0,"enemies":"Masked Bandits","floor":20.0,"turns":4.0},{"damage":6.0,"enemies":"Spheric Guardian","floor":21.0,"turns":4.0},{"damage":2.0,"enemies":"Snake Plant","floor":22.0,"turns":3.0},{"damage":15.0,"enemies":"Gremlin Leader","floor":23.0,"turns":5.0},{"damage":0.0,"enemies":"Shelled Parasite and Fungi","floor":24.0,"turns":4.0},{"damage":7,"enemies":"Book of Stabbing","floor":30,"turns":3},{"damage":0,"enemies":"3 Cultists","floor":31,"turns":3},{"damage":25,"enemies":"Automaton","floor":33,"turns":7},{"damage":33,"enemies":"3 Darklings","floor":35,"turns":4},{"damage":0,"enemies":"Orb Walker","floor":36,"turns":3},{"damage":0,"enemies":"Sphere and 2 Shapes","floor":39,"turns":3},{"damage":0,"enemies":"Reptomancer","floor":40,"turns":4},{"damage":0,"enemies":"Giant Head","floor":42,"turns":4},{"damage":0,"enemies":"Nemesis","floor":45,"turns":3},{"damage":0,"enemies":"Jaw Worm Horde","floor":46,"turns":3},{"damage":0,"enemies":"Giant Head","floor":48,"turns":4},{"damage":0,"enemies":"Awakened One","floor":50,"turns":6}],"seed_played":"4071420613015822543","potions_obtained":[{"floor":6.0,"key":"Regen Potion"},{"floor":8.0,"key":"ColorlessPotion"},{"floor":12.0,"key":"Fruit Juice"},{"floor":16.0,"key":"GamblersBrew"},{"floor":22.0,"key":"ColorlessPotion"},{"floor":24.0,"key":"Fire Potion"},{"floor":30,"key":"Fruit Juice"},{"floor":33,"key":"GamblersBrew"},{"floor":39,"key":"PotionOfCapacity"},{"floor":45,"key":"ColorlessPotion"},{"floor":48,"key":"Dexterity Potion"}],"is_trial":false,"path_per_floor":["M","$","?","?","$","E","R","E","T","M","M","E","M","T","R","B",null,"M","$","?","M","M","E","M","R","T","?","?","?","E","M","R","B",null,"M","M","?","$","M","E","R","E","T","T","E","M","$","E","R","B",null],"character_chosen":"DEFECT","items_purchased":["Ball Lightning","Turbo","DataDisk","Storm","Mummified Hand","Coolheaded+1"],"campfire_rested":0,"item_purchase_floors":[2,5,19,19,38,47],"current_hp_per_floor":[68,68,73,73,73,73,73,73,73,73,67,72,72,72,72,37,73,52,52,15,25,23,15,24,24,24,24,24,24,31,33,33,20,73,52,64,64,64,66,85,85,90,90,90,90,90,90,90,90,90],"gold":96,"neow_bonus":"THREE_ENEMY_KILL","is_daily":false,"chose_seed":false,"campfire_upgraded":6,"win_rate":0.0,"timestamp":1611391939,"path_taken":["M","?","?","?","$","E","R","E","T","M","?","E","M","?","R","BOSS","M","$","?","M","M","E","M","R","T","?","?","?","E","?","R","BOSS","M","?","?","$","?","E","R","E","T","?","E","M","?","E","R","BOSS"],"items_purchased_type":["Card","Card","Relic","Card","Relic","Card"],"build_version":"2020-12-22","purchased_purges":3,"victory":true,"max_hp_per_floor":[75,75,80,80,80,80,80,80,80,80,80,80,85,85,85,85,85,85,85,85,85,85,85,85,85,85,85,85,85,90,90,90,90,90,90,90,90,90,90,90,90,90,90,90,90,90,90,90,90,90],"card_choices":[{"not_picked":["Rebound","Coolheaded"],"picked":"Defragment","floor":1.0},{"not_picked":["Redo","Doom and Gloom"],"picked":"Creative AI","floor":6.0},{"not_picked":["Ball Lightning","Lockon"],"picked":"Self Repair","floor":8.0},{"not_picked":["Conserve Battery","Consume"],"picked":"Capacitor","floor":10.0},{"not_picked":["Turbo","Hologram"],"picked":"Glacier","floor":11.0},{"not_picked":["Leap","Ball Lightning"],"picked":"Compile Driver","floor":12.0},{"not_picked":["Cold Snap","Streamline","Redo"],"picked":"SKIP","floor":13.0},{"not_picked":["All For One","Fission"],"picked":"Biased Cognition","floor":16.0},{"not_picked":["Reinforced Body","Leap","Cold Snap"],"picked":"SKIP","floor":18.0},{"not_picked":["Stack","Genetic Algorithm"],"picked":"Go for the Eyes","floor":20.0},{"not_picked":["Ball Lightning","Steam"],"picked":"Chill","floor":21.0},{"not_picked":["Ball Lightning","Chaos"],"picked":"Hologram","floor":22.0},{"not_picked":["Leap","Ball Lightning"],"picked":"Biased Cognition","floor":23.0},{"not_picked":["Doom and Gloom","Go for the Eyes"],"picked":"White Noise","floor":24.0},{"not_picked":["Recycle+1","Hologram","Skim+1"],"picked":"SKIP","floor":30},{"not_picked":["BootSequence","Redo","Steam+1"],"picked":"SKIP","floor":31},{"not_picked":["Multi-Cast","Electrodynamics"],"picked":"Thunder Strike","floor":33},{"not_picked":["Gash","Hologram"],"picked":"Defragment","floor":35},{"not_picked":["Streamline","Gash","Sweeping Beam"],"picked":"SKIP","floor":36},{"not_picked":["Coolheaded","Rainbow"],"picked":"Force Field+1","floor":39},{"not_picked":["Redo+1","Barrage"],"picked":"Defragment","floor":40},{"not_picked":["Redo+1","Stack+1"],"picked":"Seek+1","floor":42},{"not_picked":["Coolheaded+1","Doom and Gloom"],"picked":"Echo Form","floor":45},{"not_picked":["Beam Cell+1","Leap+1","Ball Lightning+1"],"picked":"SKIP","floor":46},{"not_picked":["Sunder","Leap+1"],"picked":"Coolheaded+1","floor":48}],"player_experience":234337,"relics_obtained":[{"floor":6.0,"key":"Ancient Tea Set"},{"floor":8.0,"key":"Whetstone"},{"floor":9.0,"key":"PreservedInsect"},{"floor":12.0,"key":"Kunai"},{"floor":14.0,"key":"Letter Opener"},{"floor":20.0,"key":"Red Mask"},{"floor":23.0,"key":"Blood Vial"},{"floor":26.0,"key":"HornCleat"},{"floor":30,"key":"Anchor"},{"floor":40,"key":"Toxic Egg 2"},{"floor":42,"key":"MawBank"},{"floor":43,"key":"Cables"},{"floor":44,"key":"Akabeko"},{"floor":45,"key":"StrikeDummy"},{"floor":48,"key":"Potion Belt"}],"event_choices":[{"damage_healed":0.0,"max_hp_gain":5.0,"max_hp_loss":0.0,"gold_gain":0.0,"event_name":"Big Fish","player_choice":"Donut","floor":3.0,"gold_loss":0.0,"damage_taken":0.0},{"damage_healed":0.0,"max_hp_gain":0.0,"max_hp_loss":0.0,"gold_gain":0.0,"event_name":"Upgrade Shrine","player_choice":"Upgraded","floor":4.0,"gold_loss":0.0,"damage_taken":0.0,"cards_upgraded":["Defragment"]},{"damage_healed":0.0,"max_hp_gain":0.0,"max_hp_loss":0.0,"gold_gain":0.0,"event_name":"Masked Bandits","player_choice":"Fought Bandits","floor":20.0,"gold_loss":0.0,"damage_taken":0.0},{"damage_healed":0,"gold_gain":0,"player_choice":"Ignored","damage_taken":0,"max_hp_gain":0,"max_hp_loss":0,"event_name":"Cursed Tome","floor":27,"gold_loss":0},{"damage_healed":0,"gold_gain":99,"player_choice":"Stole From Cult","damage_taken":0,"max_hp_gain":0,"max_hp_loss":0,"event_name":"Nest","floor":28,"gold_loss":0},{"damage_healed":0,"gold_gain":0,"player_choice":"Obtained Relic","damage_taken":0,"relics_obtained":["Happy Flower"],"max_hp_gain":0,"max_hp_loss":0,"event_name":"Addict","floor":29,"gold_loss":85},{"damage_healed":0,"gold_gain":100,"player_choice":"Pray","damage_taken":0,"max_hp_gain":0,"max_hp_loss":0,"event_name":"Golden Shrine","floor":37,"gold_loss":0}],"is_beta":false,"boss_relics":[{"not_picked":["Ectoplasm","SlaversCollar"],"picked":"Coffee Dripper"},{"not_picked":["Sozu","Tiny House"],"picked":"Pandora\u0027s Box"}],"items_purged_floors":[19,38,47],"is_endless":false,"potions_floor_spawned":[6,8,11,12,16,22,24,30,33,39,42,45,48],"ascension_level":13}}