{"host":"jscggscbx0p7706o","time":1611374621,"event":{"mods":["AchievementEnabler","BaseMod","Block Reminder","Colored Powertips","Filter the Spire","Minty Spire (QoL Compilation)","Permanent Neow","Quick Restart","StSLib"],"gold_per_floor":[219,18,35,85,103,103,117,132,132,132,132,207,207,15,47,47,47,124,124,141,66,66,84,101,101,101,101],"floor_reached":26,"language":"ENG","playtime":841,"items_purged":[],"score":381,"play_id":"68f00bb3-7e11-4d88-912a-dcac5efd290e","local_time":"20210123120341","is_ascension_mode":true,"campfire_choices":[{"data":"Accuracy","floor":6.0,"key":"SMITH"},{"data":"Neutralize","floor":11.0,"key":"SMITH"},{"floor":13.0,"key":"REST"},{"data":"Cloak And Dagger","floor":16.0,"key":"SMITH"},{"floor":17.0,"key":"REST"},{"floor":25,"key":"REST"}],"circlet_count":0,"master_deck":["AscendersBane","Strike_G","Strike_G","Strike_G","Defend_G","Defend_G","Defend_G","Defend_G","Defend_G","Survivor","Neutralize+1","Accuracy+1","Cloak And Dagger+1","Blade Dance","Flying Knee","Dagger Throw","Cloak And Dagger","Cloak And Dagger","After Image","Blade Dance"],"relics":["Ring of the Snake","Bottled Lightning","Matryoshka","ClockworkSouvenir","StoneCalendar","SlaversCollar"],"acts_visited":["Exordium","TheCity"],"potions_floor_usage":[24],"damage_taken":[{"damage":13.0,"enemies":"Jaw Worm","floor":1.0,"turns":6.0},{"damage":0.0,"enemies":"Cultist","floor":3.0,"turns":3.0},{"damage":0.0,"enemies":"2 Louse","floor":5.0,"turns":3.0},{"damage":0.0,"enemies":"2 Fungi Beasts","floor":7.0,"turns":3.0},{"damage":8.0,"enemies":"3 Louse","floor":8.0,"turns":4.0},{"damage":1.0,"enemies":"Lagavulin","floor":15.0,"turns":6.0},{"damage":42.0,"enemies":"Slime Boss","floor":18.0,"turns":7.0},{"damage":11.0,"enemies":"Spheric Guardian","floor":20.0,"turns":4.0},{"damage":10,"enemies":"3 Byrds","floor":23,"turns":5},{"damage":7,"enemies":"Shelled Parasite and Fungi","floor":24,"turns":5},{"damage":49,"enemies":"Slavers","floor":26,"turns":4}],"seed_played":"1252048053187856787","potions_obtained":[{"floor":5.0,"key":"Block Potion"},{"floor":8.0,"key":"Swift Potion"},{"floor":24,"key":"Poison Potion"}],"is_trial":false,"path_per_floor":["M","$","M","?","M","R","M","M","T","T","R","?","R","$","E","R","R","B",null,"M","?","?","M","M","R","E"],"character_chosen":"THE_SILENT","items_purchased":["Accuracy","Cloak And Dagger","Blade Dance","ClockworkSouvenir","Cloak And Dagger"],"campfire_rested":3,"item_purchase_floors":[2,2,2,14,14],"current_hp_per_floor":[46,46,46,40,40,40,40,32,32,32,32,21,40,40,39,39,58,16,54,43,43,43,33,26,45,0,0],"gold":101,"neow_bonus":"HUNDRED_GOLD","is_daily":false,"chose_seed":false,"campfire_upgraded":3,"win_rate":0.0,"timestamp":1611374621,"path_taken":["M","$","M","?","?","R","M","M","T","T","R","?","R","$","E","R","R","BOSS","M","?","?","M","?","R","E"],"items_purchased_type":["Card","Card","Card","Relic","Card"],"build_version":"2020-12-22","purchased_purges":0,"victory":false,"max_hp_per_floor":[66,66,66,66,66,66,66,66,66,66,66,66,66,66,66,66,66,66,66,66,66,66,66,66,66,66,66],"card_choices":[{"not_picked":["Outmaneuver","Prepared","Blade Dance"],"picked":"SKIP","floor":1.0},{"not_picked":["Endless Agony","Concentrate","Sucker Punch"],"picked":"SKIP","floor":3.0},{"not_picked":["Outmaneuver","Reflex"],"picked":"Flying Knee","floor":5.0},{"not_picked":["Slice","Concentrate"],"picked":"Dagger Throw","floor":7.0},{"not_picked":["Distraction","Finisher","Acrobatics"],"picked":"SKIP","floor":8.0},{"not_picked":["Quick Slash","Slice"],"picked":"Cloak And Dagger","floor":15.0},{"not_picked":["Phantasmal Killer","Bullet Time"],"picked":"After Image","floor":18.0},{"not_picked":["Endless Agony","Slice","Tactician"],"picked":"SKIP","floor":20.0},{"not_picked":["Finisher","Bane"],"picked":"Blade Dance","floor":23},{"not_picked":["Choke","Bane","Flechettes"],"picked":"SKIP","floor":24}],"player_experience":340689,"relics_obtained":[{"floor":9.0,"key":"Bottled Lightning"},{"floor":10.0,"key":"Matryoshka"},{"floor":15.0,"key":"StoneCalendar"}],"event_choices":[{"damage_healed":0.0,"max_hp_gain":0.0,"max_hp_loss":0.0,"gold_gain":50.0,"event_name":"FaceTrader","player_choice":"Touch","floor":4.0,"gold_loss":0.0,"damage_taken":6.0},{"damage_healed":0.0,"max_hp_gain":0.0,"max_hp_loss":0.0,"gold_gain":75.0,"event_name":"World of Goop","player_choice":"Gather Gold","floor":12.0,"gold_loss":0.0,"damage_taken":11.0},{"cards_removed":["Strike_G"],"damage_healed":0.0,"max_hp_gain":0.0,"max_hp_loss":0.0,"gold_gain":0.0,"event_name":"Beggar","player_choice":"Gave Gold","floor":21.0,"gold_loss":75.0,"damage_taken":0.0},{"cards_removed":["Strike_G"],"damage_healed":0.0,"max_hp_gain":0.0,"max_hp_loss":0.0,"gold_gain":0.0,"event_name":"Bonfire Elementals","player_choice":"Offered Basic","floor":22.0,"gold_loss":0.0,"damage_taken":0.0}],"is_beta":false,"boss_relics":[{"not_picked":["Velvet Choker","Tiny House"],"picked":"SlaversCollar"}],"items_purged_floors":[],"is_endless":false,"potions_floor_spawned":[5,8,15,23,24],"killed_by":"Slavers","ascension_level":17}}