{"host":"qekv59dthhdg54sz","time":1611412664,"event":{"mods":["AchievementEnabler","BaseMod","Colored Map","DeckTracker","KOR Keyword Fix","Minty Spire (QoL Compilation)","Rare Cards Sparkle","StSLib","SuperFastMode"],"gold_per_floor":[119,119,137,156,156,156,184,199,226,226,258,276,276,293,293,370,370,386,386,419,291,301,301,329,329,352,387,387,397,397,397,397,475,475,492,502,87,100,100,130,130,157,157,187,242,242,255,130,130,130,130],"floor_reached":52,"language":"KOR","playtime":1814,"items_purged":["Strike_G","Strike_G","Defend_G"],"score":2422,"play_id":"491329f4-5246-4155-952f-4a4a4653d740","local_time":"20210123233744","is_ascension_mode":true,"campfire_choices":[{"data":"Expertise","floor":6.0,"key":"SMITH"},{"data":"Concentrate","floor":10.0,"key":"SMITH"},{"floor":13.0,"key":"REST"},{"data":"Acrobatics","floor":15.0,"key":"SMITH"},{"data":"Tactician","floor":23.0,"key":"SMITH"},{"floor":25.0,"key":"REST"},{"data":"Prepared","floor":28.0,"key":"SMITH"},{"data":"Backflip","floor":30.0,"key":"SMITH"},{"floor":32.0,"key":"REST"},{"data":"Well Laid Plans","floor":41.0,"key":"SMITH"},{"data":"Purity","floor":46,"key":"SMITH"},{"floor":49,"key":"REST"}],"circlet_count":0,"master_deck":["AscendersBane","Strike_G","Strike_G","Defend_G","Defend_G","Defend_G","Survivor","Neutralize+1","Eviscerate","Expertise+1","Die Die Die","Concentrate+1","Tactician+1","Acrobatics+1","Backflip+1","Grand Finale","Well Laid Plans+1","Prepared+1","Purity+1","Finesse"],"relics":["Ring of the Snake","Art of War","Pen Nib","Dream Catcher","Blood Vial","Red Mask","Bottled Lightning","Boot","Nunchaku","SlaversCollar","Tingsha","Bird Faced Urn","Anchor","White Beast Statue","Frozen Egg 2","CaptainsWheel"],"acts_visited":["Exordium","TheCity","TheBeyond"],"potions_floor_usage":[42,50,51],"damage_taken":[{"damage":4.0,"enemies":"Cultist","floor":1.0,"turns":6.0},{"damage":5.0,"enemies":"Jaw Worm","floor":3.0,"turns":5.0},{"damage":0.0,"enemies":"2 Louse","floor":4.0,"turns":4.0},{"damage":29.0,"enemies":"3 Sentries","floor":7.0,"turns":8.0},{"damage":0.0,"enemies":"Blue Slaver","floor":8.0,"turns":1.0},{"damage":5.0,"enemies":"Lagavulin","floor":11.0,"turns":5.0},{"damage":0.0,"enemies":"2 Fungi Beasts","floor":12.0,"turns":3.0},{"damage":4.0,"enemies":"Exordium Thugs","floor":14.0,"turns":2.0},{"damage":7.0,"enemies":"The Guardian","floor":16.0,"turns":9.0},{"damage":0.0,"enemies":"2 Thieves","floor":18.0,"turns":4.0},{"damage":10.0,"enemies":"Masked Bandits","floor":20.0,"turns":3.0},{"damage":0.0,"enemies":"Spheric Guardian","floor":22.0,"turns":1.0},{"damage":32.0,"enemies":"Slavers","floor":24.0,"turns":3.0},{"damage":0.0,"enemies":"Gremlin Leader","floor":27.0,"turns":5.0},{"damage":0.0,"enemies":"Snake Plant","floor":29.0,"turns":1.0},{"damage":1.0,"enemies":"Champ","floor":33.0,"turns":5.0},{"damage":0.0,"enemies":"3 Darklings","floor":35.0,"turns":2.0},{"damage":0.0,"enemies":"Orb Walker","floor":36.0,"turns":3.0},{"damage":0.0,"enemies":"Transient","floor":38.0,"turns":6.0},{"damage":0.0,"enemies":"Giant Head","floor":40.0,"turns":2.0},{"damage":0,"enemies":"Nemesis","floor":42,"turns":1},{"damage":0,"enemies":"Giant Head","floor":44,"turns":2},{"damage":21,"enemies":"2 Orb Walkers","floor":45,"turns":5},{"damage":9,"enemies":"4 Shapes","floor":47,"turns":2},{"damage":0,"enemies":"Awakened One","floor":50,"turns":3},{"damage":4,"enemies":"Donu and Deca","floor":51,"turns":2}],"seed_played":"6740746555320072978","potions_obtained":[{"floor":8.0,"key":"BlessingOfTheForge"},{"floor":11.0,"key":"Fruit Juice"},{"floor":14.0,"key":"Poison Potion"},{"floor":16.0,"key":"SkillPotion"},{"floor":22.0,"key":"CultistPotion"},{"floor":27.0,"key":"FearPotion"},{"floor":36.0,"key":"GamblersBrew"},{"floor":42,"key":"SkillPotion"},{"floor":44,"key":"DuplicationPotion"}],"is_trial":false,"path_per_floor":["M","?","M","M","?","R","E","M","T","R","E","M","R","M","R","B",null,"M","?","?","$","M","R","E","R","T","E","R","M","R","?","R","B",null,"M","M","$","M","?","E","R","E","T","E","?","R","M","$","R","B","B",null],"character_chosen":"THE_SILENT","items_purchased":["Prepared","Tingsha"],"campfire_rested":4,"item_purchase_floors":[21,37],"current_hp_per_floor":[55,55,50,50,45,45,16,16,16,16,11,13,31,29,29,24,51,53,53,45,45,47,47,17,35,35,37,37,39,39,39,57,58,60,60,60,60,60,50,52,52,56,56,60,39,39,34,34,52,61,61],"gold":130,"neow_bonus":"REMOVE_TWO","is_daily":false,"chose_seed":false,"campfire_upgraded":8,"win_rate":0.0,"timestamp":1611412664,"path_taken":["M","?","?","M","?","R","E","M","T","R","E","M","R","M","R","BOSS","M","?","?","$","M","R","E","R","T","E","R","M","R","?","R","BOSS","M","M","$","M","?","E","R","E","T","E","?","R","M","$","R","BOSS","BOSS"],"items_purchased_type":["Card","Relic"],"build_version":"2020-12-22","purchased_purges":3,"victory":true,"max_hp_per_floor":[60,60,60,60,60,60,60,60,60,60,60,60,60,60,60,60,60,60,60,60,60,60,60,60,60,60,60,60,60,60,60,60,60,60,60,60,60,60,60,60,60,60,60,60,60,60,60,60,60,65,65],"card_choices":[{"not_picked":["PiercingWail","Deflect"],"picked":"Eviscerate","floor":1.0},{"not_picked":["Flying Knee","Cloak And Dagger"],"picked":"Expertise","floor":3.0},{"not_picked":["Footwork","Deadly Poison"],"picked":"Die Die Die","floor":4.0},{"not_picked":["Dagger Throw","Predator"],"picked":"Concentrate","floor":7.0},{"not_picked":["Crippling Poison","Masterful Stab"],"picked":"Tactician","floor":8.0},{"not_picked":["PiercingWail","Bane"],"picked":"Acrobatics","floor":11.0},{"not_picked":["Bane","Accuracy","Deflect"],"picked":"SKIP","floor":12.0},{"not_picked":["Sucker Punch","Footwork"],"picked":"Backflip","floor":14.0},{"not_picked":["Envenom","Burst"],"picked":"Grand Finale","floor":16.0},{"not_picked":["Acrobatics+1","Deflect+1","Bane"],"picked":"SKIP","floor":18.0},{"not_picked":["Deflect","Acrobatics","Skewer"],"picked":"SKIP","floor":22.0},{"not_picked":["Dash+1","Backflip","Acrobatics"],"picked":"SKIP","floor":24.0},{"not_picked":["Backflip","Backstab","Burst"],"picked":"SKIP","floor":27.0},{"not_picked":["Bouncing Flask","Caltrops+1","Concentrate"],"picked":"SKIP","floor":29.0},{"not_picked":["Backflip","Quick Slash+1","Acrobatics"],"picked":"SKIP","floor":35.0},{"not_picked":["Setup","Well Laid Plans","Heel Hook"],"picked":"SKIP","floor":36.0},{"not_picked":["Finisher+1","Dodge and Roll","Dagger Throw"],"picked":"SKIP","floor":38.0},{"not_picked":["Chrysalis","Blind"],"picked":"Purity","floor":39.0},{"not_picked":["Magnetism","Dramatic Entrance"],"picked":"Finesse","floor":39.0},{"not_picked":["Backflip","Acrobatics+1","Heel Hook"],"picked":"SKIP","floor":40.0},{"not_picked":["Slice+1","Well Laid Plans+1","Underhanded Strike+1"],"picked":"SKIP","floor":42},{"not_picked":["Deadly Poison+1","Sucker Punch","Outmaneuver+1"],"picked":"SKIP","floor":44},{"not_picked":["Underhanded Strike","Well Laid Plans+1","Cloak And Dagger"],"picked":"SKIP","floor":47}],"player_experience":813924,"relics_obtained":[{"floor":7.0,"key":"Pen Nib"},{"floor":9.0,"key":"Dream Catcher"},{"floor":11.0,"key":"Blood Vial"},{"floor":20.0,"key":"Red Mask"},{"floor":24.0,"key":"Bottled Lightning"},{"floor":26.0,"key":"Boot"},{"floor":27.0,"key":"Nunchaku"},{"floor":40.0,"key":"Bird Faced Urn"},{"floor":42,"key":"Anchor"},{"floor":43,"key":"White Beast Statue"},{"floor":44,"key":"Frozen Egg 2"},{"floor":45,"key":"CaptainsWheel"}],"event_choices":[{"damage_healed":0.0,"max_hp_gain":0.0,"max_hp_loss":0.0,"gold_gain":0.0,"event_name":"Upgrade Shrine","player_choice":"Upgraded","floor":2.0,"gold_loss":0.0,"damage_taken":0.0,"cards_upgraded":["Neutralize"]},{"damage_healed":0.0,"max_hp_gain":0.0,"max_hp_loss":0.0,"gold_gain":0.0,"event_name":"Scrap Ooze","player_choice":"Success","floor":5.0,"gold_loss":0.0,"damage_taken":5.0,"relics_obtained":["Art of War"]},{"damage_healed":0.0,"max_hp_gain":0.0,"max_hp_loss":0.0,"gold_gain":0.0,"event_name":"The Library","player_choice":"Read","floor":19.0,"gold_loss":0.0,"damage_taken":0.0,"cards_obtained":["Well Laid Plans"]},{"damage_healed":0.0,"max_hp_gain":0.0,"max_hp_loss":0.0,"gold_gain":0.0,"event_name":"Masked Bandits","player_choice":"Fought Bandits","floor":20.0,"gold_loss":0.0,"damage_taken":0.0},{"damage_healed":0.0,"max_hp_gain":0.0,"max_hp_loss":0.0,"gold_gain":0.0,"event_name":"Match and Keep!","player_choice":"0 cards matched","floor":31.0,"gold_loss":0.0,"damage_taken":0.0,"cards_obtained":[]},{"damage_healed":0.0,"max_hp_gain":0.0,"max_hp_loss":0.0,"gold_gain":0.0,"event_name":"SensoryStone","player_choice":"Memory 3","floor":39.0,"gold_loss":0.0,"damage_taken":10.0},{"damage_healed":0,"gold_gain":0,"player_choice":"Fight","damage_taken":0,"max_hp_gain":0,"max_hp_loss":0,"event_name":"Mysterious Sphere","floor":45,"gold_loss":0}],"is_beta":false,"boss_relics":[{"not_picked":["Snecko Eye","Runic Pyramid","Busted Crown"]},{"not_picked":["Fusion Hammer","Coffee Dripper"],"picked":"SlaversCollar"}],"items_purged_floors":[21,37,48],"is_endless":false,"potions_floor_spawned":[8,11,14,16,22,27,36,38,42,44,45,47],"ascension_level":20}}