{"host":"zekcc3vicrep0och","time":1611395295,"event":{"mods":["AchievementEnabler","BaseMod","Colored Map","Colored Powertips","Displayed Cursed Tome","Highlight Path","Minty Spire (QoL Compilation)","Quick Restart","Relic Stats","StSLib","The Cursed"],"gold_per_floor":[113,388,402,48,62,103,123,166,166,208,228,228,248,101,101,186,186,196,231,254,263,263,263],"floor_reached":22,"language":"ENG","playtime":1016,"items_purged":["Regret","Strike_R"],"score":402,"play_id":"5d556293-ab3a-4c24-b474-9b80608699fb","local_time":"20210123124815","is_ascension_mode":true,"campfire_choices":[{"data":"Bash","floor":12.0,"key":"SMITH"},{"data":"Armaments","floor":15.0,"key":"SMITH"}],"circlet_count":0,"master_deck":["AscendersBane","Strike_R","Strike_R","Strike_R","Strike_R","Defend_R","Defend_R","Defend_R","Defend_R","Bash+1","Cleave","Twin Strike","Ghostly Armor","Fire Breathing","Juggernaut","Inflame","Whirlwind","Iron Wave+1","Shrug It Off","Carnage+1","Armaments+1","Reaper+1","Shrug It Off","Sword Boomerang+1","Dropkick+1"],"relics":["Burning Blood","ClockworkSouvenir","CeramicFish","HornCleat","Pantograph","Molten Egg 2","SacredBark","Red Mask"],"acts_visited":["Exordium","TheCity"],"potions_floor_usage":[22],"damage_taken":[{"damage":4.0,"enemies":"Jaw Worm","floor":1.0,"turns":4.0},{"damage":13.0,"enemies":"Cultist","floor":3.0,"turns":4.0},{"damage":3.0,"enemies":"Small Slimes","floor":5.0,"turns":4.0},{"damage":10.0,"enemies":"3 Sentries","floor":6.0,"turns":5.0},{"damage":16.0,"enemies":"3 Louse","floor":7.0,"turns":3.0},{"damage":34.0,"enemies":"Gremlin Nob","floor":8.0,"turns":5.0},{"damage":18.0,"enemies":"Lagavulin","floor":10.0,"turns":7.0},{"damage":3.0,"enemies":"Blue Slaver","floor":11.0,"turns":4.0},{"damage":3.0,"enemies":"Exordium Thugs","floor":13.0,"turns":4.0},{"damage":23.0,"enemies":"Slime Boss","floor":16.0,"turns":6.0},{"damage":26.0,"enemies":"Chosen","floor":18.0,"turns":4.0},{"damage":12.0,"enemies":"Masked Bandits","floor":19.0,"turns":4.0},{"damage":16.0,"enemies":"Shell Parasite","floor":20.0,"turns":5.0},{"damage":89,"enemies":"3 Cultists","floor":22,"turns":6}],"seed_played":"5341964525283865398","potions_obtained":[{"floor":3.0,"key":"Fire Potion"},{"floor":7.0,"key":"Dexterity Potion"},{"floor":8.0,"key":"Block Potion"},{"floor":13.0,"key":"FearPotion"},{"floor":16.0,"key":"Explosive Potion"},{"floor":20.0,"key":"Regen Potion"}],"is_trial":false,"path_per_floor":["M","?","M","$","M","E","M","E","T","E","M","R","M","$","R","B",null,"M","?","M","?","M"],"character_chosen":"IRONCLAD","items_purchased":["Ghostly Armor","ClockworkSouvenir","Fire Breathing","Armaments"],"campfire_rested":0,"item_purchase_floors":[4,4,4,14],"current_hp_per_floor":[77,77,70,70,73,69,59,31,31,19,22,22,25,25,25,33,70,50,44,34,34,0,0],"gold":263,"neow_bonus":"TEN_PERCENT_HP_BONUS","is_daily":false,"chose_seed":false,"campfire_upgraded":2,"win_rate":0.0,"timestamp":1611395295,"path_taken":["M","?","M","$","?","E","?","E","T","E","M","R","?","?","R","BOSS","M","?","M","?","M"],"items_purchased_type":["Card","Relic","Card","Card"],"build_version":"2020-12-22","purchased_purges":2,"victory":false,"max_hp_per_floor":[82,82,82,82,82,82,82,82,82,82,82,82,82,82,82,82,82,82,82,82,82,82,82],"relic_stats":{"counters":[14,65],"CeramicFish":99,"Pantograph":25,"obtain_stats":[{"HornCleat":8,"CeramicFish":6,"Pantograph":9,"SacredBark":17,"Molten Egg 2":10,"Red Mask":19,"Burning Blood":0,"ClockworkSouvenir":4},{"HornCleat":6,"CeramicFish":4,"Pantograph":6,"SacredBark":10,"Molten Egg 2":7,"Red Mask":12,"Burning Blood":0,"ClockworkSouvenir":2},{"HornCleat":25,"CeramicFish":17,"Pantograph":25,"SacredBark":46,"Molten Egg 2":32,"Red Mask":54,"Burning Blood":0,"ClockworkSouvenir":8}],"Burning Blood":78},"card_choices":[{"not_picked":["Body Slam","Rupture"],"picked":"Cleave","floor":1.0},{"not_picked":["Intimidate","Wild Strike"],"picked":"Twin Strike","floor":3.0},{"not_picked":["Combust","Blood for Blood","Feel No Pain"],"picked":"SKIP","floor":5.0},{"not_picked":["Rupture","Battle Trance"],"picked":"Juggernaut","floor":6.0},{"not_picked":["True Grit","Warcry"],"picked":"Inflame","floor":7.0},{"not_picked":["Evolve","Flex"],"picked":"Whirlwind","floor":8.0},{"not_picked":["Whirlwind+1","Havoc"],"picked":"Iron Wave+1","floor":10.0},{"not_picked":["Battle Trance","Clash+1"],"picked":"Shrug It Off","floor":11.0},{"not_picked":["Shockwave","Rupture"],"picked":"Carnage+1","floor":13.0},{"not_picked":["Limit Break","Demon Form"],"picked":"Reaper+1","floor":16.0},{"not_picked":["Anger+1","Perfected Strike+1","Flex"],"picked":"SKIP","floor":18.0},{"not_picked":["Cleave+1","Wild Strike+1"],"picked":"Shrug It Off","floor":19.0},{"not_picked":["Searing Blow+1","Pommel Strike+1"],"picked":"Sword Boomerang+1","floor":20.0}],"player_experience":549892,"relics_obtained":[{"floor":6.0,"key":"CeramicFish"},{"floor":8.0,"key":"HornCleat"},{"floor":9.0,"key":"Pantograph"},{"floor":10.0,"key":"Molten Egg 2"},{"floor":19.0,"key":"Red Mask"}],"event_choices":[{"damage_healed":0.0,"max_hp_gain":0.0,"max_hp_loss":0.0,"gold_gain":275.0,"event_name":"Golden Shrine","player_choice":"Desecrate","floor":2.0,"gold_loss":0.0,"damage_taken":0.0,"cards_obtained":["Regret"]},{"damage_healed":0.0,"max_hp_gain":0.0,"max_hp_loss":0.0,"gold_gain":0.0,"event_name":"Masked Bandits","player_choice":"Fought Bandits","floor":19.0,"gold_loss":0.0,"damage_taken":0.0},{"damage_healed":0.0,"max_hp_gain":0.0,"max_hp_loss":0.0,"gold_gain":0.0,"event_name":"The Library","player_choice":"Read","floor":21.0,"gold_loss":0.0,"damage_taken":0.0,"cards_obtained":["Dropkick"]}],"is_beta":false,"boss_relics":[{"not_picked":["Coffee Dripper","Sozu"],"picked":"SacredBark"}],"items_purged_floors":[4,14],"is_endless":false,"potions_floor_spawned":[3,7,8,13,16,20],"killed_by":"3 Cultists","ascension_level":19}}