{"host":"gudagy66iu284b8o","time":1611390219,"event":{"mods":["Aspiration","BaseMod","Marisa（F雨　魔理沙）","Minty Spire (QoL Compilation)","StSLib","The Senshi","The Servant 0.9.4","UnlockEverythingMod","WarShipGirlsR/战舰少女R mod"],"gold_per_floor":[117,217,235,235,252,252,262,273,319,319,336,354,354,354],"floor_reached":13,"language":"ZHS","playtime":707,"items_purged":[],"score":79,"play_id":"eb67cb0c-da72-49e1-a570-882e265796f1","local_time":"20210123162339","is_ascension_mode":false,"campfire_choices":[{"data":"rmod:basicallowance","floor":6,"key":"SMITH"},{"data":"rmod:aluminumsupply","floor":10,"key":"SMITH"}],"circlet_count":0,"master_deck":["rmod:strick","rmod:strick","rmod:strick","rmod:strick","rmod:defend","rmod:defend","rmod:defend","rmod:defend","rmod:basicallowance+1","rmod:maingunfire","rmod:aluminumsupply+1","rmod:unsinkable","rmod:supportaircraftcarrier","rmod:luckystar","rmod:firesupport","rmod:fuelsupply","rmod:steelsupply"],"relics":["rmod:firstchargereward","Regal Pillow"],"acts_visited":["Exordium"],"potions_floor_usage":[],"damage_taken":[{"damage":0,"enemies":"Jaw Worm","floor":1,"turns":4},{"damage":0,"enemies":"Cultist","floor":3,"turns":3},{"damage":0,"enemies":"2 Louse","floor":5,"turns":4},{"damage":10,"enemies":"Exordium Wildlife","floor":7,"turns":7},{"damage":20,"enemies":"Gremlin Gang","floor":8,"turns":5},{"damage":2,"enemies":"2 Fungi Beasts","floor":11,"turns":4},{"damage":13,"enemies":"Looter","floor":12,"turns":3},{"damage":83,"enemies":"Gremlin Nob","floor":13,"turns":4}],"seed_played":"-7307054589970226150","potions_obtained":[{"floor":1,"key":"CultistPotion"},{"floor":4,"key":"SmokeBomb"},{"floor":4,"key":"FearPotion"},{"floor":4,"key":"Fire Potion"},{"floor":5,"key":"Regen Potion"}],"is_trial":false,"path_per_floor":["M","?","M","?","M","R","M","M","T","R","M","M","E"],"character_chosen":"PRAEFECT","items_purchased":[],"campfire_rested":0,"item_purchase_floors":[],"current_hp_per_floor":[82,82,82,82,82,82,72,52,52,52,50,37,0,0],"gold":354,"neow_bonus":"TEN_PERCENT_HP_BONUS","is_daily":false,"chose_seed":false,"campfire_upgraded":2,"win_rate":0.0,"timestamp":1611390219,"path_taken":["M","?","?","?","M","R","M","?","T","R","M","M","E"],"items_purchased_type":[],"build_version":"2020-12-22","purchased_purges":0,"victory":false,"max_hp_per_floor":[82,82,82,82,82,82,82,82,82,82,82,82,82,82],"card_choices":[{"not_picked":["rmod:robin","rmod:slowdown"],"picked":"rmod:aluminumsupply","floor":1},{"not_picked":["rmod:fletcherpendant","rmod:openingtorpedo"],"picked":"rmod:unsinkable","floor":3},{"not_picked":["rmod:fuelsupply","rmod:luckystar"],"picked":"rmod:supportaircraftcarrier","floor":5},{"not_picked":["rmod:fletcherpendant","rmod:aviationdawn"],"picked":"rmod:luckystar","floor":7},{"not_picked":["rmod:supportaircraftcarrier","rmod:openingtorpedo"],"picked":"rmod:firesupport","floor":8},{"not_picked":["rmod:generalist","rmod:ridicule"],"picked":"rmod:fuelsupply","floor":11},{"not_picked":["rmod:fletcherpendant","rmod:aviationdawn"],"picked":"rmod:steelsupply","floor":12}],"player_experience":1152,"relics_obtained":[{"floor":9,"key":"Regal Pillow"}],"event_choices":[{"damage_healed":0,"gold_gain":100,"player_choice":"Pray","damage_taken":0,"max_hp_gain":0,"max_hp_loss":0,"event_name":"Golden Shrine","floor":2,"gold_loss":0},{"damage_healed":0,"gold_gain":0,"player_choice":"Got Potions","damage_taken":0,"max_hp_gain":0,"max_hp_loss":0,"event_name":"Lab","floor":4,"gold_loss":0}],"is_beta":false,"boss_relics":[],"items_purged_floors":[],"is_endless":false,"potions_floor_spawned":[1,5,11,12],"killed_by":"Gremlin Nob","ascension_level":0}}