{"host":"uv5ws9rdk87e8i5k","time":1611366865,"event":{"mods":["AchievementEnabler","BaseMod","Colored Map","Minty Spire (QoL Compilation)","StSLib","SuperFastMode"],"gold_per_floor":[117,133,150,150,163,163,179,211,283,283,308,327,327,337,337,435,435,425,438,453,179,199,233,233,264,338,338,438,468,72,91,91,193,193,208,221,240,251,251,251],"floor_reached":39,"language":"ENG","playtime":1615,"items_purged":["Strike_G","Strike_G"],"score":684,"play_id":"2168ee3f-f08d-4150-af3b-9599dba3b6ad","local_time":"20210122195425","is_ascension_mode":true,"campfire_choices":[{"data":"Deadly Poison","floor":6.0,"key":"SMITH"},{"data":"Deadly Poison","floor":10.0,"key":"SMITH"},{"data":"Footwork","floor":15.0,"key":"SMITH"},{"data":"A Thousand Cuts","floor":27.0,"key":"SMITH"},{"data":"Doppelganger","floor":32,"key":"SMITH"}],"circlet_count":0,"master_deck":["Strike_G","Strike_G","Strike_G","Defend_G","Defend_G","Defend_G","Defend_G","Defend_G","Survivor","Neutralize","Acrobatics","Deadly Poison+1","Acrobatics","Leg Sweep","Poisoned Stab","Deadly Poison+1","Doppelganger+1","Dash","Footwork+1","A Thousand Cuts+1","Crippling Poison","Deadly Poison","Deadly Poison+1","Night Terror+1","Bouncing Flask","Envenom"],"relics":["Velvet Choker","Meat on the Bone","Paper Crane","Matryoshka","Lizard Tail","Philosopher\u0027s Stone","Pen Nib","Ancient Tea Set","StoneCalendar","Juzu Bracelet","Sundial","WingedGreaves","HornCleat","Omamori","Vajra","War Paint","SacredBark"],"acts_visited":["Exordium","TheCity","TheBeyond"],"potions_floor_usage":[31,37,39],"damage_taken":[{"damage":2.0,"enemies":"Cultist","floor":1.0,"turns":4.0},{"damage":1.0,"enemies":"Small Slimes","floor":2.0,"turns":3.0},{"damage":2.0,"enemies":"2 Louse","floor":3.0,"turns":3.0},{"damage":7.0,"enemies":"Large Slime","floor":5.0,"turns":9.0},{"damage":0.0,"enemies":"Looter","floor":7.0,"turns":4.0},{"damage":11.0,"enemies":"Lagavulin","floor":8.0,"turns":6.0},{"damage":21.0,"enemies":"3 Sentries","floor":11.0,"turns":8.0},{"damage":1.0,"enemies":"3 Louse","floor":12.0,"turns":3.0},{"damage":6.0,"enemies":"Lots of Slimes","floor":14.0,"turns":4.0},{"damage":0.0,"enemies":"Hexaghost","floor":16.0,"turns":8.0},{"damage":8.0,"enemies":"2 Thieves","floor":18.0,"turns":4.0},{"damage":12.0,"enemies":"3 Byrds","floor":19.0,"turns":4.0},{"damage":5.0,"enemies":"Shelled Parasite and Fungi","floor":20.0,"turns":5.0},{"damage":7.0,"enemies":"Snake Plant","floor":22.0,"turns":4.0},{"damage":15.0,"enemies":"Slavers","floor":23.0,"turns":6.0},{"damage":8.0,"enemies":"Book of Stabbing","floor":25.0,"turns":7.0},{"damage":17.0,"enemies":"Colosseum Slavers","floor":28.0,"turns":5.0},{"damage":24.0,"enemies":"Colosseum Nobs","floor":28.0,"turns":5.0},{"damage":24,"enemies":"Slavers","floor":29,"turns":7},{"damage":0,"enemies":"3 Cultists","floor":31,"turns":5},{"damage":12,"enemies":"Collector","floor":33,"turns":7},{"damage":9,"enemies":"Orb Walker","floor":35,"turns":4},{"damage":0,"enemies":"3 Darklings","floor":36,"turns":4},{"damage":19,"enemies":"Writhing Mass","floor":37,"turns":6},{"damage":41,"enemies":"Jaw Worm Horde","floor":38,"turns":5},{"damage":15,"enemies":"4 Shapes","floor":39,"turns":3}],"seed_played":"-5862326573904270577","potions_obtained":[{"floor":5.0,"key":"Block Potion"},{"floor":8.0,"key":"SmokeBomb"},{"floor":11.0,"key":"EssenceOfSteel"},{"floor":12.0,"key":"Block Potion"},{"floor":13.0,"key":"LiquidMemories"},{"floor":14.0,"key":"Strength Potion"},{"floor":16.0,"key":"GamblersBrew"},{"floor":18.0,"key":"Strength Potion"},{"floor":22.0,"key":"Explosive Potion"},{"floor":23.0,"key":"Dexterity Potion"},{"floor":28.0,"key":"Strength Potion"},{"floor":29,"key":"Regen Potion"},{"floor":35,"key":"Swift Potion"},{"floor":38,"key":"Energy Potion"}],"is_trial":false,"path_per_floor":["M","M","M","T","M","R","M","E","T","R","E","M","?","M","R","B",null,"M","M","M","$","M","E","?","E","T","R","?","E","$","M","R","B",null,"M","M","M","M","M"],"character_chosen":"THE_SILENT","items_purchased":["Deadly Poison","Pen Nib","Vajra","War Paint"],"campfire_rested":0,"item_purchase_floors":[21,21,30,30],"current_hp_per_floor":[61,60,58,58,51,51,51,40,40,40,31,42,42,36,36,36,62,54,42,37,37,42,39,39,43,43,43,26,14,14,41,41,41,63,54,54,47,18,3,3],"gold":251,"neow_bonus":"BOSS_RELIC","is_daily":false,"chose_seed":false,"campfire_upgraded":5,"win_rate":0.0,"timestamp":1611366865,"path_taken":["M","M","M","?","M","R","M","E","T","R","E","M","?","M","R","BOSS","M","M","M","$","M","E","?","E","T","R","?","E","$","M","R","BOSS","M","M","M","M","M"],"items_purchased_type":["Card","Relic","Relic","Relic"],"build_version":"2020-12-22","purchased_purges":2,"victory":false,"max_hp_per_floor":[70,70,70,70,70,70,70,70,70,70,70,70,70,70,70,70,70,70,70,70,70,70,70,70,70,70,70,70,70,70,70,70,70,70,70,70,70,70,70,70],"card_choices":[{"not_picked":["Blade Dance","Cloak And Dagger"],"picked":"Acrobatics","floor":1.0},{"not_picked":["Infinite Blades","Dagger Spray"],"picked":"Deadly Poison","floor":2.0},{"not_picked":["Accuracy","Masterful Stab"],"picked":"Acrobatics","floor":3.0},{"not_picked":["Backflip","Deflect"],"picked":"Leg Sweep","floor":5.0},{"not_picked":["Infinite Blades","Acrobatics"],"picked":"Poisoned Stab","floor":7.0},{"not_picked":["Slice","Bane"],"picked":"Deadly Poison","floor":8.0},{"not_picked":["Cloak And Dagger","Acrobatics"],"picked":"Doppelganger","floor":11.0},{"not_picked":["Accuracy","Skewer"],"picked":"Dash","floor":12.0},{"not_picked":["Backstab","Dagger Throw"],"picked":"Footwork","floor":14.0},{"not_picked":["After Image","Malaise"],"picked":"A Thousand Cuts","floor":16.0},{"not_picked":["Slice+1","Sucker Punch","Caltrops"],"picked":"SKIP","floor":18.0},{"not_picked":["Deflect","Caltrops"],"picked":"Crippling Poison","floor":19.0},{"not_picked":["Underhanded Strike","Poisoned Stab"],"picked":"Deadly Poison","floor":20.0},{"not_picked":["Deflect","Sucker Punch","Setup+1"],"picked":"SKIP","floor":22.0},{"not_picked":["Heel Hook","Choke+1"],"picked":"Night Terror","floor":23.0},{"not_picked":["Expertise","Masterful Stab","Sucker Punch"],"picked":"SKIP","floor":25.0},{"not_picked":["Footwork","Blur"],"picked":"Bouncing Flask","floor":28.0},{"not_picked":["Heel Hook","Caltrops","Dodge and Roll"],"picked":"SKIP","floor":29},{"not_picked":["Dagger Spray+1","Acrobatics","Flying Knee+1"],"picked":"SKIP","floor":31},{"not_picked":["Bullet Time","Wraith Form v2"],"picked":"Envenom","floor":33},{"not_picked":["Sucker Punch","Choke","Cloak And Dagger"],"picked":"SKIP","floor":35},{"not_picked":["Riddle With Holes","Terror+1","Quick Slash+1"],"picked":"SKIP","floor":36},{"not_picked":["Bane+1","Dagger Spray+1","Backstab+1"],"picked":"SKIP","floor":37},{"not_picked":["Deflect+1","Storm of Steel","Outmaneuver"],"picked":"SKIP","floor":38}],"player_experience":165900,"relics_obtained":[{"floor":4.0,"key":"Meat on the Bone"},{"floor":8.0,"key":"Paper Crane"},{"floor":9.0,"key":"Matryoshka"},{"floor":11.0,"key":"Lizard Tail"},{"floor":23.0,"key":"Ancient Tea Set"},{"floor":25.0,"key":"StoneCalendar"},{"floor":26.0,"key":"Juzu Bracelet"},{"floor":26.0,"key":"Sundial"},{"floor":28.0,"key":"WingedGreaves"},{"floor":28.0,"key":"HornCleat"},{"floor":29,"key":"Omamori"}],"event_choices":[{"damage_healed":0.0,"max_hp_gain":0.0,"max_hp_loss":0.0,"gold_gain":0.0,"event_name":"Lab","player_choice":"Got Potions","floor":13.0,"gold_loss":0.0,"damage_taken":0.0},{"damage_healed":0.0,"max_hp_gain":0.0,"max_hp_loss":0.0,"gold_gain":0.0,"event_name":"Vampires","player_choice":"Ignored","floor":24.0,"gold_loss":0.0,"damage_taken":0.0},{"damage_healed":0.0,"max_hp_gain":0.0,"max_hp_loss":0.0,"gold_gain":0.0,"event_name":"Colosseum","player_choice":"Fight","floor":28.0,"gold_loss":0.0,"damage_taken":0.0},{"damage_healed":0.0,"max_hp_gain":0.0,"max_hp_loss":0.0,"gold_gain":0.0,"event_name":"Colosseum","player_choice":"Fought Nobs","floor":28.0,"gold_loss":0.0,"damage_taken":0.0}],"is_beta":false,"boss_relics":[{"not_picked":["SlaversCollar","Empty Cage"],"picked":"Philosopher\u0027s Stone"},{"not_picked":["Fusion Hammer","Sozu"],"picked":"SacredBark"}],"items_purged_floors":[21,30],"is_endless":false,"potions_floor_spawned":[5,8,11,12,14,16,18,22,23,28,29,35,38],"killed_by":"4 Shapes","ascension_level":6}}