{"host":"hfxahm4y1ssattqc","time":1611381900,"event":{"mods":["2.2 Compatiblity","Act Like it!","BaseMod","Beaked The Cultist","BetterRewards","Colored Map","Colored Powertips","Custom Start","Googly Eyes","Halation","Hallownest","Highlight Path","Hubris","Mimic Mod","Minty Spire (QoL Compilation)","Shop Mod","Spikes Relics","StSLib","The Bug Knight","The IronCluck","The Jungle","Unknown Chances","slay the spire mod where everything is the same but ironclad has a cowboy hat"],"gold_per_floor":[119,119,138,152,169,169,199,199,199,199,211,211,226,226,226,322,322,336,336,346,346,131,178,212,236,278,316,41,41,64,87,87,207,207,231,87,98,98],"floor_reached":37,"language":"ENG","playtime":1769,"items_purged":[],"score":408,"play_id":"f25f9cec-ad9c-42ba-9847-86a672be6a39","local_time":"20210122220500","is_ascension_mode":false,"campfire_choices":[{"floor":6,"key":"RECALL"},{"floor":8,"key":"REST"},{"floor":12,"key":"REST"},{"floor":15,"key":"REST"},{"floor":29,"key":"REST"},{"floor":32,"key":"REST"}],"circlet_count":0,"master_deck":["Strike_G","Strike_G","Strike_G","Strike_G+1","Strike_G","Survivor","Neutralize","Blade Dance+1","Dash","Pace","Poisoned Stab","Blur","theJungle:Gourd","theJungle:Gourd","theJungle:Gourd","theJungle:Gourd","theJungle:Gourd","hubris:TrickCloak+1","Footwork+1","Infinite Blades","Noxious Fumes","Accuracy","Infinite Blades","Magnetism+1","PlatinumSkin+1"],"relics":["Fusion Hammer","halation:VictoryRuler","CultistMask","HollowMod:StagPassRelic","theJungle:BirthdayCakeSlice","halation:IllGainedPizza","ShockBauble","beaked:ShinyBauble","halation:Prosthetics","Bag of Marbles"],"acts_visited":["Exordium","Exordium","TheBeyond"],"potions_floor_usage":[16,16,23,31],"damage_taken":[{"damage":0,"enemies":"Small Slimes","floor":1,"turns":4},{"damage":0,"enemies":"Cultist","floor":3,"turns":3},{"damage":2,"enemies":"2 Louse","floor":4,"turns":3},{"damage":0,"enemies":"Exordium Thugs","floor":5,"turns":5},{"damage":0,"enemies":"Gremlin Gang","floor":11,"turns":5},{"damage":0,"enemies":"Exordium Wildlife","floor":13,"turns":3},{"damage":56,"enemies":"Slime Boss","floor":16,"turns":16},{"damage":0,"enemies":"theJungle:MUSHROOMGANG","floor":18,"turns":5},{"damage":7,"enemies":"theJungle:GiantWrat","floor":20,"turns":6},{"damage":19,"enemies":"theJungle:2_Phrogs","floor":23,"turns":13},{"damage":8,"enemies":"theJungle:SlimyTreeVines","floor":24,"turns":13},{"damage":9,"enemies":"theJungle:JungleHuntersEncounter","floor":25,"turns":6},{"damage":0,"enemies":"theJungle:2_Flameangoes","floor":26,"turns":9},{"damage":21,"enemies":"theJungle:2_Flameangoes","floor":27,"turns":8},{"damage":20,"enemies":"theJungle:2_Snecko_Cultists","floor":30,"turns":4},{"damage":10,"enemies":"theJungle:Snecko_Cultist_And_Trap","floor":31,"turns":6},{"damage":24,"enemies":"theJungle:FunGuy","floor":33,"turns":8},{"damage":21,"enemies":"Orb Walker","floor":35,"turns":6},{"damage":44,"enemies":"3 Darklings","floor":37,"turns":4}],"seed_played":"-8876101283744480488","potions_obtained":[{"floor":5,"key":"GhostInAJar"},{"floor":11,"key":"LiquidBronze"},{"floor":13,"key":"Fire Potion"},{"floor":20,"key":"Poison Potion"},{"floor":25,"key":"Fire Potion"},{"floor":27,"key":"Regen Potion"},{"floor":31,"key":"FairyPotion"}],"is_trial":false,"path_per_floor":["M","?","M","M","M","R","?","R","T","?","M","R","M","T","R","B",null,"M","?","M","?","$","E","M","M","MIM","M","$","R","M","M","R","B",null,"M","$","M"],"character_chosen":"THE_SILENT","items_purchased":["Footwork","halation:IllGainedPizza","Magnetism","PlatinumSkin","Bag of Marbles"],"campfire_rested":5,"item_purchase_floors":[22,22,28,28,36],"current_hp_per_floor":[70,56,56,54,54,54,54,70,70,70,70,70,70,70,70,14,70,70,70,63,68,68,49,47,38,38,17,17,39,19,24,46,22,40,19,19,0,0],"gold":98,"neow_bonus":"BOSS_RELIC","is_daily":false,"chose_seed":false,"campfire_upgraded":0,"win_rate":0.0,"timestamp":1611381900,"path_taken":["M","?","M","M","M","R","?","R","T","?","M","R","?","?","R","BOSS","M","?","M","?","$","E","M","M","MIM","M","$","R","?","?","R","BOSS","M","?","M"],"items_purchased_type":["Card","Relic","Card","Card","Relic"],"build_version":"2020-12-22","purchased_purges":0,"victory":false,"max_hp_per_floor":[70,70,70,70,70,70,70,70,70,70,70,70,70,70,70,70,70,70,70,70,75,75,75,75,75,75,75,75,75,75,75,75,75,40,40,40,40,40],"card_choices":[{"not_picked":["Sucker Punch","Backflip"],"picked":"Blade Dance","floor":1},{"not_picked":["Quick Slash","hubris:SlightOfHand"],"picked":"Dash","floor":3},{"not_picked":["Acrobatics","Dodge and Roll"],"picked":"Pace","floor":4},{"not_picked":["Underhanded Strike","Dagger Throw"],"picked":"Poisoned Stab","floor":5},{"not_picked":["Flying Knee","Dagger Spray"],"picked":"Blur","floor":11},{"not_picked":["Flechettes","Acrobatics","Deflect"],"picked":"SKIP","floor":13},{"not_picked":["Dagger Throw","Tactician","Expertise+1"],"picked":"SKIP","floor":18},{"not_picked":["hubris:SlightOfHand","Catalyst"],"picked":"hubris:TrickCloak+1","floor":20},{"not_picked":["Outmaneuver","Underhanded Strike"],"picked":"Infinite Blades","floor":23},{"not_picked":["Masterful Stab","Flying Knee"],"picked":"Noxious Fumes","floor":24},{"not_picked":["Terror","hubris:SlightOfHand"],"picked":"Accuracy","floor":25},{"not_picked":["hubris:SlightOfHand","PiercingWail"],"picked":"Infinite Blades","floor":27},{"not_picked":["Poisoned Stab","Die Die Die","Flying Knee"],"picked":"SKIP","floor":30},{"not_picked":["Dodge and Roll","Flying Knee","Slice"],"picked":"SKIP","floor":31},{"not_picked":["hubris:TrickCloak","Dodge and Roll","Outmaneuver"],"picked":"SKIP","floor":35}],"player_experience":888481,"relics_obtained":[{"floor":9,"key":"halation:VictoryRuler"},{"floor":14,"key":"HollowMod:StagPassRelic"},{"floor":23,"key":"ShockBauble"},{"floor":26,"key":"beaked:ShinyBauble"}],"event_choices":[{"damage_healed":0,"gold_gain":0,"player_choice":"Entered Light","damage_taken":14,"max_hp_gain":0,"max_hp_loss":0,"event_name":"Shining Light","floor":2,"gold_loss":0,"cards_upgraded":["Strike_G","Blade Dance"]},{"damage_healed":0,"gold_gain":30,"player_choice":"Searched \u00272\u0027 times","damage_taken":0,"max_hp_gain":0,"max_hp_loss":0,"event_name":"Dead Adventurer","floor":7,"gold_loss":0},{"damage_healed":0,"gold_gain":0,"player_choice":"Trade","damage_taken":0,"relics_obtained":["CultistMask"],"max_hp_gain":0,"max_hp_loss":0,"event_name":"FaceTrader","floor":10,"gold_loss":0}],"is_beta":false,"boss_relics":[{"not_picked":["beaked:MawFillet","halation:CatFaceCupcake","Runic Dome"]},{"not_picked":["SacredBark","Empty Cage"],"picked":"halation:Prosthetics"}],"items_purged_floors":[],"is_endless":false,"potions_floor_spawned":[5,11,13,20,25,27,30,31],"killed_by":"3 Darklings","ascension_level":0}}