{"host":"gk9qdtkqd8dwfeg2","time":1611409046,"event":{"mods":["Aspiration","BaseMod","Colored Powertips","Downfall","Minty Spire (QoL Compilation)","Quick Restart","Replay The Spire","Shop Mod","StSLib","TestMod","The Servant 0.9.4","Waifu the Spire","WarShipGirlsR/’ΩΩ¢…Ÿ≈ÆR mod"],"gold_per_floor":[99,118,134,134,134,145,216,216,246,146,6,24,9,9,22,22,22,22],"floor_reached":16,"language":"ZHS","playtime":584,"items_purged":[],"score":100,"play_id":"4d77d034-b703-4eb5-9993-8d8a0c6b6a25","local_time":"20210123213726","is_ascension_mode":false,"campfire_choices":[{"data":"champ:Execute","floor":1,"key":"SMITH"},{"data":"champ:Taunt","floor":8,"key":"SMITH"},{"data":"champ:ShieldWall","floor":10,"key":"SMITH"}],"circlet_count":0,"master_deck":["champ:Strike+1","champ:Strike","champ:Strike","champ:Strike+1","champ:Defend+1","champ:Defend","champ:Defend","champ:Defend","champ:Execute+1","champ:Taunt+1","champ:CrookedStrike","champ:SkillfulDodge","downfall:Malfunctioning","champ:GutPunch","Pot Of Greed","Pot Of Greed","champ:ShieldWall+1","champ:VampiricStrike"],"relics":["champ:ChampionCrown","testmod-TestBox","testmod-RealStoneCalender","downfall:ShatteredFragment","The Courier","Grinning Jar","downfall:HeartBlessingGreen","Gremlin Food","Gremlin Horn"],"acts_visited":["Exordium"],"potions_floor_usage":[16],"damage_taken":[{"damage":10,"enemies":"Cultist","floor":2,"turns":3},{"damage":10,"enemies":"Small Slimes","floor":3,"turns":2},{"damage":0,"enemies":"Jaw Worm","floor":6,"turns":2},{"damage":18,"enemies":"Gremlin Nob","floor":9,"turns":3},{"damage":15,"enemies":"downfall:FleeingMerchant","floor":11,"turns":4},{"damage":2,"enemies":"Exordium Wildlife","floor":12,"turns":3},{"damage":35,"enemies":"downfall:FleeingMerchant","floor":13,"turns":4},{"damage":9,"enemies":"Blue Slaver","floor":15,"turns":3},{"damage":48,"enemies":"SI_SHIV_ARCHETYPE","floor":16,"turns":5}],"seed_played":"8482918022835191712","potions_obtained":[{"floor":2,"key":"ColorlessPotion"},{"floor":6,"key":"champ:TechniquePotion"}],"is_trial":false,"path_per_floor":["R","M","M","?","?","M","T","R","E","R","$","M","$","?","M","B"],"character_chosen":"THE_CHAMP","items_purchased":["Gremlin Food"],"campfire_rested":0,"item_purchase_floors":[11],"current_hp_per_floor":[99,99,99,72,72,72,72,72,64,64,64,62,47,47,43,0,0,0],"gold":22,"neow_bonus":"TEN_PERCENT_HP_BONUS","is_daily":false,"chose_seed":false,"campfire_upgraded":3,"win_rate":0.0,"timestamp":1611409046,"path_taken":["R","M","?","?","?","M","T","R","E","R","$","M","?","?","M","BOSS"],"items_purchased_type":["Relic"],"build_version":"2020-12-22","purchased_purges":0,"victory":false,"max_hp_per_floor":[99,99,99,99,99,99,99,99,99,99,99,99,99,99,99,99,99,99],"card_choices":[{"not_picked":["champ:DefensiveShout","champ:Parry"],"picked":"champ:CrookedStrike","floor":2},{"not_picked":["champ:Circumvent","champ:PerfectedStrike"],"picked":"champ:SkillfulDodge","floor":3},{"not_picked":["champ:DefensiveShout","champ:Shatter"],"picked":"champ:GutPunch","floor":6},{"not_picked":["champ:BladeFlurry","champ:SetATrap"],"picked":"champ:ShieldWall","floor":9},{"not_picked":["champ:PreciseThrust","champ:BringItOn","champ:Duel"],"picked":"SKIP","floor":11},{"not_picked":["champ:FlashCut","champ:TornadoPunch","champ:PreciseThrust"],"picked":"SKIP","floor":12},{"not_picked":["champ:Parry","champ:CrookedStrike"],"picked":"champ:VampiricStrike","floor":13},{"not_picked":["champ:GutPunch","champ:PreciseThrust","champ:RisingSlash"],"picked":"SKIP","floor":15}],"player_experience":754214,"relics_obtained":[{"floor":7,"key":"The Courier"},{"floor":9,"key":"Grinning Jar"},{"floor":14,"key":"Gremlin Horn"}],"event_choices":[{"damage_healed":0,"gold_gain":0,"player_choice":"Relic","damage_taken":0,"max_hp_gain":0,"max_hp_loss":0,"event_name":"Wheel of Change","floor":14,"gold_loss":0}],"is_beta":false,"boss_relics":[],"items_purged_floors":[],"is_endless":false,"potions_floor_spawned":[2,6],"killed_by":"SI_SHIV_ARCHETYPE","ascension_level":0}}