{"host":"jumrmhf584hajrnz","time":1611423025,"event":{"mods":["BaseMod","Duelist Mod","GifTheSpireLib","Minty Spire (QoL Compilation)","Quick Restart","Replay The Spire","StSLib"],"gold_per_floor":[143,162,162,177,196,230,247,312,383,383,408,428,461,471,471,548,648,662,662,662,662,662,697,716,716,716,565,598,614,614,626,626,626,626],"floor_reached":33,"language":"ENG","playtime":2414,"items_purged":["theDuelist:PsiCurse"],"score":635,"play_id":"ab96b232-ad9c-471e-bcda-4b483c43cab1","local_time":"20210123183025","is_ascension_mode":true,"campfire_choices":[{"floor":10,"key":"REST"},{"floor":15,"key":"REST"},{"floor":25,"key":"REST"},{"floor":32,"key":"REST"}],"circlet_count":0,"master_deck":["AscendersBane","theDuelist:CastleWalls","theDuelist:CastleWalls","theDuelist:DarkMagician","theDuelist:MysticalElf","theDuelist:MysticalElf","theDuelist:NeoMagic","theDuelist:NeoMagic","theDuelist:Sparks","theDuelist:Sparks","theDuelist:Sparks","theDuelist:Yami","theDuelist:WhiteHowling","theDuelist:DarkPaladin","theDuelist:SpiritHarp","theDuelist:InjectionFairy","theDuelist:SpellShatteringArrow","theDuelist:ApprenticeIllusionMagician","theDuelist:BookSecret","Dramatic Entrance","theDuelist:DarkHole","theDuelist:IrisEarthMother","theDuelist:PowerKaishin","theDuelist:Sparks","theDuelist:Sparks","theDuelist:Sparks","theDuelist:Yami+1","theDuelist:SpellShatteringArrow","theDuelist:BookSecret","theDuelist:DarkHole","theDuelist:PowerKaishin","Doubt","theDuelist:LegendaryFlameLord","theDuelist:DarkMagician+1","theDuelist:PowerKaishin","theDuelist:SkilledDarkMagician","theDuelist:SilentDoom","theDuelist:InjectionFairy","theDuelist:SwordsBurning"],"relics":["theDuelist:MillenniumPuzzle","theDuelist:CardPoolRelic","theDuelist:CardPoolBasicRelic","theDuelist:BoosterPackPoolRelic","theDuelist:CardPoolAddRelic","theDuelist:CardPoolMinusRelic","theDuelist:CardPoolSaveRelic","theDuelist:CardPoolOptionsRelic","NeowsBlessing","StrikeDummy","Bottled Lightning","Charon\u0027s Ashes","Odd Mushroom","theDuelist:SummonAnchor","Replay:Wanted Poster","Vampiric Spirits","Meat on the Bone"],"acts_visited":["Exordium","TheCity"],"potions_floor_usage":[6,11,11,23,24,33],"damage_taken":[{"damage":0,"enemies":"Small Slimes","floor":1,"turns":1},{"damage":0,"enemies":"Cultist","floor":2,"turns":1},{"damage":0,"enemies":"2 Louse","floor":4,"turns":1},{"damage":7,"enemies":"Looter","floor":5,"turns":2},{"damage":18,"enemies":"Replay:BlueRogue","floor":6,"turns":8},{"damage":9,"enemies":"Blue Slaver","floor":7,"turns":3},{"damage":2,"enemies":"3 Sentries","floor":11,"turns":4},{"damage":17,"enemies":"The Mushroom Lair","floor":12,"turns":4},{"damage":9,"enemies":"Lagavulin","floor":13,"turns":7},{"damage":10,"enemies":"3 Louse","floor":14,"turns":2},{"damage":48,"enemies":"The Guardian","floor":16,"turns":11},{"damage":10,"enemies":"Shell Parasite","floor":18,"turns":5},{"damage":9,"enemies":"theDuelist:KaibaA2","floor":23,"turns":7},{"damage":5,"enemies":"Chosen","floor":24,"turns":5},{"damage":38,"enemies":"Book of Stabbing","floor":28,"turns":5},{"damage":0,"enemies":"Sentry and Sphere","floor":29,"turns":6},{"damage":26,"enemies":"Centurion and Healer","floor":31,"turns":5},{"damage":72,"enemies":"Automaton","floor":33,"turns":6}],"seed_played":"-6504545962040571048","potions_obtained":[{"floor":2,"key":"theDuelist:DebuffFuryPotion"},{"floor":3,"key":"theDuelist:IcePotion"},{"floor":7,"key":"ColorlessPotion"},{"floor":11,"key":"FearPotion"},{"floor":12,"key":"theDuelist:SealedPackE"},{"floor":24,"key":"Milkshake"},{"floor":31,"key":"DuplicationPotion"}],"is_trial":false,"path_per_floor":["M","M","?","M","M","E","M","?","T","R","E","?","E","M","R","B",null,"M","?","?","?","?","E","M","R","T","$","E","M","?","M","R","B"],"character_chosen":"THE_DUELIST","items_purchased":["theDuelist:SkilledDarkMagician"],"campfire_rested":4,"item_purchase_floors":[27],"current_hp_per_floor":[63,63,63,63,56,42,37,37,37,58,64,51,46,36,57,9,55,49,49,49,49,49,44,42,63,63,63,35,38,38,32,53,0,0],"gold":626,"neow_bonus":"THREE_ENEMY_KILL","is_daily":false,"chose_seed":false,"campfire_upgraded":0,"win_rate":0.0,"timestamp":1611423025,"path_taken":["M","M","?","?","M","E","M","?","T","R","E","?","E","M","R","BOSS","M","?","?","?","?","E","?","R","T","$","E","M","?","M","R","BOSS"],"items_purchased_type":["Card"],"build_version":"2020-12-22","purchased_purges":1,"victory":false,"max_hp_per_floor":[70,70,70,70,70,70,70,70,70,70,70,70,70,70,70,70,70,70,70,70,70,70,70,70,70,70,70,70,70,70,70,70,70,70],"card_choices":[{"not_picked":["theDuelist:MagiciansRobe","theDuelist:GoblinSecret","theDuelist:TimeWizard"],"picked":"theDuelist:Yami","floor":1},{"not_picked":["theDuelist:StatueAnguishPattern","theDuelist:DarkHorizon","theDuelist:AltarTribute","theDuelist:IcyCrevasse"],"picked":"theDuelist:WhiteHowling","floor":2},{"not_picked":["theDuelist:ExodiaHead","theDuelist:RainbowDarkDragon","theDuelist:GrandSpellbookTower","theDuelist:SwordsRevealing"],"picked":"theDuelist:DarkPaladin","floor":4},{"not_picked":["theDuelist:SangaThunder","theDuelist:WhiteMagicalHat","theDuelist:PowerKaishin","theDuelist:CallAtlanteans"],"picked":"theDuelist:SpiritHarp","floor":5},{"not_picked":["theDuelist:SpellShatteringArrow","theDuelist:SangaThunder","theDuelist:DarkMagician","theDuelist:CosmicHorrorGangiel"],"picked":"theDuelist:InjectionFairy","floor":6},{"not_picked":["theDuelist:MagicalBlast","theDuelist:OnslaughtFireKings","theDuelist:PowerKaishin","theDuelist:SilentDoom"],"picked":"theDuelist:SpellShatteringArrow","floor":7},{"not_picked":["theDuelist:BookSecret","theDuelist:Mudballman","theDuelist:SkilledDarkMagician","theDuelist:MindAir"],"picked":"theDuelist:ApprenticeIllusionMagician","floor":11},{"not_picked":["theDuelist:InfernoFireBlast","theDuelist:MagiciansRod","theDuelist:MagiciansRobe","theDuelist:GoblinSecret"],"picked":"theDuelist:BookSecret","floor":12},{"not_picked":["Jack Of All Trades","Panache","Secret Technique"],"picked":"Dramatic Entrance","floor":13},{"not_picked":["theDuelist:DarklordSuperbia","theDuelist:WormWarlord","theDuelist:JamBreeding","theDuelist:MudGolem"],"picked":"theDuelist:DarkHole","floor":14},{"not_picked":["theDuelist:ExodiaNecross","theDuelist:Wildfire","theDuelist:GateGuardian","theDuelist:SangaWater"],"picked":"theDuelist:IrisEarthMother","floor":16},{"not_picked":["theDuelist:BlizzardWarrior","theDuelist:WhiteMagicalHat","theDuelist:ExodiaLL","theDuelist:SpellShatteringArrow"],"picked":"theDuelist:PowerKaishin","floor":18},{"not_picked":["theDuelist:AncientElf+1","theDuelist:SpiritHarp","theDuelist:MysticalElf","theDuelist:InvitationDarkSleep"],"picked":"theDuelist:DarkMagician+1","floor":23},{"not_picked":["theDuelist:DarkMagician","theDuelist:ExodiaLL","theDuelist:FlyingSaucer","theDuelist:IcyCrevasse"],"picked":"theDuelist:PowerKaishin","floor":24},{"not_picked":["theDuelist:SangaThunder","theDuelist:Mudballman","theDuelist:WhiteMagicalHat","theDuelist:FlyingSaucer+1"],"picked":"theDuelist:SilentDoom","floor":28},{"not_picked":["theDuelist:SpellShatteringArrow","theDuelist:SangaThunder","theDuelist:NeoMagic","theDuelist:SilentDoom"],"picked":"theDuelist:InjectionFairy","floor":29},{"not_picked":["theDuelist:MagiciansRobe","theDuelist:MindAir","theDuelist:BadReaction","theDuelist:WonderWand"],"picked":"theDuelist:SwordsBurning","floor":31}],"player_experience":1496445,"relics_obtained":[{"floor":6,"key":"StrikeDummy"},{"floor":9,"key":"Bottled Lightning"},{"floor":11,"key":"Charon\u0027s Ashes"},{"floor":12,"key":"Odd Mushroom"},{"floor":13,"key":"theDuelist:SummonAnchor"},{"floor":23,"key":"Vampiric Spirits"},{"floor":28,"key":"Meat on the Bone"}],"event_choices":[{"damage_healed":0,"gold_gain":0,"player_choice":"Got Potions","damage_taken":0,"max_hp_gain":0,"max_hp_loss":0,"event_name":"Lab","floor":3,"gold_loss":0},{"damage_healed":0,"gold_gain":65,"player_choice":"Gained Gold","damage_taken":0,"max_hp_gain":0,"max_hp_loss":0,"event_name":"Golden Wing","floor":8,"gold_loss":0},{"damage_healed":0,"gold_gain":0,"player_choice":"Fought Mushrooms","damage_taken":0,"max_hp_gain":0,"max_hp_loss":0,"event_name":"Mushrooms","floor":12,"gold_loss":0},{"damage_healed":0,"gold_gain":0,"player_choice":"Intellect - dupe all spells","duelist":true,"damage_taken":0,"max_hp_gain":0,"max_hp_loss":0,"event_name":"Aknamkanon\u0027s Tomb","floor":19,"gold_loss":0},{"damage_healed":0,"gold_gain":0,"player_choice":"Read","damage_taken":0,"max_hp_gain":0,"max_hp_loss":0,"event_name":"The Library","floor":20,"gold_loss":0,"cards_obtained":["theDuelist:LegendaryFlameLord"]},{"damage_healed":0,"gold_gain":0,"player_choice":"Ignored","damage_taken":0,"max_hp_gain":0,"max_hp_loss":0,"event_name":"Ghosts","floor":21,"gold_loss":0},{"damage_healed":0,"gold_gain":0,"player_choice":"Upgraded","damage_taken":0,"max_hp_gain":0,"max_hp_loss":0,"event_name":"Upgrade Shrine","floor":22,"gold_loss":0,"cards_upgraded":["theDuelist:Yami"]},{"damage_healed":0,"gold_gain":0,"player_choice":"Leave","duelist":true,"damage_taken":0,"max_hp_gain":0,"max_hp_loss":0,"event_name":"Visit from Anubis","floor":30,"gold_loss":0}],"is_beta":false,"boss_relics":[{"not_picked":["theDuelist:GamblerChip","theDuelist:ElectricKey"],"picked":"Replay:Wanted Poster"}],"items_purged_floors":[27],"is_endless":false,"potions_floor_spawned":[2,7,11,12,13,18,24,31],"killed_by":"Automaton","ascension_level":20}}