{"host":"i2ir6b55gxkcwpt4","time":1611380644,"event":{"mods":["BaseMod","Colored Map","Colored Powertips","Minty Spire (QoL Compilation)","Replay The Spire","StSLib","The Poker Player"],"gold_per_floor":[110,110,35,35,60,91,104,122,147,171,171,212,212,212,212,386,386,416,343,369,394,406,418,430,528,599,627,639,684,709,40,40,8,8,136,136,161,179,202,222,555,568,568,568,578,673,723,723,746,746,799,799,799],"floor_reached":51,"language":"ZHS","playtime":3788,"items_purged":["Decay"],"score":606,"play_id":"bc83abcb-709b-49cd-a397-9737f979ee52","local_time":"20210123134404","is_ascension_mode":false,"metric_token":470,"campfire_choices":[{"data":"PokerPlayerMod:JackOfSpades","floor":11,"key":"SMITH"},{"data":"PokerPlayerMod:Mulligan","floor":13,"key":"SMITH"},{"data":"PokerPlayerMod:StackedDeck","floor":48,"key":"SMITH"}],"circlet_count":0,"master_deck":["PokerPlayerMod:Diamond1","PokerPlayerMod:Diamond2","PokerPlayerMod:Diamond3","PokerPlayerMod:Diamond4","PokerPlayerMod:Diamond5","PokerPlayerMod:Spade1","PokerPlayerMod:Spade2","PokerPlayerMod:Spade3","PokerPlayerMod:Spade4","PokerPlayerMod:Club1","PokerPlayerMod:Club3","PokerPlayerMod:Heart2","PokerPlayerMod:TrumpStrike","PokerPlayerMod:BadJoker","PokerPlayerMod:Mulligan+1","PokerPlayerMod:WasteCollection","PokerPlayerMod:ClubStrike+1","PokerPlayerMod:Heart1","PokerPlayerMod:SpadeStrike","PokerPlayerMod:Club4","PokerPlayerMod:JackOfSpades+1","PokerPlayerMod:CloakAndDiamond","PokerPlayerMod:Sharpen","PokerPlayerMod:VarietyAttack","PokerPlayerMod:SecondChance+1","PokerPlayerMod:Configure+1","PokerPlayerMod:Trickery","PokerPlayerMod:ThinkingTime","PokerPlayerMod:CardPrinter","PokerPlayerMod:Fold","PokerPlayerMod:Diamond3","PokerPlayerMod:Manipulation","PokerPlayerMod:DartThrow+1","Panache","PokerPlayerMod:CloakAndDiamond","PokerPlayerMod:Diamond2","PokerPlayerMod:DiamondStrike","PokerPlayerMod:Diamond1","PokerPlayerMod:StackedDeck+1","PokerPlayerMod:Club4","PokerPlayerMod:Harden","PokerPlayerMod:ClubsClub","PokerPlayerMod:DiamondStrike+1","PokerPlayerMod:Extraction+1","PokerPlayerMod:Diamond4","PokerPlayerMod:Heart5","PokerPlayerMod:Sharpen+1","Secret Weapon","Apotheosis","Flash of Steel"],"relics":["PokerPlayerMod:DeckCase","Omamori","Oddly Smooth Stone","Pet Ghost","ReplayTheSpireMod:Ring of Challenge","ReplayTheSpireMod:Ring of Addiction","Potion Belt","SacredBark","Calling Bell","MawBank","Meat on the Bone","Du-Vu Doll","Toy Ornithopter","Kunai","Replay:Bottled Flurry","Blood Vial","PokerPlayerMod:Splitter","Lizard Tail","Ring of Chaos","ReplayFunnel","Replay:Bandana","Orichalcum"],"acts_visited":["Exordium","TheCity","TheBeyond"],"potions_floor_usage":[12,16,16,16,25,25,27,35,35,35,39,45,51,51],"damage_taken":[{"damage":1,"enemies":"2 Louse","floor":1,"turns":3},{"damage":0,"enemies":"Small Slimes","floor":5,"turns":1},{"damage":7,"enemies":"Replay:BlueRogue","floor":6,"turns":4},{"damage":0,"enemies":"Cultist","floor":7,"turns":1},{"damage":0,"enemies":"3 Louse","floor":8,"turns":2},{"damage":1,"enemies":"Looter","floor":10,"turns":3},{"damage":15,"enemies":"3 Sentries","floor":12,"turns":8},{"damage":0,"enemies":"Slime Boss","floor":16,"turns":6},{"damage":3,"enemies":"2 Thieves","floor":18,"turns":2},{"damage":4,"enemies":"Spheric Guardian","floor":20,"turns":3},{"damage":0,"enemies":"Centurion and Healer","floor":21,"turns":5},{"damage":14,"enemies":"Replay:Snechameleon","floor":25,"turns":5},{"damage":18,"enemies":"Snake Plant","floor":26,"turns":4},{"damage":10,"enemies":"3 Cultists","floor":27,"turns":5},{"damage":0,"enemies":"Chosen and Byrds","floor":29,"turns":3},{"damage":0,"enemies":"Shelled Parasite and Fungi","floor":30,"turns":4},{"damage":57,"enemies":"Champ","floor":35,"turns":14},{"damage":26,"enemies":"3 Darklings","floor":37,"turns":6},{"damage":0,"enemies":"Orb Walker","floor":38,"turns":2},{"damage":14,"enemies":"Sphere and 2 Shapes","floor":39,"turns":7},{"damage":22,"enemies":"Jaw Worm Horde","floor":40,"turns":3},{"damage":0,"enemies":"4 Shapes","floor":42,"turns":4},{"damage":24,"enemies":"Writhing Mass","floor":45,"turns":8},{"damage":21,"enemies":"Reptomancer","floor":51,"turns":2}],"seed_played":"-1442156959408074700","potions_obtained":[{"floor":6,"key":"BlessingOfTheForge"},{"floor":7,"key":"Elixir"},{"floor":10,"key":"Block Potion"},{"floor":14,"key":"SkillPotion"},{"floor":14,"key":"Block Potion"},{"floor":14,"key":"PowerPotion"},{"floor":16,"key":"Fire Potion"},{"floor":21,"key":"Doom Potion"},{"floor":26,"key":"Explosive Potion"},{"floor":30,"key":"Weak Potion"},{"floor":37,"key":"Adrenaline Potion"},{"floor":38,"key":"SpeedPotion"},{"floor":42,"key":"Dexterity Potion"},{"floor":45,"key":"FearPotion"}],"is_trial":false,"path_per_floor":["M","?","$","?","M","E","M","M","T","M","R","E","R","?","R_BF","B",null,"M","?","M","M","PTL","PTL","?","E","M","M","T","M","M","$","?","$","R_BF","B",null,"M","M","M","M","?","M","PTL","PTL","M","?","T","R","T","?","E"],"character_chosen":"THE_POKER_PLAYER","items_purchased":["Panache","PokerPlayerMod:Splitter","Lizard Tail","PokerPlayerMod:CloakAndDiamond","PokerPlayerMod:Diamond2","PokerPlayerMod:DiamondStrike","PokerPlayerMod:Diamond1"],"campfire_rested":0,"item_purchase_floors":[31,31,31,31,31,33,33],"current_hp_per_floor":[52,52,52,52,52,52,52,52,52,52,52,40,40,40,30,41,52,49,49,46,49,49,48,48,43,30,43,43,47,48,46,46,46,44,34,44,32,35,35,28,28,33,33,33,30,14,14,14,14,4,0,0,0],"gold":799,"neow_bonus":"THREE_RARE_CARDS","is_daily":false,"chose_seed":false,"campfire_upgraded":3,"win_rate":0.0,"timestamp":1611380644,"path_taken":["M","?","$","?","M","E","?","M","T","M","R","E","R","?","R_BF","BOSS","M","?","M","M","PTL","PTL","?","E","M","M","T","M","M","?","?","$","R_BF","BOSS","M","M","?","M","?","M","PTL","PTL","M","?","T","R","?","?","E"],"items_purchased_type":["Card","Relic","Relic","Card","Card","Card","Card"],"build_version":"2020-12-22","purchased_purges":1,"victory":false,"max_hp_per_floor":[52,52,52,52,52,52,52,52,52,52,52,52,52,52,52,52,52,52,52,50,50,50,48,48,48,48,48,48,48,48,46,46,46,44,44,44,44,44,42,42,42,42,40,40,40,40,40,40,38,38,38,38,38],"card_choices":[{"not_picked":["PokerPlayerMod:Duplicate","PokerPlayerMod:SecretDealer"],"picked":"PokerPlayerMod:WasteCollection","floor":0},{"not_picked":["PokerPlayerMod:HiddenCard","PokerPlayerMod:ClubDance"],"picked":"PokerPlayerMod:ClubStrike","floor":1},{"not_picked":["PokerPlayerMod:Spade5","PokerPlayerMod:Club5"],"picked":"PokerPlayerMod:Heart1","floor":5},{"not_picked":["PokerPlayerMod:ClubsClub","PokerPlayerMod:Heart3"],"picked":"PokerPlayerMod:SpadeStrike","floor":6},{"not_picked":["PokerPlayerMod:Raise","PokerPlayerMod:Configure"],"picked":"PokerPlayerMod:Club3","floor":7},{"not_picked":["PokerPlayerMod:Spade4","PokerPlayerMod:Diamond2"],"picked":"PokerPlayerMod:JackOfSpades","floor":8},{"not_picked":["PokerPlayerMod:Heart2","PokerPlayerMod:Configure"],"picked":"PokerPlayerMod:CloakAndDiamond","floor":10},{"not_picked":["PokerPlayerMod:Spade6","PokerPlayerMod:DamnStraight"],"picked":"PokerPlayerMod:Sharpen","floor":12},{"not_picked":["PokerPlayerMod:Spade9","PokerPlayerMod:GamblerForm"],"picked":"PokerPlayerMod:VarietyAttack","floor":16},{"not_picked":["PokerPlayerMod:Club2","PokerPlayerMod:FillThePot"],"picked":"PokerPlayerMod:SecondChance+1","floor":18},{"not_picked":["PokerPlayerMod:Diamond1","PokerPlayerMod:SpadeStrike"],"picked":"PokerPlayerMod:Configure+1","floor":20},{"not_picked":["PokerPlayerMod:SpadeStrike","PokerPlayerMod:Diamond8"],"picked":"PokerPlayerMod:Trickery","floor":21},{"not_picked":["PokerPlayerMod:Club2","PokerPlayerMod:Club3"],"picked":"PokerPlayerMod:CardPrinter","floor":25},{"not_picked":["PokerPlayerMod:Spade7","PokerPlayerMod:Spade3"],"picked":"PokerPlayerMod:Fold","floor":26},{"not_picked":["PokerPlayerMod:VarietyAttack","PokerPlayerMod:Spade8"],"picked":"PokerPlayerMod:Diamond3","floor":27},{"not_picked":["PokerPlayerMod:Raise","PokerPlayerMod:Diamond4"],"picked":"PokerPlayerMod:Manipulation","floor":29},{"not_picked":["PokerPlayerMod:Spade4","PokerPlayerMod:Diamond6"],"picked":"PokerPlayerMod:DartThrow+1","floor":30},{"not_picked":["PokerPlayerMod:Diamond8","PokerPlayerMod:Heart7"],"picked":"PokerPlayerMod:StackedDeck","floor":35},{"not_picked":["PokerPlayerMod:CardBurn","PokerPlayerMod:Club2"],"picked":"PokerPlayerMod:Club4","floor":37},{"not_picked":["PokerPlayerMod:Diamond3","PokerPlayerMod:Diamond1"],"picked":"PokerPlayerMod:Harden","floor":38},{"not_picked":["PokerPlayerMod:RiskyBet","PokerPlayerMod:Spade2"],"picked":"PokerPlayerMod:ClubsClub","floor":39},{"not_picked":["PokerPlayerMod:Raise","PokerPlayerMod:Club1"],"picked":"PokerPlayerMod:DiamondStrike+1","floor":40},{"not_picked":["PokerPlayerMod:ClubsClub","PokerPlayerMod:Diamond7"],"picked":"PokerPlayerMod:Extraction+1","floor":42},{"not_picked":["PokerPlayerMod:Configure+1","PokerPlayerMod:DartThrow+1"],"picked":"PokerPlayerMod:Diamond4","floor":45},{"not_picked":["PokerPlayerMod:ClubsClub","PokerPlayerMod:CardBurn"],"picked":"PokerPlayerMod:Heart5","floor":46},{"not_picked":["PokerPlayerMod:CardBurn+1","PokerPlayerMod:Fold+1"],"picked":"PokerPlayerMod:Sharpen+1","floor":46},{"not_picked":["Jack Of All Trades","Bandage Up"],"picked":"Secret Weapon","floor":50},{"not_picked":["Panacea","Finesse"],"picked":"Apotheosis","floor":50},{"not_picked":["PanicButton","Dark Shackles"],"picked":"Flash of Steel","floor":50}],"player_experience":63932,"relics_obtained":[{"floor":6,"key":"Omamori"},{"floor":9,"key":"Oddly Smooth Stone"},{"floor":12,"key":"Pet Ghost"},{"floor":14,"key":"ReplayTheSpireMod:Ring of Challenge"},{"floor":14,"key":"ReplayTheSpireMod:Ring of Addiction"},{"floor":14,"key":"Potion Belt"},{"floor":14,"key":"SacredBark"},{"floor":17,"key":"MawBank"},{"floor":17,"key":"Meat on the Bone"},{"floor":17,"key":"Du-Vu Doll"},{"floor":25,"key":"Kunai"},{"floor":28,"key":"Replay:Bottled Flurry"},{"floor":29,"key":"Blood Vial"},{"floor":46,"key":"ReplayFunnel"},{"floor":47,"key":"Replay:Bandana"},{"floor":49,"key":"Orichalcum"}],"event_choices":[{"damage_healed":0,"gold_gain":0,"player_choice":"Take Wound","damage_taken":0,"relics_obtained":["Golden Idol"],"max_hp_gain":0,"max_hp_loss":0,"event_name":"Golden Idol","floor":2,"gold_loss":0,"cards_obtained":["Injury"]},{"damage_healed":0,"gold_gain":0,"player_choice":"Ignored","damage_taken":0,"max_hp_gain":0,"max_hp_loss":0,"event_name":"NoteForYourself","floor":4,"gold_loss":0},{"damage_healed":0,"gold_gain":0,"player_choice":"Entered Light","damage_taken":10,"max_hp_gain":0,"max_hp_loss":0,"event_name":"Shining Light","floor":15,"gold_loss":0,"cards_upgraded":["PokerPlayerMod:Club4","PokerPlayerMod:ClubStrike"]},{"damage_healed":0,"gold_gain":0,"player_choice":"Obtained Relic","damage_taken":0,"relics_obtained":["Toy Ornithopter"],"max_hp_gain":0,"max_hp_loss":0,"event_name":"Addict","floor":19,"gold_loss":85},{"damage_healed":0,"gold_gain":0,"player_choice":"Think Hard","damage_taken":0,"max_hp_gain":0,"max_hp_loss":0,"event_name":"PokerPlayerMod:Vampires","floor":24,"gold_loss":0,"cards_obtained":["PokerPlayerMod:ThinkingTime"]},{"cards_removed":["Injury"],"damage_healed":0,"gold_gain":0,"player_choice":"Purged","damage_taken":0,"max_hp_gain":0,"max_hp_loss":0,"event_name":"Purifier","floor":32,"gold_loss":0},{"damage_healed":0,"gold_gain":333,"player_choice":"Gave Idol","damage_taken":0,"max_hp_gain":0,"max_hp_loss":0,"event_name":"The Moai Head","floor":41,"relics_lost":["Golden Idol"],"gold_loss":0},{"damage_healed":0,"gold_gain":0,"player_choice":"Memory 3","damage_taken":10,"max_hp_gain":0,"max_hp_loss":0,"event_name":"SensoryStone","floor":50,"gold_loss":0}],"is_beta":false,"boss_relics":[{"not_picked":["ChewingGum","SlaversCollar"],"picked":"Calling Bell"},{"not_picked":["Kintsugi","Fusion Hammer"],"picked":"Ring of Chaos"}],"items_purged_floors":[3],"is_endless":false,"potions_floor_spawned":[6,7,10,16,21,26,30,37,38,42,45],"killed_by":"Reptomancer","ascension_level":0}}