{"host":"srk2drlvga69hbot","time":1611417907,"event":{"mods":["BaseMod","Bestiary","Block Reminder","Colored Map","Colored Powertips","Dark Map","DeckTracker","Highlight Path","Minty Spire (QoL Compilation)","Quick Restart","Rare Cards Sparkle","Relic Stats","SuperFastMode","Unceasing Turn Reminder"],"gold_per_floor":[115,215,230,240,252,252,281,281,281,281,281,57,86,118,130,245,257,287,2,17,92,106,139,139,165,165,176,176,188,208,65,65,164,164,178,178,192,212,227,227,227],"floor_reached":40,"language":"ZHS","playtime":2696,"items_purged":["Strike_G"],"score":506,"play_id":"07dcc675-be39-4ed7-9b0b-7d4c10da91e6","local_time":"20210124000507","is_ascension_mode":true,"campfire_choices":[{"data":"Neutralize","floor":6.0,"key":"SMITH"},{"data":"Expertise","floor":8.0,"key":"SMITH"},{"floor":15.0,"key":"REST"},{"data":"Venomology","floor":24,"key":"SMITH"},{"data":"Tactician","floor":28,"key":"SMITH"},{"floor":32,"key":"REST"}],"circlet_count":0,"master_deck":["Strike_G","Strike_G","Strike_G","Defend_G","Defend_G","Defend_G","Defend_G","Defend_G","Survivor","Neutralize+1","Outmaneuver","Blade Dance","Prepared","Expertise+1","Backflip","Concentrate","Venomology+1","Blade Dance","Acrobatics+1","Concentrate+1","Tactician+1","Burst","A Thousand Cuts","Neutralize","Dramatic Entrance","Calculated Gamble+1"],"relics":["Ring of the Snake","NeowsBlessing","HornCleat","Meat on the Bone","Pen Nib","Vajra","MawBank","WristBlade","Ornamental Fan","Dream Catcher","Snake Skull","Matryoshka","Sling","Black Star"],"acts_visited":["Exordium","TheCity","TheBeyond"],"potions_floor_usage":[22,22,23,25,29,29,30,33,33,35,37,38,39,40],"damage_taken":[{"damage":0.0,"enemies":"Cultist","floor":1.0,"turns":1.0},{"damage":0.0,"enemies":"2 Louse","floor":3.0,"turns":1.0},{"damage":0.0,"enemies":"Jaw Worm","floor":4.0,"turns":1.0},{"damage":1.0,"enemies":"Blue Slaver","floor":5.0,"turns":3.0},{"damage":45.0,"enemies":"Gremlin Nob","floor":7.0,"turns":5.0},{"damage":12.0,"enemies":"3 Sentries","floor":13.0,"turns":9.0},{"damage":1.0,"enemies":"Red Slaver","floor":14.0,"turns":5.0},{"damage":14.0,"enemies":"The Guardian","floor":16.0,"turns":9.0},{"damage":4.0,"enemies":"Shell Parasite","floor":18.0,"turns":5.0},{"damage":7.0,"enemies":"2 Thieves","floor":20.0,"turns":2.0},{"damage":3,"enemies":"Chosen and Byrds","floor":22,"turns":4},{"damage":20,"enemies":"Slavers","floor":23,"turns":5},{"damage":6,"enemies":"Book of Stabbing","floor":25,"turns":4},{"damage":18,"enemies":"Snake Plant","floor":27,"turns":5},{"damage":0,"enemies":"Shelled Parasite and Fungi","floor":29,"turns":3},{"damage":0,"enemies":"Sentry and Sphere","floor":30,"turns":4},{"damage":26,"enemies":"Champ","floor":33,"turns":10},{"damage":0,"enemies":"3 Shapes","floor":35,"turns":2},{"damage":0,"enemies":"3 Darklings","floor":37,"turns":3},{"damage":1,"enemies":"Transient","floor":38,"turns":5},{"damage":48,"enemies":"Sphere and 2 Shapes","floor":39,"turns":8},{"damage":35,"enemies":"Nemesis","floor":40,"turns":4}],"seed_played":"-4925780823419854558","potions_obtained":[{"floor":5.0,"key":"DuplicationPotion"},{"floor":7.0,"key":"Strength Potion"},{"floor":13.0,"key":"PowerPotion"},{"floor":25,"key":"Energy Potion"},{"floor":30,"key":"SkillPotion"},{"floor":33,"key":"ColorlessPotion"}],"is_trial":false,"path_per_floor":["M","?","M","M","M","R","E","R","T","?","?","$","E","M","R","B",null,"M","$","M","?","M","E","R","E","T","M","R","M","M","$","R","B",null,"M","?","M","M","M","E"],"character_chosen":"THE_SILENT","items_purchased":["Vajra","Ornamental Fan","Blade Dance","Sling"],"campfire_rested":2,"item_purchase_floors":[12,19,19,31],"current_hp_per_floor":[70,70,70,70,69,69,24,24,24,17,17,17,17,28,49,47,70,66,66,59,52,49,41,41,47,47,41,41,41,41,41,62,36,70,70,70,70,69,33,0,0],"gold":227,"neow_bonus":"THREE_ENEMY_KILL","is_daily":false,"chose_seed":false,"campfire_upgraded":4,"win_rate":0.0,"timestamp":1611417907,"path_taken":["M","?","M","M","?","R","E","R","T","?","?","$","E","M","R","BOSS","M","$","M","?","M","E","R","E","T","M","R","M","M","$","R","BOSS","M","?","M","M","M","E"],"items_purchased_type":["Relic","Relic","Card","Relic"],"build_version":"2020-12-22","purchased_purges":1,"victory":false,"max_hp_per_floor":[70,70,70,70,70,70,70,70,70,70,70,70,70,70,70,70,70,70,70,70,70,70,70,70,70,70,70,70,70,70,70,70,70,70,70,70,70,70,70,70,70],"relic_stats":{"Dream Catcher":1,"counters":[22,98],"Ornamental Fan":[216],"Pen Nib":[29],"Snake Skull":[3],"Black Star":0,"MawBank":72,"obtain_stats":[{"NeowsBlessing":0,"Vajra":12,"Pen Nib":11,"Snake Skull":25,"MawBank":13,"Sling":31,"Dream Catcher":23,"HornCleat":7,"Matryoshka":26,"WristBlade":17,"Ornamental Fan":19,"Black Star":34,"Ring of the Snake":0,"Meat on the Bone":9},{"NeowsBlessing":0,"Vajra":5,"Pen Nib":5,"Snake Skull":13,"MawBank":6,"Sling":16,"Dream Catcher":12,"HornCleat":5,"Matryoshka":13,"WristBlade":8,"Ornamental Fan":9,"Black Star":17,"Ring of the Snake":0,"Meat on the Bone":5},{"NeowsBlessing":0,"Vajra":11,"Pen Nib":11,"Snake Skull":54,"MawBank":20,"Sling":66,"Dream Catcher":50,"HornCleat":11,"Matryoshka":54,"WristBlade":34,"Ornamental Fan":39,"Black Star":76,"Ring of the Snake":0,"Meat on the Bone":11}],"Ring of the Snake":[44],"Meat on the Bone":84},"card_choices":[{"not_picked":["Cloak And Dagger","Poisoned Stab"],"picked":"Outmaneuver","floor":1.0},{"not_picked":["Terror","Backstab"],"picked":"Blade Dance","floor":3.0},{"not_picked":["Predator","Deadly Poison"],"picked":"Prepared","floor":4.0},{"not_picked":["Bane","Wraith Form v2","Finisher"],"picked":"SKIP","floor":5.0},{"not_picked":["Bane","Wraith Form v2","Finisher"],"picked":"SKIP","floor":5.0},{"not_picked":["Infinite Blades","Catalyst"],"picked":"Expertise","floor":7.0},{"not_picked":["Bane","Infinite Blades"],"picked":"Backflip","floor":13.0},{"not_picked":["Crippling Poison","Deflect"],"picked":"Concentrate","floor":14.0},{"not_picked":["Unload","A Thousand Cuts"],"picked":"Venomology","floor":16.0},{"not_picked":["Blur","Heel Hook","Dash"],"picked":"SKIP","floor":18.0},{"not_picked":["Terror","Slice+1","Prepared+1"],"picked":"SKIP","floor":20.0},{"not_picked":["Expertise","Underhanded Strike+1"],"picked":"Acrobatics+1","floor":22},{"not_picked":["Blur","Dagger Spray+1"],"picked":"Concentrate+1","floor":23},{"not_picked":["Quick Slash","Dodge and Roll"],"picked":"Tactician","floor":25},{"not_picked":["Blade Dance","Dodge and Roll","Cloak And Dagger+1"],"picked":"SKIP","floor":27},{"not_picked":["Bane","Sucker Punch","Outmaneuver"],"picked":"SKIP","floor":29},{"not_picked":["Flying Knee","Underhanded Strike"],"picked":"Burst","floor":30},{"not_picked":["Phantasmal Killer","Unload"],"picked":"A Thousand Cuts","floor":33},{"not_picked":["Finisher","Bane","All Out Attack+1"],"picked":"SKIP","floor":35},{"not_picked":["Deflect+1","Expertise+1","PiercingWail+1"],"picked":"SKIP","floor":37},{"not_picked":["Slice+1","Endless Agony+1"],"picked":"Calculated Gamble+1","floor":38},{"not_picked":["Quick Slash","Bane+1","Bouncing Flask+1"],"picked":"SKIP","floor":39}],"player_experience":178103,"relics_obtained":[{"floor":7.0,"key":"HornCleat"},{"floor":9.0,"key":"Meat on the Bone"},{"floor":13.0,"key":"MawBank"},{"floor":23,"key":"Dream Catcher"},{"floor":25,"key":"Snake Skull"},{"floor":26,"key":"Matryoshka"}],"event_choices":[{"damage_healed":0.0,"max_hp_gain":0.0,"max_hp_loss":0.0,"gold_gain":100.0,"event_name":"Golden Shrine","player_choice":"Pray","floor":2.0,"gold_loss":0.0,"damage_taken":0.0},{"cards_removed":["Strike_G"],"damage_healed":0.0,"max_hp_gain":0.0,"max_hp_loss":0.0,"gold_gain":0.0,"event_name":"Golden Wing","player_choice":"Card Removal","floor":10.0,"gold_loss":0.0,"damage_taken":7.0},{"damage_healed":0.0,"max_hp_gain":0.0,"max_hp_loss":0.0,"gold_gain":0.0,"event_name":"Dead Adventurer","player_choice":"Searched \u00272\u0027 times","floor":11.0,"gold_loss":0.0,"damage_taken":0.0,"relics_obtained":["Pen Nib"]},{"damage_healed":0,"gold_gain":75,"player_choice":"Touch","damage_taken":7,"max_hp_gain":0,"max_hp_loss":0,"event_name":"FaceTrader","floor":21,"gold_loss":0},{"damage_healed":0,"gold_gain":0,"player_choice":"2 cards matched","damage_taken":0,"max_hp_gain":0,"max_hp_loss":0,"event_name":"Match and Keep!","floor":36,"gold_loss":0,"cards_obtained":["Neutralize","Dramatic Entrance"]}],"is_beta":false,"boss_relics":[{"not_picked":["Philosopher\u0027s Stone","Coffee Dripper"],"picked":"WristBlade"},{"not_picked":["Calling Bell","Runic Dome"],"picked":"Black Star"}],"items_purged_floors":[12],"is_endless":false,"potions_floor_spawned":[5,7,13,25,30,33,39],"killed_by":"Nemesis","ascension_level":3}}