{"host":"15dd7v8o90xso62x","time":1611374482,"event":{"mods":["BaseMod","Minty Spire (QoL Compilation)","Quick Restart","StSLib","SuperFastMode"],"gold_per_floor":[115,40,40,50,50,82,82,101,101,127,127,160,33,33,33,33,33],"floor_reached":16,"language":"KOR","playtime":556,"items_purged":["Strike_G"],"score":282,"play_id":"add92260-77da-4406-bf2e-3b737ac30f35","local_time":"20210123130122","is_ascension_mode":true,"campfire_choices":[{"data":"Crippling Poison","floor":7.0,"key":"SMITH"},{"data":"Poisoned Stab","floor":11,"key":"SMITH"},{"data":"Bane","floor":15,"key":"SMITH"}],"circlet_count":0,"master_deck":["AscendersBane","Strike_G","Strike_G","Strike_G","Strike_G","Defend_G","Defend_G","Defend_G","Survivor","Neutralize","Crippling Poison+1","Dagger Spray","Calculated Gamble","Poisoned Stab+1","Well Laid Plans","Bane+1"],"relics":["Ring of the Snake","NeowsBlessing","Calipers","Bottled Flame","Ancient Tea Set","Oddly Smooth Stone"],"acts_visited":["Exordium"],"potions_floor_usage":[10,12],"damage_taken":[{"damage":0.0,"enemies":"Small Slimes","floor":1.0,"turns":1.0},{"damage":0.0,"enemies":"2 Louse","floor":4.0,"turns":1.0},{"damage":0.0,"enemies":"Lagavulin","floor":6.0,"turns":1.0},{"damage":3.0,"enemies":"Cultist","floor":8.0,"turns":4.0},{"damage":8,"enemies":"Gremlin Nob","floor":10,"turns":3},{"damage":19,"enemies":"3 Sentries","floor":12,"turns":6},{"damage":51,"enemies":"Hexaghost","floor":16,"turns":10}],"seed_played":"-694872545294199280","potions_obtained":[{"floor":1.0,"key":"FairyPotion"},{"floor":3.0,"key":"Fruit Juice"},{"floor":3.0,"key":"SpeedPotion"},{"floor":8.0,"key":"SteroidPotion"},{"floor":10,"key":"FearPotion"}],"is_trial":false,"path_per_floor":["M","?","?","M","$","E","R","M","T","E","R","E","$","?","R","B"],"character_chosen":"THE_SILENT","items_purchased":["Bane"],"campfire_rested":0,"item_purchase_floors":[13],"current_hp_per_floor":[59,59,64,64,64,64,64,61,61,53,53,34,34,27,27,5,5],"gold":33,"neow_bonus":"THREE_ENEMY_KILL","is_daily":false,"chose_seed":false,"campfire_upgraded":3,"win_rate":0.0,"timestamp":1611374482,"path_taken":["M","?","?","?","$","E","R","M","T","E","R","E","$","?","R","BOSS"],"items_purchased_type":["Card"],"build_version":"2020-12-22","purchased_purges":1,"victory":false,"max_hp_per_floor":[66,66,71,71,71,71,71,71,71,71,71,71,71,71,71,71,71],"card_choices":[{"not_picked":["Reflex","Infinite Blades"],"picked":"Crippling Poison","floor":1.0},{"not_picked":["Reflex","Cloak And Dagger"],"picked":"Dagger Spray","floor":4.0},{"not_picked":["All Out Attack","Blur"],"picked":"Calculated Gamble","floor":6.0},{"not_picked":["Slice","Dodge and Roll"],"picked":"Poisoned Stab","floor":8.0},{"not_picked":["Deadly Poison","Underhanded Strike"],"picked":"Well Laid Plans","floor":10},{"not_picked":["Envenom","Poisoned Stab","Slice"],"picked":"SKIP","floor":12}],"player_experience":1068548,"relics_obtained":[{"floor":6.0,"key":"Calipers"},{"floor":9.0,"key":"Bottled Flame"},{"floor":10,"key":"Ancient Tea Set"},{"floor":12,"key":"Oddly Smooth Stone"}],"event_choices":[{"cards_removed":["Defend_G"],"damage_healed":0.0,"max_hp_gain":0.0,"max_hp_loss":0.0,"gold_gain":0.0,"event_name":"The Cleric","player_choice":"Card Removal","floor":2.0,"gold_loss":75.0,"damage_taken":0.0},{"damage_healed":0.0,"max_hp_gain":0.0,"max_hp_loss":0.0,"gold_gain":0.0,"event_name":"Lab","player_choice":"Got Potions","floor":3.0,"gold_loss":0.0,"damage_taken":0.0},{"cards_removed":["Defend_G"],"damage_healed":0,"gold_gain":0,"player_choice":"Card Removal","damage_taken":7,"max_hp_gain":0,"max_hp_loss":0,"event_name":"Golden Wing","floor":14,"gold_loss":0}],"is_beta":false,"boss_relics":[],"items_purged_floors":[13],"is_endless":false,"potions_floor_spawned":[1,4,8,10],"killed_by":"Hexaghost","ascension_level":20}}