{"host":"avjwtc49fhlk6kym","time":1611425572,"event":{"mods":["AchievementEnabler","BaseMod","Better Match","Better Note","Better Third Choice","Colored Map","Colored Powertips","Displayed Cursed Tome","Highlight Path","Minty Spire (QoL Compilation)","Permanent Neow","Quick Restart","StSLib"],"gold_per_floor":[113,113,113,126,140,140,174,194,217,217,35,35,64,17,17,112,112,123,41,116,130,130,130,130,145,225,225,240,240,254,254,254,357,357,372,66,79,95,95,95],"floor_reached":39,"language":"ENG","playtime":1338,"items_purged":["Defend_P"],"score":414,"play_id":"0608335c-c257-43a9-ba5c-295cad113f42","local_time":"20210123131252","is_ascension_mode":false,"campfire_choices":[{"data":"Eruption","floor":6.0,"key":"SMITH"},{"data":"Establishment","floor":10.0,"key":"SMITH"},{"data":"BattleHymn","floor":12.0,"key":"SMITH"},{"floor":15.0,"key":"REST"},{"floor":23,"key":"REST"},{"floor":27,"key":"REST"},{"data":"Judgement","floor":29,"key":"SMITH"},{"floor":32,"key":"REST"}],"circlet_count":0,"master_deck":["Strike_P","Defend_P","Defend_P","Defend_P","Eruption+1","Vigilance","Establishment+1","BowlingBash","BowlingBash","CutThroughFate","PathToVictory","BattleHymn+1","FearNoEvil","WheelKick","Judgement+1","Prostrate","MasterReality+1","FlurryOfBlows","SandsOfTime","LikeWater+1","PathToVictory","Sanctity","WindmillStrike","Evaluate+1","Omniscience+1","WindmillStrike+1","Nirvana+1","Apotheosis","Wallop","FollowUp+1","CutThroughFate+1"],"relics":["PureWater","Vajra","Lantern","Frozen Egg 2","Busted Crown","Pantograph","Astrolabe"],"acts_visited":["Exordium","TheCity","TheBeyond"],"potions_floor_usage":[25,25,37,39],"damage_taken":[{"damage":1.0,"enemies":"Cultist","floor":1.0,"turns":3.0},{"damage":1.0,"enemies":"Jaw Worm","floor":4.0,"turns":4.0},{"damage":0.0,"enemies":"Small Slimes","floor":5.0,"turns":2.0},{"damage":0.0,"enemies":"Gremlin Nob","floor":7.0,"turns":2.0},{"damage":2.0,"enemies":"Looter","floor":8.0,"turns":2.0},{"damage":26.0,"enemies":"3 Sentries","floor":13.0,"turns":5.0},{"damage":33.0,"enemies":"Hexaghost","floor":16.0,"turns":7.0},{"damage":31.0,"enemies":"2 Thieves","floor":18.0,"turns":4.0},{"damage":5,"enemies":"Chosen","floor":21,"turns":3},{"damage":12,"enemies":"Snake Plant","floor":25,"turns":3},{"damage":2,"enemies":"3 Cultists","floor":28,"turns":5},{"damage":11,"enemies":"Snecko","floor":30,"turns":4},{"damage":9,"enemies":"Colosseum Slavers","floor":31,"turns":3},{"damage":24,"enemies":"Collector","floor":33,"turns":5},{"damage":14,"enemies":"Orb Walker","floor":35,"turns":4},{"damage":23,"enemies":"3 Darklings","floor":37,"turns":4},{"damage":29,"enemies":"Spire Growth","floor":38,"turns":5},{"damage":22,"enemies":"Maw","floor":39,"turns":2}],"seed_played":"-3058642202199259791","potions_obtained":[{"floor":4.0,"key":"ColorlessPotion"},{"floor":5.0,"key":"FearPotion"},{"floor":7.0,"key":"LiquidMemories"},{"floor":16.0,"key":"Weak Potion"},{"floor":18.0,"key":"DistilledChaos"},{"floor":21,"key":"BlessingOfTheForge"},{"floor":33,"key":"LiquidBronze"},{"floor":38,"key":"DistilledChaos"}],"is_trial":false,"path_per_floor":["M","T","?","M","M","R","E","M","T","R","$","R","E","$","R","B",null,"M","$","?","M","?","R","?","M","T","R","M","R","M","?","R","B",null,"M","$","M","M","M"],"character_chosen":"WATCHER","items_purchased":["BattleHymn","FearNoEvil","WheelKick","Prostrate","SandsOfTime","Apotheosis","Wallop"],"campfire_rested":4,"item_purchase_floors":[11,11,11,14,19,36,36],"current_hp_per_floor":[71,71,72,71,71,71,71,69,69,69,69,69,43,43,64,31,72,41,41,34,29,29,50,50,38,38,59,57,57,46,37,58,48,72,58,58,35,6,0,0],"gold":95,"neow_bonus":"ONE_RANDOM_RARE_CARD","is_daily":false,"chose_seed":false,"campfire_upgraded":4,"win_rate":0.0,"timestamp":1611425572,"path_taken":["M","?","?","M","M","R","E","M","T","R","$","R","E","$","R","BOSS","M","$","?","M","?","R","?","M","T","R","M","R","M","?","R","BOSS","M","$","M","M","M"],"items_purchased_type":["Card","Card","Card","Card","Card","Card","Card"],"build_version":"2020-12-22","purchased_purges":1,"victory":false,"max_hp_per_floor":[72,72,72,72,72,72,72,72,72,72,72,72,72,72,72,72,72,72,72,72,72,72,72,72,72,72,72,72,72,72,72,72,72,72,72,72,72,72,72,72],"card_choices":[{"not_picked":["Prostrate","Vengeance"],"picked":"CutThroughFate","floor":1.0},{"not_picked":["FlurryOfBlows","Collect"],"picked":"BowlingBash","floor":4.0},{"not_picked":["Pray","SashWhip"],"picked":"BowlingBash","floor":5.0},{"not_picked":["DeusExMachina","MentalFortress"],"picked":"CutThroughFate","floor":7.0},{"not_picked":["JustLucky","Crescendo"],"picked":"PathToVictory","floor":8.0},{"not_picked":["Prostrate","ForeignInfluence"],"picked":"Judgement","floor":13.0},{"not_picked":["LessonLearned","Omniscience"],"picked":"MasterReality+1","floor":16.0},{"not_picked":[],"picked":"FlurryOfBlows","floor":18.0},{"not_picked":["SashWhip"],"picked":"SKIP","floor":21},{"not_picked":[],"picked":"PathToVictory","floor":25},{"not_picked":[],"picked":"Sanctity","floor":28},{"not_picked":[],"picked":"WindmillStrike","floor":30},{"not_picked":[],"picked":"Nirvana+1","floor":35},{"not_picked":[],"picked":"FollowUp+1","floor":37},{"not_picked":[],"picked":"CutThroughFate+1","floor":38}],"player_experience":401252,"relics_obtained":[{"floor":7.0,"key":"Vajra"},{"floor":9.0,"key":"Lantern"},{"floor":13.0,"key":"Frozen Egg 2"},{"floor":26,"key":"Pantograph"}],"event_choices":[{"cards_removed":["CutThroughFate"],"damage_healed":5.0,"max_hp_gain":0.0,"max_hp_loss":0.0,"gold_gain":0.0,"event_name":"Bonfire Elementals","player_choice":"Offered Common","floor":3.0,"gold_loss":0.0,"damage_taken":0.0},{"cards_removed":["CutThroughFate"],"damage_healed":5.0,"max_hp_gain":0.0,"max_hp_loss":0.0,"gold_gain":0.0,"event_name":"Bonfire Elementals","player_choice":"Offered Special","floor":3.0,"gold_loss":0.0,"damage_taken":0.0},{"damage_healed":0.0,"max_hp_gain":0.0,"max_hp_loss":0.0,"gold_gain":75.0,"event_name":"FaceTrader","player_choice":"Touch","floor":20.0,"gold_loss":0.0,"damage_taken":7.0},{"cards_removed":["Strike_P"],"damage_healed":0,"gold_gain":0,"player_choice":"Give","damage_taken":0,"max_hp_gain":0,"max_hp_loss":0,"event_name":"betterNote:BetterNote","floor":22,"gold_loss":0,"cards_obtained":["Defend_P"]},{"damage_healed":0,"gold_gain":0,"player_choice":"Read","damage_taken":0,"max_hp_gain":0,"max_hp_loss":0,"event_name":"The Library","floor":24,"gold_loss":0,"cards_obtained":["LikeWater"]},{"damage_healed":0,"gold_gain":0,"player_choice":"Fight","damage_taken":0,"max_hp_gain":0,"max_hp_loss":0,"event_name":"Colosseum","floor":31,"gold_loss":0},{"damage_healed":0,"gold_gain":0,"player_choice":"Fled From Nobs","damage_taken":0,"max_hp_gain":0,"max_hp_loss":0,"event_name":"Colosseum","floor":31,"gold_loss":0}],"is_beta":false,"boss_relics":[{"not_picked":["Runic Dome","Philosopher\u0027s Stone"],"picked":"Busted Crown"},{"not_picked":["HolyWater","Coffee Dripper"],"picked":"Astrolabe"}],"items_purged_floors":[36],"is_endless":false,"potions_floor_spawned":[4,5,7,16,18,21,33,38],"killed_by":"Maw","ascension_level":0}}