{"host":"z9x5nldzhmx4jdfi","time":1611425788,"event":{"mods":["2.2 Compatiblity","BaseMod","Better Altar","Better Match","Better Note","Better Sensory Stone","Better Skull","Better Third Choice","BetterRewards","Block Reminder","Card Filter","Colored Powertips","Infinite Spire","Minty Spire (QoL Compilation)","Relic Filter","StSLib","Td1madao Mod","The Animator","The Servant 0.9.4","Wandering Minibosses"],"gold_per_floor":[115,130,160,173,173,173,201,201,277,45,45,66,81,138,138,235,235,247,247,247,259,259,259,279,297,297,340,22,22,46,77,77,180,205,219,219,244,260,285,285,328,385,460,516,516,870,910,910,910,910,910,910,855,905,960,1054,1079,290,290,290],"floor_reached":59,"language":"ENG","playtime":5677,"items_purged":["animator:Defend","animator:Strike","animator:Strike","animator:Strike","animator:Curse_GriefSeed","animator:Strike_Fate+1"],"score":1220,"play_id":"a2ee0372-9cb9-4c3e-bc81-647f47ea041c","local_time":"20210123121628","is_ascension_mode":true,"campfire_choices":[{"floor":6.0,"key":"REST"},{"data":"animator:EmiyaShirou","floor":6.0,"key":"SMITH"},{"data":"animator:Berserker","floor":8.0,"key":"SMITH"},{"floor":11.0,"key":"REST"},{"data":"animator:EmiyaShirou","floor":11.0,"key":"SMITH"},{"floor":15.0,"key":"REST"},{"data":"animator:Caster","floor":15.0,"key":"SMITH"},{"data":"animator:Eve","floor":23.0,"key":"SMITH"},{"floor":29.0,"key":"REST"},{"data":"animator:RinTohsaka","floor":29.0,"key":"SMITH"},{"floor":32.0,"key":"REST"},{"data":"animator:Caster","floor":32.0,"key":"SMITH"},{"data":"animator:Gilgamesh+4","floor":40.0,"key":"SMITH"},{"floor":49.0,"key":"RECALL"},{"floor":52.0,"key":"REST"},{"data":"animator:Lancer","floor":52.0,"key":"SMITH"}],"circlet_count":0,"master_deck":["animator:Defend_Fate+1","animator:Defend+1","animator:Defend+1","animator:Alexander+1","animator:Rider+1","animator:Illya+1","animator:Berserker+1","animator:EmiyaShirou+1","animator:EmiyaShirou+1","animator:Lancer","animator:Caster+1","animator:Eve+1","animator:Caster+1","animator:EmiyaShirou+1","animator:Alexander+1","animator:RinTohsaka+1","animator:Gilgamesh+16","animator:Eve","Ghostly+1","Ghostly+1","animator:Archer+1","Contraction+1","animator:Lancer+1","animator:Assassin+1"],"relics":["animator:TheEgnaroPiece","animator:AncientMedallion"],"acts_visited":["Exordium","TheCity","TheBeyond","TheEnding","EYB:TheUnnamedReign"],"potions_floor_usage":[59,59],"damage_taken":[{"damage":0.0,"enemies":"Cultist","floor":1.0,"turns":2.0},{"damage":0.0,"enemies":"Small Slimes","floor":2.0,"turns":6.0},{"damage":0.0,"enemies":"2 Louse","floor":3.0,"turns":2.0},{"damage":6.0,"enemies":"Blue Slaver","floor":4.0,"turns":3.0},{"damage":2.0,"enemies":"Gremlin Nob","floor":7.0,"turns":3.0},{"damage":0.0,"enemies":"The Mushroom Lair","floor":12.0,"turns":3.0},{"damage":0.0,"enemies":"3 Louse","floor":13.0,"turns":4.0},{"damage":8.0,"enemies":"3 Sentries","floor":14.0,"turns":6.0},{"damage":8.0,"enemies":"Hexaghost","floor":16.0,"turns":8.0},{"damage":0.0,"enemies":"Chosen","floor":18.0,"turns":3.0},{"damage":4.0,"enemies":"2 Thieves","floor":21.0,"turns":3.0},{"damage":32.0,"enemies":"Snake Plant","floor":24.0,"turns":7.0},{"damage":0.0,"enemies":"Shelled Parasite and Fungi","floor":25.0,"turns":2.0},{"damage":21.0,"enemies":"Slavers","floor":27.0,"turns":3.0},{"damage":0.0,"enemies":"animator:HornedBat","floor":31.0,"turns":4.0},{"damage":0.0,"enemies":"Automaton","floor":33.0,"turns":5.0},{"damage":12.0,"enemies":"3 Darklings","floor":35.0,"turns":5.0},{"damage":7.0,"enemies":"Orb Walker","floor":38.0,"turns":3.0},{"damage":0.0,"enemies":"Jaw Worm Horde","floor":41.0,"turns":2.0},{"damage":19.0,"enemies":"Nemesis","floor":42.0,"turns":5.0},{"damage":0.0,"enemies":"Giant Head","floor":44.0,"turns":5.0},{"damage":0.0,"enemies":"Nemesis","floor":46.0,"turns":3.0},{"damage":0.0,"enemies":"Sphere and 2 Shapes","floor":47.0,"turns":4.0},{"damage":1.0,"enemies":"Awakened One","floor":50.0,"turns":7.0},{"damage":43,"enemies":"animator:TRIPLE_SHAPES_WEAK","floor":54,"turns":9},{"damage":0,"enemies":"animator:UNNAMED_CULTIST_1","floor":55,"turns":12},{"damage":35,"enemies":"animator:UNNAMED_CULTIST_2","floor":59,"turns":10}],"seed_played":"-3649340369107315479","potions_obtained":[{"floor":4.0,"key":"Regen Potion"},{"floor":7.0,"key":"Fruit Juice"},{"floor":14.0,"key":"LiquidMemories"},{"floor":16.0,"key":"DistilledChaos"},{"floor":18.0,"key":"DistilledChaos"},{"floor":31.0,"key":"Strength Potion"},{"floor":33.0,"key":"Block Potion"},{"floor":44.0,"key":"PowerPotion"},{"floor":46.0,"key":"Fire Potion"},{"floor":54,"key":"animator:FalseLifePotion"},{"floor":55,"key":"animator:FalseLifePotion"}],"is_trial":false,"path_per_floor":["M","M","M","M","T","R","E","R","T","$","R","?","M","?","R","B",null,"M","?","?","M","?","R","M","M","T","E","$","R","T","E","R","B",null,"M","?","?","M","AVR","R","M","E","T","E","?","E","M","?","R","B",null,"R","??","M","M","T","?","$","M"],"character_chosen":"THE_ANIMATOR","items_purchased":["animator:Illya","animator:Berserker","War Paint","Oddly Smooth Stone","Paper Crane","ClockworkSouvenir","Bronze Scales","infinitespire:Magic Flask","HandDrill","Regen Potion","animator:Caster","Happy Flower","animator:Assassin","animator:AncientMedallion","animator:AncientMedallion","animator:AncientMedallion"],"campfire_rested":6,"item_purchase_floors":[0,0,0,0,0,0,0,0,0,0,10,28,58,58,58,58],"current_hp_per_floor":[24,24,24,18,18,37,45,45,45,45,65,65,65,57,67,64,72,72,72,72,68,68,68,36,36,36,15,30,51,51,52,73,73,81,71,52,52,45,45,45,45,26,26,26,26,26,26,26,26,25,25,25,88,45,49,49,4,4,0,0],"gold":290,"neow_bonus":"","is_daily":false,"chose_seed":false,"campfire_upgraded":9,"win_rate":0.0,"timestamp":1611425788,"path_taken":["M","?","M","M","?","R","E","R","T","?","R","?","M","?","R","BOSS","M","?","?","M","?","R","M","?","T","E","$","R","?","E","R","BOSS","M","?","?","?","AVR","R","M","E","T","E","?","E","M","?","R","BOSS","R","??","M","M","T","?","$","M"],"items_purchased_type":["Card","Card","Relic","Relic","Relic","Relic","Relic","Relic","Relic","Potion","Card","Relic","Card","Relic","Relic","Relic"],"build_version":"2020-12-22","purchased_purges":6,"victory":false,"max_hp_per_floor":[66,66,66,66,66,66,67,67,67,67,67,67,67,67,67,72,72,72,72,72,72,72,72,72,72,72,72,72,72,72,73,73,73,81,83,83,83,81,81,81,83,81,81,83,83,80,78,78,78,76,76,76,88,88,88,88,88,88,88,88],"card_choices":[{"not_picked":["animator:Rider","animator:MaesHughes","animator:Berserker"],"picked":"SKIP","floor":1.0},{"not_picked":["animator:Illya","animator:Kuribayashi","animator:Gillette"],"picked":"SKIP","floor":2.0},{"not_picked":["animator:Berserker","animator:Raven"],"picked":"animator:EmiyaShirou","floor":3.0},{"not_picked":["animator:SakuraMatou","animator:Illya"],"picked":"animator:EmiyaShirou","floor":4.0},{"not_picked":["animator:FielNirvalen","animator:Layla"],"picked":"animator:Lancer","floor":7.0},{"not_picked":["animator:Raven","animator:ElricAlphonse","animator:DolaCouronne"],"picked":"SKIP","floor":13.0},{"not_picked":["animator:Albedo","animator:PinaCoLada"],"picked":"animator:Eve","floor":16.0},{"not_picked":["animator:Lancer","animator:EmiyaShirou"],"picked":"animator:Caster","floor":18.0},{"not_picked":["animator:DolaCouronne","animator:Ain"],"picked":"animator:Alexander","floor":21.0},{"not_picked":["animator:ElricAlphonse","animator:Ara","animator:Bozes"],"picked":"SKIP","floor":24.0},{"not_picked":["animator:YaoHaDucy","animator:Viivi","animator:Entoma+1"],"picked":"SKIP","floor":25.0},{"not_picked":["animator:Rider","animator:EmiyaShirou"],"picked":"animator:RinTohsaka","floor":27.0},{"not_picked":["animator:Shalltear+1","animator:LeleiLaLalena"],"picked":"animator:Gilgamesh","floor":31.0},{"not_picked":["animator:ChaikaTrabant","animator:Albedo"],"picked":"animator:Eve","floor":33.0},{"not_picked":["animator:Chung+1","animator:Gillette","animator:Guy+1"],"picked":"SKIP","floor":35.0},{"not_picked":["infinitespire:FutureSight","infinitespire:Starlight"],"picked":"infinitespire:Menacing","floor":36.0},{"not_picked":["animator:Ain+1","animator:Tyuule","animator:Kuribayashi"],"picked":"SKIP","floor":38.0},{"not_picked":["animator:Alexander","animator:Caster"],"picked":"animator:Archer","floor":41.0},{"not_picked":["animator:LizardPriest+1","animator:GazelDwargon","Read+1"],"picked":"SKIP","floor":42.0},{"not_picked":["True Grit","animator:KyokoSakura"],"picked":"Contraction+1","floor":44.0},{"not_picked":["ShatteredReality+1","InstantArmor","ForeignInfluence+1"],"picked":"SKIP","floor":46.0},{"not_picked":["animator:Alexander","animator:ShinjiMatou"],"picked":"animator:Lancer","floor":47.0},{"not_picked":["Inflame","WindmillStrike+1","Provocative+1"],"picked":"SKIP","floor":47.0},{"not_picked":["animator:MaesHughes","animator:Berserker","animator:Kuribayashi+1"],"picked":"SKIP","floor":54},{"not_picked":["animator:AcuraTooru","animator:Bozes","animator:Gluttony"],"picked":"SKIP","floor":55}],"player_experience":1509898,"relics_obtained":[{"floor":5.0,"key":"animator:OldCoffin"},{"floor":7.0,"key":"Calipers"},{"floor":9.0,"key":"Matryoshka"},{"floor":12.0,"key":"Odd Mushroom"},{"floor":14.0,"key":"MealTicket"},{"floor":26.0,"key":"Gremlin Horn"},{"floor":26.0,"key":"infinitespire:BottledMercury"},{"floor":27.0,"key":"animator:ShionDessert"},{"floor":30.0,"key":"Ancient Tea Set"},{"floor":30.0,"key":"Potion Belt"},{"floor":31.0,"key":"Ginger"},{"floor":42.0,"key":"Champion Belt"},{"floor":44.0,"key":"Orichalcum"},{"floor":46.0,"key":"Old Coin"},{"floor":47.0,"key":"wanderingMiniBosses:Blackblade"},{"floor":53.0,"key":"animator:TheEgnaroPiece"},{"floor":53.0,"key":"animator:AncientMedallion"},{"floor":56,"key":"animator:AncientMedallion"}],"event_choices":[{"damage_healed":0.0,"max_hp_gain":0.0,"max_hp_loss":0.0,"gold_gain":0.0,"event_name":"Mushrooms","player_choice":"Fought Mushrooms","floor":12.0,"gold_loss":0.0,"damage_taken":0.0},{"damage_healed":0.0,"max_hp_gain":0.0,"max_hp_loss":0.0,"gold_gain":0.0,"event_name":"Dead Adventurer","player_choice":"Searched \u00271\u0027 times","floor":14.0,"gold_loss":0.0,"damage_taken":0.0},{"damage_healed":0.0,"max_hp_gain":0.0,"max_hp_loss":0.0,"gold_gain":0.0,"event_name":"Duplicator","player_choice":"Copied","floor":19.0,"gold_loss":0.0,"damage_taken":0.0,"cards_obtained":["animator:EmiyaShirou"]},{"damage_healed":0.0,"max_hp_gain":0.0,"max_hp_loss":0.0,"gold_gain":0.0,"event_name":"Accursed Blacksmith","player_choice":"Rummage","floor":20.0,"gold_loss":0.0,"damage_taken":0.0,"relics_obtained":["WarpedTongs"],"cards_obtained":["Pain"]},{"damage_healed":0.0,"max_hp_gain":0.0,"max_hp_loss":0.0,"gold_gain":0.0,"cards_transformed":["Pain"],"event_name":"Transmorgrifier","player_choice":"Transformed","floor":22.0,"gold_loss":0.0,"damage_taken":0.0,"cards_obtained":["animator:Curse_GriefSeed"]},{"damage_healed":0.0,"max_hp_gain":0.0,"max_hp_loss":0.0,"gold_gain":0.0,"event_name":"MindBloom","player_choice":"Upgrade","floor":37.0,"gold_loss":0.0,"damage_taken":0.0,"cards_upgraded":["animator:Strike_Fate","animator:Defend_Fate","animator:Alexander","animator:Rider","animator:Illya","animator:Lancer","animator:Alexander","animator:Gilgamesh","animator:Eve","infinitespire:Menacing"],"relics_obtained":["Mark of the Bloom"]},{"damage_healed":0.0,"max_hp_gain":0.0,"max_hp_loss":0.0,"gold_gain":0.0,"event_name":"Tomb of Lord Red Mask","player_choice":"Ignored","floor":48.0,"gold_loss":0.0,"damage_taken":0.0}],"is_beta":false,"boss_relics":[{"not_picked":["Astrolabe","Runic Dome"],"picked":"Philosopher\u0027s Stone"},{"not_picked":["Velvet Choker","Calling Bell"],"picked":"animator:HolyGrailRelic"}],"items_purged_floors":[0,0,0,10,28,39],"is_endless":false,"potions_floor_spawned":[4,7,14,16,18,31,33,44,46,55],"killed_by":"animator:UNNAMED_CULTIST_2","ascension_level":1}}