{"host":"f0gpob8hq9vgebej","time":1611373907,"event":{"mods":["AchievementEnabler","BaseMod","Minty Spire (QoL Compilation)","Quick Restart","SuperFastMode"],"gold_per_floor":[112,124,137,152,167,167,196,196,220,220,145,161,131,49,49,153,153,183,214,244,356,378,390,412,457,469,481,341,341,360,378,378,476,476,492,4,21,40,0,0,0,27,27,27,27],"floor_reached":44,"language":"KOR","playtime":1364,"items_purged":["Strike_G","Strike_G","Strike_G"],"score":731,"play_id":"a6115367-75d9-4917-b5fe-7ba9d04ed01e","local_time":"20210123125147","is_ascension_mode":true,"campfire_choices":[{"data":"Neutralize","floor":6,"key":"SMITH"},{"data":"Backflip","floor":8,"key":"SMITH"},{"data":"Survivor","floor":10,"key":"SMITH"},{"floor":15,"key":"REST"},{"floor":23,"key":"REST"},{"data":"Envenom","floor":27,"key":"SMITH"},{"floor":29,"key":"REST"},{"data":"Accuracy","floor":32,"key":"SMITH"},{"data":"Adrenaline","floor":40,"key":"SMITH"}],"circlet_count":0,"master_deck":["AscendersBane","Strike_G","Defend_G","Defend_G","Defend_G","Defend_G","Defend_G","Survivor+1","Neutralize+1","Infinite Blades","Well Laid Plans","Blade Dance","Backflip+1","Cloak And Dagger","Reflex","Prepared","Adrenaline+1","After Image","CurseOfTheBell","PiercingWail","Accuracy+1","Envenom+1","Acrobatics+1","Accuracy","Burst","Outmaneuver"],"relics":["Ring of the Snake","Regal Pillow","Orichalcum","Calling Bell","MawBank","Shuriken","Girya","Happy Flower","Snake Skull","WristBlade","Lizard Tail","Red Mask","Juzu Bracelet","Eternal Feather"],"acts_visited":["Exordium","TheCity","TheBeyond"],"potions_floor_usage":[3,7,16,16,24,25,25,33,33,33,37,38,38],"damage_taken":[{"damage":7,"enemies":"Small Slimes","floor":1,"turns":6},{"damage":5,"enemies":"Cultist","floor":2,"turns":5},{"damage":6,"enemies":"Jaw Worm","floor":3,"turns":4},{"damage":7,"enemies":"Exordium Thugs","floor":4,"turns":8},{"damage":2,"enemies":"2 Fungi Beasts","floor":5,"turns":5},{"damage":21,"enemies":"Gremlin Nob","floor":7,"turns":4},{"damage":7,"enemies":"3 Louse","floor":12,"turns":4},{"damage":11,"enemies":"The Guardian","floor":16,"turns":15},{"damage":4,"enemies":"Chosen","floor":18,"turns":7},{"damage":15,"enemies":"Spheric Guardian","floor":19,"turns":4},{"damage":26,"enemies":"Snake Plant","floor":20,"turns":8},{"damage":2,"enemies":"Centurion and Healer","floor":22,"turns":8},{"damage":34,"enemies":"Chosen and Byrds","floor":24,"turns":11},{"damage":0,"enemies":"Gremlin Leader","floor":25,"turns":8},{"damage":5,"enemies":"Snake Plant","floor":30,"turns":6},{"damage":3,"enemies":"Centurion and Healer","floor":31,"turns":7},{"damage":13,"enemies":"Champ","floor":33,"turns":8},{"damage":16,"enemies":"3 Darklings","floor":35,"turns":6},{"damage":5,"enemies":"3 Shapes","floor":37,"turns":6},{"damage":42,"enemies":"Transient","floor":38,"turns":5},{"damage":25,"enemies":"Giant Head","floor":42,"turns":7},{"damage":10,"enemies":"4 Shapes","floor":44,"turns":2}],"seed_played":"-8530306966570505544","potions_obtained":[{"floor":1,"key":"PowerPotion"},{"floor":2,"key":"ColorlessPotion"},{"floor":4,"key":"Strength Potion"},{"floor":13,"key":"AttackPotion"},{"floor":13,"key":"GamblersBrew"},{"floor":18,"key":"GhostInAJar"},{"floor":22,"key":"Energy Potion"},{"floor":24,"key":"Ancient Potion"},{"floor":25,"key":"Fire Potion"},{"floor":33,"key":"Weak Potion"},{"floor":35,"key":"Explosive Potion"},{"floor":38,"key":"BlessingOfTheForge"}],"is_trial":false,"path_per_floor":["M","M","M","M","M","R","E","R","T","R","$","M","?","$","R","B",null,"M","M","M","?","M","R","M","E","T","R","$","R","M","M","R","B",null,"M","$","M","M","?","R","?","E","T","M"],"character_chosen":"THE_SILENT","items_purchased":["Adrenaline","PowerPotion","Lizard Tail","DistilledChaos"],"campfire_rested":3,"item_purchase_floors":[14,28,36,36],"current_hp_per_floor":[56,51,45,38,36,36,15,15,15,15,15,8,8,8,44,33,61,57,42,16,16,14,50,16,16,16,16,16,52,47,44,44,31,60,44,44,39,35,35,35,35,10,10,0,0],"gold":27,"neow_bonus":"TRANSFORM_CARD","is_daily":false,"chose_seed":false,"campfire_upgraded":6,"win_rate":0.0,"timestamp":1611373907,"path_taken":["M","M","M","M","M","R","E","R","T","R","$","M","?","?","R","BOSS","M","M","M","?","M","R","M","E","T","R","?","R","?","M","R","BOSS","M","$","M","M","?","R","?","E","T","M"],"items_purchased_type":["Card","Potion","Relic","Potion"],"build_version":"2020-12-22","purchased_purges":3,"victory":false,"max_hp_per_floor":[70,70,70,70,70,70,70,70,70,70,70,70,70,70,70,70,70,70,70,70,70,70,70,70,70,70,70,70,70,70,70,70,70,70,70,70,70,70,70,70,66,66,66,66,66],"card_choices":[{"not_picked":["Catalyst","Masterful Stab"],"picked":"Well Laid Plans","floor":1},{"not_picked":["PiercingWail","Skewer"],"picked":"Blade Dance","floor":2},{"not_picked":["Noxious Fumes","Sucker Punch"],"picked":"Backflip","floor":3},{"not_picked":["Dagger Throw","Deadly Poison"],"picked":"Cloak And Dagger","floor":4},{"not_picked":["Caltrops","Catalyst","Predator"],"picked":"SKIP","floor":5},{"not_picked":["Footwork","Riddle With Holes"],"picked":"Reflex","floor":7},{"not_picked":["Dagger Spray","Finisher"],"picked":"Prepared","floor":12},{"not_picked":["Adrenaline","Doppelganger"],"picked":"After Image","floor":16},{"not_picked":["Skewer","Outmaneuver","Bane+1"],"picked":"SKIP","floor":18},{"not_picked":["Deadly Poison+1","Dagger Spray"],"picked":"PiercingWail","floor":19},{"not_picked":["Dodge and Roll","Predator+1","Poisoned Stab"],"picked":"SKIP","floor":20},{"not_picked":["Slice","Outmaneuver","Flying Knee"],"picked":"SKIP","floor":22},{"not_picked":["Cloak And Dagger","Acrobatics+1"],"picked":"Accuracy","floor":24},{"not_picked":["Underhanded Strike","Bullet Time"],"picked":"Envenom","floor":25},{"not_picked":["Distraction","Well Laid Plans+1"],"picked":"Acrobatics+1","floor":30},{"not_picked":["Flying Knee","Prepared"],"picked":"Accuracy","floor":31},{"not_picked":["Bullet Time","Die Die Die"],"picked":"Burst","floor":33},{"not_picked":["Sucker Punch","Dodge and Roll","Poisoned Stab"],"picked":"SKIP","floor":35},{"not_picked":["Dodge and Roll","Backstab","Endless Agony+1"],"picked":"SKIP","floor":37},{"not_picked":["Well Laid Plans+1","Acrobatics","Masterful Stab+1"],"picked":"SKIP","floor":38},{"not_picked":["Outmaneuver","Unload","Poisoned Stab"],"picked":"SKIP","floor":42},{"not_picked":["Unload","Poisoned Stab"],"picked":"Outmaneuver","floor":42}],"player_experience":223596,"relics_obtained":[{"floor":7,"key":"Regal Pillow"},{"floor":9,"key":"Orichalcum"},{"floor":17,"key":"MawBank"},{"floor":17,"key":"Shuriken"},{"floor":17,"key":"Girya"},{"floor":25,"key":"Happy Flower"},{"floor":26,"key":"Snake Skull"},{"floor":42,"key":"Juzu Bracelet"},{"floor":43,"key":"Eternal Feather"}],"event_choices":[{"damage_healed":0,"gold_gain":0,"player_choice":"Bought 2 Potions","damage_taken":0,"max_hp_gain":0,"max_hp_loss":0,"event_name":"The Woman in Blue","floor":13,"gold_loss":0},{"damage_healed":0,"gold_gain":100,"player_choice":"Pray","damage_taken":0,"max_hp_gain":0,"max_hp_loss":0,"event_name":"Golden Shrine","floor":21,"gold_loss":0},{"damage_healed":0,"gold_gain":0,"player_choice":"Paid","damage_taken":0,"relics_obtained":["Red Mask"],"max_hp_gain":0,"max_hp_loss":0,"event_name":"Tomb of Lord Red Mask","floor":39,"gold_loss":40},{"damage_healed":0,"gold_gain":0,"player_choice":"Max HP","damage_taken":0,"max_hp_gain":0,"max_hp_loss":4,"event_name":"Winding Halls","floor":41,"gold_loss":0}],"is_beta":false,"boss_relics":[{"not_picked":["Pandora\u0027s Box","Ectoplasm"],"picked":"Calling Bell"},{"not_picked":["SlaversCollar","Runic Dome"],"picked":"WristBlade"}],"items_purged_floors":[11,28,36],"is_endless":false,"potions_floor_spawned":[1,2,4,18,22,24,25,33,35,38],"killed_by":"4 Shapes","ascension_level":10}}