{"host":"pletss163z7s8pvv","time":1611367268,"event":{"mods":["AchievementEnabler","BaseMod","Better Altar","CapriCore","Colored Map","Colored Powertips","Conspire","Energized Spire","GifTheSpireLib","Hermit","Ironclad Rager","Minty Spire (QoL Compilation)","Spicy Shops","StS++","StSLib","The Cursed","The Disciple"],"gold_per_floor":[114,129,149,4,14,49,49,49,49,62,27,42,42,62,62,166,166,179,179,190,200,22,22,42,42,42,42,53,72,72,72,72],"floor_reached":31,"language":"ENG","playtime":1087,"items_purged":[],"score":241,"play_id":"4760f5a4-bbcc-401f-9d8e-db9bc22c42c7","local_time":"20210122200108","is_ascension_mode":false,"campfire_choices":[{"floor":7,"key":"REST"},{"floor":15,"key":"REST"},{"floor":23,"key":"REST"},{"floor":27,"key":"REST"}],"circlet_count":0,"master_deck":["TheCursedMod:Strike_TheCursed","TheCursedMod:Strike_TheCursed","TheCursedMod:Strike_TheCursed","TheCursedMod:Strike_TheCursed","TheCursedMod:Defend_TheCursed+1","TheCursedMod:Defend_TheCursed","TheCursedMod:Defend_TheCursed","TheCursedMod:Defend_TheCursed","TheCursedMod:CursedWand+1","TheCursedMod:CleanUpWorkshop","TheCursedMod:Dregs","TheCursedMod:LuckyCharm","TheCursedMod:SpitefulPlan","TheCursedMod:FuryStrike","TheCursedMod:SurpriseAttack","TheCursedMod:Torture","TheCursedMod:StunningStrike","TheCursedMod:CircleOfFocus+1","TheCursedMod:SpreadPlague","TheCursedMod:CircleOfFlame","TheCursedMod:VoidForm","TheCursedMod:EmpowerCircles+1","TheCursedMod:SmokeScreen","TheCursedMod:SpitefulStrike","TheCursedMod:TacticalStrike","TheCursedMod:CursedBlade"],"relics":["TheCursedMod:BlackMagic101","conspire:InfiniteJournal","StSpp:Monolith","Ornamental Fan","Busted Crown","Juzu Bracelet","Happy Flower"],"acts_visited":["Exordium","TheCity"],"potions_floor_usage":[16,29],"damage_taken":[{"damage":3,"enemies":"Cultist","floor":1,"turns":5},{"damage":0,"enemies":"Small Slimes","floor":2,"turns":4},{"damage":12,"enemies":"Jaw Worm","floor":3,"turns":4},{"damage":0,"enemies":"Large Slime","floor":5,"turns":6},{"damage":41,"enemies":"Lagavulin","floor":6,"turns":5},{"damage":0,"enemies":"Looter","floor":10,"turns":2},{"damage":9,"enemies":"Lots of Slimes","floor":12,"turns":4},{"damage":18,"enemies":"Red Slaver","floor":14,"turns":4},{"damage":11,"enemies":"Slime Boss","floor":16,"turns":11},{"damage":28,"enemies":"2 Thieves","floor":18,"turns":4},{"damage":8,"enemies":"conspire:FuzzyDice","floor":20,"turns":8},{"damage":23,"enemies":"Centurion and Healer","floor":21,"turns":8},{"damage":10,"enemies":"Snecko","floor":24,"turns":5},{"damage":38,"enemies":"Sentry and Sphere","floor":28,"turns":7},{"damage":2,"enemies":"Shelled Parasite and Fungi","floor":29,"turns":4},{"damage":21,"enemies":"Gremlin Leader","floor":31,"turns":2}],"seed_played":"3581943301883146794","potions_obtained":[{"floor":1,"key":"BlessingOfTheForge"},{"floor":6,"key":"PowerPotion"},{"floor":16,"key":"FearPotion"},{"floor":28,"key":"Block Potion"}],"is_trial":false,"path_per_floor":["M","M","M","$","M","E","R","?","T","M","?","M","?","M","R","B",null,"M","?","M","M","$","R","M","$","T","R","M","M","?","E"],"character_chosen":"THE_CURSED","items_purchased":["conspire:InfiniteJournal","TheCursedMod:SurpriseAttack","Juzu Bracelet","TheCursedMod:SpitefulStrike"],"campfire_rested":4,"item_purchase_floors":[4,4,22,22],"current_hp_per_floor":[79,79,67,67,67,26,50,34,34,34,54,45,45,27,51,40,82,54,54,46,23,23,47,37,37,37,61,23,21,21,0,0],"gold":72,"neow_bonus":"TEN_PERCENT_HP_BONUS","is_daily":false,"chose_seed":false,"campfire_upgraded":0,"win_rate":0.0,"timestamp":1611367268,"path_taken":["M","M","?","$","M","E","R","?","T","M","?","M","?","M","R","BOSS","M","?","?","M","$","R","M","?","T","R","M","M","?","E"],"items_purchased_type":["Relic","Card","Relic","Card"],"build_version":"2020-12-22","purchased_purges":0,"victory":false,"max_hp_per_floor":[82,82,82,82,82,82,82,82,82,82,82,82,82,82,82,82,82,82,82,82,82,82,82,82,82,82,82,82,82,82,82,82],"card_choices":[{"not_picked":["TheCursedMod:EmpowerCircles","TheCursedMod:Stretching"],"picked":"TheCursedMod:LuckyCharm","floor":1},{"not_picked":["TheCursedMod:SoulCrush","TheCursedMod:PrepareRite"],"picked":"TheCursedMod:SpitefulPlan","floor":2},{"not_picked":["TheCursedMod:SurpriseAttack","TheCursedMod:CursedSpellbook"],"picked":"TheCursedMod:FuryStrike","floor":3},{"not_picked":["TheCursedMod:TacticalStrike","TheCursedMod:WearCloak"],"picked":"TheCursedMod:Torture","floor":5},{"not_picked":["TheCursedMod:PrepareRite","TheCursedMod:Obscuration"],"picked":"TheCursedMod:StunningStrike","floor":6},{"not_picked":["TheCursedMod:CircleOfCorruption","TheCursedMod:DoubleShield"],"picked":"TheCursedMod:CircleOfFocus","floor":10},{"not_picked":["TheCursedMod:SurpriseAttack","TheCursedMod:RavingStaff"],"picked":"TheCursedMod:SpreadPlague","floor":12},{"not_picked":["TheCursedMod:Obscuration","TheCursedMod:RavingStaff"],"picked":"TheCursedMod:CircleOfFlame","floor":14},{"not_picked":["TheCursedMod:CircleOfAbyss","TheCursedMod:AntiAging"],"picked":"TheCursedMod:VoidForm","floor":16},{"not_picked":[],"picked":"TheCursedMod:EmpowerCircles+1","floor":18},{"not_picked":[],"picked":"TheCursedMod:SmokeScreen","floor":20},{"not_picked":["TheCursedMod:SpitefulPlan"],"picked":"SKIP","floor":21},{"not_picked":[],"picked":"TheCursedMod:TacticalStrike","floor":24},{"not_picked":[],"picked":"TheCursedMod:CursedBlade","floor":28},{"not_picked":["TheCursedMod:SmokeScreen"],"picked":"SKIP","floor":29}],"player_experience":433751,"relics_obtained":[{"floor":6,"key":"StSpp:Monolith"},{"floor":9,"key":"Ornamental Fan"},{"floor":26,"key":"Happy Flower"}],"event_choices":[{"damage_healed":0,"gold_gain":0,"player_choice":"Entered Light","damage_taken":16,"max_hp_gain":0,"max_hp_loss":0,"event_name":"Shining Light","floor":8,"gold_loss":0,"cards_upgraded":["TheCursedMod:CursedWand","TheCursedMod:Defend_TheCursed"]},{"damage_healed":20,"gold_gain":0,"player_choice":"Healed","damage_taken":0,"max_hp_gain":0,"max_hp_loss":0,"event_name":"The Cleric","floor":11,"gold_loss":35},{"damage_healed":0,"gold_gain":0,"player_choice":"Searched \u00270\u0027 times","damage_taken":0,"max_hp_gain":0,"max_hp_loss":0,"event_name":"Dead Adventurer","floor":13,"gold_loss":0},{"damage_healed":0,"gold_gain":0,"player_choice":"Ignored","damage_taken":0,"max_hp_gain":0,"max_hp_loss":0,"event_name":"Purifier","floor":19,"gold_loss":0},{"damage_healed":0,"gold_gain":0,"player_choice":"Forge","damage_taken":0,"max_hp_gain":0,"max_hp_loss":0,"event_name":"Accursed Blacksmith","floor":30,"gold_loss":0,"cards_upgraded":["TheCursedMod:CircleOfFocus"]}],"is_beta":false,"boss_relics":[{"not_picked":["conspire:RunicOctahedron","Fusion Hammer"],"picked":"Busted Crown"}],"items_purged_floors":[],"is_endless":false,"potions_floor_spawned":[1,6,10,16,18,28],"killed_by":"Gremlin Leader","ascension_level":0}}