{"host":"0wzx847a4uibrodg","time":1611442201,"event":{"mods":["ATMod(°¢èªMod)","Act Like it!","Aspiration","BaseMod","Hermit","KomeijiMod","Lobotomy","LobotomyExtend","Minty Spire (QoL Compilation)","Quick Restart","Replay The Spire","Spicy Shops","StSLib","The Cursed","UnlockEverythingMod","vexMod","¡¾ÒÅÎï¿¨ÅÆ¡¿REMEMod"],"gold_per_floor":[114,125,125,125,135,135,178,178,178,178,221,221,250,276,276,382,382,382,35,84,159,192,258,309,378,402,467,510,510,542,599,599,736,736,784,814,254,300,325,389,432,432,432,432,478,478,478,478,478,532,532,532,532,193,252,316],"floor_reached":57,"language":"ZHS","playtime":1588,"items_purged":["Strike_G","Strike_G","Strike_G","Strike_G"],"score":2064,"play_id":"a871b1af-2dec-4634-8e4b-e9cdfe218f38","local_time":"20210124065001","is_ascension_mode":false,"campfire_choices":[{"data":"Neutralize","floor":6,"key":"SMITH"},{"data":"AT_EmpoweredMortalDraw","floor":8,"key":"SMITH"},{"data":"AT_FocusSwordFire","floor":10,"key":"SMITH"},{"data":"Acrobatics","floor":12,"key":"SMITH"},{"floor":15,"key":"DIG"},{"data":"AT_FocusSwordFire","floor":29,"key":"SMITH"},{"floor":32,"key":"DIG"},{"floor":42,"key":"RECALL"},{"data":"AT_MachinaRedman","floor":44,"key":"SMITH"},{"data":"Backflip","floor":46,"key":"SMITH"},{"data":"Tools of the Trade","floor":49,"key":"SMITH"},{"data":"REME_GreenPollution","floor":53,"key":"SMITH"}],"circlet_count":0,"master_deck":["Strike_G","Defend_G","Defend_G","Defend_G","Defend_G","Defend_G","Survivor","Neutralize+1","AT_MachinaRedman+1","FallThrasher+","AT_EmpoweredMortalDraw+1","AT_FocusSwordFire+1","Noxious Fumes","Toxin Wave","Acrobatics+1","Underhanded Strike","AT_WindFlip","Bullet Time+1","AT_FocusSwordFire+1","AT_FocusSwordFire+1","Finisher+1","Catalyst+1","Crippling Poison","Blur+1","REME_GreenPollution+1","Deadly Poison+1","Tools of the Trade+1","Concentrate+1","Prepared+1","Backflip+1","Accuracy","Finisher"],"relics":["AT_ATBox","REME_ComplimentaryCards","AT_MortalBlade","LetterFromLob","CeramicFish","Replay:Bottled Snecko","The Courier","aspiration:FetidBarrel","REME_DuelDisc","War Paint","Replay:Bandana","aspiration:HummingbirdHeart","ReplayTheSpireMod:Ninjato","ReplayTheSpireMod:TigerMarble","PreservedInsect","Black Star","Shuriken","Sling","vexMod:ScavengeHelm","aspiration:ChemicalBlood","Matryoshka","vexMod:MemoryStick","Mummified Hand","Blood Vial","Snake Skull","BargainBundle","Pet Ghost","AT_SunfireAegis"],"acts_visited":["Exordium","TheCity","TheBeyond","TheEnding"],"potions_floor_usage":[],"damage_taken":[{"damage":0,"enemies":"Jaw Worm","floor":1,"turns":1},{"damage":0,"enemies":"Cultist","floor":2,"turns":1},{"damage":0,"enemies":"Small Slimes","floor":5,"turns":1},{"damage":0,"enemies":"Gremlin Nob","floor":7,"turns":2},{"damage":13,"enemies":"Lagavulin","floor":11,"turns":3},{"damage":0,"enemies":"2 Fungi Beasts","floor":13,"turns":1},{"damage":0,"enemies":"Large Slime","floor":14,"turns":1},{"damage":15,"enemies":"Fading Forest","floor":16,"turns":11},{"damage":0,"enemies":"Chosen","floor":20,"turns":1},{"damage":0,"enemies":"Shell Parasite","floor":22,"turns":1},{"damage":0,"enemies":"Slavers","floor":23,"turns":1},{"damage":0,"enemies":"Cultist and Chosen","floor":24,"turns":2},{"damage":0,"enemies":"Gremlin Leader","floor":25,"turns":1},{"damage":0,"enemies":"3 Cultists","floor":27,"turns":1},{"damage":0,"enemies":"Sentry and Sphere","floor":28,"turns":1},{"damage":0,"enemies":"Snake Plant","floor":30,"turns":1},{"damage":0,"enemies":"Centurion and Healer","floor":31,"turns":1},{"damage":15,"enemies":"Champ","floor":33,"turns":4},{"damage":0,"enemies":"3 Darklings","floor":35,"turns":1},{"damage":1,"enemies":"Orb Walker","floor":36,"turns":4},{"damage":0,"enemies":"Maw","floor":38,"turns":3},{"damage":0,"enemies":"4 Shapes","floor":39,"turns":1},{"damage":0,"enemies":"R_Hoarder","floor":40,"turns":1},{"damage":0,"enemies":"Jaw Worm Horde","floor":41,"turns":1},{"damage":0,"enemies":"Nemesis","floor":45,"turns":1},{"damage":5,"enemies":"Donu and Deca","floor":50,"turns":4},{"damage":0,"enemies":"Shield and Spear","floor":55,"turns":1},{"damage":14,"enemies":"The Heart","floor":56,"turns":2}],"seed_played":"1678727983871855213","potions_obtained":[{"floor":5,"key":"Languid Potion"},{"floor":7,"key":"Fire Potion"},{"floor":13,"key":"FearPotion"},{"floor":16,"key":"Reflective Coating"},{"floor":24,"key":"Adrenaline Potion"},{"floor":30,"key":"Venom Potion"}],"is_trial":false,"path_per_floor":["M","M","$","?","M","R","E","R","T","R","E","R","M","M","R","B",null,"M","$","M","?","M","E","M","E","T","M","M","R","M","M","R","B",null,"M","M","$","M","M","E","M","R","T","R","E","R","?","?","R","B",null,null,"R","$","E","B",null],"character_chosen":"THE_SILENT","items_purchased":["AT_FocusSwordFire","War Paint","Replay:Bandana","Shuriken","Sling","vexMod:ScavengeHelm","Accuracy","Snake Skull","BargainBundle","Finisher"],"campfire_rested":0,"item_purchase_floors":[19,19,19,37,37,37,54,54,54,54],"current_hp_per_floor":[70,70,70,70,70,70,70,70,70,70,57,57,57,57,57,54,70,70,70,70,63,63,63,63,63,63,63,63,63,63,63,63,48,70,70,69,69,69,69,69,69,69,69,69,69,69,69,70,70,65,65,70,70,70,70,56],"gold":316,"neow_bonus":"BOSS_RELIC","is_daily":false,"chose_seed":false,"campfire_upgraded":9,"win_rate":0.0,"timestamp":1611442201,"path_taken":["M","M","$","?","M","R","E","R","T","R","E","R","M","M","R","BOSS","M","$","M","?","M","E","M","E","T","M","M","R","?","M","R","BOSS","M","M","$","M","M","E","M","R","T","R","E","R","?","?","R","BOSS","R","$","E","BOSS"],"items_purchased_type":["Card","Relic","Relic","Relic","Relic","Relic","Card","Relic","Relic","Card"],"build_version":"2020-12-22","purchased_purges":4,"victory":true,"max_hp_per_floor":[70,70,70,70,70,70,70,70,70,70,70,70,70,70,70,70,70,70,70,70,70,70,70,70,70,70,70,70,70,70,70,70,70,70,70,70,70,70,70,70,70,70,70,70,70,70,70,70,70,70,70,70,70,70,70,70],"card_choices":[{"not_picked":["Prepared","Outmaneuver"],"picked":"AT_FocusSwordFire","floor":1},{"not_picked":["AT_WindFlip","Dash"],"picked":"Noxious Fumes","floor":2},{"not_picked":["Sneak Up","PiercingWail","AT_WomanClash"],"picked":"SKIP","floor":5},{"not_picked":["Prepared","Slice"],"picked":"Toxin Wave","floor":7},{"not_picked":["Quick Slash","Deflect"],"picked":"Acrobatics","floor":11},{"not_picked":["Distraction","Outmaneuver"],"picked":"Underhanded Strike","floor":13},{"not_picked":["Sneak Up","Dodge and Roll"],"picked":"AT_WindFlip","floor":14},{"not_picked":["Poison Darts","Tools of the Trade"],"picked":"Bullet Time","floor":16},{"not_picked":["Cloak And Dagger","ReplayTheSpireMod:Exploit Weakness"],"picked":"Finisher+1","floor":20},{"not_picked":["Slice+1","Sucker Punch","Deflect+1"],"picked":"SKIP","floor":22},{"not_picked":["Draining Mist","ReplayTheSpireMod:The Works"],"picked":"Catalyst+1","floor":23},{"not_picked":["AT_TinkerSharpsword","Dagger Throw"],"picked":"Crippling Poison","floor":24},{"not_picked":["Grand Finale","Dodge and Roll+1","Sucker Punch+1"],"picked":"SKIP","floor":25},{"not_picked":["Heel Hook+1","Dodge and Roll+1"],"picked":"Blur+1","floor":27},{"not_picked":["Draining Mist+1","Dagger Throw"],"picked":"REME_GreenPollution","floor":28},{"not_picked":["Heel Hook","Toxin Wave","Masterful Stab"],"picked":"SKIP","floor":30},{"not_picked":["Calculated Gamble","AT_TinkerSharpsword"],"picked":"Deadly Poison+1","floor":31},{"not_picked":["Burst","REME_GrazeFinale"],"picked":"Tools of the Trade","floor":33},{"not_picked":["Flechettes","Blur+1","Toxin Wave+1"],"picked":"SKIP","floor":35},{"not_picked":["Endless Agony","Footwork","Underhanded Strike+1"],"picked":"SKIP","floor":36},{"not_picked":["Quick Slash","Crippling Poison","Underhanded Strike"],"picked":"SKIP","floor":38},{"not_picked":["Backflip","AT_TwilightShroud"],"picked":"Concentrate+1","floor":39},{"not_picked":["Cloak And Dagger","Deflect+1"],"picked":"Prepared+1","floor":40},{"not_picked":["Dagger Throw","AT_WindFlip+1","Dodge and Roll+1"],"picked":"SKIP","floor":41},{"not_picked":["Dodge and Roll","Dagger Throw+1"],"picked":"Backflip","floor":45},{"not_picked":["Underhanded Strike+1","AT_ShadowStep","Slice"],"picked":"SKIP","floor":55}],"player_experience":82216,"relics_obtained":[{"floor":1,"key":"LetterFromLob"},{"floor":7,"key":"CeramicFish"},{"floor":9,"key":"Replay:Bottled Snecko"},{"floor":11,"key":"The Courier"},{"floor":15,"key":"aspiration:FetidBarrel"},{"floor":23,"key":"aspiration:HummingbirdHeart"},{"floor":25,"key":"ReplayTheSpireMod:Ninjato"},{"floor":26,"key":"ReplayTheSpireMod:TigerMarble"},{"floor":32,"key":"PreservedInsect"},{"floor":40,"key":"aspiration:ChemicalBlood"},{"floor":40,"key":"Matryoshka"},{"floor":43,"key":"vexMod:MemoryStick"},{"floor":45,"key":"Mummified Hand"},{"floor":45,"key":"Blood Vial"},{"floor":55,"key":"Pet Ghost"},{"floor":55,"key":"AT_SunfireAegis"}],"event_choices":[{"damage_healed":0,"gold_gain":0,"player_choice":"Bought 0 Potions","damage_taken":0,"max_hp_gain":0,"max_hp_loss":0,"event_name":"The Woman in Blue","floor":4,"gold_loss":0},{"damage_healed":0,"gold_gain":75,"player_choice":"Touch","damage_taken":7,"max_hp_gain":0,"max_hp_loss":0,"event_name":"FaceTrader","floor":21,"gold_loss":0}],"is_beta":false,"boss_relics":[{"not_picked":["Snecko Scales","Astrolabe"],"picked":"REME_DuelDisc"},{"not_picked":["REME_ChargedStone","Fusion Hammer"],"picked":"Black Star"}],"items_purged_floors":[19,19,37,54],"is_endless":false,"potions_floor_spawned":[5,7,13,16,23,24,28,30,31,35,41],"ascension_level":0}}