{"host":"6hzrz31j95f2y1pa","time":1611391035,"event":{"mods":["BaseMod","Colored Map","Downfall","Minty Spire (QoL Compilation)","StSLib"],"gold_per_floor":[99,110,123,123,123,23,23,23,39,39,59,72,72,90,110,212,212,112,18,37,52,64,80,80,65,65,92,111,111,111,128,147,147,147,147],"floor_reached":33,"language":"ENG","playtime":1574,"items_purged":[],"score":316,"play_id":"22542737-cbcb-485e-b957-113301dbd909","local_time":"20210123033715","is_ascension_mode":true,"campfire_choices":[{"floor":1,"key":"RECALL"},{"floor":6,"key":"DIG"},{"floor":8,"key":"DIG"},{"floor":13,"key":"DIG"},{"floor":18,"key":"DIG"},{"data":"bronze:Repulsor","floor":26,"key":"SMITH"},{"data":"bronze:ForLoop","floor":30,"key":"SMITH"}],"circlet_count":0,"master_deck":["bronze:Strike","bronze:Strike","bronze:Strike","bronze:Strike","bronze:Defend","bronze:Defend","bronze:Defend","bronze:Defend","bronze:Replicate","bronze:Goto","bronze:Verify","bronze:Branch","bronze:DelayedGuard","CurseOfTheBell","CurseOfTheBell","bronze:WhirlingStrike","bronze:Repair","bronze:Iterate","bronze:Backtrace","bronze:Repulsor+1","bronze:Shell","bronze:Frontload","bronze:FollowUp+1","bronze:Repulsor+1","bronze:Constructor","bronze:ForLoop+1","bronze:Return","bronze:ForceShield"],"relics":["bronze:BronzeCore","downfall:ExtraCursedBell","Pen Nib","Shovel","bronze:DecasWashers","Nunchaku","downfall:HeartBlessingRed","Anchor","Letter Opener","Eternal Feather","bronze:MakeshiftBattery","downfall:HeartBlessingBlue","Oddly Smooth Stone","Bronze Scales","Torii"],"acts_visited":["Exordium","TheCity"],"potions_floor_usage":[16,22,33],"damage_taken":[{"damage":5,"enemies":"2 Louse","floor":2,"turns":3},{"damage":0,"enemies":"Small Slimes","floor":3,"turns":3},{"damage":0,"enemies":"Jaw Worm","floor":9,"turns":2},{"damage":15,"enemies":"Large Slime","floor":11,"turns":4},{"damage":0,"enemies":"Lots of Slimes","floor":12,"turns":3},{"damage":0,"enemies":"2 Fungi Beasts","floor":14,"turns":2},{"damage":0,"enemies":"Exordium Thugs","floor":15,"turns":4},{"damage":33,"enemies":"WA_ARCHETYPE_RETAIN","floor":16,"turns":10},{"damage":0,"enemies":"downfall:FleeingMerchant","floor":19,"turns":4},{"damage":28,"enemies":"Shell Parasite","floor":20,"turns":7},{"damage":2,"enemies":"Chosen","floor":21,"turns":3},{"damage":7,"enemies":"Snecko","floor":22,"turns":6},{"damage":15,"enemies":"Centurion and Healer","floor":23,"turns":7},{"damage":5,"enemies":"downfall:FleeingMerchant","floor":25,"turns":4},{"damage":37,"enemies":"Book of Stabbing","floor":27,"turns":7},{"damage":8,"enemies":"Snake Plant","floor":28,"turns":3},{"damage":1,"enemies":"Snecko","floor":31,"turns":6},{"damage":8,"enemies":"Cultist and Chosen","floor":32,"turns":6},{"damage":72,"enemies":"IC_MUSHROOM_ARCHETYPE","floor":33,"turns":8}],"seed_played":"-4358329291168648552","potions_obtained":[{"floor":2,"key":"DuplicationPotion"},{"floor":11,"key":"FairyPotion"},{"floor":14,"key":"Dexterity Potion"},{"floor":20,"key":"SneckoOil"},{"floor":21,"key":"LiquidMemories"},{"floor":23,"key":"FearPotion"},{"floor":31,"key":"PowerPotion"}],"is_trial":false,"path_per_floor":["R","M","M","?","?","R","T","R","M","?","M","M","R","M","M","B",null,"R","$","M","M","M","M","T","$","R","E","M","?","R","M","M","B"],"character_chosen":"THE_AUTOMATON","items_purchased":["bronze:Repulsor"],"campfire_rested":0,"item_purchase_floors":[19],"current_hp_per_floor":[70,65,65,65,65,65,65,65,65,65,50,57,57,64,70,39,70,80,80,52,57,57,49,49,51,66,36,35,35,50,56,55,0,0,0],"gold":147,"neow_bonus":"ONE_RANDOM_RARE_CARD","is_daily":false,"chose_seed":false,"campfire_upgraded":2,"win_rate":0.0,"timestamp":1611391035,"path_taken":["R","M","M","?","?","R","T","R","M","?","M","M","R","?","M","BOSS","R","$","M","M","M","M","T","$","R","E","M","?","R","M","M","BOSS"],"items_purchased_type":["Card"],"build_version":"2020-12-22","purchased_purges":0,"victory":false,"max_hp_per_floor":[70,70,70,70,70,70,70,70,70,70,70,70,70,70,70,70,70,80,80,80,80,80,80,80,80,80,80,80,80,80,80,80,80,80,80],"card_choices":[{"not_picked":["bronze:Invalidate","bronze:Constructor"],"picked":"bronze:Branch","floor":2},{"not_picked":["bronze:GetLatest","bronze:FineTuning"],"picked":"bronze:DelayedGuard","floor":3},{"not_picked":["bronze:Repair","bronze:Invalidate"],"picked":"bronze:WhirlingStrike","floor":9},{"not_picked":["bronze:Turbo","bronze:Terminator"],"picked":"bronze:Repair","floor":11},{"not_picked":["bronze:CutThrough","bronze:Philosophize"],"picked":"bronze:Iterate","floor":12},{"not_picked":["bronze:WildBeam","bronze:WhirlingStrike","bronze:Iterate"],"picked":"SKIP","floor":14},{"not_picked":["bronze:Library","bronze:Iterate"],"picked":"bronze:Backtrace","floor":15},{"not_picked":["bronze:NullPointer","bronze:BitShift","bronze:BuggyMess"],"picked":"SKIP","floor":19},{"not_picked":["bronze:Iterate","bronze:WhirlingStrike"],"picked":"bronze:Shell","floor":20},{"not_picked":["bronze:BugBarrage+1","bronze:OilSpill"],"picked":"bronze:Frontload","floor":21},{"not_picked":["bronze:Branch","bronze:Overheat"],"picked":"bronze:FollowUp+1","floor":22},{"not_picked":["bronze:Refactor","bronze:Frontload"],"picked":"bronze:Repulsor+1","floor":23},{"not_picked":["bronze:DigitalCarnage","bronze:DelayedGuard"],"picked":"bronze:Constructor","floor":25},{"not_picked":["bronze:HardenedForm","bronze:BuggyMess","bronze:Overheat"],"picked":"SKIP","floor":27},{"not_picked":["bronze:MaxOutput","bronze:Overheat+1"],"picked":"bronze:ForLoop","floor":28},{"not_picked":["bronze:BugBarrage","bronze:OilSpill","bronze:Return"],"picked":"SKIP","floor":31},{"not_picked":["bronze:BugBarrage","bronze:OilSpill"],"picked":"bronze:Return","floor":31},{"not_picked":["bronze:Repair","bronze:Branch+1"],"picked":"bronze:ForceShield","floor":32}],"player_experience":1384127,"relics_obtained":[{"floor":4,"key":"Pen Nib"},{"floor":4,"key":"Shovel"},{"floor":4,"key":"bronze:DecasWashers"},{"floor":6,"key":"Anchor"},{"floor":8,"key":"Letter Opener"},{"floor":13,"key":"Eternal Feather"},{"floor":18,"key":"Oddly Smooth Stone"},{"floor":24,"key":"Bronze Scales"},{"floor":27,"key":"Torii"}],"event_choices":[],"is_beta":false,"boss_relics":[{"not_picked":["Busted Crown","Snecko Eye"],"picked":"bronze:MakeshiftBattery"}],"items_purged_floors":[],"is_endless":false,"potions_floor_spawned":[2,11,14,15,20,21,23,31],"killed_by":"IC_MUSHROOM_ARCHETYPE","ascension_level":4}}