{"host":"h1qktzcccqnez8tx","time":1611435901,"event":{"mods":["BaseMod","Block Reminder","Colored Map","Colored Powertips","Curses Come First","Highlight Path","Infinite Spire","Minty Spire (QoL Compilation)","Permanent Neow","Quick Restart","Replay The Spire","StSLib","The Jungle"],"gold_per_floor":[112,122,135,10,10,42,52,80,80,80,97,131,151,151,151,289,289,310,333,362,362,362,397,397,411,434,450,450],"floor_reached":27,"language":"ENG","playtime":3884,"items_purged":["Decay"],"score":308,"play_id":"96f761ce-c5f0-4791-bfa6-cd765e7bdd3b","local_time":"20210123220501","is_ascension_mode":true,"campfire_choices":[{"data":"Neutralize","floor":10,"key":"SMITH"},{"floor":15,"key":"REST"},{"floor":24,"key":"RECALL"}],"circlet_count":0,"master_deck":["Strike_G","Strike_G","Strike_G","Strike_G","Strike_G","Defend_G","Defend_G","Defend_G","Defend_G+1","Defend_G","Survivor","Neutralize+1","Acrobatics+1","Infinite Blades","Sucker Punch+1","Underhanded Strike","Dagger Throw","Leg Sweep+1","Flying Knee","Underhanded Strike","Blur+1","Injury","Corpse Explosion+1","Blade Dance+1","Blade Dance+1","Underhanded Strike","Backflip+1"],"relics":["Ring of the Snake","FossilizedHelix","Toxic Egg 2","Pen Nib","infinitespire:Midas Blood","Replay:Arrowhead","Golden Idol","SlaversCollar","MutagenicStrength","Golden Egg"],"acts_visited":["Exordium","TheCity"],"potions_floor_usage":[12,19,23,23],"damage_taken":[{"damage":0.0,"enemies":"Cultist","floor":1.0,"turns":4.0},{"damage":0.0,"enemies":"Small Slimes","floor":2.0,"turns":4.0},{"damage":0.0,"enemies":"2 Louse","floor":3.0,"turns":3.0},{"damage":10.0,"enemies":"Gremlin Nob","floor":6.0,"turns":4.0},{"damage":0.0,"enemies":"Blue Slaver","floor":7.0,"turns":5.0},{"damage":6.0,"enemies":"3 Sentries","floor":8.0,"turns":8.0},{"damage":11,"enemies":"Gremlin Gang","floor":11,"turns":5},{"damage":0,"enemies":"Lagavulin","floor":12,"turns":6},{"damage":0,"enemies":"Exordium Thugs","floor":13,"turns":5},{"damage":26,"enemies":"The Guardian","floor":16,"turns":16},{"damage":0,"enemies":"Shell Parasite","floor":18,"turns":7},{"damage":0,"enemies":"Spheric Guardian","floor":19,"turns":3},{"damage":7,"enemies":"Snecko","floor":20,"turns":7},{"damage":10,"enemies":"Slavers","floor":23,"turns":4},{"damage":0,"enemies":"3 Cultists","floor":25,"turns":2},{"damage":53,"enemies":"Gremlin Leader","floor":27,"turns":7}],"seed_played":"-9011244302273040914","potions_obtained":[{"floor":7.0,"key":"ColorlessPotion"},{"floor":8,"key":"ColorlessPotion"},{"floor":12,"key":"Dexterity Potion"},{"floor":13,"key":"Adrenaline Potion"},{"floor":16,"key":"Death Potion"},{"floor":23,"key":"Strength Potion"}],"is_trial":false,"path_per_floor":["M","M","M","$","?","E","M","E","T","R","M","E","M","?","R","B",null,"M","M","M","?","?","E","R","M","T","E"],"character_chosen":"THE_SILENT","items_purchased":["Underhanded Strike"],"campfire_rested":1,"item_purchase_floors":[4],"current_hp_per_floor":[70,70,70,70,56,46,46,40,40,40,29,29,29,29,50,24,70,70,70,63,63,63,53,53,53,53,0,0],"gold":450,"neow_bonus":"ONE_RARE_RELIC","is_daily":false,"chose_seed":false,"campfire_upgraded":1,"win_rate":0.0,"timestamp":1611435901,"path_taken":["M","M","M","$","?","E","M","E","T","R","M","E","M","?","R","BOSS","M","M","M","?","?","E","R","M","T","E"],"items_purchased_type":["Card"],"build_version":"2020-12-22","purchased_purges":1,"victory":false,"max_hp_per_floor":[70,70,70,70,70,70,70,70,70,70,70,70,70,70,70,70,70,70,70,70,70,70,70,70,70,70,70,70],"card_choices":[{"not_picked":["Deadly Poison","Hidden Blade"],"picked":"Acrobatics","floor":1.0},{"not_picked":["Fluid Movement","Tactician"],"picked":"Infinite Blades","floor":2.0},{"not_picked":["Acrobatics","Replay:Poison Smokescreen"],"picked":"Sucker Punch","floor":3.0},{"not_picked":["Choke","Replay:Poison Smokescreen+1"],"picked":"Dagger Throw","floor":6.0},{"not_picked":["Backstab","Well Laid Plans"],"picked":"Leg Sweep+1","floor":7.0},{"not_picked":["Poisoned Stab","Crippling Poison+1"],"picked":"Flying Knee","floor":8},{"not_picked":["Quick Slash","Hidden Blade+1"],"picked":"Underhanded Strike","floor":11},{"not_picked":["Tools of the Trade","Distraction+1"],"picked":"Blur+1","floor":12},{"not_picked":["Deflect+1","Sneak Up+1","Acrobatics+1"],"picked":"SKIP","floor":13},{"not_picked":["ReplayTheSpireMod:From All Sides","Wraith Form v2"],"picked":"Corpse Explosion+1","floor":16},{"not_picked":["ReplayTheSpireMod:Scrap Shanks","Terror+1"],"picked":"Blade Dance+1","floor":18},{"not_picked":["Dagger Throw","Sucker Punch+1"],"picked":"Blade Dance+1","floor":19},{"not_picked":["Dodge and Roll+1","Cloak And Dagger+1"],"picked":"Underhanded Strike","floor":20},{"not_picked":["Poison Darts+1","Flying Knee","Infinite Blades"],"picked":"SKIP","floor":23},{"not_picked":["Poison Darts+1","Flying Knee","Infinite Blades"],"picked":"SKIP","floor":23},{"not_picked":["Poison Darts+1","Flying Knee","Infinite Blades"],"picked":"SKIP","floor":23},{"not_picked":["Quick Slash","Dagger Throw"],"picked":"Backflip+1","floor":25}],"player_experience":96493,"relics_obtained":[{"floor":6.0,"key":"Toxic Egg 2"},{"floor":8,"key":"Pen Nib"},{"floor":9,"key":"infinitespire:Midas Blood"},{"floor":12,"key":"Replay:Arrowhead"},{"floor":23,"key":"Golden Egg"}],"event_choices":[{"damage_healed":0.0,"max_hp_gain":0.0,"max_hp_loss":0.0,"gold_gain":0.0,"event_name":"Shining Light","player_choice":"Entered Light","floor":5.0,"gold_loss":0.0,"damage_taken":14.0,"cards_upgraded":["Acrobatics","Defend_G"]},{"damage_healed":0,"gold_gain":0,"player_choice":"Take Wound","damage_taken":0,"relics_obtained":["Golden Idol"],"max_hp_gain":0,"max_hp_loss":0,"event_name":"Golden Idol","floor":14,"gold_loss":0,"cards_obtained":["Injury"]},{"damage_healed":0,"gold_gain":0,"player_choice":"Inject Mutagens","damage_taken":0,"relics_obtained":["MutagenicStrength"],"max_hp_gain":0,"max_hp_loss":0,"event_name":"Drug Dealer","floor":21,"gold_loss":0},{"damage_healed":0,"gold_gain":0,"player_choice":"Upgraded","damage_taken":0,"max_hp_gain":0,"max_hp_loss":0,"event_name":"Upgrade Shrine","floor":22,"gold_loss":0,"cards_upgraded":["Sucker Punch"]}],"is_beta":false,"boss_relics":[{"not_picked":["Runic Pyramid","Snecko Scales"],"picked":"SlaversCollar"}],"items_purged_floors":[4],"is_endless":false,"potions_floor_spawned":[7,8,12,13,16,23],"killed_by":"Gremlin Leader","ascension_level":2}}