{"host":"9xv6exvwmlpefxuw","time":1611384416,"event":{"mods":["ATMod(阿瑾Mod)","AchievementEnabler","Act Like it!","Aspiration","BaseMod","Chen","Colored Powertips","Conspire","Downfall","Friendly Minions","Gensokyo","GifTheSpireLib","KinomotoSakuraMod(木之本樱)","Koishi","KomeijiMod","Marisa（F雨　魔理沙）","Minty Spire (QoL Compilation)","Pale of the Ancients","Rare Cards Sparkle","Reimu（博丽灵梦）","Remilia_Scarlet Moed（蕾米莉亚・斯卡雷特）3.3.5","Remilia（蕾米莉亚）","RumiaBox-露米娅的神秘盒子","StSLib","The Administrix","The Animator","The Blackbeard","The Mystic","The Servant 0.9.4","WarShipGirlsR/战舰少女R mod","Yakumo Yukari mod","Youmu（魂魄妖梦）","Yuyuko","【功能Mod】混沌之环修复补丁","【功能Mod】聪明的最终Boss"],"gold_per_floor":[112,112,129,129,139,172,172,135,159,172,185,185,185,38,38,139,139,149,162,162,172,191,222,222,222],"floor_reached":24,"language":"ZHS","playtime":1223,"items_purged":[],"score":218,"play_id":"ea965f51-c2ee-414f-b706-8b637f31dbda","local_time":"20210123144656","is_ascension_mode":false,"campfire_choices":[{"floor":7,"key":"REST"},{"floor":15,"key":"REST"}],"circlet_count":0,"master_deck":["Strike_R","Strike_R","Strike_R+1","Strike_R+1","Strike_R","Defend_R","Defend_R+1","Defend_R","Defend_R","Bash","Shrug It Off","Uppercut+1","AT_CaressingTears","Inflame","Heavy Blade","Seeing Red","Clash","Impervious","Heavy Blade","Clothesline","Ghostly Armor","Offering","Heavy Blade+1","Iron Wave","Cleave","Double Tap","Flame Barrier"],"relics":["Burning Blood","AT_ATBox","Blue Candle","AT_SpeedBoots","Whetstone","GodSword3","Orrery","conspire:RoyalGoblet","AT_ArchangelStaff"],"acts_visited":["Exordium","TheCity"],"potions_floor_usage":[6,19,23,24,24],"damage_taken":[{"damage":7,"enemies":"2 Louse","floor":1,"turns":3},{"damage":3,"enemies":"Small Slimes","floor":3,"turns":3},{"damage":14,"enemies":"Jaw Worm","floor":5,"turns":4},{"damage":47,"enemies":"Lagavulin","floor":6,"turns":10},{"damage":24,"enemies":"Exordium Thugs","floor":10,"turns":8},{"damage":5,"enemies":"Blue Slaver","floor":11,"turns":4},{"damage":11,"enemies":"Slime Boss","floor":16,"turns":5},{"damage":20,"enemies":"Chosen","floor":18,"turns":5},{"damage":22,"enemies":"Shell Parasite","floor":19,"turns":5},{"damage":36,"enemies":"Sentry and Sphere","floor":21,"turns":5},{"damage":7,"enemies":"Snecko","floor":22,"turns":5},{"damage":41,"enemies":"Slavers","floor":23,"turns":5},{"damage":9,"enemies":"Shelled Parasite and Fungi","floor":24,"turns":5}],"seed_played":"6817692299558073166","potions_obtained":[{"floor":1,"key":"SteroidPotion"},{"floor":3,"key":"Fire Potion"},{"floor":6,"key":"Fire Potion"},{"floor":16,"key":"BloodPotion"},{"floor":19,"key":"ColorlessPotion"}],"is_trial":false,"path_per_floor":["M","?","M","?","M","E","R","$","T","M","M","T","?","$","R","B",null,"M","M","?","M","M","E","M"],"character_chosen":"IRONCLAD","items_purchased":["Inflame","Orrery"],"campfire_rested":2,"item_purchase_floors":[8,14],"current_hp_per_floor":[87,69,72,67,59,18,44,44,44,26,27,27,27,27,53,53,88,74,75,75,45,44,9,0,0],"gold":222,"neow_bonus":"TEN_PERCENT_HP_BONUS","is_daily":false,"chose_seed":false,"campfire_upgraded":0,"win_rate":0.0,"timestamp":1611384416,"path_taken":["M","?","M","?","M","E","R","$","T","M","?","?","?","?","R","BOSS","M","M","?","M","M","E","M"],"items_purchased_type":["Card","Relic"],"build_version":"2020-12-22","purchased_purges":0,"victory":false,"max_hp_per_floor":[88,88,88,88,88,88,88,88,88,88,88,88,88,88,88,88,88,88,88,88,88,88,88,88,88],"card_choices":[{"not_picked":["AT_DiedThrough","True Grit","Disarm"],"picked":"SKIP","floor":1},{"not_picked":["Power Through","Sword Boomerang"],"picked":"Shrug It Off","floor":3},{"not_picked":["True Grit","AT_DiedThrough"],"picked":"Uppercut","floor":5},{"not_picked":["Combust","conspire:ExplosiveBarrier"],"picked":"AT_CaressingTears","floor":6},{"not_picked":["conspire:ExplosiveBarrier","Warcry"],"picked":"Heavy Blade","floor":10},{"not_picked":["Warcry","Clothesline"],"picked":"Seeing Red","floor":11},{"not_picked":["AT_IchimonjiDouble","Warcry"],"picked":"Clash","floor":14},{"not_picked":["Warcry","Brutality"],"picked":"Impervious","floor":14},{"not_picked":["Warcry","Uppercut"],"picked":"Heavy Blade","floor":14},{"not_picked":["Thunderclap","Whirlwind"],"picked":"Clothesline","floor":14},{"not_picked":["Heavy Blade","Pommel Strike"],"picked":"Ghostly Armor","floor":14},{"not_picked":["Brutality","Reaper"],"picked":"Offering","floor":16},{"not_picked":["AT_DrawKnifeCut","Clothesline"],"picked":"Heavy Blade+1","floor":18},{"not_picked":["Warcry+1","Sword Boomerang"],"picked":"Iron Wave","floor":19},{"not_picked":["Clothesline","Perfected Strike"],"picked":"Cleave","floor":21},{"not_picked":["AT_DiedThrough","Entrench"],"picked":"Double Tap","floor":22},{"not_picked":["Battle Trance","Warcry"],"picked":"Flame Barrier","floor":23}],"player_experience":6668,"relics_obtained":[{"floor":6,"key":"AT_SpeedBoots"},{"floor":9,"key":"Whetstone"},{"floor":12,"key":"GodSword3"},{"floor":23,"key":"AT_ArchangelStaff"}],"event_choices":[{"damage_healed":0,"gold_gain":0,"player_choice":"Entered Light","damage_taken":18,"max_hp_gain":0,"max_hp_loss":0,"event_name":"Shining Light","floor":2,"gold_loss":0,"cards_upgraded":["Strike_R","Defend_R"]},{"damage_healed":0,"gold_gain":0,"player_choice":"Disagree","damage_taken":0,"max_hp_gain":0,"max_hp_loss":0,"event_name":"conspire:LoneGhost","floor":13,"gold_loss":0}],"is_beta":false,"boss_relics":[{"not_picked":["EasyGame_NEW","aspiration:RunicSpoon"],"picked":"conspire:RoyalGoblet"}],"items_purged_floors":[],"is_endless":false,"potions_floor_spawned":[1,3,6,16,19],"killed_by":"Shelled Parasite and Fungi","ascension_level":0}}