{"host":"kwv3wnqdhb5t0yxl","time":1611410465,"event":{"mods":["BaseMod","Minty Spire (QoL Compilation)","Quick Restart"],"gold_per_floor":[113,113,113,138,213,253,266,39,89,89,89,120,134,154,154,282,282,298,298,213,179,164,200,200,200,268,288,304,304,304],"floor_reached":29,"language":"ENG","playtime":1101,"items_purged":[],"score":361,"play_id":"b8da971e-16fe-4192-859f-9770db6cf3f2","local_time":"20210123150105","is_ascension_mode":true,"campfire_choices":[{"data":"Armaments","floor":11.0,"key":"SMITH"},{"data":"Limit Break","floor":15.0,"key":"SMITH"},{"data":"Barricade","floor":25.0,"key":"SMITH"}],"circlet_count":0,"master_deck":["Strike_R","Strike_R","Strike_R","Strike_R+1","Strike_R","Defend_R","Defend_R","Defend_R","Defend_R","Bash+1","Flex","Cleave","Impervious","Armaments+1","Discovery","Limit Break+1","Bash","Flex","Flame Barrier","Inflame","Barricade+1","Inflame+1","Seeing Red","Intimidate+1","Twin Strike+1","Body Slam","Flex"],"relics":["Burning Blood","NeowsBlessing","Golden Idol","Tiny Chest","Vajra","Strawberry","Calipers","Mark of Pain","Whetstone","Meat on the Bone","Charon\u0027s Ashes","Matryoshka"],"acts_visited":["Exordium","TheCity"],"potions_floor_usage":[28],"damage_taken":[{"damage":0.0,"enemies":"2 Louse","floor":1.0,"turns":1.0},{"damage":0.0,"enemies":"Small Slimes","floor":4.0,"turns":1.0},{"damage":0.0,"enemies":"Gremlin Nob","floor":6.0,"turns":1.0},{"damage":0.0,"enemies":"Cultist","floor":7.0,"turns":2.0},{"damage":6.0,"enemies":"3 Sentries","floor":12.0,"turns":6.0},{"damage":11.0,"enemies":"Gremlin Gang","floor":13.0,"turns":3.0},{"damage":0.0,"enemies":"Looter","floor":14.0,"turns":4.0},{"damage":33.0,"enemies":"The Guardian","floor":16.0,"turns":8.0},{"damage":7.0,"enemies":"Shell Parasite","floor":18.0,"turns":7.0},{"damage":20.0,"enemies":"2 Thieves","floor":22.0,"turns":4.0},{"damage":14.0,"enemies":"Slavers","floor":23.0,"turns":4.0},{"damage":20.0,"enemies":"Snake Plant","floor":27.0,"turns":4.0},{"damage":21,"enemies":"3 Cultists","floor":28,"turns":6},{"damage":30,"enemies":"Book of Stabbing","floor":29,"turns":5}],"seed_played":"-7588659880965469656","potions_obtained":[{"floor":6.0,"key":"Swift Potion"},{"floor":7.0,"key":"EssenceOfSteel"},{"floor":13.0,"key":"ColorlessPotion"},{"floor":18.0,"key":"Dexterity Potion"},{"floor":27.0,"key":"SkillPotion"}],"is_trial":false,"path_per_floor":["M","?","?","M","?","E","M","$","T","?","R","E","M","M","R","B",null,"M","T","?","$","M","E","$","R","T","M","M","E"],"character_chosen":"IRONCLAD","items_purchased":["Vajra","Discovery","Seeing Red"],"campfire_rested":0,"item_purchase_floors":[8,8,21],"current_hp_per_floor":[78,78,58,64,53,59,65,65,72,72,72,72,67,73,73,46,77,76,76,76,76,62,54,54,54,54,52,49,19,19],"gold":304,"neow_bonus":"THREE_ENEMY_KILL","is_daily":false,"chose_seed":false,"campfire_upgraded":3,"win_rate":0.0,"timestamp":1611410465,"path_taken":["M","?","?","M","?","E","M","$","T","?","R","E","?","?","R","BOSS","M","?","?","$","?","E","$","R","T","M","M","E"],"items_purchased_type":["Relic","Card","Card"],"build_version":"2020-12-22","purchased_purges":0,"victory":false,"max_hp_per_floor":[80,80,80,80,80,80,80,80,87,87,87,87,87,87,87,87,87,87,87,87,87,87,87,87,87,87,87,87,87,87],"card_choices":[{"not_picked":["Reckless Charge","Anger"],"picked":"Flex","floor":1.0},{"not_picked":["Iron Wave","Ghostly Armor"],"picked":"Cleave","floor":4.0},{"not_picked":["Clothesline","Corruption"],"picked":"Impervious","floor":6.0},{"not_picked":["Flex","Feel No Pain"],"picked":"Armaments","floor":7.0},{"not_picked":["Fire Breathing","Pommel Strike"],"picked":"Flex","floor":12.0},{"not_picked":["Shrug It Off","Feel No Pain"],"picked":"Flame Barrier","floor":13.0},{"not_picked":["Headbutt","Flex"],"picked":"Inflame","floor":14.0},{"not_picked":["Double Tap","Exhume"],"picked":"Barricade","floor":16.0},{"not_picked":["Sever Soul","Wild Strike+1"],"picked":"Inflame+1","floor":18.0},{"not_picked":["Flex","Pommel Strike"],"picked":"Intimidate+1","floor":22.0},{"not_picked":["Anger","Flame Barrier"],"picked":"Twin Strike+1","floor":23.0},{"not_picked":["Heavy Blade","Flex"],"picked":"Body Slam","floor":27.0},{"not_picked":["Whirlwind","Perfected Strike"],"picked":"Flex","floor":28}],"player_experience":276383,"relics_obtained":[{"floor":6.0,"key":"Tiny Chest"},{"floor":9.0,"key":"Strawberry"},{"floor":12.0,"key":"Calipers"},{"floor":19.0,"key":"Whetstone"},{"floor":23.0,"key":"Charon\u0027s Ashes"},{"floor":26.0,"key":"Matryoshka"}],"event_choices":[{"damage_healed":0.0,"max_hp_gain":0.0,"max_hp_loss":0.0,"gold_gain":0.0,"event_name":"The Cleric","player_choice":"Leave","floor":2.0,"gold_loss":0.0,"damage_taken":0.0},{"damage_healed":0.0,"max_hp_gain":0.0,"max_hp_loss":0.0,"gold_gain":0.0,"event_name":"Golden Idol","player_choice":"Take Damage","floor":3.0,"gold_loss":0.0,"damage_taken":20.0,"relics_obtained":["Golden Idol"]},{"damage_healed":0.0,"max_hp_gain":0.0,"max_hp_loss":0.0,"gold_gain":75.0,"event_name":"World of Goop","player_choice":"Gather Gold","floor":5.0,"gold_loss":0.0,"damage_taken":11.0},{"damage_healed":0.0,"max_hp_gain":0.0,"max_hp_loss":0.0,"gold_gain":0.0,"event_name":"Match and Keep!","player_choice":"2 cards matched","floor":10.0,"gold_loss":0.0,"damage_taken":0.0,"cards_obtained":["Limit Break","Bash"]},{"damage_healed":0.0,"max_hp_gain":0.0,"max_hp_loss":0.0,"gold_gain":0.0,"event_name":"Addict","player_choice":"Obtained Relic","floor":20.0,"gold_loss":85.0,"damage_taken":0.0,"relics_obtained":["Meat on the Bone"]}],"is_beta":false,"boss_relics":[{"not_picked":["SacredBark","Snecko Eye"],"picked":"Mark of Pain"}],"items_purged_floors":[],"is_endless":false,"potions_floor_spawned":[6,7,13,18,27],"killed_by":"Book of Stabbing","ascension_level":6}}