{"host":"fjaupvxe7fzqrf4j","time":1611416100,"event":{"mods":["ATMod(°¢èªMod)","BaseMod","Minty Spire (QoL Compilation)","StSLib"],"gold_per_floor":[119,119,119,119,132,164,164,193,205,217,240,287,331,372,384,470,482,512,524,209,239,239,266,293,327,395,420,420,452,486,513,513,592,592,606,60,114,114,139,174,208,237,262,290,309,337,365,379,379,379,379,379,379,57,89,89],"floor_reached":57,"language":"ZHS","playtime":1495,"items_purged":["AT_OneInchPunch+1","LessonLearned+1"],"score":4363,"play_id":"8d560a99-d430-459b-a00c-4dd110c661fd","local_time":"20210123233500","daily_mods":["SealedDeck","Heirloom","Time Dilation","Flight","Elite Swarm"],"is_ascension_mode":true,"campfire_choices":[{"data":"AT_OneInchPunch","floor":7.0,"key":"SMITH"},{"data":"ForeignInfluence","floor":10.0,"key":"SMITH"},{"data":"Ragnarok","floor":15.0,"key":"SMITH"},{"data":"BowlingBash","floor":28.0,"key":"PURGE"},{"data":"Adaptation","floor":32.0,"key":"SMITH"},{"floor":49.0,"key":"RECALL"},{"data":"Ragnarok+1","floor":53,"key":"PURGE"}],"circlet_count":0,"master_deck":["AscendersBane","ForeignInfluence+1","FollowUp+1","Crescendo+1","Tantrum+1","WheelKick+1","FearNoEvil+1","Adaptation+1","Scrawl+1","DeusExMachina+1","Indignation+1","ClearTheMind+1","MentalFortress+1","InnerPeace+1","Scrawl+1","LessonLearned+1","Omniscience+1","TalkToTheHand+1","MentalFortress+1"],"relics":["PureWater","AT_ATBox","GoldenEye","Prayer Wheel","MawBank","AT_LudenTempest","AT_ArcaneBoots","War Paint","Ginger","Runic Dome","TheAbacus","Red Mask","Ornamental Fan","Peace Pipe","Calipers","AT_ImmortalShieldbow","Unceasing Top","TungstenRod","The Courier","Art of War","VioletLotus","AT_SeraphEmbrace","AT_RedNoBalance","Potion Belt","Gambling Chip","AT_BellowingDragoncrestRing","Anchor","Mummified Hand","AT_ForceNature","MealTicket","Lantern","Blood Vial","Pen Nib","Incense Burner"],"acts_visited":["Exordium","TheCity","TheBeyond","TheEnding"],"potions_floor_usage":[56,56,56],"damage_taken":[{"damage":0.0,"enemies":"Cultist","floor":1.0,"turns":1.0},{"damage":0.0,"enemies":"2 Louse","floor":5.0,"turns":1.0},{"damage":0.0,"enemies":"Gremlin Nob","floor":6.0,"turns":2.0},{"damage":0.0,"enemies":"Lagavulin","floor":8.0,"turns":2.0},{"damage":0.0,"enemies":"Small Slimes","floor":11.0,"turns":1.0},{"damage":0.0,"enemies":"Gremlin Nob","floor":12.0,"turns":2.0},{"damage":0.0,"enemies":"Lagavulin","floor":13.0,"turns":2.0},{"damage":0.0,"enemies":"Gremlin Nob","floor":14.0,"turns":1.0},{"damage":0.0,"enemies":"Hexaghost","floor":16.0,"turns":2.0},{"damage":0.0,"enemies":"Shell Parasite","floor":18.0,"turns":1.0},{"damage":0.0,"enemies":"Masked Bandits","floor":21.0,"turns":1.0},{"damage":8.0,"enemies":"Gremlin Leader","floor":23.0,"turns":2.0},{"damage":21.0,"enemies":"Slavers","floor":24.0,"turns":2.0},{"damage":0.0,"enemies":"Book of Stabbing","floor":25.0,"turns":1.0},{"damage":0.0,"enemies":"Gremlin Leader","floor":27.0,"turns":1.0},{"damage":0.0,"enemies":"Slavers","floor":29.0,"turns":1.0},{"damage":8.0,"enemies":"Book of Stabbing","floor":30.0,"turns":2.0},{"damage":12.0,"enemies":"Slavers","floor":31.0,"turns":2.0},{"damage":0.0,"enemies":"Collector","floor":33.0,"turns":2.0},{"damage":0.0,"enemies":"Orb Walker","floor":35.0,"turns":1.0},{"damage":18.0,"enemies":"2 Orb Walkers","floor":37.0,"turns":3.0},{"damage":0.0,"enemies":"Mind Bloom Boss Battle","floor":39.0,"turns":2.0},{"damage":0.0,"enemies":"Reptomancer","floor":40.0,"turns":1.0},{"damage":31.0,"enemies":"Giant Head","floor":41.0,"turns":5.0},{"damage":0.0,"enemies":"Nemesis","floor":42.0,"turns":1.0},{"damage":0.0,"enemies":"Reptomancer","floor":44.0,"turns":2.0},{"damage":0.0,"enemies":"3 Shapes","floor":45.0,"turns":1.0},{"damage":0.0,"enemies":"Nemesis","floor":46.0,"turns":1.0},{"damage":31.0,"enemies":"Giant Head","floor":47.0,"turns":5.0},{"damage":0.0,"enemies":"3 Darklings","floor":48.0,"turns":1.0},{"damage":0.0,"enemies":"Time Eater","floor":50.0,"turns":1.0},{"damage":0.0,"enemies":"Donu and Deca","floor":51.0,"turns":1.0},{"damage":0,"enemies":"Shield and Spear","floor":55,"turns":1},{"damage":0,"enemies":"The Heart","floor":56,"turns":4}],"seed_played":"1209017907034817206","potions_obtained":[{"floor":1.0,"key":"BlessingOfTheForge"},{"floor":11.0,"key":"Fire Potion"},{"floor":13.0,"key":"DuplicationPotion"},{"floor":21.0,"key":"PowerPotion"},{"floor":37.0,"key":"Swift Potion"},{"floor":39.0,"key":"DuplicationPotion"}],"is_trial":true,"path_per_floor":["M","?","?","?","M","E","R","E","T","R","M","E","E","E","R","B",null,"M","?","$","?","?","E","E","E","T","E","R","E","E","E","R","B",null,"M","$","?","?","?","E","E","E","T","E","M","E","E","M","R","B","B",null,"R","$","E","B",null],"character_chosen":"WATCHER","items_purchased":["InnerPeace","TheAbacus","AT_ArchangelStaff","AT_SilverBalance","Potion Belt","MentalFortress","Blood Vial","Pen Nib"],"campfire_rested":0,"item_purchase_floors":[20,20,36,36,36,54,54,54],"current_hp_per_floor":[61,54,54,59,59,59,59,59,59,59,59,59,59,59,59,59,66,66,66,66,66,66,58,37,37,37,37,37,37,29,64,64,64,67,67,67,37,37,34,34,68,34,34,34,34,34,68,68,68,68,68,68,68,68,68,68],"gold":89,"neow_bonus":"","is_daily":false,"chose_seed":false,"campfire_upgraded":4,"win_rate":0.0,"timestamp":1611416100,"path_taken":["M","?","?","?","?","E","R","E","T","R","?","E","E","E","R","BOSS","M","?","$","?","?","E","E","E","T","E","R","E","E","E","R","BOSS","M","$","?","?","?","E","E","E","T","E","?","E","E","M","R","BOSS","BOSS","R","$","E","BOSS"],"items_purchased_type":["Card","Relic","Relic","Relic","Relic","Card","Relic","Relic"],"build_version":"2020-12-22","purchased_purges":2,"victory":true,"max_hp_per_floor":[68,68,68,68,68,68,68,68,68,68,68,68,68,68,68,68,68,68,68,68,68,68,68,68,68,68,68,68,68,68,68,68,68,68,68,68,68,68,68,68,68,68,68,68,68,68,68,68,68,68,68,68,68,68,68,68],"card_choices":[{"not_picked":["Tantrum","FlurryOfBlows","Wireheading"],"picked":"SKIP","floor":1.0},{"not_picked":["MentalFortress","WindmillStrike","EmptyFist"],"picked":"SKIP","floor":5.0},{"not_picked":["Devotion","MasterReality","AT_RealColorLess"],"picked":"SKIP","floor":6.0},{"not_picked":["SpiritShield","Vault","DevaForm"],"picked":"SKIP","floor":8.0},{"not_picked":["ThirdEye","ClearTheMind"],"picked":"Adaptation","floor":11.0},{"not_picked":["CrushJoints","FlurryOfBlows","AT_SoftenMuscles"],"picked":"SKIP","floor":11.0},{"not_picked":["AT_ChampionKick","DevaForm","Devotion"],"picked":"SKIP","floor":12.0},{"not_picked":["Brilliance","DevaForm"],"picked":"Ragnarok","floor":13.0},{"not_picked":["AT_ChampionKick","Vault"],"picked":"Scrawl","floor":14.0},{"not_picked":["AT_MachinaRedman","AT_RealColorLess"],"picked":"DeusExMachina","floor":16.0},{"not_picked":["Halt","SandsOfTime"],"picked":"Indignation","floor":18.0},{"not_picked":["Evaluate","CrushJoints"],"picked":"ClearTheMind","floor":18.0},{"not_picked":["DevaForm","Devotion","AT_IrregularMenstruation"],"picked":"SKIP","floor":23.0},{"not_picked":["AT_RealColorLess","Blasphemy"],"picked":"Scrawl","floor":24.0},{"not_picked":["Omniscience","Ragnarok","AT_RealColorLess"],"picked":"SKIP","floor":25.0},{"not_picked":["MasterReality","Judgement"],"picked":"LessonLearned","floor":27.0},{"not_picked":["Scrawl","Judgement","ConjureBlade"],"picked":"SKIP","floor":29.0},{"not_picked":["ConjureBlade","Brilliance","Establishment"],"picked":"SKIP","floor":30.0},{"not_picked":["DevaForm","Alpha","Devotion"],"picked":"SKIP","floor":31.0},{"not_picked":["Devotion","AT_RealColorLess"],"picked":"LessonLearned","floor":33.0},{"not_picked":["FlurryOfBlows","EmptyFist","Prostrate"],"picked":"SKIP","floor":35.0},{"not_picked":["BowlingBash","Evaluate+1","FlurryOfBlows"],"picked":"SKIP","floor":35.0},{"not_picked":["AT_IrregularMenstruation","AT_RealColorLess","DevaForm"],"picked":"SKIP","floor":40.0},{"not_picked":["LessonLearned","Devotion"],"picked":"Omniscience","floor":41.0},{"not_picked":["LessonLearned","Judgement","AT_MachinaRedman"],"picked":"SKIP","floor":42.0},{"not_picked":["LessonLearned","Judgement","AT_MachinaRedman"],"picked":"SKIP","floor":42.0},{"not_picked":["Brilliance","Vault","AT_IrregularMenstruation"],"picked":"SKIP","floor":44.0},{"not_picked":["AT_RealFormLess+1","Halt+1"],"picked":"TalkToTheHand+1","floor":45.0},{"not_picked":["AT_OneInchPunch","DeceiveReality","EmptyBody"],"picked":"SKIP","floor":45.0},{"not_picked":["Ragnarok","Judgement","Alpha"],"picked":"SKIP","floor":46.0},{"not_picked":["DevaForm","Vault","Blasphemy"],"picked":"SKIP","floor":47.0},{"not_picked":["ThirdEye","Protect+1","FlyingSleeves"],"picked":"SKIP","floor":48.0},{"not_picked":["Conclude","ForeignInfluence+1","Crescendo"],"picked":"SKIP","floor":48.0},{"not_picked":["AT_IrregularMenstruation","Alpha","SpiritShield"],"picked":"SKIP","floor":55}],"player_experience":517878,"relics_obtained":[{"floor":6.0,"key":"Prayer Wheel"},{"floor":8.0,"key":"MawBank"},{"floor":9.0,"key":"AT_LudenTempest"},{"floor":12.0,"key":"AT_SpeedBoots"},{"floor":13.0,"key":"War Paint"},{"floor":14.0,"key":"Ginger"},{"floor":21.0,"key":"Red Mask"},{"floor":23.0,"key":"Ornamental Fan"},{"floor":24.0,"key":"Peace Pipe"},{"floor":25.0,"key":"Calipers"},{"floor":26.0,"key":"AT_ImmortalShieldbow"},{"floor":27.0,"key":"Unceasing Top"},{"floor":29.0,"key":"TungstenRod"},{"floor":30.0,"key":"The Courier"},{"floor":31.0,"key":"Art of War"},{"floor":39.0,"key":"Gambling Chip"},{"floor":40.0,"key":"AT_BellowingDragoncrestRing"},{"floor":41.0,"key":"Anchor"},{"floor":42.0,"key":"Mummified Hand"},{"floor":44.0,"key":"AT_ForceNature"},{"floor":46.0,"key":"MealTicket"},{"floor":47.0,"key":"Lantern"},{"floor":55,"key":"Incense Burner"}],"event_choices":[{"cards_removed":["EmptyMind"],"damage_healed":0.0,"max_hp_gain":0.0,"max_hp_loss":0.0,"gold_gain":0.0,"event_name":"Golden Wing","player_choice":"Card Removal","floor":2.0,"gold_loss":0.0,"damage_taken":7.0},{"damage_healed":0.0,"max_hp_gain":0.0,"max_hp_loss":0.0,"gold_gain":0.0,"event_name":"Liars Game","player_choice":"Ignored","floor":3.0,"gold_loss":0.0,"damage_taken":0.0},{"cards_removed":["FlurryOfBlows"],"damage_healed":5.0,"max_hp_gain":0.0,"max_hp_loss":0.0,"gold_gain":0.0,"event_name":"Bonfire Elementals","player_choice":"Offered Common","floor":4.0,"gold_loss":0.0,"damage_taken":0.0},{"cards_removed":["FlurryOfBlows"],"damage_healed":5.0,"max_hp_gain":0.0,"max_hp_loss":0.0,"gold_gain":0.0,"event_name":"Bonfire Elementals","player_choice":"Offered Special","floor":4.0,"gold_loss":0.0,"damage_taken":0.0},{"damage_healed":0.0,"max_hp_gain":0.0,"max_hp_loss":0.0,"gold_gain":0.0,"event_name":"The Library","player_choice":"Read","floor":19.0,"gold_loss":0.0,"damage_taken":0.0,"cards_obtained":["MentalFortress"]},{"damage_healed":0.0,"max_hp_gain":0.0,"max_hp_loss":0.0,"gold_gain":0.0,"event_name":"Masked Bandits","player_choice":"Fought Bandits","floor":21.0,"gold_loss":0.0,"damage_taken":0.0},{"damage_healed":0.0,"max_hp_gain":0.0,"max_hp_loss":0.0,"gold_gain":0.0,"event_name":"Vampires","player_choice":"Ignored","floor":22.0,"gold_loss":0.0,"damage_taken":0.0},{"damage_healed":0.0,"max_hp_gain":0.0,"max_hp_loss":0.0,"gold_gain":0.0,"event_name":"Mysterious Sphere","player_choice":"Fight","floor":37.0,"gold_loss":0.0,"damage_taken":0.0},{"damage_healed":0.0,"max_hp_gain":0.0,"max_hp_loss":0.0,"gold_gain":0.0,"event_name":"SensoryStone","player_choice":"Memory 1","floor":38.0,"gold_loss":0.0,"damage_taken":0.0},{"damage_healed":0.0,"max_hp_gain":0.0,"max_hp_loss":0.0,"gold_gain":0.0,"event_name":"MindBloom","player_choice":"Fight","floor":39.0,"gold_loss":0.0,"damage_taken":0.0}],"is_beta":false,"boss_relics":[{"not_picked":["Calling Bell","Astrolabe"],"picked":"Runic Dome"},{"not_picked":["Velvet Choker","Empty Cage"],"picked":"VioletLotus"}],"items_purged_floors":[20,36],"is_endless":false,"potions_floor_spawned":[1,11,13,21,27,29,31,33,37,39,46,47,48],"ascension_level":20}}