{"host":"mal0jdk4f6ubgyb8","time":1611412645,"event":{"mods":["100% Spire Juice","Act Like it!","Arknights The Spire","Aspiration","BaseMod","Gensokyo","Hallownest","Koishi","Luminous","Marisa£®ÏF”Í°°ƒß¿Ì…≥£©","Minty Spire (QoL Compilation)","Quick Restart","Reimu£®≤©¿ˆ¡È√Œ£©","Relic Stats","Remilia£®¿Ÿ√◊¿Ú—«£©","StSLib","The Bug Knight","WarShipGirlsR/’ΩΩ¢…Ÿ≈ÆR mod","Yakumo Yukari mod","Youmu£®ªÍ∆«—˝√Œ£©","Yuri Mod","Yuyuko"],"gold_per_floor":[116,0,13,13,23,48,65,78,78,109,109,109,140,172,184,196,196],"floor_reached":16,"language":"ZHS","playtime":3038,"items_purged":[],"score":145,"play_id":"642a15b4-5429-4770-950e-a34a1400f17d","local_time":"20210123223725","is_ascension_mode":true,"campfire_choices":[{"data":"RedNightlessCastle","floor":11.0,"key":"SMITH"},{"data":"TwelveNightmare","floor":15.0,"key":"SMITH"}],"circlet_count":0,"master_deck":["Strike_RM","Strike_RM","Strike_RM","Strike_RM","Defend_RM","Defend_RM","Defend_RM","Defend_RM","RedMoon","ScarletShoot","BombardNight","DiffusionOfMisfortune","ScarletDevil","NightDance","ScarletImprint+1","BombardNight","RedNightlessCastle+1","TwelveNightmare+1","BloodyHallows"],"relics":["ScarletHat","NeowsBlessing","Hallownest:BankAccountRelic","Hallownest:DreamNailRelic","Dream Catcher","Tea:ReiMu","MawBank"],"acts_visited":["Exordium"],"potions_floor_usage":[],"damage_taken":[{"damage":0.0,"enemies":"Hallownest:2_Tiktiks_and_1_Crawlid","floor":1.0,"turns":2.0},{"damage":0.0,"enemies":"Hallownest:2_Baldur","floor":3.0,"turns":1.0},{"damage":0.0,"enemies":"Hallownest:2_MossCreeps","floor":5.0,"turns":1.0},{"damage":6.0,"enemies":"Hallownest:eliteCrystalGuardian","floor":6.0,"turns":8.0},{"damage":2.0,"enemies":"Hallownest:monsterMossCharger","floor":7.0,"turns":3.0},{"damage":24.0,"enemies":"Hallownest:1_Ooma_and_2_Uuma","floor":8.0,"turns":9.0},{"damage":1.0,"enemies":"Hallownest:eliteMossKnight","floor":10.0,"turns":8.0},{"damage":22.0,"enemies":"Hallownest:eliteCrystalGuardian","floor":13.0,"turns":7.0},{"damage":0.0,"enemies":"Hallownest:MossCreep_and_Mosskin","floor":14.0,"turns":4.0},{"damage":42,"enemies":"Hallownest:BossFalseKnight","floor":16,"turns":6}],"seed_played":"2853334412756240042","potions_obtained":[{"floor":3.0,"key":"Block Potion"},{"floor":6.0,"key":"SkillPotion"},{"floor":8.0,"key":"Weak Potion"}],"is_trial":false,"path_per_floor":["M","?","M","?","M","E","M","M","T","E","R","?","E","M","R","B"],"character_chosen":"REMILIA","items_purchased":[],"campfire_rested":0,"item_purchase_floors":[],"current_hp_per_floor":[75,75,75,75,75,70,70,49,49,52,52,52,33,33,33,0,0],"gold":196,"neow_bonus":"THREE_ENEMY_KILL","is_daily":false,"chose_seed":false,"campfire_upgraded":2,"win_rate":0.0,"timestamp":1611412645,"path_taken":["M","?","M","?","?","E","M","M","T","E","R","?","E","M","R","BOSS"],"items_purchased_type":[],"build_version":"2020-12-22","purchased_purges":0,"victory":false,"max_hp_per_floor":[75,75,75,75,75,75,75,75,75,75,75,75,75,75,75,75,75],"relic_stats":{"Dream Catcher":0,"counters":[10,49],"MawBank":36,"obtain_stats":[{"Dream Catcher":6,"NeowsBlessing":0,"Hallownest:BankAccountRelic":2,"Tea:ReiMu":10,"Hallownest:DreamNailRelic":4,"MawBank":13,"ScarletHat":0},{"Dream Catcher":4,"NeowsBlessing":0,"Hallownest:BankAccountRelic":1,"Tea:ReiMu":7,"Hallownest:DreamNailRelic":2,"MawBank":8,"ScarletHat":0},{"Dream Catcher":12,"NeowsBlessing":0,"Hallownest:BankAccountRelic":2,"Tea:ReiMu":32,"Hallownest:DreamNailRelic":3,"MawBank":39,"ScarletHat":0}]},"card_choices":[{"not_picked":["UnderTheZenith","BloodyTrap"],"picked":"BombardNight","floor":1.0},{"not_picked":["CharismaGuard","AfternoonTea"],"picked":"DiffusionOfMisfortune","floor":3.0},{"not_picked":["UnstableMagic","StarOfDavid"],"picked":"ScarletDevil","floor":5.0},{"not_picked":["EndlessAdversity","FavorOfDestiny"],"picked":"NightDance","floor":6.0},{"not_picked":["Stigmanizer","ChainGang"],"picked":"ScarletImprint","floor":7.0},{"not_picked":["ScarletImprint","ScarletDevil"],"picked":"BombardNight","floor":8.0},{"not_picked":["RedRainbow","EndlessAdversity"],"picked":"RedNightlessCastle","floor":10.0},{"not_picked":["RedMagic","NightDance"],"picked":"TwelveNightmare","floor":13.0},{"not_picked":["UnderTheZenith","BombardNight"],"picked":"BloodyHallows","floor":14.0}],"player_experience":340686,"relics_obtained":[{"floor":6.0,"key":"Dream Catcher"},{"floor":10.0,"key":"Tea:ReiMu"},{"floor":13.0,"key":"MawBank"}],"event_choices":[],"is_beta":false,"boss_relics":[],"items_purged_floors":[],"is_endless":false,"potions_floor_spawned":[3,6,8],"killed_by":"Hallownest:BossFalseKnight","ascension_level":5}}