{"host":"2e3z4r48quhw80cc","time":1611391452,"event":{"mods":["BaseMod","Minty Spire (QoL Compilation)","Quick Restart","StSLib","SuperFastMode"],"gold_per_floor":[110,1,14,14,89,89,116,129,129,129,164,10,20,20,20,20,20],"floor_reached":16,"language":"KOR","playtime":287,"items_purged":["Strike_B"],"score":166,"play_id":"096c8206-b76e-4091-8e0b-25b91256c22b","local_time":"20210123174412","is_ascension_mode":true,"campfire_choices":[{"data":"Zap","floor":6.0,"key":"SMITH"},{"data":"Dualcast","floor":10.0,"key":"SMITH"},{"data":"Lockon","floor":15.0,"key":"SMITH"}],"circlet_count":0,"master_deck":["Strike_B","Strike_B","Strike_B","Defend_B","Defend_B","Defend_B","Defend_B","Zap+1","Dualcast+1","Force Field","Heatsinks","Ball Lightning","Core Surge","Lockon+1","Glacier"],"relics":["Cracked Core","NeowsBlessing","CaptainsWheel","Ginger","Blood Vial","Medical Kit"],"acts_visited":["Exordium"],"potions_floor_usage":[16],"damage_taken":[{"damage":0.0,"enemies":"Jaw Worm","floor":1.0,"turns":1.0},{"damage":0.0,"enemies":"2 Louse","floor":3.0,"turns":1.0},{"damage":0.0,"enemies":"Lagavulin","floor":7.0,"turns":1.0},{"damage":1.0,"enemies":"Cultist","floor":8.0,"turns":3.0},{"damage":40.0,"enemies":"3 Sentries","floor":11.0,"turns":7.0},{"damage":0.0,"enemies":"2 Fungi Beasts","floor":13.0,"turns":2.0},{"damage":32,"enemies":"Slime Boss","floor":16,"turns":11}],"seed_played":"-3351583685321513807","potions_obtained":[{"floor":1.0,"key":"DistilledChaos"},{"floor":13.0,"key":"ColorlessPotion"}],"is_trial":false,"path_per_floor":["M","$","M","?","?","R","E","M","T","R","E","$","M","$","R","B"],"character_chosen":"DEFECT","items_purchased":["Heatsinks","Medical Kit"],"campfire_rested":0,"item_purchase_floors":[2,12],"current_hp_per_floor":[75,75,75,80,69,69,69,68,68,68,28,28,30,30,30,0,0],"gold":20,"neow_bonus":"THREE_ENEMY_KILL","is_daily":false,"chose_seed":false,"campfire_upgraded":3,"win_rate":0.0,"timestamp":1611391452,"path_taken":["M","$","M","?","?","R","E","M","T","R","E","?","?","?","R","BOSS"],"items_purchased_type":["Card","Relic"],"build_version":"2020-12-22","purchased_purges":1,"victory":false,"max_hp_per_floor":[75,75,75,80,80,80,80,80,80,80,80,80,80,80,80,80,80],"card_choices":[{"not_picked":["Compile Driver","Go for the Eyes"],"picked":"Force Field","floor":1.0},{"not_picked":["Blizzard","Genetic Algorithm"],"picked":"Ball Lightning","floor":3.0},{"not_picked":["Turbo","Compile Driver","Reprogram"],"picked":"SKIP","floor":7.0},{"not_picked":["Hologram","Steam Power"],"picked":"Core Surge","floor":8.0},{"not_picked":["Genetic Algorithm","Compile Driver"],"picked":"Lockon","floor":11.0},{"not_picked":["Force Field","Gash"],"picked":"Glacier","floor":13.0}],"player_experience":70057,"relics_obtained":[{"floor":7.0,"key":"CaptainsWheel"},{"floor":9.0,"key":"Ginger"},{"floor":11.0,"key":"Blood Vial"}],"event_choices":[{"damage_healed":0.0,"max_hp_gain":5.0,"max_hp_loss":0.0,"gold_gain":0.0,"event_name":"Big Fish","player_choice":"Donut","floor":4.0,"gold_loss":0.0,"damage_taken":0.0},{"damage_healed":0.0,"max_hp_gain":0.0,"max_hp_loss":0.0,"gold_gain":75.0,"event_name":"World of Goop","player_choice":"Gather Gold","floor":5.0,"gold_loss":0.0,"damage_taken":11.0}],"is_beta":false,"boss_relics":[],"items_purged_floors":[2],"is_endless":false,"potions_floor_spawned":[1,13],"killed_by":"Slime Boss","ascension_level":5}}