{"host":"dtvgc7uk609653br","time":1611375150,"event":{"mods":["BaseMod","Minty Spire (QoL Compilation)","StSLib","The Bladedancer"],"gold_per_floor":[113,113,113,32,46,80,95,95,149,80,93,93,93,109,109,230,230,250,275,43,56,56,89,108,124,124,139,139,43,43,63,63,182,182,206,106,131,131,131,175,193,193,193,217,145,170,170,16,16,16],"floor_reached":51,"language":"ENG","playtime":2461,"items_purged":["Parasite","blademaster:BladeDance"],"score":699,"play_id":"92ba0720-ef52-4835-aa84-4771b8668781","local_time":"20210122231230","is_ascension_mode":false,"campfire_choices":[{"floor":8,"key":"REST"},{"data":"blademaster:DeadlyDance","floor":15,"key":"SMITH"},{"floor":32,"key":"REST"},{"floor":47,"key":"REST"},{"floor":49,"key":"REST"}],"circlet_count":0,"master_deck":["blademaster:Strike+1","blademaster:Strike","blademaster:Defend","blademaster:Defend","blademaster:Defend","blademaster:RagingBlow","blademaster:HighVoltage","blademaster:DeadlyDance+1","blademaster:ThunderingOpener+1","blademaster:FuriousStrike","blademaster:Rupture","blademaster:Flurry","blademaster:Empower","blademaster:Stormstrike","blademaster:Blockade+1","blademaster:RollingTyphoon","blademaster:Rupture","blademaster:BladeMastery","blademaster:Safeguard","blademaster:CloudOfSteel","Dramatic Entrance","blademaster:Blockade"],"relics":["blademaster:DancersAmulet","Centennial Puzzle","Vajra","Golden Idol","SlaversCollar","Whetstone","Bottled Lightning","Darkstone Periapt","Fusion Hammer","Sundial","Molten Egg 2","Strawberry"],"acts_visited":["Exordium","TheCity","TheBeyond"],"potions_floor_usage":[7,11,24,25,25,28,28,37,50],"damage_taken":[{"damage":0,"enemies":"Cultist","floor":1,"turns":5},{"damage":0,"enemies":"Small Slimes","floor":5,"turns":3},{"damage":41,"enemies":"Gremlin Nob","floor":6,"turns":6},{"damage":6,"enemies":"Jaw Worm","floor":7,"turns":3},{"damage":11,"enemies":"Large Slime","floor":11,"turns":2},{"damage":0,"enemies":"Looter","floor":14,"turns":3},{"damage":42,"enemies":"Hexaghost","floor":16,"turns":11},{"damage":30,"enemies":"Chosen","floor":18,"turns":8},{"damage":13,"enemies":"Shell Parasite","floor":19,"turns":5},{"damage":17,"enemies":"Shelled Parasite and Fungi","floor":21,"turns":5},{"damage":7,"enemies":"Book of Stabbing","floor":23,"turns":5},{"damage":3,"enemies":"Snake Plant","floor":24,"turns":2},{"damage":0,"enemies":"Centurion and Healer","floor":25,"turns":5},{"damage":5,"enemies":"Chosen and Byrds","floor":27,"turns":4},{"damage":3,"enemies":"Colosseum Slavers","floor":28,"turns":3},{"damage":10,"enemies":"Snecko","floor":31,"turns":3},{"damage":30,"enemies":"Champ","floor":33,"turns":10},{"damage":8,"enemies":"3 Shapes","floor":35,"turns":5},{"damage":13,"enemies":"3 Darklings","floor":37,"turns":5},{"damage":33,"enemies":"Reptomancer","floor":40,"turns":7},{"damage":11,"enemies":"4 Shapes","floor":41,"turns":5},{"damage":13,"enemies":"Writhing Mass","floor":44,"turns":5},{"damage":0,"enemies":"Sphere and 2 Shapes","floor":46,"turns":3},{"damage":20,"enemies":"Time Eater","floor":50,"turns":10}],"seed_played":"2874383608863357593","potions_obtained":[{"floor":1,"key":"Swift Potion"},{"floor":5,"key":"Fire Potion"},{"floor":6,"key":"SmokeBomb"},{"floor":14,"key":"Energy Potion"},{"floor":23,"key":"Energy Potion"},{"floor":24,"key":"Fire Potion"},{"floor":25,"key":"Fire Potion"},{"floor":33,"key":"EssenceOfSteel"},{"floor":37,"key":"Fruit Juice"},{"floor":44,"key":"Swift Potion"}],"is_trial":false,"path_per_floor":["M","?","?","$","M","E","M","R","T","$","M","?","?","M","R","B",null,"M","M","$","M","?","E","M","M","T","M","?","$","?","M","R","B",null,"M","$","M","?","?","E","M","?","T","M","$","M","R","$","R","B",null],"character_chosen":"THE_BLADEMASTER","items_purchased":["blademaster:ThunderingOpener","blademaster:Rupture","Whetstone","FairyPotion","blademaster:Blockade","Strawberry"],"campfire_rested":4,"item_purchase_floors":[4,10,20,29,45,48],"current_hp_per_floor":[75,80,80,80,80,39,33,57,57,57,46,26,46,46,46,4,80,50,37,37,20,20,13,10,10,10,5,2,2,2,23,46,16,77,69,69,61,61,61,28,17,72,72,59,59,59,72,79,79,59],"gold":16,"neow_bonus":"ONE_RANDOM_RARE_CARD","is_daily":false,"chose_seed":false,"campfire_upgraded":1,"win_rate":0.0,"timestamp":1611375150,"path_taken":["M","?","?","$","M","E","M","R","T","$","?","?","?","M","R","BOSS","M","M","$","M","?","E","M","M","T","M","?","$","?","M","R","BOSS","M","$","M","?","?","E","M","?","T","M","$","M","R","$","R","BOSS"],"items_purchased_type":["Card","Card","Relic","Potion","Card","Relic"],"build_version":"2020-12-22","purchased_purges":2,"victory":true,"max_hp_per_floor":[75,80,80,80,80,80,80,80,80,80,80,80,80,80,80,80,80,80,80,77,77,77,77,77,77,77,77,77,77,77,77,77,77,77,77,77,82,82,82,82,82,72,72,72,72,72,72,79,79,79],"card_choices":[{"not_picked":["blademaster:Rupture","blademaster:Quickstep"],"picked":"blademaster:DeadlyDance","floor":1},{"not_picked":["blademaster:ParryingStrike","blademaster:DaggerAndCloak","blademaster:Sharpen"],"picked":"SKIP","floor":5},{"not_picked":["blademaster:Slice","blademaster:RollingTyphoon","blademaster:ChargingUp"],"picked":"SKIP","floor":6},{"not_picked":["blademaster:Safeguard","blademaster:Quickness"],"picked":"blademaster:FuriousStrike","floor":7},{"not_picked":["blademaster:LightningCrash","blademaster:AwakeningStrike","blademaster:Safeguard"],"picked":"SKIP","floor":11},{"not_picked":["blademaster:KiBarrier","blademaster:Quickness"],"picked":"blademaster:Flurry","floor":14},{"not_picked":["blademaster:BladeDance","blademaster:Flash"],"picked":"blademaster:Empower","floor":16},{"not_picked":["blademaster:AirSlash+1","blademaster:Momentum"],"picked":"blademaster:Stormstrike","floor":18},{"not_picked":["blademaster:ThunderingOpener","blademaster:Quickstep+1"],"picked":"blademaster:Blockade+1","floor":19},{"not_picked":["blademaster:Thrust+1","blademaster:Quickstep+1","blademaster:ThunderSlash+1"],"picked":"SKIP","floor":21},{"not_picked":["blademaster:Slice","blademaster:FuryOfTheElements"],"picked":"blademaster:BladeMastery","floor":23},{"not_picked":["blademaster:Slice","blademaster:ThunderSlash","blademaster:BloodyBlow"],"picked":"SKIP","floor":24},{"not_picked":["blademaster:Sunder","blademaster:OneTrickPony","blademaster:BladeMastery"],"picked":"SKIP","floor":25},{"not_picked":["blademaster:Thrust+1","blademaster:TraverseCut","blademaster:Safeguard"],"picked":"SKIP","floor":27},{"not_picked":["blademaster:AwakeningStrike+1","blademaster:Sharpen"],"picked":"blademaster:Safeguard","floor":31},{"not_picked":["blademaster:ThreePointStrike","blademaster:ColdBlood"],"picked":"blademaster:CloudOfSteel","floor":33},{"not_picked":["blademaster:Stability+1","blademaster:Safeguard","blademaster:Flurry+1"],"picked":"SKIP","floor":35},{"not_picked":["blademaster:ChargingUp","blademaster:BloodyBlow","blademaster:Thrust"],"picked":"SKIP","floor":37},{"not_picked":["Mayhem","Good Instincts"],"picked":"Dramatic Entrance","floor":38},{"not_picked":["blademaster:Quickness+1","blademaster:ParryingStrike","blademaster:Discharge+1"],"picked":"SKIP","floor":40},{"not_picked":["blademaster:FuriousStrike","blademaster:Stormstrike+1","blademaster:SlyStabs"],"picked":"SKIP","floor":41},{"not_picked":["blademaster:DragonStrike+1","blademaster:Sunder+1","blademaster:CullingStrike+1"],"picked":"SKIP","floor":44},{"not_picked":["blademaster:DragonStrike+1","blademaster:AwakeningDefend","blademaster:AwakeningStrike+1"],"picked":"SKIP","floor":46}],"player_experience":529151,"relics_obtained":[{"floor":6,"key":"Centennial Puzzle"},{"floor":6,"key":"blademaster:LightningChargePerk"},{"floor":9,"key":"Vajra"},{"floor":23,"key":"Bottled Lightning"},{"floor":23,"key":"blademaster:FuryEveryTurnPerk"},{"floor":26,"key":"Darkstone Periapt"},{"floor":40,"key":"Sundial"},{"floor":40,"key":"blademaster:BleedingMoreDamagePerk"},{"floor":43,"key":"Molten Egg 2"}],"event_choices":[{"damage_healed":0,"gold_gain":0,"player_choice":"Donut","damage_taken":0,"max_hp_gain":5,"max_hp_loss":0,"event_name":"Big Fish","floor":2,"gold_loss":0},{"cards_removed":["blademaster:Strike"],"damage_healed":0,"gold_gain":0,"player_choice":"Purged","damage_taken":0,"max_hp_gain":0,"max_hp_loss":0,"event_name":"Purifier","floor":3,"gold_loss":0},{"damage_healed":0,"gold_gain":0,"player_choice":"Take Damage","damage_taken":20,"relics_obtained":["Golden Idol"],"max_hp_gain":0,"max_hp_loss":0,"event_name":"Golden Idol","floor":12,"gold_loss":0},{"damage_healed":20,"gold_gain":0,"player_choice":"Healed and dodged fight","damage_taken":0,"max_hp_gain":0,"max_hp_loss":0,"event_name":"Mushrooms","floor":13,"gold_loss":0,"cards_obtained":["Parasite"]},{"damage_healed":0,"gold_gain":0,"cards_transformed":["blademaster:Strike","blademaster:Defend"],"player_choice":"Became Test Subject","damage_taken":0,"max_hp_gain":0,"max_hp_loss":0,"event_name":"Drug Dealer","floor":22,"gold_loss":0,"cards_obtained":["blademaster:RollingTyphoon","blademaster:Rupture"]},{"damage_healed":0,"gold_gain":0,"player_choice":"Fight","damage_taken":0,"max_hp_gain":0,"max_hp_loss":0,"event_name":"Colosseum","floor":28,"gold_loss":0},{"damage_healed":0,"gold_gain":0,"player_choice":"Fled From Nobs","damage_taken":0,"max_hp_gain":0,"max_hp_loss":0,"event_name":"Colosseum","floor":28,"gold_loss":0},{"damage_healed":0,"gold_gain":0,"player_choice":"Ignored","damage_taken":0,"max_hp_gain":0,"max_hp_loss":0,"event_name":"Cursed Tome","floor":30,"gold_loss":0},{"damage_healed":0,"gold_gain":0,"player_choice":"Memory 1","damage_taken":0,"max_hp_gain":0,"max_hp_loss":0,"event_name":"SensoryStone","floor":38,"gold_loss":0},{"damage_healed":0,"gold_gain":0,"player_choice":"Ignored","damage_taken":0,"max_hp_gain":0,"max_hp_loss":0,"event_name":"Mysterious Sphere","floor":39,"gold_loss":0},{"damage_healed":72,"gold_gain":0,"player_choice":"Heal","damage_taken":0,"max_hp_gain":0,"max_hp_loss":10,"event_name":"The Moai Head","floor":42,"gold_loss":0}],"is_beta":false,"boss_relics":[{"not_picked":["Runic Pyramid","Cursed Key"],"picked":"SlaversCollar"},{"not_picked":["Coffee Dripper","Astrolabe"],"picked":"Fusion Hammer"}],"items_purged_floors":[20,36],"is_endless":false,"potions_floor_spawned":[1,5,6,14,23,24,25,33,37,44],"ascension_level":0}}