{"host":"urvvf8749ekcxo1a","time":1611361376,"event":{"mods":["AchievementEnabler","BaseMod","Better Sensory Stone","BetterRewards","Colored Powertips","Evolution","Gold Saver","Marisa????????","Minty Spire (QoL Compilation)","Quick Restart","StSLib","SuperFastMode","The Cursed","The Hierophant","The Saiyan","The Servant 0.9.4","The Wild Card"],"gold_per_floor":[2945,2563,2563,1895,1845,1845,1845,1765,1765,1765,1775,1813,1825,1627,1627,1736,1736,1749,1758,1415,1439,880,880,880,880,904,944,801,751,751,788,788,900,900,920,979,928,638,656,656,667,667,667,667,667,710,710,728,728,728],"floor_reached":51,"language":"ENG","playtime":1204,"items_purged":["Saiyan:SuperSaiyanThree","Defend_P","Strike_P"],"score":849,"play_id":"2693b74c-8165-4a89-aec4-6ae423341008","local_time":"20210122192256","daily_mods":["Vintage","Heirloom","Time Dilation","Flight"],"is_ascension_mode":false,"campfire_choices":[{"data":"Consecrate","floor":6,"key":"SMITH"},{"data":"Eruption","floor":7,"key":"SMITH"},{"data":"DevaForm","floor":10,"key":"SMITH"},{"data":"Saiyan:SuperSaiyanForm","floor":15,"key":"SMITH"},{"data":"FlawlessForm","floor":23,"key":"SMITH"},{"data":"Echo Form","floor":24,"key":"SMITH"},{"data":"DeusExMachina","floor":25,"key":"SMITH"},{"data":"Prostrate","floor":30,"key":"SMITH"},{"data":"PathToVictory","floor":32,"key":"SMITH"},{"data":"Devotion","floor":42,"key":"SMITH"},{"data":"Madness","floor":44,"key":"SMITH"},{"data":"Madness","floor":45,"key":"SMITH"},{"data":"FollowUp","floor":47,"key":"SMITH"},{"data":"Brilliance","floor":49,"key":"SMITH"}],"circlet_count":0,"master_deck":["Wraith Form v2","Echo Form+1","DevaForm+1","Saiyan:SuperSaiyanForm+1","FlawlessForm+1","FlyingSleeves","Strike_P","Defend_P","Eruption+1","Vigilance","Consecrate+1","DeusExMachina+1","FollowUp","ClearTheMind","Brilliance+1","Prostrate+1","FlurryOfBlows","Crescendo+1","PathToVictory+1","Devotion+1","EmptyFist+1","FollowUp+1","Madness+1","Madness+1","SashWhip+1"],"relics":["PureWater","EVO:Axolotl","Peace Pipe","InkBottle","CeramicFish","Lantern","PreservedInsect","Strange Spoon","Bottled Flame","Tiny Chest","Meat on the Bone","Ancient Tea Set","Strawberry","Damaru","Omamori","Black Star","MealTicket","TungstenRod","Akabeko","Bottled Tornado","Mango","Vajra","Nunchaku","Potion Belt","Membership Card","Bird Faced Urn","The Courier","Empty Cage","Blood Vial","Dead Branch","Lizard Tail","TeardropLocket","Bronze Scales","StrikeDummy","Girya","Dream Catcher","Calipers"],"acts_visited":["Exordium","TheCity","TheBeyond"],"potions_floor_usage":[12,13,35,48],"damage_taken":[{"damage":14,"enemies":"2 Louse","floor":1,"turns":4},{"damage":0,"enemies":"Small Slimes","floor":11,"turns":1},{"damage":0,"enemies":"3 Sentries","floor":12,"turns":3},{"damage":0,"enemies":"Cultist","floor":13,"turns":3},{"damage":1,"enemies":"Slime Boss","floor":16,"turns":10},{"damage":13,"enemies":"Chosen","floor":18,"turns":5},{"damage":19,"enemies":"Slavers","floor":27,"turns":5},{"damage":0,"enemies":"Gremlin Leader","floor":31,"turns":3},{"damage":43,"enemies":"Collector","floor":33,"turns":7},{"damage":9,"enemies":"Orb Walker","floor":35,"turns":2},{"damage":0,"enemies":"Mind Bloom Boss Battle","floor":36,"turns":5},{"damage":0,"enemies":"3 Shapes","floor":41,"turns":1},{"damage":12,"enemies":"Giant Head","floor":46,"turns":2},{"damage":14,"enemies":"Transient","floor":48,"turns":5},{"damage":30,"enemies":"Time Eater","floor":50,"turns":7}],"seed_played":"-1807480096572733870","potions_obtained":[{"floor":1,"key":"DistilledChaos"},{"floor":12,"key":"BottledMiracle"},{"floor":18,"key":"StancePotion"},{"floor":41,"key":"Explosive Potion"},{"floor":48,"key":"SteroidPotion"}],"is_trial":true,"path_per_floor":["M","$","?","$","?","R","R","?","T","R","M","E","M","$","R","B",null,"M","?","$","T","$","R","R","R","T","E","$","?","R","E","R","B",null,"M","?","$","$","?","T","M","R","T","R","R","E","R","M","R","B",null],"character_chosen":"WATCHER","items_purchased":["CeramicFish","Lantern","Consecrate","DeusExMachina","PreservedInsect","Strange Spoon","Bottled Flame","Omamori","ClearTheMind","TungstenRod","FlurryOfBlows","Bottled Tornado","Mango","Membership Card","FollowUp","Lizard Tail","TeardropLocket"],"campfire_rested":0,"item_purchase_floors":[2,2,2,4,4,4,4,14,14,20,20,22,22,28,37,38,38],"current_hp_per_floor":[58,58,51,51,51,51,51,51,51,51,51,58,58,58,58,57,79,66,66,79,79,93,93,93,93,93,74,89,89,89,89,89,50,93,84,93,93,93,82,82,88,88,88,88,88,83,83,83,83,71],"gold":728,"neow_bonus":"","is_daily":false,"chose_seed":false,"campfire_upgraded":14,"win_rate":0.0,"timestamp":1611361376,"path_taken":["M","$","?","$","?","R","R","?","T","R","?","E","M","?","R","BOSS","M","?","$","?","$","R","R","R","T","E","$","?","R","E","R","BOSS","M","?","$","$","?","?","?","R","T","R","R","E","R","M","R","BOSS"],"items_purchased_type":["Relic","Relic","Card","Card","Relic","Relic","Relic","Relic","Card","Relic","Card","Relic","Relic","Relic","Card","Relic","Relic"],"build_version":"2020-12-22","purchased_purges":3,"victory":true,"max_hp_per_floor":[72,72,72,72,72,72,72,72,72,72,72,79,79,79,79,79,79,79,79,79,79,93,93,93,93,93,93,93,93,93,93,93,93,93,93,93,93,93,93,93,93,93,93,93,93,93,93,93,93,93],"card_choices":[{"not_picked":["Judgement","TalkToTheHand"],"picked":"FollowUp","floor":12},{"not_picked":["DeusExMachina","LessonLearned"],"picked":"Brilliance","floor":16},{"not_picked":["FlurryOfBlows","PathToVictory"],"picked":"Crescendo+1","floor":27},{"not_picked":["DevaForm","Weave"],"picked":"PathToVictory","floor":31},{"not_picked":["Establishment","ConjureBlade"],"picked":"Devotion","floor":33},{"not_picked":["ThirdEye","CutThroughFate"],"picked":"EmptyFist+1","floor":36},{"not_picked":["Weave","EmptyFist+1"],"picked":"SashWhip+1","floor":46}],"player_experience":141992,"relics_obtained":[{"floor":1,"key":"InkBottle"},{"floor":9,"key":"Meat on the Bone"},{"floor":11,"key":"Ancient Tea Set"},{"floor":12,"key":"Strawberry"},{"floor":13,"key":"Damaru"},{"floor":18,"key":"MealTicket"},{"floor":21,"key":"Akabeko"},{"floor":26,"key":"Vajra"},{"floor":27,"key":"Nunchaku"},{"floor":27,"key":"Potion Belt"},{"floor":31,"key":"Bird Faced Urn"},{"floor":31,"key":"The Courier"},{"floor":35,"key":"Blood Vial"},{"floor":36,"key":"Dead Branch"},{"floor":41,"key":"Bronze Scales"},{"floor":43,"key":"StrikeDummy"},{"floor":46,"key":"Girya"},{"floor":46,"key":"Dream Catcher"},{"floor":48,"key":"Calipers"}],"event_choices":[{"cards_removed":["Demon Form"],"damage_healed":0,"gold_gain":0,"player_choice":"Card Removal","damage_taken":7,"max_hp_gain":0,"max_hp_loss":0,"event_name":"Golden Wing","floor":3,"gold_loss":0},{"cards_removed":["Defend_P"],"damage_healed":0,"gold_gain":0,"player_choice":"Card Removal","damage_taken":0,"max_hp_gain":0,"max_hp_loss":0,"event_name":"The Cleric","floor":5,"gold_loss":50},{"damage_healed":0,"gold_gain":0,"player_choice":"Paid Gold","damage_taken":0,"relics_obtained":["Tiny Chest"],"max_hp_gain":0,"max_hp_loss":0,"event_name":"WeMeetAgain","floor":8,"gold_loss":80},{"damage_healed":0,"gold_gain":0,"player_choice":"Read","damage_taken":0,"max_hp_gain":0,"max_hp_loss":0,"event_name":"The Library","floor":19,"gold_loss":0,"cards_obtained":["Prostrate"]},{"damage_healed":0,"gold_gain":0,"player_choice":"Bet on Murderer","damage_taken":0,"max_hp_gain":0,"max_hp_loss":0,"event_name":"The Joust","floor":29,"gold_loss":50},{"damage_healed":0,"gold_gain":0,"player_choice":"Fight","damage_taken":0,"max_hp_gain":0,"max_hp_loss":0,"event_name":"MindBloom","floor":36,"gold_loss":0},{"damage_healed":0,"gold_gain":0,"player_choice":"Embrace Madness","damage_taken":12,"max_hp_gain":0,"max_hp_loss":0,"event_name":"Winding Halls","floor":39,"gold_loss":0,"cards_obtained":["Madness","Madness"]}],"is_beta":false,"boss_relics":[{"not_picked":["VioletLotus","Pandora\u0027s Box"],"picked":"Black Star"},{"not_picked":["Tiny House","Fusion Hammer"],"picked":"Empty Cage"}],"items_purged_floors":[2,37,38],"is_endless":false,"potions_floor_spawned":[1,12,18,41,48],"ascension_level":0}}