{"host":"irwdypew7j0recua","time":1611413373,"event":{"mods":["AchievementEnabler","BaseMod","Better Third Choice","Better Vampires","BetterRewards","Conspire","Custom Start","Downfall","Googly Eyes","Hermit","Infinite Spire","KomeijiMod","Marisa????????","Minty Spire (QoL Compilation)","Quick Restart","Rare Cards Sparkle","Reworked Bosses","Shop Mod","Spicy Shops","StSLib","The Construct","The Cursed","The Necromancer","WarShipGirlsR/????R mod"],"gold_per_floor":[112,122,122,133,148,148,186,209,260,260,293,325,337,521,521,632,632,668,668,9,70,86,86,129,139,139,139],"floor_reached":25,"language":"ENG","playtime":2425,"items_purged":[],"score":292,"play_id":"83b56836-5efd-4dc9-8d2a-09b33396b16d","local_time":"20210123124933","is_ascension_mode":false,"campfire_choices":[{"data":"infinitespire:Collect","floor":6,"key":"SMITH"},{"floor":15,"key":"REST"},{"data":"Slimebound:SlimeBrawl","floor":23,"key":"SMITH"}],"circlet_count":0,"master_deck":["hermit:FromBeyond","infinitespire:FutureSight","infinitespire:Collect+1","infinitespire:FutureSight","Slimebound:PressTheAttack","Slimebound:ForwardTackle","Slimebound:SlimeBarrage+1","Slimebound:Split","Slimebound:Split","Slimebound:SplitAcid","Slimebound:SplitMire","Slimebound:SplitBruiser","Slimebound:SlimeBrawl+1","Slimebound:Darklings","Slimebound:Teamwork","Slimebound:FormOfPuddle","Slimebound:SpikyOuterGoop","Slimebound:AcidTongue","Slimebound:Gluttony","Slimebound:MinionMaster","Slimebound:Recycling","Slimebound:SelfFormingGoo","Enlightenment","Apotheosis","Slimebound:LeadByExample","Slimebound:SplitAcid","Slimebound:LevelUp","Slimebound:LevelUp","Slimebound:WasteNot","Slimebound:LeechingTouch","Slimebound:DuplicatedForm","Slimebound:Equalize+1","Slimebound:PressTheAttack","Slimebound:Equalize"],"relics":["Slimebound:AbsorbEndCombat","Ring of the Snake","Ice Cream","CeramicFish","Smiling Mask","infinitespire:Midas Blood","Empty Cage","Whetstone","CaptainsWheel","Cauldron","Pen Nib"],"acts_visited":["Exordium","TheCity"],"potions_floor_usage":[18,25],"damage_taken":[{"damage":5,"enemies":"Jaw Worm","floor":1,"turns":2},{"damage":6,"enemies":"Cultist","floor":2,"turns":3},{"damage":12,"enemies":"2 Louse","floor":4,"turns":3},{"damage":8,"enemies":"Large Slime","floor":5,"turns":4},{"damage":0,"enemies":"3 Sentries","floor":7,"turns":1},{"damage":5,"enemies":"conspire:2 RoseBushes","floor":8,"turns":2},{"damage":15,"enemies":"Lagavulin","floor":11,"turns":4},{"damage":2,"enemies":"Exordium Wildlife","floor":12,"turns":2},{"damage":2,"enemies":"Large Slime","floor":13,"turns":4},{"damage":0,"enemies":"Slime Boss","floor":16,"turns":3},{"damage":59,"enemies":"2 Thieves","floor":18,"turns":4},{"damage":37,"enemies":"3 Byrds","floor":21,"turns":4},{"damage":17,"enemies":"Centurion and Healer","floor":22,"turns":4},{"damage":15,"enemies":"Chosen and Byrds","floor":24,"turns":4},{"damage":31,"enemies":"Snake Plant","floor":25,"turns":2}],"seed_played":"8530922774674567621","potions_obtained":[{"floor":1,"key":"Strength Potion"},{"floor":2,"key":"LiquidMemories"},{"floor":4,"key":"SneckoOil"},{"floor":12,"key":"Explosive Potion"},{"floor":20,"key":"FairyPotion"},{"floor":20,"key":"FairyPotion"},{"floor":20,"key":"Slimebound:ThreeZeroPotion"},{"floor":24,"key":"sneckomod:MuddlingPotion"}],"is_trial":true,"path_per_floor":["M","M","?","M","M","R","E","M","T","?","E","M","M","?","R","B",null,"M","?","$","M","M","R","M","M"],"character_chosen":"SLIMEBOUND","items_purchased":["Whetstone","CaptainsWheel","Cauldron","Pen Nib"],"campfire_rested":1,"item_purchase_floors":[20,20,20,20],"current_hp_per_floor":[60,56,56,44,38,38,38,37,37,58,43,41,43,43,62,64,65,12,12,12,25,22,22,13,0,0,0],"gold":139,"neow_bonus":"","is_daily":false,"chose_seed":false,"campfire_upgraded":2,"win_rate":0.0,"timestamp":1611413373,"path_taken":["M","M","?","M","?","R","E","M","T","?","E","M","M","?","R","BOSS","M","?","$","M","M","R","M","M"],"items_purchased_type":["Relic","Relic","Relic","Relic"],"build_version":"2020-12-22","purchased_purges":0,"victory":false,"max_hp_per_floor":[65,65,65,65,65,65,65,65,65,65,65,65,65,65,65,65,65,65,65,65,65,65,65,65,65,65,65],"card_choices":[{"not_picked":["Slimebound:SplitMire","Slimebound:HauntingLick"],"picked":"Slimebound:LeadByExample","floor":1},{"not_picked":["Slimebound:LivingWall","Slimebound:GoopTackle"],"picked":"Slimebound:SplitAcid","floor":2},{"not_picked":["Slimebound:SpikyOuterGoop","Slimebound:Replication"],"picked":"Slimebound:LevelUp","floor":4},{"not_picked":["Slimebound:RollThrough","Slimebound:HauntingLick","Slimebound:LeechEnergy"],"picked":"SKIP","floor":5},{"not_picked":["Slimebound:ForwardTackle","Slimebound:DisruptingSlam"],"picked":"Slimebound:LevelUp","floor":7},{"not_picked":["Slimebound:ComboTackle","Slimebound:GoopTackle"],"picked":"Slimebound:WasteNot","floor":8},{"not_picked":["Slimebound:PrepareCrush","Slimebound:Replication","Slimebound:ServeAndProtect"],"picked":"SKIP","floor":11},{"not_picked":["Slimebound:LivingWall","Slimebound:Prepare"],"picked":"Slimebound:LeechingTouch","floor":12},{"not_picked":["Slimebound:GoopTackle","Slimebound:LeechingTouch","Slimebound:GoopSpray"],"picked":"SKIP","floor":13},{"not_picked":["Slimebound:FirmFortitude","Slimebound:OneTwoCombo"],"picked":"Slimebound:DuplicatedForm","floor":16},{"not_picked":["Slimebound:SplitBruiser","Slimebound:SplitLeeching"],"picked":"Slimebound:Equalize","floor":18},{"not_picked":["Slimebound:LeechingTouch+1","Slimebound:RejuvenatingLick"],"picked":"Slimebound:PressTheAttack","floor":21},{"not_picked":["Slimebound:FinishingTackle","Slimebound:ViciousTackle","Slimebound:ComboTackle"],"picked":"SKIP","floor":22},{"not_picked":["Slimebound:SamplingLick+1","Slimebound:DivideAndConquer+1"],"picked":"Slimebound:Equalize","floor":24}],"player_experience":166123,"relics_obtained":[{"floor":7,"key":"CeramicFish"},{"floor":9,"key":"Smiling Mask"},{"floor":11,"key":"infinitespire:Midas Blood"}],"event_choices":[{"damage_healed":0,"gold_gain":0,"player_choice":"Ignored","damage_taken":0,"max_hp_gain":0,"max_hp_loss":0,"event_name":"NoteForYourself","floor":3,"gold_loss":0},{"damage_healed":21,"gold_gain":0,"player_choice":"Banana","damage_taken":0,"max_hp_gain":0,"max_hp_loss":0,"event_name":"Big Fish","floor":10,"gold_loss":0},{"damage_healed":0,"gold_gain":175,"player_choice":"AGREE","damage_taken":337,"max_hp_gain":0,"max_hp_loss":0,"event_name":"betterThird:BetterSerpent","floor":14,"gold_loss":0}],"is_beta":false,"boss_relics":[{"not_picked":["Velvet Choker","conspire:SeveredTorchhead"],"picked":"Empty Cage"}],"items_purged_floors":[],"is_endless":false,"potions_floor_spawned":[1,2,4,11,12,24],"killed_by":"Snake Plant","ascension_level":0}}