{"host":"xhd4yuu3rnu1c5xc","time":1611393784,"event":{"mods":["ATMod(阿瑾Mod)","Act Like it!","Aspiration","BaseMod","Better Altar","Better Note","Better Sensory Stone","Better Skull","Better Third Choice","Better Vampires","Better-Laid Plans","Conspire","Displayed Cursed Tome","Dota2Spire","Downfall","Emptier Cage","Energized Spire","Gensokyo","GungeonMod","Hubris","Lobotomy","Marisa（F雨　魔理沙）","Minty Spire (QoL Compilation)","Mirrors Mod","MostiFishMod","Pale of the Ancients","Potion Indicator Mod","Quick Restart","Relic Stats","Reorder Act Four","Replay The Spire","RumiaBox-露米娅的神秘盒子","SacredBarkPlus","StSLib","TestMod","The Jungle","Transform Curses","Uncapped","[IsaacMod]以撒尖塔","vexMod","【功能Mod】混沌之环修复补丁","【遗物卡牌】REMEMod","篝火指南"],"gold_per_floor":[134,199,199,599,644,644,725,764,764,764,827,827,704,190,190,293,293,354,395,395,440,288,288,288,288,288],"floor_reached":25,"language":"ZHS","playtime":1308,"items_purged":["Strike_R","Strike_R","Strike_R"],"score":537,"play_id":"63838f73-d9d1-42e6-983b-b0797015875c","local_time":"20210123172304","is_ascension_mode":true,"campfire_choices":[{"data":"Burning Pact","floor":6.0,"key":"SMITH"},{"data":"Entrench","floor":10.0,"key":"SMITH"},{"data":"Body Slam","floor":15.0,"key":"SMITH"},{"data":"Armaments","floor":23,"key":"SMITH"}],"circlet_count":0,"master_deck":["AscendersBane","Strike_R","Strike_R","Defend_R","Defend_R","Defend_R","Defend_R","Bash","Burning Pact+1","Entrench+1","REME_FearOfPain","Power Through","Body Slam+1","Shrug It Off","Armaments+1","Scrawl","Strike_R"],"relics":["Burning Blood","testmod-TestBox","DaveBox","AT_ATBox","REME_ComplimentaryCards","BionicSphere","Leech","testmod-TimeTraveler","AT_MibuBalloonWealth","DemoMod:GlassGuonStoneRelic","SynthV:TestCard","hubris:Icosahedron","DemoMod:MonsterBlood","GodSword1","Blue Candle","BFFS","White Beast Statue","REME_DuelDisc"],"acts_visited":["Exordium","TheCity"],"potions_floor_usage":[],"damage_taken":[{"damage":0.0,"enemies":"FloatingMirror","floor":1.0,"turns":3.0},{"damage":0.0,"enemies":"2 Louse","floor":2.0,"turns":2.0},{"damage":0.0,"enemies":"Jaw Worm","floor":5.0,"turns":3.0},{"damage":0.0,"enemies":"Replay:BlueRogue","floor":7.0,"turns":6.0},{"damage":0.0,"enemies":"Looter","floor":8.0,"turns":3.0},{"damage":0.0,"enemies":"Exordium Wildlife","floor":11.0,"turns":4.0},{"damage":0.0,"enemies":"Hexaghost","floor":16.0,"turns":4.0},{"damage":0.0,"enemies":"2 Thieves","floor":18.0,"turns":3.0},{"damage":0.0,"enemies":"Shell Parasite","floor":19.0,"turns":2.0},{"damage":0,"enemies":"Snake Plant","floor":21,"turns":2},{"damage":0,"enemies":"conspire:Head Lice","floor":25,"turns":1}],"seed_played":"7780745029348167007","potions_obtained":[{"floor":1.0,"key":"Strength Potion"},{"floor":5.0,"key":"Dexterity Potion"},{"floor":7.0,"key":"Toxic Potion"},{"floor":16.0,"key":"Adrenaline Potion"}],"is_trial":false,"path_per_floor":["M","M","?","?","M","R","E","M","T","R","M","?","$","$","R","B",null,"M","M","?","M","$","R","?","E"],"character_chosen":"IRONCLAD","items_purchased":["Shrug It Off","BFFS","White Beast Statue","Armaments"],"campfire_rested":0,"item_purchase_floors":[13,14,14,22],"current_hp_per_floor":[75,75,75,75,75,75,82,82,82,82,82,77,77,77,77,82,82,82,82,82,82,82,82,82,82,82],"gold":288,"neow_bonus":"RANDOM_COMMON_RELIC","is_daily":false,"chose_seed":false,"campfire_upgraded":4,"win_rate":0.0,"timestamp":1611393784,"path_taken":["M","M","?","?","M","R","E","M","T","R","?","?","?","$","R","BOSS","M","M","?","M","$","R","?","E"],"items_purchased_type":["Card","Relic","Relic","Card"],"build_version":"2020-12-22","purchased_purges":3,"victory":false,"max_hp_per_floor":[75,75,75,75,75,75,82,82,82,82,82,82,82,82,82,82,82,82,82,82,82,82,82,82,82,82],"relic_stats":{"counters":[11,33],"Blue Candle":[0],"obtain_stats":[{"KeepersGift":0,"testmod-TestBox":0,"AT_ATBox":0,"testmod-TimeTraveler":0,"DaveBox":0,"AT_MibuBalloonWealth":0,"Blue Candle":12,"DemoMod:GlassGuonStoneRelic":1,"REME_DuelDisc":17,"Burning Blood":0,"BFFS":14,"White Beast Statue":14,"Leech":0,"SynthV:TestCard":1,"hubris:Icosahedron":3,"DemoMod:MonsterBlood":7,"BionicSphere":0,"HushsDoor":0,"REME_ComplimentaryCards":0,"GodSword1":9},{"KeepersGift":0,"testmod-TestBox":0,"AT_ATBox":0,"testmod-TimeTraveler":0,"DaveBox":0,"AT_MibuBalloonWealth":0,"Blue Candle":6,"DemoMod:GlassGuonStoneRelic":1,"REME_DuelDisc":7,"Burning Blood":0,"BFFS":6,"White Beast Statue":6,"Leech":0,"SynthV:TestCard":1,"hubris:Icosahedron":2,"DemoMod:MonsterBlood":4,"BionicSphere":0,"HushsDoor":0,"REME_ComplimentaryCards":0,"GodSword1":5},{"KeepersGift":0,"testmod-TestBox":0,"AT_ATBox":0,"testmod-TimeTraveler":0,"DaveBox":0,"AT_MibuBalloonWealth":0,"Blue Candle":21,"DemoMod:GlassGuonStoneRelic":3,"REME_DuelDisc":25,"Burning Blood":0,"BFFS":21,"White Beast Statue":21,"Leech":0,"SynthV:TestCard":3,"hubris:Icosahedron":5,"DemoMod:MonsterBlood":14,"BionicSphere":0,"HushsDoor":0,"REME_ComplimentaryCards":0,"GodSword1":17}],"Burning Blood":7},"card_choices":[{"not_picked":["Flex","Havoc","Perfected Strike"],"picked":"SKIP","floor":1.0},{"not_picked":["Carnage","Flex","Armaments","Body Slam"],"picked":"Burning Pact","floor":2.0},{"not_picked":["Cleave","Berserk","Replay:Undeath\u0027s Touch","Anger"],"picked":"Entrench","floor":5.0},{"not_picked":["Warcry","Replay:Undeath\u0027s Touch","Massacre","Barricade"],"picked":"REME_FearOfPain","floor":7.0},{"not_picked":["Uppercut","Cleave","Havoc","Bomb"],"picked":"Power Through","floor":8.0},{"not_picked":["Combust","Clash","AT_BodySlamDance","Wild Strike"],"picked":"Body Slam","floor":11.0},{"not_picked":["MostiFishMod:#F4004","Sword Boomerang","Burning Pact","Battle Trance","conspire:Charge"],"picked":"SKIP","floor":18.0},{"not_picked":["Clothesline","Body Slam","AT_BodySlamDance","Pommel Strike","AT_DiedThrough"],"picked":"SKIP","floor":19.0},{"not_picked":["hubris:CleavingFinish","Anger","Shrug It Off","Twin Strike","Clash"],"picked":"SKIP","floor":21}],"player_experience":1953495,"relics_obtained":[{"floor":1.0,"key":"SynthV:TestCard"},{"floor":7.0,"key":"DemoMod:MonsterBlood"},{"floor":9.0,"key":"GodSword1"}],"event_choices":[{"damage_healed":0.0,"max_hp_gain":0.0,"max_hp_loss":0.0,"gold_gain":400.0,"event_name":"恩洛斯的盘子","player_choice":"Sell","floor":4.0,"relics_lost":["HushsDoor"],"gold_loss":0.0,"damage_taken":0.0},{"damage_healed":0,"gold_gain":0,"player_choice":"0 cards matched","damage_taken":0,"max_hp_gain":0,"max_hp_loss":0,"event_name":"Match and Keep!","floor":20,"gold_loss":0,"cards_obtained":[]}],"is_beta":false,"boss_relics":[{"not_picked":["AddBug","MostiFishMod:Hod"],"picked":"REME_DuelDisc"}],"items_purged_floors":[13,14,22],"is_endless":false,"potions_floor_spawned":[1,5,7,16,18,19,21],"killed_by":"conspire:Head Lice","ascension_level":14}}