{"host":"sboty77psj7t2cnn","time":1611388783,"event":{"mods":["Aspiration","BaseMod","Beaked The Cultist","Better Match","Better Vampires","ChefMod","Colored Map","Conspire","Dio Mod","Downfall","Hubris","Infinite Spire","Jorbs\u0027s Wanderer Trilogy","Minty Spire (QoL Compilation)","StSLib","The Witch"],"gold_per_floor":[99,115,131,142,155,168,168,183,195,95,124,137,162,179,196,196,196],"floor_reached":16,"language":"SPA","playtime":1060,"items_purged":[],"score":126,"play_id":"144942ba-38d7-4c32-91db-8ba53e906041","local_time":"20210123015943","is_ascension_mode":true,"campfire_choices":[{"floor":10,"key":"RECALL"}],"circlet_count":0,"master_deck":["dioMod:Strike","dioMod:Strike","dioMod:Strike","dioMod:Strike","dioMod:Defend","dioMod:Defend","dioMod:Defend","dioMod:Defend","dioMod:Minions","dioMod:BloodTransfusion","dioMod:SecretPlan","dioMod:DaggerToss","dioMod:GoldVial","dioMod:FlyAway","hubris:DuctTapeCard","dioMod:SecretPlan","dioMod:PathToHeaven","dioMod:SecretPlan","dioMod:Muda"],"relics":["dioMod:VampireBlood","Art of War","downfall:HeartBlessingBlue","hubris:DuctTape","Tiny Chest"],"acts_visited":["Exordium"],"potions_floor_usage":[5,11,12,13,16],"damage_taken":[{"damage":10,"enemies":"Cultist","floor":2,"turns":4},{"damage":3,"enemies":"Small Slimes","floor":3,"turns":3},{"damage":14,"enemies":"Jaw Worm","floor":4,"turns":4},{"damage":8,"enemies":"Lots of Slimes","floor":5,"turns":5},{"damage":14,"enemies":"2 Fungi Beasts","floor":6,"turns":4},{"damage":11,"enemies":"3 Louse","floor":8,"turns":4},{"damage":20,"enemies":"2 Fungi Beasts","floor":9,"turns":4},{"damage":23,"enemies":"Gremlin Nob","floor":11,"turns":4},{"damage":58,"enemies":"Exordium Thugs","floor":12,"turns":7},{"damage":42,"enemies":"Lagavulin","floor":13,"turns":6},{"damage":15,"enemies":"Blue Slaver","floor":14,"turns":5},{"damage":32,"enemies":"Exordium Wildlife","floor":15,"turns":7},{"damage":156,"enemies":"DF_ARCHETYPE_STREAMLINE","floor":16,"turns":14}],"seed_played":"-2858769011583153242","potions_obtained":[{"floor":3,"key":"LiquidMemories"},{"floor":8,"key":"DuplicationPotion"},{"floor":11,"key":"conspire:TimeTravelPotion"},{"floor":12,"key":"PowerPotion"},{"floor":14,"key":"FairyPotion"},{"floor":15,"key":"BlessingOfTheForge"}],"is_trial":false,"path_per_floor":["R","M","M","M","M","M","T","M","M","R","E","M","E","M","M","B"],"character_chosen":"THE_DEFAULT","items_purchased":[],"campfire_rested":0,"item_purchase_floors":[],"current_hp_per_floor":[75,72,75,66,75,75,75,75,73,83,84,75,51,65,59,0,0],"gold":196,"neow_bonus":"RANDOM_COMMON_RELIC","is_daily":false,"chose_seed":false,"campfire_upgraded":0,"win_rate":0.0,"timestamp":1611388783,"path_taken":["R","M","?","M","M","M","T","M","M","R","E","M","E","M","M","BOSS"],"items_purchased_type":[],"build_version":"2020-12-22","purchased_purges":0,"victory":false,"max_hp_per_floor":[75,75,75,75,75,75,75,75,75,85,85,85,85,85,85,85,85],"card_choices":[{"not_picked":["dioMod:HeavyLifting","dioMod:Roundabout"],"picked":"dioMod:Hiss","floor":2},{"not_picked":["dioMod:ComboFever","dioMod:DisarmingVoice","dioMod:CautiousMuda"],"picked":"SKIP","floor":3},{"not_picked":["dioMod:ComposedMuda","dioMod:Diversion"],"picked":"dioMod:Minions","floor":4},{"not_picked":["dioMod:CoffinBath","dioMod:ComposedMuda"],"picked":"dioMod:BloodTransfusion","floor":5},{"not_picked":["dioMod:TripleThreat","dioMod:Roundabout"],"picked":"dioMod:SecretPlan","floor":6},{"not_picked":["dioMod:Hiss","dioMod:BlendIn"],"picked":"dioMod:DaggerToss","floor":8},{"not_picked":["dioMod:DominatingPresence","dioMod:Muda"],"picked":"dioMod:GoldVial","floor":9},{"not_picked":["dioMod:LaserVision","dioMod:Donut"],"picked":"dioMod:FlyAway","floor":11},{"not_picked":["dioMod:WRYYY","dioMod:Roundabout"],"picked":"dioMod:SecretPlan","floor":12},{"not_picked":["dioMod:Roundabout","dioMod:FlyAway"],"picked":"dioMod:PathToHeaven","floor":13},{"not_picked":["dioMod:DoubleTime","dioMod:Diversion"],"picked":"dioMod:SecretPlan","floor":14},{"not_picked":["dioMod:FlyAway","dioMod:Hiss"],"picked":"dioMod:Muda","floor":15}],"player_experience":380743,"relics_obtained":[{"floor":11,"key":"hubris:DuctTape"},{"floor":13,"key":"Tiny Chest"}],"event_choices":[],"is_beta":false,"boss_relics":[],"items_purged_floors":[],"is_endless":false,"potions_floor_spawned":[3,8,11,12,14,15],"killed_by":"DF_ARCHETYPE_STREAMLINE","ascension_level":1}}