{"host":"nug5xkek4sujf8as","time":1611391318,"event":{"mods":["Act Like it!","Aspiration","BaseMod","Booster Modes","CapriCore","Colored Powertips","Conspire","Energized Spire","Gensokyo","Minty Spire (QoL Compilation)","Permanent Neow","Quick Restart","Replay The Spire","Shop Mod","Spicy Shops","StSLib","vexMod","【功能Mod】混沌之环修复补丁","【遗物卡牌】REMEMod","篝火指南"],"gold_per_floor":[111,111,124,143,65,97,113,143,166,179,179,179],"floor_reached":11,"language":"ZHS","playtime":342,"items_purged":[],"score":164,"play_id":"5193cd47-d6b4-4b45-9232-a99752ec6b4d","local_time":"20210123164158","is_ascension_mode":true,"campfire_choices":[],"circlet_count":0,"master_deck":["AscendersBane","Strike_B","Strike_B","Strike_B","Defend_B","Defend_B","Defend_B","Zap","Dualcast","Echo Form","Envenom","Skewer","Reflex","Ball Lightning","Recycle","White Noise","Turbo","Tempest"],"relics":["Cracked Core","REME_ComplimentaryCards","aspiration:Nostalgia","Ring of the Snake","Sling","aspiration:VileToxins","ReplayTheSpireMod:TigerMarble","Blood Vial"],"acts_visited":["Gensokyo:Gensokyo"],"potions_floor_usage":[11,11],"damage_taken":[{"damage":2.0,"enemies":"Gensokyo:Python","floor":1.0,"turns":3.0},{"damage":8.0,"enemies":"Gensokyo:Gryphon","floor":3.0,"turns":3.0},{"damage":11.0,"enemies":"Gensokyo:2_Kodama","floor":4.0,"turns":3.0},{"damage":0.0,"enemies":"Gensokyo:Mamizou","floor":6.0,"turns":4.0},{"damage":0.0,"enemies":"Gensokyo:VengefulSpirit","floor":7.0,"turns":3.0},{"damage":16.0,"enemies":"Gensokyo:Aya","floor":8.0,"turns":3.0},{"damage":19,"enemies":"Gensokyo:3_Kodama","floor":10,"turns":5},{"damage":23,"enemies":"Gensokyo:Cirno","floor":11,"turns":3}],"seed_played":"1086613618877344532","potions_obtained":[{"floor":3.0,"key":"SpeedPotion"},{"floor":4.0,"key":"Block Potion"},{"floor":8.0,"key":"DuplicationPotion"},{"floor":10,"key":"Adrenaline Potion"}],"is_trial":false,"path_per_floor":["M","?","M","M","$","E","M","E","T","M","E"],"character_chosen":"DEFECT","items_purchased":["Sling"],"campfire_rested":0,"item_purchase_floors":[5],"current_hp_per_floor":[66,66,58,47,47,47,47,31,31,14,0,0],"gold":179,"neow_bonus":"NOSTALGIA","is_daily":false,"chose_seed":false,"campfire_upgraded":0,"win_rate":0.0,"timestamp":1611391318,"path_taken":["M","?","?","M","?","E","M","E","T","M","E"],"items_purchased_type":["Relic"],"build_version":"2020-12-22","purchased_purges":0,"victory":false,"max_hp_per_floor":[75,75,75,75,75,75,75,75,75,75,75,75],"card_choices":[{"not_picked":["ReplayTheSpireMod:Reroute Power","Gash"],"picked":"Static Discharge","floor":1.0},{"not_picked":["Streamline","Sweeping Beam"],"picked":"Ball Lightning","floor":3.0},{"not_picked":["Rip and Tear","Go for the Eyes"],"picked":"Recycle","floor":4.0},{"not_picked":["conspire:SharedLibrary","Melter"],"picked":"White Noise","floor":6.0},{"not_picked":["Barrage","Rebound","Go for the Eyes"],"picked":"SKIP","floor":7.0},{"not_picked":["Recycle","Genetic Algorithm"],"picked":"Turbo","floor":8.0},{"not_picked":["Stack","Barrage"],"picked":"Tempest","floor":10}],"player_experience":710824,"relics_obtained":[{"floor":6.0,"key":"aspiration:VileToxins"},{"floor":8.0,"key":"ReplayTheSpireMod:TigerMarble"},{"floor":9.0,"key":"Blood Vial"}],"event_choices":[],"is_beta":false,"boss_relics":[],"items_purged_floors":[],"is_endless":false,"potions_floor_spawned":[3,4,8,10],"killed_by":"Gensokyo:Cirno","ascension_level":12}}