{"host":"xervbyl8oukkrn1w","time":1611363307,"event":{"mods":["BaseMod","Downfall","Hubris","Infinite Spire","Mad Scientist","Minty Spire (QoL Compilation)","Quick Restart","READ ME - Guardian Mod","Replay The Spire","Shade Mod","StSLib","The Blackbeard","The Cursed","The Elementalist","The Jungle","The Necromancer","The Runesmith"],"gold_per_floor":[118,118,136,136,149,175,175,350,423,423,443,456,313,313,313,413,413,430,380,400,291,291,291],"floor_reached":22,"language":"ENG","playtime":2047,"items_purged":["Doubt"],"score":184,"play_id":"09249c33-5f10-4cc1-b30c-77e4f4a72df9","local_time":"20210123005507","is_ascension_mode":false,"campfire_choices":[{"data":"elementalist:Fire_Emblem","floor":10,"key":"SMITH"}],"circlet_count":0,"master_deck":["elementalist:Fire_Emblem","elementalist:Fire_Emblem+1","elementalist:Strike+Elemblue","elementalist:Defend_Elemblue","elementalist:Defend_Elemblue","elementalist:Defend_Elemblue","elementalist:Defend_Elemblue","elementalist:Defend_Elemblue","elementalist:Firestrike","elementalist:Earthstrike","elementalist:Waterstrike","elementalist:Airstrike","elementalist:Crystal_Chalk","elementalist:Flame","elementalist:Overheat","elementalist:Momentum","elementalist:Blaze+1","elementalist:Magma_Shot","elementalist:Sidereal_Form","elementalist:Water_Emblem","elementalist:Astral_Form","hubris:Compulsion","Parasite","Hallucinations","elementalist:Cauterize","elementalist:Confluence"],"relics":["elementalistmod:MagusStaff","elementalistmod:RedRibbon","NeowsBlessing","Ring of Fury","ReplayTheSpireMod:Ring of Collecting","infinitespire:Lucky Rock","ReplayTheSpireMod:Ring of Sloth","infinitespire:Broken Mirror","Replay:Ancient Bell","Vajra","Mercury Hourglass","TungstenRod","PreservedInsect"],"acts_visited":["Exordium","TheCity"],"potions_floor_usage":[6,11,16,18],"damage_taken":[{"damage":0,"enemies":"Small Slimes","floor":1,"turns":2},{"damage":0,"enemies":"Jaw Worm","floor":3,"turns":1},{"damage":0,"enemies":"2 Louse","floor":5,"turns":1},{"damage":26,"enemies":"Replay:BlueRogue","floor":6,"turns":7},{"damage":9,"enemies":"Red Slaver","floor":11,"turns":3},{"damage":7,"enemies":"Blue Slaver","floor":12,"turns":3},{"damage":18,"enemies":"Hexaghost","floor":16,"turns":8},{"damage":25,"enemies":"Shell Parasite","floor":18,"turns":5},{"damage":27,"enemies":"3 Byrds","floor":20,"turns":4},{"damage":21,"enemies":"Sentry and Sphere","floor":22,"turns":3}],"seed_played":"-2515412151982790386","potions_obtained":[{"floor":3,"key":"ColorlessPotion"},{"floor":6,"key":"DuplicationPotion"},{"floor":12,"key":"SneckoOil"},{"floor":16,"key":"DistilledChaos"}],"is_trial":false,"path_per_floor":["M","?","M","?","M","E","R","?","T","R","M","M","$","?","R","B",null,"M","?","M","?","M"],"character_chosen":"THE_ELEMENTALIST","items_purchased":["elementalist:Sidereal_Form"],"campfire_rested":0,"item_purchase_floors":[13],"current_hp_per_floor":[70,70,70,70,70,44,44,44,44,44,35,28,28,28,49,31,70,45,45,18,18,0,0],"gold":291,"neow_bonus":"THREE_ENEMY_KILL","is_daily":false,"chose_seed":false,"campfire_upgraded":1,"win_rate":0.0,"timestamp":1611363307,"path_taken":["M","?","M","?","M","E","R","?","T","R","M","M","$","?","R","BOSS","M","?","?","?","M"],"items_purchased_type":["Card"],"build_version":"2020-12-22","purchased_purges":1,"victory":false,"max_hp_per_floor":[70,70,70,70,70,70,70,70,70,70,70,70,70,70,70,70,70,70,70,70,70,70,70],"card_choices":[{"not_picked":["elementalist:Spark","elementalist:Breeze"],"picked":"elementalist:Flame","floor":1},{"not_picked":["elementalist:Magma_Shot","elementalist:Emberveil"],"picked":"elementalist:Overheat","floor":3},{"not_picked":["elementalist:Prepared_Sand","elementalist:Cauterize"],"picked":"elementalist:Momentum","floor":5},{"not_picked":["elementalist:Blaze","elementalist:Ignition","elementalist:Breeze"],"picked":"SKIP","floor":6},{"not_picked":["elementalist:Rising_Tides","elementalist:Overheat"],"picked":"elementalist:Blaze","floor":11},{"not_picked":["elementalist:Overheat","elementalist:Pressurize"],"picked":"elementalist:Magma_Shot","floor":12},{"not_picked":["elementalist:Accelerant","elementalist:Inferno"],"picked":"elementalist:Astral_Form","floor":16},{"not_picked":["downfall:Malfunctioning","hubris:Envy"],"picked":"hubris:Compulsion","floor":17},{"not_picked":["downfall:Malfunctioning","Regret"],"picked":"Parasite","floor":17},{"not_picked":["infinitespire:Pacifist","Looming Evil"],"picked":"Hallucinations","floor":17},{"not_picked":["elementalist:Lunar_Form+1","elementalist:Overheat"],"picked":"elementalist:Cauterize","floor":18},{"not_picked":["elementalist:Flame","elementalist:Emberveil+1"],"picked":"elementalist:Confluence","floor":20}],"player_experience":87109,"relics_obtained":[{"floor":4,"key":"Ring of Fury"},{"floor":4,"key":"ReplayTheSpireMod:Ring of Collecting"},{"floor":6,"key":"infinitespire:Lucky Rock"},{"floor":9,"key":"ReplayTheSpireMod:Ring of Sloth"},{"floor":9,"key":"infinitespire:Broken Mirror"}],"event_choices":[{"damage_healed":0,"gold_gain":0,"player_choice":"Ignored","damage_taken":0,"max_hp_gain":0,"max_hp_loss":0,"event_name":"Golden Wing","floor":2,"gold_loss":0},{"damage_healed":0,"gold_gain":175,"player_choice":"AGREE","damage_taken":0,"max_hp_gain":0,"max_hp_loss":0,"event_name":"Liars Game","floor":8,"gold_loss":0,"cards_obtained":["Doubt"]},{"damage_healed":0,"gold_gain":0,"player_choice":"Bet on Murderer","damage_taken":0,"max_hp_gain":0,"max_hp_loss":0,"event_name":"The Joust","floor":19,"gold_loss":50},{"damage_healed":0,"gold_gain":0,"player_choice":"Paid Gold","damage_taken":0,"relics_obtained":["PreservedInsect"],"max_hp_gain":0,"max_hp_loss":0,"event_name":"WeMeetAgain","floor":21,"gold_loss":109}],"is_beta":false,"boss_relics":[{"not_picked":["hubris:RunicObelisk","Replay:Drink Me"],"picked":"Replay:Ancient Bell"},{"not_picked":["Potion Belt","Grinning Jar"],"picked":"Vajra"},{"not_picked":["infinitespire:Midas Blood","ReplayTheSpireMod:Ninjato"],"picked":"Mercury Hourglass"},{"not_picked":["Mango","Old Coin"],"picked":"TungstenRod"}],"items_purged_floors":[13],"is_endless":false,"potions_floor_spawned":[3,6,12,16],"killed_by":"Sentry and Sphere","ascension_level":0}}