{"host":"jak4ncvfzor9mys0","time":1611432285,"event":{"mods":["2.2 Compatiblity","AchievementEnabler","BaseMod","Better Altar","Better Match","Better Note","Better Sensory Stone","Better Skull","Better Third Choice","BetterRewards","Block Reminder","Colored Map","Colored Powertips","Dark Map","Energized Spire","Gold Saver","Hubris","Infinite Spire","Key Reminder","Minty Spire (QoL Compilation)","Rare Cards Sparkle","Red Circlet Mod","Relic Sorter","Relic Stats","Replay The Spire","Retaliation","Spicy Shops","StSLib","SuperFastMode","The Blue Laboratory"],"gold_per_floor":[411,427,306,320,320,349,349,376,376,376,393,393,248,265,265,360,360,378,83,102,102,102,102,127,127,127,151,180,209,209,240,240,358,358,386,386,405,161,193,236,242,242],"floor_reached":41,"language":"ENG","playtime":1663,"items_purged":["Strike_R"],"score":502,"play_id":"5129e7f0-68c8-49bd-bfcf-69f5b29b619f","local_time":"20210123120445","is_ascension_mode":true,"campfire_choices":[{"data":"Fire Breathing","floor":7,"key":"SMITH"},{"data":"Wild Strike","floor":7,"key":"SMITH"},{"data":"Headbutt","floor":10,"key":"SMITH"},{"data":"Bash","floor":10,"key":"SMITH"},{"data":"Shrug It Off","floor":12,"key":"SMITH"},{"data":"Defend_R","floor":12,"key":"SMITH"},{"floor":15,"key":"REST"},{"data":"DDmod:SpikeInjectionSkill","floor":23,"key":"SMITH"},{"data":"Wild Strike","floor":23,"key":"SMITH"},{"floor":32,"key":"REST"}],"circlet_count":0,"master_deck":["Defend_R","Defend_R","Defend_R+1","Bash+1","Fire Breathing+1","Headbutt+1","Wild Strike+1","Shrug It Off+1","Berserk","Wild Strike+1","Shrug It Off+1","DDmod:SpikeInjectionSkill+1","Languid","Clumsy","DDmod:SpikeMailSkill+1","Injury","Shrug It Off","ReplayTheSpireMod:Uncanny Aura","Barricade"],"relics":["Burning Blood","Replay:Wax Seal","infinitespire:Magic Flask","Replay:Bandana","Ornamental Fan","Du-Vu Doll","ReplayTheSpireMod:Lightbulb","Question Card","Eternal Feather","Replay:Arrowhead","PreservedInsect","Replay:Baseball","hubris:SlimyHat","Kintsugi","infinitespire:Broken Mirror","ChewingGum","hubris:Reverence"],"acts_visited":["Exordium","TheCity","TheBeyond"],"potions_floor_usage":[6,6,6,16,39,40],"damage_taken":[{"damage":17,"enemies":"infinitespire:Voidling","floor":1,"turns":4},{"damage":0,"enemies":"2 Louse","floor":2,"turns":3},{"damage":1,"enemies":"Cultist","floor":4,"turns":3},{"damage":41,"enemies":"Lagavulin","floor":6,"turns":7},{"damage":20,"enemies":"Gremlin Nob","floor":8,"turns":4},{"damage":2,"enemies":"2 Fungi Beasts","floor":11,"turns":3},{"damage":3,"enemies":"Red Slaver","floor":14,"turns":3},{"damage":35,"enemies":"Slime Boss","floor":16,"turns":5},{"damage":4,"enemies":"Chosen","floor":18,"turns":4},{"damage":29,"enemies":"Shell Parasite","floor":20,"turns":5},{"damage":26,"enemies":"Gremlin Leader","floor":24,"turns":5},{"damage":0,"enemies":"Chosen and Byrds","floor":27,"turns":4},{"damage":22,"enemies":"Centurion and Healer","floor":28,"turns":5},{"damage":6,"enemies":"Snecko","floor":29,"turns":5},{"damage":17,"enemies":"Chosen and Byrds","floor":31,"turns":5},{"damage":50,"enemies":"Automaton","floor":33,"turns":10},{"damage":0,"enemies":"3 Shapes","floor":35,"turns":4},{"damage":8,"enemies":"Orb Walker","floor":37,"turns":3},{"damage":60,"enemies":"Maw","floor":39,"turns":6},{"damage":0,"enemies":"Nightmare","floor":40,"turns":6},{"damage":37,"enemies":"Spire Growth","floor":41,"turns":3}],"seed_played":"5635742660703652784","potions_obtained":[{"floor":1,"key":"Ancient Potion"},{"floor":2,"key":"Weak Potion"},{"floor":4,"key":"BlessingOfTheForge"},{"floor":14,"key":"blueLaboratory:RecallPotion"},{"floor":29,"key":"DuplicationPotion"},{"floor":33,"key":"blueLaboratory:HorrorPotion"},{"floor":35,"key":"blueLaboratory:FruitPunch"}],"is_trial":false,"path_per_floor":["M","M","$","M","?","E","R","E","T","R","M","R","$","M","R","B",null,"M","$","M","?","?","R","E","AVR","T","M","M","M","?","M","R_BF","B",null,"M","?","M","$","M","NM","M"],"character_chosen":"IRONCLAD","items_purchased":["Question Card","Du-Vu Doll","Replay:Baseball","hubris:SlimyHat","hubris:Reverence","Shrug It Off","ReplayTheSpireMod:Uncanny Aura"],"campfire_rested":2,"item_purchase_floors":[3,13,19,19,38,38,38],"current_hp_per_floor":[69,75,75,80,80,45,51,37,37,43,47,53,53,56,80,51,80,80,80,57,57,57,66,46,46,46,52,36,36,36,25,58,14,80,80,80,78,78,26,32,0,0],"gold":242,"neow_bonus":"RANDOM_COMMON_RELIC","is_daily":false,"chose_seed":false,"campfire_upgraded":8,"win_rate":0.0,"timestamp":1611432285,"path_taken":["M","?","$","M","?","E","R","E","T","R","?","R","?","M","R","BOSS","M","$","M","?","?","R","E","AVR","T","M","M","?","?","M","R_BF","BOSS","M","?","M","$","M","NM","?"],"items_purchased_type":["Relic","Relic","Relic","Relic","Relic","Card","Card"],"build_version":"2020-12-22","purchased_purges":1,"victory":false,"max_hp_per_floor":[80,80,80,80,80,80,80,80,80,80,80,80,80,80,80,80,80,80,80,80,80,80,80,80,80,80,80,80,80,80,80,80,80,80,80,80,80,80,82,82,82,82],"relic_stats":{"counters":[21,97],"Ornamental Fan":[20],"Eternal Feather":42,"PreservedInsect":121,"Question Card":23,"obtain_stats":[{"Eternal Feather":5,"PreservedInsect":8,"hubris:SlimyHat":19,"infinitespire:Magic Flask":26,"Question Card":3,"Burning Blood":0,"Replay:Arrowhead":6,"Du-Vu Doll":13,"Replay:Baseball":19,"Replay:Bandana":24,"Ornamental Fan":9,"infinitespire:Broken Mirror":25,"ChewingGum":34,"Kintsugi":25,"Replay:Wax Seal":40,"ReplayTheSpireMod:Lightbulb":0,"hubris:Reverence":38},{"Eternal Feather":3,"PreservedInsect":5,"hubris:SlimyHat":9,"infinitespire:Magic Flask":11,"Question Card":2,"Burning Blood":0,"Replay:Arrowhead":4,"Du-Vu Doll":6,"Replay:Baseball":9,"Replay:Bandana":11,"Ornamental Fan":5,"infinitespire:Broken Mirror":11,"ChewingGum":16,"Kintsugi":11,"Replay:Wax Seal":20,"ReplayTheSpireMod:Lightbulb":0,"hubris:Reverence":18},{"Eternal Feather":10,"PreservedInsect":21,"hubris:SlimyHat":36,"infinitespire:Magic Flask":46,"Question Card":7,"Burning Blood":0,"Replay:Arrowhead":17,"Du-Vu Doll":24,"Replay:Baseball":36,"Replay:Bandana":46,"Ornamental Fan":21,"infinitespire:Broken Mirror":46,"ChewingGum":75,"Kintsugi":46,"Replay:Wax Seal":94,"ReplayTheSpireMod:Lightbulb":0,"hubris:Reverence":82}],"Burning Blood":112},"card_choices":[{"not_picked":["Iron Wave","Clothesline"],"picked":"Fire Breathing","floor":1},{"not_picked":["Sword Boomerang","Perfected Strike","Ghostly Armor"],"picked":"SKIP","floor":2},{"not_picked":["DDmod:SpikedSkill","Sword Boomerang","DDmod:CallousedSkill"],"picked":"Headbutt","floor":4},{"not_picked":["ReplayTheSpireMod:Strike From Hell","Impervious","Pommel Strike"],"picked":"Wild Strike","floor":6},{"not_picked":["Thunderclap","Whirlwind","Havoc","DDmod:ScaleUpSkill"],"picked":"SKIP","floor":8},{"not_picked":["DDmod:SpikedSkill","DDmod:CallousedSkill","Headbutt"],"picked":"Shrug It Off","floor":11},{"not_picked":["Spot Weakness","DDmod:BurningFumesPowerCard","DDmod:CallousedSkill","Clash"],"picked":"SKIP","floor":14},{"not_picked":["Fiend Fire","Eclipse","Impervious"],"picked":"Berserk","floor":16},{"not_picked":["Armaments+1","Rupture+1","Heavy Blade"],"picked":"Wild Strike","floor":18},{"not_picked":["Rupture","Thunderclap","Blood for Blood+1"],"picked":"Shrug It Off+1","floor":20},{"not_picked":["Disarm","ReplayReversal","Cleave+1","Feed"],"picked":"SKIP","floor":24},{"not_picked":["Combust","Heavy Blade","Anger+1","Entrench+1"],"picked":"SKIP","floor":27},{"not_picked":["DDmod:EasePowerCard","Havoc","DDmod:PokeAttack+1","Rampage+1"],"picked":"SKIP","floor":28},{"not_picked":["Armaments","Perfected Strike+1","Shrug It Off"],"picked":"DDmod:SpikeMailSkill+1","floor":29},{"not_picked":["Iron Wave+1","Dropkick","Flex","DDmod:CallousedSkill+1"],"picked":"SKIP","floor":31},{"not_picked":["Heavy Blade+1","Searing Blow","Carnage","DDmod:PokeAttack+1"],"picked":"SKIP","floor":35},{"not_picked":["Searing Blow+1","Disarm","DDmod:EasePowerCard+1","Havoc"],"picked":"SKIP","floor":37},{"not_picked":["infinitespire:OneForAll+1","Evolve+1","Flex+1"],"picked":"Barricade","floor":39},{"not_picked":["Flame Barrier","Feel No Pain+1","True Grit+1","infinitespire:OneForAll+1"],"picked":"SKIP","floor":40}],"player_experience":2782259,"relics_obtained":[{"floor":5,"key":"Eternal Feather"},{"floor":6,"key":"Replay:Arrowhead"},{"floor":8,"key":"PreservedInsect"},{"floor":9,"key":"Ornamental Fan"},{"floor":24,"key":"Replay:Bandana"},{"floor":26,"key":"infinitespire:Magic Flask"},{"floor":40,"key":"Replay:Wax Seal"}],"event_choices":[{"damage_healed":0,"gold_gain":0,"player_choice":"Relic","damage_taken":0,"max_hp_gain":0,"max_hp_loss":0,"event_name":"Wheel of Change","floor":5,"gold_loss":0},{"cards_removed":["Strike_R"],"damage_healed":0,"gold_gain":0,"player_choice":"Give","damage_taken":0,"max_hp_gain":0,"max_hp_loss":0,"event_name":"betterNote:BetterNote","floor":21,"gold_loss":0,"cards_obtained":["Defend_R"]},{"damage_healed":0,"gold_gain":0,"player_choice":"Read","damage_taken":0,"max_hp_gain":0,"max_hp_loss":0,"event_name":"The Library","floor":22,"gold_loss":0,"cards_obtained":["DDmod:SpikeInjectionSkill"]},{"damage_healed":0,"gold_gain":0,"player_choice":"Ignored","damage_taken":0,"max_hp_gain":0,"max_hp_loss":0,"event_name":"Ghosts","floor":30,"gold_loss":0},{"damage_healed":0,"gold_gain":0,"player_choice":"Ignored","damage_taken":0,"max_hp_gain":0,"max_hp_loss":0,"event_name":"Transmorgrifier","floor":36,"gold_loss":0}],"is_beta":false,"boss_relics":[{"not_picked":["Philosopher\u0027s Stone","Velvet Choker","Runic Dome"]},{"not_picked":["Fusion Hammer","Runic Pyramid"],"picked":"ChewingGum"}],"items_purged_floors":[13],"is_endless":true,"potions_floor_spawned":[1,2,4,14,29,33,35],"killed_by":"Spire Growth","ascension_level":1}}