{"host":"9tzam4717zt8ei1o","time":1611377837,"event":{"mods":["BaseMod","Colored Map","Keyboard Shortcuts","Minty Spire (QoL Compilation)","Quick Restart","StSLib","SuperFastMode"],"gold_per_floor":[110,125,140,107,32,32,32,32,32],"floor_reached":8,"language":"KOR","playtime":109,"items_purged":["Strike_G"],"score":72,"play_id":"70633f9d-6533-4038-896e-6d765d101495","local_time":"20210123135717","is_ascension_mode":true,"campfire_choices":[{"data":"Eviscerate","floor":6.0,"key":"SMITH"}],"circlet_count":0,"master_deck":["AscendersBane","Strike_G","Strike_G","Strike_G","Defend_G","Defend_G","Defend_G","Defend_G","Defend_G","Survivor","Neutralize","Acrobatics","Tactician","Eviscerate+1"],"relics":["Ring of the Snake","NeowsBlessing"],"acts_visited":["Exordium"],"potions_floor_usage":[],"damage_taken":[{"damage":0.0,"enemies":"Cultist","floor":1.0,"turns":1.0},{"damage":0.0,"enemies":"2 Louse","floor":2.0,"turns":1.0},{"damage":0.0,"enemies":"Small Slimes","floor":3.0,"turns":1.0},{"damage":21.0,"enemies":"Exordium Thugs","floor":4.0,"turns":5.0},{"damage":45,"enemies":"Lagavulin","floor":8,"turns":8}],"seed_played":"557692632492414191","potions_obtained":[{"floor":3.0,"key":"Explosive Potion"}],"is_trial":false,"path_per_floor":["M","M","M","M","$","R","?","E"],"character_chosen":"THE_SILENT","items_purchased":[],"campfire_rested":0,"item_purchase_floors":[],"current_hp_per_floor":[63,63,63,42,42,42,35,0,0],"gold":32,"neow_bonus":"THREE_ENEMY_KILL","is_daily":false,"chose_seed":false,"campfire_upgraded":1,"win_rate":0.0,"timestamp":1611377837,"path_taken":["M","M","M","?","$","R","?","E"],"items_purchased_type":[],"build_version":"2020-12-22","purchased_purges":1,"victory":false,"max_hp_per_floor":[70,70,70,70,70,70,70,70,70],"card_choices":[{"not_picked":["Cloak And Dagger","Bouncing Flask","Caltrops"],"picked":"SKIP","floor":1.0},{"not_picked":["Flying Knee","Backflip"],"picked":"Acrobatics","floor":2.0},{"not_picked":["PiercingWail","Dash"],"picked":"Tactician","floor":3.0},{"not_picked":["Reflex","Crippling Poison"],"picked":"Eviscerate","floor":4.0}],"player_experience":98563,"relics_obtained":[],"event_choices":[{"cards_removed":["Strike_G"],"damage_healed":0.0,"max_hp_gain":0.0,"max_hp_loss":0.0,"gold_gain":0.0,"event_name":"Golden Wing","player_choice":"Card Removal","floor":7.0,"gold_loss":0.0,"damage_taken":7.0}],"is_beta":false,"boss_relics":[],"items_purged_floors":[5],"is_endless":false,"potions_floor_spawned":[3],"killed_by":"Lagavulin","ascension_level":10}}