{"host":"b1dzdo8uo7e6jx8g","time":1611439876,"event":{"mods":["AchievementEnabler","BaseMod","BetterRewards","Colored Map","Highlight Path","Minty Spire (QoL Compilation)","StSLib","The Bug Knight"],"gold_per_floor":[112,112,39,53,53,80,80,98,150,150,150,150,163,177,177,177,177],"floor_reached":16,"language":"ENG","playtime":686,"items_purged":[],"score":150,"play_id":"5a8dda9f-006e-4b13-8976-292bc37d665a","local_time":"20210123231116","is_ascension_mode":false,"campfire_choices":[{"floor":7,"key":"REST"},{"floor":10,"key":"REST"},{"floor":15,"key":"REST"}],"circlet_count":0,"master_deck":["HollowMod:NailStrikeStart","HollowMod:NailStrikeStart","HollowMod:NailStrikeStart","HollowMod:NailStrikeStart","HollowMod:QuickDashStart","HollowMod:QuickDashStart","HollowMod:QuickDashStart","HollowMod:FocusHealStart","HollowMod:PogoStrike","HollowMod:DungDefenderAura","HollowMod:PureNailStrike","HollowMod:MantisMark+1","HollowMod:HornetsHelp","HollowMod:MantisMark"],"relics":["HollowMod:VesselMask","Lee\u0027s Waffle","Nunchaku","Pantograph","Centennial Puzzle","HollowMod:LumaflyLanternRelic"],"acts_visited":[],"potions_floor_usage":[],"damage_taken":[{"damage":1,"enemies":"Cultist","floor":1,"turns":3},{"damage":5,"enemies":"Jaw Worm","floor":4,"turns":4},{"damage":42,"enemies":"3 Sentries","floor":6,"turns":10},{"damage":0,"enemies":"2 Louse","floor":8,"turns":3},{"damage":12,"enemies":"Red Slaver","floor":13,"turns":2},{"damage":0,"enemies":"Large Slime","floor":14,"turns":5},{"damage":90,"enemies":"The Guardian","floor":16,"turns":9}],"seed_played":"8836482921125130116","potions_obtained":[{"floor":1,"key":"SteroidPotion"},{"floor":14,"key":"Strength Potion"}],"is_trial":false,"path_per_floor":["M","?","$","M","?","E","R","M","T","R","?","?","M","M","R","B"],"character_chosen":"THE_BUGKNIGHT","items_purchased":["Lee\u0027s Waffle","HollowMod:PureNailStrike"],"campfire_rested":3,"item_purchase_floors":[0,3],"current_hp_per_floor":[81,63,63,58,58,22,46,46,46,70,63,63,51,51,75,0,0],"gold":177,"neow_bonus":"","is_daily":false,"chose_seed":false,"campfire_upgraded":0,"win_rate":0.0,"timestamp":1611439876,"path_taken":["M","?","$","M","?","E","R","?","T","R","?","?","M","?","R","BOSS"],"items_purchased_type":["Relic","Card"],"build_version":"2020-12-22","purchased_purges":0,"victory":false,"max_hp_per_floor":[82,82,82,82,82,82,82,82,82,82,82,82,82,82,82,82,82],"card_choices":[{"not_picked":["HollowMod:DoubleDash","HollowMod:ChannelNail"],"picked":"HollowMod:DungDefenderAura","floor":1},{"not_picked":["HollowMod:AbyssShriek","HollowMod:NewJinnsSoul"],"picked":"HollowMod:MantisMark","floor":4},{"not_picked":["HollowMod:HowlingWraiths","HollowMod:WraithStrike"],"picked":"HollowMod:HornetsHelp","floor":6},{"not_picked":["HollowMod:CycloneSlash","HollowMod:FastStrike"],"picked":"HollowMod:MantisMark","floor":8},{"not_picked":["HollowMod:InfectedCysts","HollowMod:VengefulVoid","HollowMod:SiblingsShadow"],"picked":"SKIP","floor":13},{"not_picked":["HollowMod:CloakDash","HollowMod:SharpenedNail","HollowMod:CornifersMapStart"],"picked":"SKIP","floor":14}],"player_experience":231503,"relics_obtained":[{"floor":6,"key":"Pantograph"},{"floor":9,"key":"Centennial Puzzle"}],"event_choices":[{"damage_healed":0,"gold_gain":0,"player_choice":"Success","damage_taken":18,"relics_obtained":["Nunchaku"],"max_hp_gain":0,"max_hp_loss":0,"event_name":"Scrap Ooze","floor":2,"gold_loss":0},{"damage_healed":0,"gold_gain":0,"player_choice":"Grow","damage_taken":0,"max_hp_gain":0,"max_hp_loss":0,"event_name":"Living Wall","floor":5,"gold_loss":0,"cards_upgraded":["HollowMod:MantisMark"]},{"cards_removed":["HollowMod:QuickDashStart"],"damage_healed":0,"gold_gain":0,"player_choice":"Card Removal","damage_taken":7,"max_hp_gain":0,"max_hp_loss":0,"event_name":"Golden Wing","floor":11,"gold_loss":0},{"damage_healed":0,"gold_gain":0,"player_choice":"Gave Potion","damage_taken":0,"relics_obtained":["HollowMod:LumaflyLanternRelic"],"max_hp_gain":0,"max_hp_loss":0,"event_name":"WeMeetAgain","floor":12,"gold_loss":0}],"is_beta":false,"boss_relics":[],"items_purged_floors":[],"is_endless":false,"potions_floor_spawned":[1,14],"killed_by":"The Guardian","ascension_level":0}}