{"host":"mo324zvkdr1xwprd","time":1611404701,"event":{"mods":["BaseMod","Better Note","BetterRewards","Hermit","Highlight Path","Hubris","Minty Spire (QoL Compilation)","Quick Restart","Rare Cards Sparkle","Shop Mod","StSLib","The Cursed","The Hierophant"],"gold_per_floor":[17,17,30,4,19,52,68,103,103,121,133,133,146,174,174,278,278,288,288,304,304,323,350,362,362,362,362,374,408,408,434,434,536,536,551,44,59,79,79,113,130,144,167,29,39,65,81,115,115,115,115,115,13,39,39,39],"floor_reached":55,"language":"ENG","playtime":7419,"items_purged":[],"score":993,"play_id":"a47c00fc-e45d-4fc7-b547-7523b04b14a8","local_time":"20210123122501","is_ascension_mode":false,"campfire_choices":[{"floor":12.0,"key":"REST"},{"floor":15.0,"key":"RECALL"},{"data":"TheCursedMod:CollectTribute","floor":25,"key":"SMITH"},{"floor":27,"key":"REST"},{"data":"TheCursedMod:SpitefulPray","floor":32,"key":"SMITH"},{"data":"Apotheosis","floor":49,"key":"SMITH"},{"data":"TheCursedMod:CursedSpellbook","floor":52,"key":"SMITH"}],"circlet_count":0,"master_deck":["TheCursedMod:Strike_TheCursed","TheCursedMod:Strike_TheCursed","TheCursedMod:Strike_TheCursed","TheCursedMod:Strike_TheCursed","TheCursedMod:Defend_TheCursed","TheCursedMod:Defend_TheCursed","TheCursedMod:Defend_TheCursed","TheCursedMod:Defend_TheCursed","TheCursedMod:CursedWand+1","TheCursedMod:CleanUpWorkshop","TheCursedMod:Dregs","TheCursedMod:AbyssShockwave","TheCursedMod:SurpriseAttack","TheCursedMod:CursedMace","TheCursedMod:HellfireBreathing","TheCursedMod:WearCloak","TheCursedMod:SpitefulPray+1","TheCursedMod:ReleasedStrength","TheCursedMod:CursedStaff","TheCursedMod:Torture","TheCursedMod:CursedSpellbook+1","TheCursedMod:Evocation","TheCursedMod:CollectTribute+1","TheCursedMod:CursedShiv+1","TheCursedMod:StingEye","Necronomicurse","TheCursedMod:Grudge+1","TheCursedMod:Wield+1","TheCursedMod:Wield","TheCursedMod:Wield","TheCursedMod:SpitefulPray","TheCursedMod:Grudge+1","TheCursedMod:DemonSword","TheCursedMod:CursedSpellbook+1","Apotheosis+1","TheCursedMod:WearCloak","TheCursedMod:FuryStrike","Dark Shackles","TheCursedMod:SpitefulStrike","TheCursedMod:BlessingInDisguise+1","TheCursedMod:AntiAging","TheCursedMod:SpreadPlague+1","TheCursedMod:SpreadPlague+1","TheCursedMod:NeowsMight","TheCursedMod:SoulReap","TheCursedMod:SurpriseAttack","TheCursedMod:RapidMovement","TheCursedMod:CursedShiv","TheCursedMod:AbyssShockwave+1","TheCursedMod:Obscuration+1","TheCursedMod:ShockAndAwe","TheCursedMod:CursedSpellbook","TheCursedMod:HellfireBreathing","TheCursedMod:HellsGateOpen+1"],"relics":["TheCursedMod:BlackMagic101","Boot","Gremlin Horn","Bird Faced Urn","Black Star","Necronomicon","Letter Opener","Pantograph","Question Card","Smiling Mask","Bronze Scales","Omamori","Art of War","Sozu","Pen Nib","MealTicket","TheCursedMod:DemonicMark","Vajra","Pear","hubris:64BitClover","hubris:TenFootPole","Calipers","Strawberry","Pocketwatch"],"acts_visited":["Exordium","TheCity","TheBeyond","TheEnding"],"potions_floor_usage":[20,22,24,29,41],"damage_taken":[{"damage":0.0,"enemies":"Small Slimes","floor":1.0,"turns":4.0},{"damage":1.0,"enemies":"Jaw Worm","floor":3.0,"turns":3.0},{"damage":1.0,"enemies":"Cultist","floor":5.0,"turns":3.0},{"damage":28.0,"enemies":"3 Sentries","floor":6.0,"turns":5.0},{"damage":5.0,"enemies":"Looter","floor":7.0,"turns":4.0},{"damage":7.0,"enemies":"Gremlin Nob","floor":8.0,"turns":3.0},{"damage":0.0,"enemies":"Large Slime","floor":10.0,"turns":4.0},{"damage":0.0,"enemies":"Exordium Wildlife","floor":11.0,"turns":4.0},{"damage":7.0,"enemies":"Gremlin Gang","floor":13.0,"turns":2.0},{"damage":6.0,"enemies":"3 Sentries","floor":14.0,"turns":4.0},{"damage":3.0,"enemies":"Slime Boss","floor":16.0,"turns":6.0},{"damage":12.0,"enemies":"Shell Parasite","floor":18.0,"turns":4.0},{"damage":0,"enemies":"Chosen","floor":20,"turns":4},{"damage":6,"enemies":"Centurion and Healer","floor":22,"turns":3},{"damage":4,"enemies":"Slavers","floor":23,"turns":4},{"damage":11,"enemies":"Snake Plant","floor":24,"turns":2},{"damage":13,"enemies":"Shelled Parasite and Fungi","floor":28,"turns":3},{"damage":0,"enemies":"Gremlin Leader","floor":29,"turns":3},{"damage":16,"enemies":"Slavers","floor":31,"turns":2},{"damage":26,"enemies":"Automaton","floor":33,"turns":6},{"damage":2,"enemies":"Orb Walker","floor":35,"turns":3},{"damage":0,"enemies":"3 Darklings","floor":37,"turns":3},{"damage":7,"enemies":"Writhing Mass","floor":38,"turns":4},{"damage":41,"enemies":"Nemesis","floor":40,"turns":6},{"damage":1,"enemies":"Spire Growth","floor":41,"turns":3},{"damage":5,"enemies":"Transient","floor":42,"turns":5},{"damage":0,"enemies":"Jaw Worm Horde","floor":45,"turns":2},{"damage":20,"enemies":"Reptomancer","floor":46,"turns":4},{"damage":9,"enemies":"Writhing Mass","floor":47,"turns":4},{"damage":0,"enemies":"Giant Head","floor":48,"turns":6},{"damage":79,"enemies":"Donu and Deca","floor":50,"turns":8},{"damage":84,"enemies":"Shield and Spear","floor":54,"turns":4},{"damage":62,"enemies":"The Heart","floor":55,"turns":3}],"seed_played":"7020015591042016772","potions_obtained":[{"floor":1.0,"key":"LiquidBronze"},{"floor":5.0,"key":"PowerPotion"},{"floor":7.0,"key":"FearPotion"},{"floor":11.0,"key":"Swift Potion"},{"floor":14.0,"key":"PowerPotion"},{"floor":18.0,"key":"AttackPotion"},{"floor":20,"key":"Energy Potion"},{"floor":29,"key":"Regen Potion"}],"is_trial":false,"path_per_floor":["M","?","M","$","M","E","M","E","T","M","M","R","M","E","R","B",null,"M","?","M","?","M","E","M","R","T","R","M","E","?","E","R","B",null,"M","$","M","M","?","E","M","M","T","$","M","E","M","E","R","B",null,"R","$","E","B"],"character_chosen":"THE_CURSED","items_purchased":["TheCursedMod:CursedMace","Pen Nib","Apotheosis","TheCursedMod:WearCloak","TheCursedMod:FuryStrike","Dark Shackles","TheCursedMod:SoulReap","TheCursedMod:SurpriseAttack","TheCursedMod:RapidMovement","TheCursedMod:CursedSpellbook","TheCursedMod:HellfireBreathing"],"campfire_rested":2,"item_purchase_floors":[4,36,36,36,36,36,44,44,44,53,53],"current_hp_per_floor":[89,89,88,88,87,59,54,47,47,47,47,73,66,60,60,59,89,81,81,87,71,71,69,60,60,60,86,75,79,79,65,65,64,89,87,87,89,82,82,45,57,54,54,69,82,76,80,94,94,27,104,104,104,31,0,0],"gold":39,"neow_bonus":"TWENTY_PERCENT_HP_BONUS","is_daily":false,"chose_seed":false,"campfire_upgraded":4,"win_rate":0.0,"timestamp":1611404701,"path_taken":["M","?","M","?","M","E","M","E","T","M","M","R","M","E","R","BOSS","M","?","M","?","M","E","M","R","T","R","M","E","?","E","R","BOSS","M","$","M","M","?","E","M","M","T","$","M","E","M","E","R","BOSS","R","$","E","BOSS"],"items_purchased_type":["Card","Relic","Card","Card","Card","Card","Card","Card","Card","Card","Card"],"build_version":"2020-12-22","purchased_purges":0,"victory":false,"max_hp_per_floor":[89,89,89,89,89,89,89,89,89,89,89,89,89,89,89,89,89,89,89,89,89,89,89,89,89,89,89,89,89,89,89,89,89,89,89,89,89,89,89,89,91,91,91,91,94,104,104,104,104,104,104,104,104,113,113,113],"card_choices":[{"not_picked":["TheCursedMod:ManaBullet","TheCursedMod:CircleOfFocus"],"picked":"TheCursedMod:AbyssShockwave","floor":1.0},{"not_picked":["TheCursedMod:CursedAmulet","TheCursedMod:RavingStaff"],"picked":"TheCursedMod:SurpriseAttack","floor":3.0},{"not_picked":["TheCursedMod:CircleOfBlood","TheCursedMod:Mangle"],"picked":"TheCursedMod:HellfireBreathing","floor":5.0},{"not_picked":["TheCursedMod:SmokeScreen","TheCursedMod:Wield"],"picked":"TheCursedMod:WearCloak","floor":6.0},{"not_picked":["TheCursedMod:PrepareRite","TheCursedMod:CursedBoomerang"],"picked":"TheCursedMod:SpitefulPray","floor":7.0},{"not_picked":["TheCursedMod:Torture","TheCursedMod:CircleOfFlame"],"picked":"TheCursedMod:ReleasedStrength","floor":8.0},{"not_picked":["TheCursedMod:FleshFromBone","TheCursedMod:CursedShiv"],"picked":"TheCursedMod:CursedStaff","floor":10.0},{"not_picked":["TheCursedMod:CircleOfCorruption","TheCursedMod:Wield"],"picked":"TheCursedMod:Torture","floor":11.0},{"not_picked":["TheCursedMod:SaltUponWound","TheCursedMod:SpreadPlague"],"picked":"TheCursedMod:CursedSpellbook","floor":13.0},{"not_picked":["TheCursedMod:HellfireBreathing","TheCursedMod:VitalStrike"],"picked":"TheCursedMod:Evocation","floor":14.0},{"not_picked":["TheCursedMod:DemonicPact","TheCursedMod:DemonSword"],"picked":"TheCursedMod:CollectTribute","floor":16.0},{"not_picked":["TheCursedMod:CircleOfFocus","TheCursedMod:Torture"],"picked":"TheCursedMod:CursedShiv+1","floor":18.0},{"not_picked":["TheCursedMod:Stretching","TheCursedMod:TacticalStrike"],"picked":"TheCursedMod:StingEye","floor":20},{"not_picked":["TheCursedMod:CircleOfFlame","TheCursedMod:CursedSpellbook"],"picked":"TheCursedMod:Grudge+1","floor":22},{"not_picked":["TheCursedMod:CursedArmor","TheCursedMod:TacticalStrike"],"picked":"TheCursedMod:Wield+1","floor":23},{"not_picked":["TheCursedMod:Obscuration","TheCursedMod:HellfireBreathing"],"picked":"TheCursedMod:Wield","floor":24},{"not_picked":["TheCursedMod:SpitefulPlan","TheCursedMod:CursedBoomerang+1","TheCursedMod:Stigma"],"picked":"TheCursedMod:Wield","floor":28},{"not_picked":["TheCursedMod:Evocation","TheCursedMod:OutForBlood","TheCursedMod:Stretching"],"picked":"TheCursedMod:SpitefulPray","floor":29},{"not_picked":["TheCursedMod:SmokeScreen","TheCursedMod:CursedRelics","TheCursedMod:HellsGateOpen"],"picked":"TheCursedMod:Grudge+1","floor":31},{"not_picked":["TheCursedMod:DemonicPact","TheCursedMod:ParallelWorld","TheCursedMod:CursedRelics"],"picked":"TheCursedMod:DemonSword","floor":33},{"not_picked":["TheCursedMod:SmokeScreen","TheCursedMod:DoubleShield+1","TheCursedMod:SurpriseAttack"],"picked":"TheCursedMod:CursedSpellbook+1","floor":35},{"not_picked":["TheCursedMod:TroublousMinions","TheCursedMod:FleshFromBone+1","TheCursedMod:SmokeScreen+1"],"picked":"TheCursedMod:SpitefulStrike","floor":37},{"not_picked":["TheCursedMod:WearCloak","TheCursedMod:StingEye+1","TheCursedMod:Stigma+1"],"picked":"TheCursedMod:BlessingInDisguise+1","floor":38},{"not_picked":["TheCursedMod:DarkBarrier","TheCursedMod:WearCloak","TheCursedMod:CircleOfCorruption"],"picked":"TheCursedMod:SpreadPlague+1","floor":40},{"not_picked":["TheCursedMod:FuryStrike+1","TheCursedMod:CursedBlade","TheCursedMod:Stretching+1"],"picked":"TheCursedMod:SpreadPlague+1","floor":41},{"not_picked":["TheCursedMod:SurpriseAttack+1","TheCursedMod:CursedSpellbook+1","TheCursedMod:Grudge"],"picked":"TheCursedMod:NeowsMight","floor":42},{"not_picked":["TheCursedMod:FuryStrike","TheCursedMod:VitalStrike+1","TheCursedMod:Obscuration"],"picked":"TheCursedMod:CursedShiv","floor":45},{"not_picked":["TheCursedMod:SpitefulStrike","TheCursedMod:Obscuration+1","TheCursedMod:SpreadPlague"],"picked":"TheCursedMod:AbyssShockwave+1","floor":46},{"not_picked":["TheCursedMod:VitalStrike+1","TheCursedMod:SmokeScreen","TheCursedMod:FleshFromBone+1"],"picked":"TheCursedMod:Obscuration+1","floor":47},{"not_picked":["TheCursedMod:CircleOfCorruption+1","TheCursedMod:Stigma+1","TheCursedMod:CursedMace"],"picked":"TheCursedMod:ShockAndAwe","floor":48},{"not_picked":["TheCursedMod:Torture+1","TheCursedMod:RapidMovement+1","TheCursedMod:Stigma+1"],"picked":"TheCursedMod:HellsGateOpen+1","floor":54}],"player_experience":346057,"relics_obtained":[{"floor":6.0,"key":"Boot"},{"floor":8.0,"key":"Gremlin Horn"},{"floor":14.0,"key":"Bird Faced Urn"},{"floor":21,"key":"Necronomicon"},{"floor":23,"key":"Letter Opener"},{"floor":23,"key":"Pantograph"},{"floor":26,"key":"Question Card"},{"floor":29,"key":"Smiling Mask"},{"floor":29,"key":"Bronze Scales"},{"floor":31,"key":"Omamori"},{"floor":31,"key":"Art of War"},{"floor":40,"key":"MealTicket"},{"floor":40,"key":"TheCursedMod:DemonicMark"},{"floor":43,"key":"Vajra"},{"floor":46,"key":"Pear"},{"floor":46,"key":"hubris:64BitClover"},{"floor":48,"key":"hubris:TenFootPole"},{"floor":48,"key":"Calipers"},{"floor":54,"key":"Strawberry"},{"floor":54,"key":"Pocketwatch"}],"event_choices":[{"damage_healed":0.0,"max_hp_gain":0.0,"max_hp_loss":0.0,"gold_gain":0.0,"event_name":"Living Wall","player_choice":"Grow","floor":2.0,"gold_loss":0.0,"damage_taken":0.0,"cards_upgraded":["TheCursedMod:CursedWand"]},{"cards_removed":["TheCursedMod:Strike_TheCursed"],"damage_healed":0,"gold_gain":0,"player_choice":"Give","damage_taken":0,"max_hp_gain":0,"max_hp_loss":0,"event_name":"betterNote:BetterNote","floor":19,"gold_loss":0,"cards_obtained":["None"]},{"damage_healed":0,"gold_gain":0,"player_choice":"Obtained Book","damage_taken":16,"max_hp_gain":0,"max_hp_loss":0,"event_name":"Cursed Tome","floor":21,"gold_loss":0},{"damage_healed":0,"gold_gain":0,"player_choice":"Ignored","damage_taken":0,"max_hp_gain":0,"max_hp_loss":0,"event_name":"Vampires","floor":30,"gold_loss":0},{"damage_healed":0,"gold_gain":0,"player_choice":"1 cards matched","damage_taken":0,"max_hp_gain":0,"max_hp_loss":0,"event_name":"Match and Keep!","floor":39,"gold_loss":0,"cards_obtained":["TheCursedMod:AntiAging"]}],"is_beta":false,"boss_relics":[{"not_picked":["Empty Cage","Coffee Dripper"],"picked":"Black Star"},{"not_picked":["hubris:RunicObelisk","Philosopher\u0027s Stone"],"picked":"Sozu"}],"items_purged_floors":[],"is_endless":false,"potions_floor_spawned":[1,5,7,11,14,18,20,29,35,41,42,45,46],"killed_by":"The Heart","ascension_level":0}}