{"host":"mpptac75auyxsbzs","time":1611421495,"event":{"mods":["BaseMod","Downfall","Minty Spire (QoL Compilation)","Random Character Button","StSLib","SuperFastMode"],"gold_per_floor":[99,110,125,125,125,158,185,32,32,32,47,80,80,93,104,200,200,0,13,24,34,34,34,79,94,79,79,93,108,8,33,57,57,57,57],"floor_reached":33,"language":"ENG","playtime":2202,"items_purged":[],"score":304,"play_id":"aaa292c4-47e0-4b87-801e-38b08618acab","local_time":"20210123180455","is_ascension_mode":false,"campfire_choices":[{"floor":1,"key":"RECALL"},{"data":"Slimebound:TagTeam","floor":10,"key":"SMITH"},{"data":"Slimebound:SplitSpecialist","floor":13,"key":"SMITH"},{"data":"Slimebound:OneTwoCombo","floor":18,"key":"SMITH"},{"data":"Slimebound:LeadByExample","floor":27,"key":"SMITH"},{"data":"Slimebound:LevelUp","floor":30,"key":"SMITH"}],"circlet_count":0,"master_deck":["Slimebound:Tackle+1","Slimebound:Defend_Slimebound","Slimebound:Defend_Slimebound","Slimebound:Defend_Slimebound","Slimebound:Split","Slimebound:CorrosiveSpit","Slimebound:LeadByExample+1","Slimebound:SplitSpecialist+1","Slimebound:TagTeam+1","Slimebound:FinishingTackle","Slimebound:AcidTongue","Slimebound:RejuvenatingLick","Slimebound:SplitBruiser","Slimebound:SplitMire","Slimebound:LeechEnergy","Slimebound:LeadByExample+1","Slimebound:OneTwoCombo+1","Slimebound:LevelUp+1","Slimebound:Repurpose","Slimebound:Schlurp+1","Slimebound:Tackle+1","Slimebound:Tackle+1","Slimebound:Tackle+1","Necronomicurse","Slimebound:SplitMire","Slimebound:SplitMire","Slimebound:SamplingLick+1","Slimebound:Teamwork"],"relics":["Slimebound:AbsorbEndCombat","Centennial Puzzle","Whetstone","Pocketwatch","Philosopher\u0027s Stone","downfall:HeartBlessingRed","downfall:HeartBlessingGreen","Necronomicon","Ancient Tea Set","downfall:HeartBlessingBlue","CeramicFish"],"acts_visited":["Exordium","TheCity"],"potions_floor_usage":[6,8,31,32,33,33],"damage_taken":[{"damage":16,"enemies":"Jaw Worm","floor":2,"turns":3},{"damage":10,"enemies":"2 Louse","floor":3,"turns":3},{"damage":33,"enemies":"Gremlin Nob","floor":6,"turns":4},{"damage":13,"enemies":"downfall:FleeingMerchant","floor":8,"turns":4},{"damage":0,"enemies":"Small Slimes","floor":11,"turns":2},{"damage":22,"enemies":"3 Sentries","floor":12,"turns":4},{"damage":4,"enemies":"Gremlin Gang","floor":14,"turns":3},{"damage":0,"enemies":"Large Slime","floor":15,"turns":2},{"damage":4,"enemies":"SI_SHIV_ARCHETYPE","floor":16,"turns":7},{"damage":11,"enemies":"Spheric Guardian","floor":19,"turns":3},{"damage":4,"enemies":"3 Byrds","floor":20,"turns":3},{"damage":3,"enemies":"Snecko","floor":21,"turns":2},{"damage":8,"enemies":"Cultist and Chosen","floor":25,"turns":3},{"damage":29,"enemies":"downfall:FleeingMerchant","floor":26,"turns":4},{"damage":0,"enemies":"Snake Plant","floor":28,"turns":2},{"damage":14,"enemies":"Centurion and Healer","floor":29,"turns":3},{"damage":31,"enemies":"Slavers","floor":31,"turns":3},{"damage":7,"enemies":"Shelled Parasite and Fungi","floor":32,"turns":3},{"damage":6,"enemies":"IC_MUSHROOM_ARCHETYPE","floor":33,"turns":1}],"seed_played":"5772565379666643471","potions_obtained":[{"floor":2,"key":"SteroidPotion"},{"floor":3,"key":"Swift Potion"},{"floor":6,"key":"Fruit Juice"},{"floor":15,"key":"Guardian:BlockOnCardUsePotion"},{"floor":16,"key":"Energy Potion"},{"floor":29,"key":"PowerPotion"},{"floor":32,"key":"Slimebound:SlimedPotion"}],"is_trial":false,"path_per_floor":["R","M","M","?","?","E","T","$","?","R","M","E","R","M","M","B",null,"R","M","M","M","?","?","T","M","$","R","M","M","R","E","M","B"],"character_chosen":"SLIMEBOUND","items_purchased":["Slimebound:AcidTongue","Slimebound:RejuvenatingLick"],"campfire_rested":0,"item_purchase_floors":[8,8],"current_hp_per_floor":[71,57,53,46,46,15,15,15,15,15,21,3,3,1,5,9,76,76,65,69,68,68,52,52,50,29,29,31,23,33,6,3,0,0,0],"gold":57,"neow_bonus":"TEN_PERCENT_HP_BONUS","is_daily":false,"chose_seed":false,"campfire_upgraded":5,"win_rate":0.0,"timestamp":1611421495,"path_taken":["R","M","M","?","?","E","T","$","?","R","M","E","R","M","M","BOSS","R","M","M","?","?","?","T","M","$","R","M","M","R","E","M","BOSS"],"items_purchased_type":["Card","Card"],"build_version":"2020-12-22","purchased_purges":0,"victory":false,"max_hp_per_floor":[71,71,71,71,71,71,71,76,76,76,76,76,76,76,76,76,76,76,76,76,76,76,76,76,76,76,76,76,76,86,86,86,86,86,86],"card_choices":[{"not_picked":["Slimebound:RainOfGoop","Slimebound:Nibble"],"picked":"Slimebound:LeadByExample","floor":2},{"not_picked":["Slimebound:HauntingLick","Slimebound:PressTheAttack"],"picked":"Slimebound:SplitSpecialist","floor":3},{"not_picked":["Slimebound:ServeAndProtect","Slimebound:Chomp"],"picked":"Slimebound:TagTeam","floor":6},{"not_picked":["Slimebound:GoopTackle","Slimebound:ProtectTheBoss"],"picked":"Slimebound:FinishingTackle","floor":8},{"not_picked":["Slimebound:RejuvenatingLick","Slimebound:FormOfPuddle"],"picked":"Slimebound:SplitBruiser","floor":11},{"not_picked":["Slimebound:LeechingTouch","Slimebound:GoopTackle"],"picked":"Slimebound:SplitMire","floor":12},{"not_picked":["Slimebound:SlimeSlap","Slimebound:FinishingTackle"],"picked":"Slimebound:LeechEnergy","floor":14},{"not_picked":["Slimebound:DivideAndConquer","Slimebound:Equalize"],"picked":"Slimebound:LeadByExample","floor":15},{"not_picked":["Slimebound:MassFeed","Slimebound:SelfFormingGoo"],"picked":"Slimebound:OneTwoCombo","floor":16},{"not_picked":["Slimebound:SplitMire","Slimebound:Chomp"],"picked":"Slimebound:LevelUp","floor":19},{"not_picked":["Slimebound:RollThrough","Slimebound:RejuvenatingLick"],"picked":"Slimebound:Repurpose","floor":20},{"not_picked":["Slimebound:SlimeSpikes+1","Slimebound:GoopTackle"],"picked":"Slimebound:Schlurp+1","floor":21},{"not_picked":["Slimebound:PressTheAttack+1","Slimebound:SamplingLick"],"picked":"Slimebound:SplitMire","floor":25},{"not_picked":["Slimebound:FinishingTackle","Slimebound:SplitBruiser"],"picked":"Slimebound:SplitMire","floor":26},{"not_picked":["Slimebound:Equalize+1","Slimebound:ViciousTackle"],"picked":"Slimebound:SamplingLick+1","floor":28},{"not_picked":["Slimebound:Gluttony","Slimebound:SamplingLick","Slimebound:FinishingTackle"],"picked":"SKIP","floor":29},{"not_picked":["Slimebound:FlameTackle","Slimebound:ComboTackle+1","Slimebound:RollThrough+1"],"picked":"SKIP","floor":31},{"not_picked":["Slimebound:RejuvenatingLick+1","Slimebound:FinishingTackle"],"picked":"Slimebound:Teamwork","floor":32}],"player_experience":237550,"relics_obtained":[{"floor":6,"key":"Whetstone"},{"floor":12,"key":"Pocketwatch"},{"floor":23,"key":"Necronomicon"},{"floor":24,"key":"Ancient Tea Set"},{"floor":31,"key":"CeramicFish"}],"event_choices":[{"damage_healed":0,"gold_gain":0,"player_choice":"Success","damage_taken":7,"relics_obtained":["Centennial Puzzle"],"max_hp_gain":0,"max_hp_loss":0,"event_name":"Scrap Ooze","floor":4,"gold_loss":0},{"damage_healed":0,"gold_gain":0,"player_choice":"Grow","damage_taken":0,"max_hp_gain":0,"max_hp_loss":0,"event_name":"Living Wall","floor":5,"gold_loss":0,"cards_upgraded":["Slimebound:LeadByExample"]}],"is_beta":false,"boss_relics":[{"not_picked":["Snecko Eye","Runic Dome"],"picked":"Philosopher\u0027s Stone"}],"items_purged_floors":[],"is_endless":false,"potions_floor_spawned":[2,3,6,15,16,21,28,29,32],"killed_by":"IC_MUSHROOM_ARCHETYPE","ascension_level":0}}