{"host":"vyjryxuuuxkt43k4","time":1611416727,"event":{"mods":["AchievementEnabler","BaseMod","Colored Map","DeckTracker","Keyboard Shortcuts","Minty Spire (QoL Compilation)","Permanent Neow","Quick Restart","StSLib","SuperFastMode","everything is the same but u backflip on backflip"],"gold_per_floor":[12,12,26,26,37,66,66,393,393,413,446,521,551,566,566,664,664,680,680,696,696,25,53,53,81,106,6,17,36,36,67,67,162,162,177,197,197,18,68,68,68,68,68,68,100,114,144,198,198,198,198,198,52,83,83],"floor_reached":56,"language":"KOR","playtime":3188,"items_purged":["Defend_B","Turbo"],"score":1638,"play_id":"4a0e368c-aa4d-4e48-a1e2-062b058aa347","local_time":"20210124004527","is_ascension_mode":true,"campfire_choices":[{"floor":7.0,"key":"REST"},{"floor":15.0,"key":"REST"},{"data":"Coolheaded","floor":24.0,"key":"SMITH"},{"data":"Buffer","floor":30.0,"key":"SMITH"},{"data":"Stack","floor":32.0,"key":"SMITH"},{"data":"Zap","floor":40.0,"key":"SMITH"},{"data":"Capacitor","floor":42.0,"key":"SMITH"},{"data":"Defend_B","floor":44.0,"key":"PURGE"},{"floor":49.0,"key":"RECALL"},{"data":"Electrodynamics","floor":52.0,"key":"SMITH"}],"circlet_count":0,"master_deck":["Defend_B","Defend_B","Zap+1","Dualcast+1","Mayhem+1","BootSequence","Cold Snap","Aggregate","Stack+1","Auto Shields","Buffer+1","Lockon","Coolheaded+1","Electrodynamics+1","Undo","Bite","Bite","Bite","Bite","Bite","Capacitor+1","Aggregate+1","Turbo+1","Hologram","Rebound+1","Go for the Eyes+1","Defragment+1","Ball Lightning","Compile Driver","Madness","Madness","Buffer+1","Force Field+1","Glacier+1","Coolheaded+1"],"relics":["Cracked Core","Ancient Tea Set","Old Coin","Meat on the Bone","Centennial Puzzle","Odd Mushroom","Inserter","Nilry\u0027s Codex","Incense Burner","Kunai","StoneCalendar","Dream Catcher","Happy Flower","Frozen Egg 2","Sozu","Lee\u0027s Waffle","Peace Pipe","HornCleat","Blood Vial","CaptainsWheel","Toolbox","Mercury Hourglass"],"acts_visited":["Exordium","TheCity","TheBeyond","TheEnding"],"potions_floor_usage":[],"damage_taken":[{"damage":4.0,"enemies":"2 Louse","floor":1.0,"turns":3.0},{"damage":10.0,"enemies":"Small Slimes","floor":3.0,"turns":4.0},{"damage":0.0,"enemies":"Jaw Worm","floor":5.0,"turns":4.0},{"damage":21.0,"enemies":"3 Sentries","floor":6.0,"turns":8.0},{"damage":24.0,"enemies":"Gremlin Nob","floor":8.0,"turns":4.0},{"damage":10.0,"enemies":"Exordium Wildlife","floor":10.0,"turns":4.0},{"damage":9.0,"enemies":"Lagavulin","floor":11.0,"turns":8.0},{"damage":7.0,"enemies":"The Mushroom Lair","floor":13.0,"turns":7.0},{"damage":0.0,"enemies":"Red Slaver","floor":14.0,"turns":4.0},{"damage":24.0,"enemies":"Slime Boss","floor":16.0,"turns":11.0},{"damage":7.0,"enemies":"Chosen","floor":18.0,"turns":7.0},{"damage":15.0,"enemies":"2 Thieves","floor":20.0,"turns":4.0},{"damage":26.0,"enemies":"Slavers","floor":23.0,"turns":4.0},{"damage":24.0,"enemies":"Book of Stabbing","floor":25.0,"turns":7.0},{"damage":0.0,"enemies":"Shelled Parasite and Fungi","floor":28.0,"turns":7.0},{"damage":13.0,"enemies":"Centurion and Healer","floor":29.0,"turns":7.0},{"damage":30.0,"enemies":"Slavers","floor":31.0,"turns":5.0},{"damage":8.0,"enemies":"Automaton","floor":33.0,"turns":9.0},{"damage":8.0,"enemies":"3 Shapes","floor":35.0,"turns":4.0},{"damage":16.0,"enemies":"3 Darklings","floor":36.0,"turns":5.0},{"damage":20.0,"enemies":"Mind Bloom Boss Battle","floor":39.0,"turns":7.0},{"damage":36.0,"enemies":"Nemesis","floor":45.0,"turns":7.0},{"damage":12.0,"enemies":"Sphere and 2 Shapes","floor":46.0,"turns":7.0},{"damage":3.0,"enemies":"Reptomancer","floor":47.0,"turns":7.0},{"damage":22.0,"enemies":"2 Orb Walkers","floor":48.0,"turns":6.0},{"damage":51.0,"enemies":"Awakened One","floor":50.0,"turns":13.0},{"damage":44,"enemies":"Shield and Spear","floor":54,"turns":7},{"damage":45,"enemies":"The Heart","floor":55,"turns":11}],"seed_played":"-5293534407973154845","potions_obtained":[{"floor":1.0,"key":"EssenceOfSteel"},{"floor":6.0,"key":"CultistPotion"},{"floor":11.0,"key":"Weak Potion"},{"floor":14.0,"key":"CultistPotion"},{"floor":16.0,"key":"DistilledChaos"},{"floor":20.0,"key":"Strength Potion"},{"floor":23.0,"key":"ColorlessPotion"},{"floor":25.0,"key":"Weak Potion"},{"floor":31.0,"key":"Energy Potion"},{"floor":33.0,"key":"Block Potion"}],"is_trial":false,"path_per_floor":["M","?","M","?","M","E","R","E","T","M","E","?","?","M","R","B",null,"M","?","M","?","$","E","R","E","T","$","M","M","R","E","R","B",null,"M","M","?","$","?","R","?","R","T","R","E","M","E","?","R","B",null,"R","$","E","B",null],"character_chosen":"DEFECT","items_purchased":["Incense Burner","Capacitor","Kunai","Lee\u0027s Waffle","Ball Lightning","Toolbox"],"campfire_rested":2,"item_purchase_floors":[22,22,22,38,38,53],"current_hp_per_floor":[64,64,54,39,39,18,40,16,16,18,21,10,15,27,49,37,66,59,43,40,40,40,32,32,32,32,32,44,41,41,35,35,44,50,46,38,38,59,49,49,42,42,42,42,28,30,39,41,41,32,52,52,52,34,23],"gold":83,"neow_bonus":"RANDOM_COLORLESS_2","is_daily":false,"chose_seed":false,"campfire_upgraded":6,"win_rate":0.0,"timestamp":1611416727,"path_taken":["M","?","M","?","M","E","R","E","T","M","E","?","?","M","R","BOSS","M","?","M","?","$","E","R","E","T","?","?","M","R","E","R","BOSS","M","M","?","$","?","R","?","R","T","R","E","M","E","?","R","BOSS","R","$","E","BOSS"],"items_purchased_type":["Relic","Card","Relic","Relic","Card","Relic"],"build_version":"2020-12-22","purchased_purges":2,"victory":true,"max_hp_per_floor":[75,75,75,75,75,75,75,75,75,75,75,75,75,75,75,75,75,75,75,75,52,52,52,52,52,52,52,52,52,52,52,52,52,52,52,52,52,59,59,59,59,59,59,59,59,59,59,59,59,59,59,59,59,59,59],"card_choices":[{"not_picked":["Sadistic Nature","Transmutation"],"picked":"Mayhem","floor":0.0},{"not_picked":["White Noise","Steam Power"],"picked":"BootSequence","floor":1.0},{"not_picked":["Static Discharge","Barrage"],"picked":"Cold Snap","floor":3.0},{"not_picked":["Steam Power","Double Energy"],"picked":"Turbo","floor":5.0},{"not_picked":["Beam Cell","Loop"],"picked":"Aggregate","floor":6.0},{"not_picked":["Fission","White Noise"],"picked":"Stack","floor":8.0},{"not_picked":["Scrape","Hello World"],"picked":"Auto Shields","floor":10.0},{"not_picked":["Lockon","Go for the Eyes"],"picked":"Buffer","floor":11.0},{"not_picked":["Fusion","Leap"],"picked":"Lockon","floor":13.0},{"not_picked":["Stack","Streamline"],"picked":"Coolheaded","floor":14.0},{"not_picked":["Seek","Amplify"],"picked":"Electrodynamics","floor":16.0},{"not_picked":["Gash","Auto Shields","BootSequence"],"picked":"SKIP","floor":18.0},{"not_picked":["Barrage","Steam"],"picked":"Undo","floor":20.0},{"not_picked":["Beam Cell","Seek"],"picked":"Aggregate+1","floor":23.0},{"not_picked":["Genetic Algorithm","Stack+1"],"picked":"Turbo+1","floor":25.0},{"not_picked":["Sweeping Beam","Cold Snap"],"picked":"Hologram","floor":28.0},{"not_picked":["Storm","Doom and Gloom"],"picked":"Rebound+1","floor":29.0},{"not_picked":["Coolheaded","Genetic Algorithm","Aggregate"],"picked":"SKIP","floor":31.0},{"not_picked":["Turbo+1","Barrage"],"picked":"Go for the Eyes+1","floor":35.0},{"not_picked":["Sweeping Beam","Rebound+1"],"picked":"Defragment+1","floor":36.0},{"not_picked":["Cold Snap+1","Force Field+1"],"picked":"Compile Driver","floor":39.0},{"not_picked":["Steam","BootSequence+1"],"picked":"Buffer+1","floor":45.0},{"not_picked":["Redo","Cold Snap"],"picked":"Force Field+1","floor":46.0},{"not_picked":["Genetic Algorithm","Darkness+1","Gash"],"picked":"SKIP","floor":47.0},{"not_picked":["Double Energy","Leap+1"],"picked":"Glacier+1","floor":48.0},{"not_picked":["Lockon","Hyperbeam"],"picked":"Coolheaded+1","floor":54}],"player_experience":272849,"relics_obtained":[{"floor":6.0,"key":"Ancient Tea Set"},{"floor":8.0,"key":"Old Coin"},{"floor":9.0,"key":"Meat on the Bone"},{"floor":11.0,"key":"Centennial Puzzle"},{"floor":13.0,"key":"Odd Mushroom"},{"floor":19.0,"key":"Nilry\u0027s Codex"},{"floor":23.0,"key":"StoneCalendar"},{"floor":25.0,"key":"Dream Catcher"},{"floor":26.0,"key":"Happy Flower"},{"floor":31.0,"key":"Frozen Egg 2"},{"floor":39.0,"key":"Peace Pipe"},{"floor":45.0,"key":"HornCleat"},{"floor":47.0,"key":"Blood Vial"},{"floor":48.0,"key":"CaptainsWheel"},{"floor":54,"key":"Mercury Hourglass"}],"event_choices":[{"damage_healed":0.0,"max_hp_gain":0.0,"max_hp_loss":0.0,"gold_gain":0.0,"event_name":"Living Wall","player_choice":"Grow","floor":2.0,"gold_loss":0.0,"damage_taken":0.0,"cards_upgraded":["Mayhem"]},{"damage_healed":0.0,"max_hp_gain":0.0,"max_hp_loss":0.0,"gold_gain":0.0,"event_name":"Shining Light","player_choice":"Entered Light","floor":4.0,"gold_loss":0.0,"damage_taken":15.0,"cards_upgraded":["Dualcast","Strike_B"]},{"damage_healed":0.0,"max_hp_gain":0.0,"max_hp_loss":0.0,"gold_gain":75.0,"event_name":"World of Goop","player_choice":"Gather Gold","floor":12.0,"gold_loss":0.0,"damage_taken":11.0},{"damage_healed":0.0,"max_hp_gain":0.0,"max_hp_loss":0.0,"gold_gain":0.0,"event_name":"Mushrooms","player_choice":"Fought Mushrooms","floor":13.0,"gold_loss":0.0,"damage_taken":0.0},{"damage_healed":0.0,"max_hp_gain":0.0,"max_hp_loss":0.0,"gold_gain":0.0,"event_name":"Cursed Tome","player_choice":"Obtained Book","floor":19.0,"gold_loss":0.0,"damage_taken":16.0},{"damage_healed":0.0,"max_hp_gain":0.0,"max_hp_loss":23.0,"gold_gain":0.0,"event_name":"Vampires","player_choice":"Became a vampire","floor":21.0,"gold_loss":0.0,"damage_taken":0.0,"cards_obtained":["Bite","Bite","Bite","Bite","Bite"]},{"damage_healed":0.0,"max_hp_gain":0.0,"max_hp_loss":0.0,"gold_gain":0.0,"event_name":"Tomb of Lord Red Mask","player_choice":"Ignored","floor":37.0,"gold_loss":0.0,"damage_taken":0.0},{"damage_healed":0.0,"max_hp_gain":0.0,"max_hp_loss":0.0,"gold_gain":0.0,"event_name":"MindBloom","player_choice":"Fight","floor":39.0,"gold_loss":0.0,"damage_taken":0.0},{"damage_healed":0.0,"max_hp_gain":0.0,"max_hp_loss":0.0,"gold_gain":0.0,"event_name":"Winding Halls","player_choice":"Embrace Madness","floor":41.0,"gold_loss":0.0,"damage_taken":7.0,"cards_obtained":["Madness","Madness"]},{"damage_healed":0.0,"max_hp_gain":0.0,"max_hp_loss":0.0,"gold_gain":0.0,"event_name":"Mysterious Sphere","player_choice":"Fight","floor":48.0,"gold_loss":0.0,"damage_taken":0.0}],"is_beta":false,"boss_relics":[{"not_picked":["Busted Crown","Ectoplasm"],"picked":"Inserter"},{"not_picked":["Runic Pyramid","Tiny House"],"picked":"Sozu"}],"items_purged_floors":[22,27],"is_endless":false,"potions_floor_spawned":[1,6,11,14,16,20,23,25,31,33,36,39,46,47],"ascension_level":7}}