{"host":"kexkhla8w40hzbr7","time":1611443770,"event":{"mods":["BaseMod","Colored Map","Highlight Path","Minty Spire (QoL Compilation)","Remove Card Discount Mod"],"gold_per_floor":[116,116,69,92,107,146,146,146,146,171,171,94,134,157,157,280,280,301,301,4,0,19,19,54,48,74,97,112,143,143,143,143,273,273,289,310,310,310,323,323,343,362,362,362,112,112,135,155,155,155],"floor_reached":51,"language":"ENG","playtime":2634,"items_purged":["Strike_G","Defend_G","Strike_G","Defend_G","Strike_G","Strike_G","Defend_G","Defend_G","Survivor","Bane","Noxious Fumes+1","Deadly Poison","Deadly Poison"],"score":772,"play_id":"13faa5d2-0ad6-45ea-91c4-d9502a472d65","local_time":"20210123171610","is_ascension_mode":false,"campfire_choices":[{"floor":7,"key":"REST"},{"data":"Noxious Fumes","floor":11,"key":"SMITH"},{"floor":15,"key":"REST"},{"data":"Accuracy","floor":23,"key":"SMITH"},{"floor":32,"key":"REST"},{"data":"Accuracy","floor":40,"key":"SMITH"},{"data":"Cloak And Dagger","floor":44,"key":"SMITH"},{"data":"Cloak And Dagger","floor":46,"key":"SMITH"},{"floor":49,"key":"REST"}],"circlet_count":0,"master_deck":["Neutralize+1","Cloak And Dagger+1","Cloak And Dagger+1","Blade Dance","Accuracy+1","Blade Dance","Accuracy+1","Backflip+1","Cloak And Dagger","Backflip","Terror+1"],"relics":["Ring of the Snake","NeowsBlessing","Golden Idol","HornCleat","Pear","Pocketwatch","Empty Cage","Lantern","Toy Ornithopter","Whetstone","PreservedInsect","MutagenicStrength","Runic Pyramid","Anchor","Orichalcum"],"acts_visited":["Exordium","TheCity","TheBeyond"],"potions_floor_usage":[6,6,16,29,50,50],"damage_taken":[{"damage":0,"enemies":"Cultist","floor":1,"turns":1},{"damage":0,"enemies":"2 Louse","floor":4,"turns":2},{"damage":0,"enemies":"Small Slimes","floor":5,"turns":1},{"damage":30,"enemies":"Gremlin Nob","floor":6,"turns":5},{"damage":6,"enemies":"3 Louse","floor":10,"turns":4},{"damage":30,"enemies":"3 Sentries","floor":13,"turns":7},{"damage":1,"enemies":"Looter","floor":14,"turns":3},{"damage":22,"enemies":"Slime Boss","floor":16,"turns":8},{"damage":14,"enemies":"Spheric Guardian","floor":18,"turns":5},{"damage":11,"enemies":"2 Thieves","floor":22,"turns":2},{"damage":2,"enemies":"Book of Stabbing","floor":24,"turns":3},{"damage":0,"enemies":"Centurion and Healer","floor":27,"turns":3},{"damage":0,"enemies":"Chosen and Byrds","floor":28,"turns":4},{"damage":0,"enemies":"Slavers","floor":29,"turns":4},{"damage":10,"enemies":"Champ","floor":33,"turns":9},{"damage":0,"enemies":"3 Darklings","floor":35,"turns":3},{"damage":2,"enemies":"3 Shapes","floor":36,"turns":4},{"damage":0,"enemies":"3 Darklings","floor":39,"turns":4},{"damage":18,"enemies":"4 Shapes","floor":41,"turns":3},{"damage":4,"enemies":"Jaw Worm Horde","floor":42,"turns":3},{"damage":0,"enemies":"Sphere and 2 Shapes","floor":47,"turns":2},{"damage":0,"enemies":"3 Darklings","floor":48,"turns":2},{"damage":50,"enemies":"Time Eater","floor":50,"turns":8}],"seed_played":"-7502332799476824884","potions_obtained":[{"floor":1,"key":"Explosive Potion"},{"floor":4,"key":"Poison Potion"},{"floor":6,"key":"Explosive Potion"},{"floor":24,"key":"Swift Potion"},{"floor":27,"key":"GhostInAJar"},{"floor":33,"key":"Dexterity Potion"},{"floor":36,"key":"Swift Potion"},{"floor":39,"key":"SpeedPotion"}],"is_trial":false,"path_per_floor":["M","?","$","M","M","E","R","?","T","M","R","$","E","M","R","B",null,"M","?","$","?","M","R","E","$","T","M","M","E","?","?","R","B",null,"M","M","?","?","M","R","M","M","T","R","$","R","M","M","R","B",null],"character_chosen":"THE_SILENT","items_purchased":["Caltrops","Deadly Poison","Cloak And Dagger","Lantern","Blade Dance","Accuracy","Orichalcum","FairyPotion"],"campfire_rested":4,"item_purchase_floors":[3,12,12,20,20,20,45,45],"current_hp_per_floor":[70,65,65,65,65,35,54,48,58,52,52,52,22,21,43,21,75,61,61,61,61,50,50,48,48,48,48,48,53,53,53,75,65,75,75,73,73,73,73,73,55,51,51,51,51,51,51,51,73,25],"gold":155,"neow_bonus":"THREE_ENEMY_KILL","is_daily":false,"chose_seed":false,"campfire_upgraded":5,"win_rate":0.0,"timestamp":1611443770,"path_taken":["M","?","$","M","M","E","R","?","T","M","R","$","E","?","R","BOSS","M","?","$","?","M","R","E","$","T","M","M","E","?","?","R","BOSS","M","M","?","?","M","R","M","M","T","R","$","R","M","M","R","BOSS"],"items_purchased_type":["Card","Card","Card","Relic","Card","Card","Relic","Potion"],"build_version":"2020-12-22","purchased_purges":13,"victory":true,"max_hp_per_floor":[70,65,65,65,65,65,65,65,75,75,75,75,75,75,75,75,75,75,75,75,75,75,75,75,75,75,75,75,75,75,75,75,75,75,75,75,75,75,75,75,75,75,75,75,75,75,75,75,75,75],"card_choices":[{"not_picked":["Cloak And Dagger","Backflip"],"picked":"Noxious Fumes","floor":1},{"not_picked":["Predator","Distraction","Prepared"],"picked":"SKIP","floor":4},{"not_picked":["Acrobatics","Leg Sweep"],"picked":"Cloak And Dagger","floor":5},{"not_picked":["Sucker Punch","Well Laid Plans"],"picked":"Deadly Poison","floor":6},{"not_picked":["Leg Sweep","Dodge and Roll","All Out Attack"],"picked":"SKIP","floor":10},{"not_picked":["Acrobatics","Night Terror"],"picked":"Blade Dance","floor":13},{"not_picked":["Dagger Spray","Blur"],"picked":"Bane","floor":14},{"not_picked":["Bouncing Flask","Acrobatics"],"picked":"Accuracy","floor":18},{"not_picked":["Underhanded Strike","Blade Dance","Dagger Throw+1"],"picked":"SKIP","floor":22},{"not_picked":["Dagger Spray","Backstab"],"picked":"Backflip+1","floor":24},{"not_picked":["Underhanded Strike","Finisher","Acrobatics"],"picked":"SKIP","floor":27},{"not_picked":["Underhanded Strike","Finisher","Acrobatics"],"picked":"SKIP","floor":27},{"not_picked":["Dash","Bane","Eviscerate"],"picked":"SKIP","floor":28},{"not_picked":["Endless Agony+1","Deadly Poison","Distraction"],"picked":"SKIP","floor":29},{"not_picked":["Backstab+1","Finisher+1"],"picked":"Cloak And Dagger","floor":35},{"not_picked":["Flying Knee","Dodge and Roll+1"],"picked":"Backflip","floor":36},{"not_picked":["PiercingWail+1","Deadly Poison","Cloak And Dagger+1"],"picked":"SKIP","floor":39},{"not_picked":["Sucker Punch+1","Deadly Poison+1","Flying Knee"],"picked":"SKIP","floor":41},{"not_picked":["Outmaneuver+1","Dagger Throw+1"],"picked":"Terror+1","floor":42},{"not_picked":["Catalyst+1","Terror","Flying Knee"],"picked":"SKIP","floor":47},{"not_picked":["Blur","Deadly Poison+1","Quick Slash"],"picked":"SKIP","floor":48}],"player_experience":20762,"relics_obtained":[{"floor":6,"key":"HornCleat"},{"floor":9,"key":"Pear"},{"floor":13,"key":"Pocketwatch"},{"floor":24,"key":"Toy Ornithopter"},{"floor":26,"key":"Whetstone"},{"floor":29,"key":"PreservedInsect"},{"floor":43,"key":"Anchor"}],"event_choices":[{"damage_healed":0,"gold_gain":0,"player_choice":"Lose Max HP","damage_taken":0,"relics_obtained":["Golden Idol"],"max_hp_gain":0,"max_hp_loss":5,"event_name":"Golden Idol","floor":2,"gold_loss":0},{"damage_healed":0,"gold_gain":0,"player_choice":"Damaged","damage_taken":6,"max_hp_gain":0,"max_hp_loss":0,"event_name":"Wheel of Change","floor":8,"gold_loss":0},{"damage_healed":0,"gold_gain":0,"player_choice":"Ignored","damage_taken":0,"max_hp_gain":0,"max_hp_loss":0,"event_name":"Vampires","floor":19,"gold_loss":0},{"damage_healed":0,"gold_gain":0,"player_choice":"Paid Fearfully","damage_taken":0,"max_hp_gain":0,"max_hp_loss":0,"event_name":"Masked Bandits","floor":21,"gold_loss":4},{"damage_healed":0,"gold_gain":0,"player_choice":"Ignored","damage_taken":0,"max_hp_gain":0,"max_hp_loss":0,"event_name":"Ghosts","floor":30,"gold_loss":0},{"damage_healed":0,"gold_gain":0,"player_choice":"Inject Mutagens","damage_taken":0,"relics_obtained":["MutagenicStrength"],"max_hp_gain":0,"max_hp_loss":0,"event_name":"Drug Dealer","floor":31,"gold_loss":0},{"cards_removed":["Caltrops"],"damage_healed":0,"gold_gain":0,"player_choice":"Removed Power","damage_taken":0,"max_hp_gain":0,"max_hp_loss":0,"event_name":"Falling","floor":37,"gold_loss":0},{"damage_healed":0,"gold_gain":0,"player_choice":"Ignored","damage_taken":0,"max_hp_gain":0,"max_hp_loss":0,"event_name":"The Moai Head","floor":38,"gold_loss":0}],"is_beta":false,"boss_relics":[{"not_picked":["Velvet Choker","Fusion Hammer"],"picked":"Empty Cage"},{"not_picked":["Cursed Key","Sozu"],"picked":"Runic Pyramid"}],"items_purged_floors":[3,3,3,3,20,20,20,20,20,20,25,25,25],"is_endless":false,"potions_floor_spawned":[1,4,6,24,27,33,36,39],"ascension_level":0}}