{"host":"mmqs5ul2bvb60kyc","time":1611364154,"event":{"mods":["AchievementEnabler","BaseMod","Colored Map","Colored Powertips","Minty Spire (QoL Compilation)","Quick Restart","StSLib"],"gold_per_floor":[110,124,199,218,233,233,267,267,280,299,299,299,324,324,324,100,115,15,15,34,34,111,111,121,135,135,147,157,173,30,30,42,54,79,113,113,113,143,155,155,155,155],"floor_reached":41,"language":"ZHS","playtime":1774,"items_purged":["Strike_R","Strike_R"],"score":640,"play_id":"90b3f1c4-5950-4e9b-8f5d-a566e2836edd","local_time":"20210123090914","is_ascension_mode":true,"campfire_choices":[{"floor":6.0,"key":"RECALL"},{"data":"Searing Blow","floor":8.0,"key":"SMITH"},{"floor":11.0,"key":"REST"},{"data":"Searing Blow+1","floor":14.0,"key":"SMITH"},{"data":"Searing Blow+2","floor":19.0,"key":"SMITH"},{"data":"Searing Blow+3","floor":21.0,"key":"SMITH"},{"data":"Armaments","floor":31.0,"key":"SMITH"},{"data":"Searing Blow+4","floor":37.0,"key":"SMITH"},{"data":"Strike_R","floor":40,"key":"PURGE"}],"circlet_count":0,"master_deck":["AscendersBane","Strike_R","Defend_R","Defend_R","Defend_R","Defend_R","Bash","Searing Blow+5","Seeing Red","Shrug It Off","Disarm","Evolve","Feed","Metallicize","Jack Of All Trades","Armaments+1","Worship","Evaluate","Backflip"],"relics":["Burning Blood","NeowsBlessing","Magic Flower","TungstenRod","Vajra","Red Skull","Runic Pyramid","PrismaticShard","Bag of Preparation","Peace Pipe","Dead Branch"],"acts_visited":["Exordium","TheCity"],"potions_floor_usage":[],"damage_taken":[{"damage":0.0,"enemies":"Cultist","floor":1.0,"turns":1.0},{"damage":0.0,"enemies":"Jaw Worm","floor":2.0,"turns":1.0},{"damage":0.0,"enemies":"Small Slimes","floor":4.0,"turns":1.0},{"damage":16.0,"enemies":"Blue Slaver","floor":5.0,"turns":3.0},{"damage":56.0,"enemies":"Lagavulin","floor":7.0,"turns":7.0},{"damage":9.0,"enemies":"Red Slaver","floor":9.0,"turns":3.0},{"damage":4.0,"enemies":"Looter","floor":10.0,"turns":5.0},{"damage":9.0,"enemies":"2 Fungi Beasts","floor":17.0,"turns":4.0},{"damage":7.0,"enemies":"3 Louse","floor":20.0,"turns":3.0},{"damage":11.0,"enemies":"The Guardian","floor":22.0,"turns":10.0},{"damage":20.0,"enemies":"2 Thieves","floor":24.0,"turns":4.0},{"damage":23.0,"enemies":"3 Byrds","floor":25.0,"turns":8.0},{"damage":16.0,"enemies":"Snake Plant","floor":27.0,"turns":5.0},{"damage":19.0,"enemies":"Chosen and Byrds","floor":28.0,"turns":7.0},{"damage":17.0,"enemies":"Shelled Parasite and Fungi","floor":29.0,"turns":7.0},{"damage":7.0,"enemies":"Centurion and Healer","floor":32.0,"turns":5.0},{"damage":17.0,"enemies":"Snake Plant","floor":33.0,"turns":5.0},{"damage":26.0,"enemies":"Gremlin Leader","floor":35.0,"turns":7.0},{"damage":16.0,"enemies":"Slavers","floor":38.0,"turns":5.0},{"damage":5,"enemies":"Cultist and Chosen","floor":39,"turns":6},{"damage":89,"enemies":"Automaton","floor":41,"turns":6}],"seed_played":"-1425893909860478127","potions_obtained":[{"floor":1.0,"key":"Swift Potion"},{"floor":4.0,"key":"Ancient Potion"},{"floor":9.0,"key":"PowerPotion"},{"floor":24.0,"key":"CultistPotion"},{"floor":38.0,"key":"Fire Potion"}],"is_trial":false,"path_per_floor":["M","M","?","M","M","R","E","R","M","M","R","T","T","R","?","$","M","$","R","M","R","B",null,"M","M","?","M","M","M","$","R","M","M","T","E","$","R","E","M","R","B"],"character_chosen":"IRONCLAD","items_purchased":["Red Skull","PrismaticShard"],"campfire_rested":1,"item_purchase_floors":[16,30],"current_hp_per_floor":[74,75,64,70,60,60,10,10,10,15,37,37,37,37,37,37,37,37,37,39,39,37,66,60,51,51,50,46,43,43,43,50,47,47,30,30,30,28,32,32,0,0],"gold":155,"neow_bonus":"THREE_ENEMY_KILL","is_daily":false,"chose_seed":false,"campfire_upgraded":6,"win_rate":0.0,"timestamp":1611364154,"path_taken":["M","?","?","M","M","R","E","R","M","M","R","T","T","R","?","$","M","?","R","?","R","BOSS","M","M","?","M","M","M","$","R","M","?","T","E","$","R","E","M","R","BOSS"],"items_purchased_type":["Relic","Relic"],"build_version":"2020-12-22","purchased_purges":2,"victory":false,"max_hp_per_floor":[75,75,75,75,75,75,75,75,75,75,75,75,75,75,75,75,75,75,75,75,75,75,75,78,81,81,85,89,92,92,92,95,98,98,98,98,98,101,101,101,101,101],"card_choices":[{"not_picked":["Second Wind","Rage"],"picked":"Searing Blow","floor":1.0},{"not_picked":["True Grit","Carnage","Twin Strike"],"picked":"SKIP","floor":2.0},{"not_picked":["Uppercut","Cleave"],"picked":"Seeing Red","floor":4.0},{"not_picked":["Pommel Strike","Clash","Second Wind"],"picked":"SKIP","floor":5.0},{"not_picked":["Metallicize","Infernal Blade"],"picked":"Shrug It Off","floor":7.0},{"not_picked":["Clothesline","Carnage","Pummel"],"picked":"SKIP","floor":9.0},{"not_picked":["Clash","Clothesline"],"picked":"Disarm","floor":10.0},{"not_picked":["Armaments","Clash"],"picked":"Evolve","floor":17.0},{"not_picked":["Wild Strike","Cleave","Shrug It Off"],"picked":"SKIP","floor":20.0},{"not_picked":["Impervious","Limit Break"],"picked":"Feed","floor":22.0},{"not_picked":["Clash","Perfected Strike","True Grit"],"picked":"SKIP","floor":24.0},{"not_picked":["Pommel Strike+1","Perfected Strike"],"picked":"Metallicize","floor":25.0},{"not_picked":["Cleave","Juggernaut"],"picked":"Armaments","floor":27.0},{"not_picked":["Clash","Clothesline","Flex"],"picked":"SKIP","floor":28.0},{"not_picked":["Twin Strike","Iron Wave","Thunderclap+1"],"picked":"SKIP","floor":29.0},{"not_picked":["FollowUp","Undo"],"picked":"Worship","floor":32.0},{"not_picked":["Juggernaut","Blind"],"picked":"Evaluate","floor":33.0},{"not_picked":["Doom and Gloom","Forethought+1","Uppercut"],"picked":"SKIP","floor":35.0},{"not_picked":["WaveOfTheHand","Blade Dance","Cloak And Dagger"],"picked":"SKIP","floor":38.0},{"not_picked":["Clothesline","EmptyFist"],"picked":"Backflip","floor":39}],"player_experience":290953,"relics_obtained":[{"floor":7.0,"key":"Magic Flower"},{"floor":12.0,"key":"TungstenRod"},{"floor":13.0,"key":"Vajra"},{"floor":34.0,"key":"Bag of Preparation"},{"floor":35.0,"key":"Peace Pipe"},{"floor":38.0,"key":"Dead Branch"}],"event_choices":[{"damage_healed":0.0,"max_hp_gain":0.0,"max_hp_loss":0.0,"gold_gain":75.0,"event_name":"World of Goop","player_choice":"Gather Gold","floor":3.0,"gold_loss":0.0,"damage_taken":11.0},{"cards_removed":["Strike_R"],"damage_healed":0.0,"max_hp_gain":0.0,"max_hp_loss":0.0,"gold_gain":0.0,"event_name":"Living Wall","player_choice":"Forget","floor":15.0,"gold_loss":0.0,"damage_taken":0.0},{"damage_healed":0.0,"max_hp_gain":0.0,"max_hp_loss":0.0,"gold_gain":0.0,"event_name":"Match and Keep!","player_choice":"1 cards matched","floor":26.0,"gold_loss":0.0,"damage_taken":0.0,"cards_obtained":["Jack Of All Trades"]}],"is_beta":false,"boss_relics":[{"not_picked":["Black Blood","Velvet Choker"],"picked":"Runic Pyramid"}],"items_purged_floors":[16,18],"is_endless":false,"potions_floor_spawned":[1,4,9,17,24,25,28,38,39],"killed_by":"Automaton","ascension_level":14}}