{"host":"vyjryxuuuxkt43k4","time":1611361311,"event":{"mods":["AchievementEnabler","BaseMod","Colored Map","DeckTracker","Keyboard Shortcuts","Minty Spire (QoL Compilation)","Permanent Neow","Quick Restart","StSLib","SuperFastMode","everything is the same but u backflip on backflip"],"gold_per_floor":[13,13,29,29,45,45,65,109,109,122,122,122,152,166,166,166,166],"floor_reached":16,"language":"KOR","playtime":700,"items_purged":[],"score":248,"play_id":"9d6d9d7b-4e89-4254-87ea-bc53fe15f375","local_time":"20210123092151","is_ascension_mode":true,"campfire_choices":[{"data":"Twin Strike","floor":6,"key":"SMITH"},{"data":"Evolve","floor":15,"key":"SMITH"}],"circlet_count":0,"master_deck":["AscendersBane","Strike_R","Strike_R","Strike_R","Strike_R","Strike_R","Defend_R","Defend_R","Defend_R","Defend_R","Bash","Impervious","Anger","Twin Strike+1","Battle Trance","Shockwave","Headbutt","Evolve+1","Intimidate+1"],"relics":["Burning Blood","Golden Idol","Toxic Egg 2","Sundial","Blue Candle","Odd Mushroom"],"acts_visited":["Exordium"],"potions_floor_usage":[8,8,16],"damage_taken":[{"damage":9,"enemies":"Jaw Worm","floor":1,"turns":4},{"damage":7,"enemies":"Small Slimes","floor":3,"turns":3},{"damage":3,"enemies":"2 Louse","floor":5,"turns":4},{"damage":4,"enemies":"Looter","floor":7,"turns":4},{"damage":0,"enemies":"Lagavulin","floor":8,"turns":5},{"damage":14,"enemies":"Red Slaver","floor":10,"turns":4},{"damage":24,"enemies":"The Mushroom Lair","floor":13,"turns":5},{"damage":10,"enemies":"Large Slime","floor":14,"turns":5},{"damage":44,"enemies":"Slime Boss","floor":16,"turns":9}],"seed_played":"7656582763566399799","potions_obtained":[{"floor":3,"key":"HeartOfIron"},{"floor":5,"key":"GamblersBrew"},{"floor":7,"key":"SneckoOil"},{"floor":10,"key":"AttackPotion"}],"is_trial":false,"path_per_floor":["M","?","M","?","M","R","M","E","T","M","?","?","?","M","R","B"],"character_chosen":"IRONCLAD","items_purchased":[],"campfire_rested":0,"item_purchase_floors":[],"current_hp_per_floor":[65,39,38,63,66,66,68,74,74,66,66,66,48,44,44,0,0],"gold":166,"neow_bonus":"THREE_RARE_CARDS","is_daily":false,"chose_seed":false,"campfire_upgraded":2,"win_rate":0.0,"timestamp":1611361311,"path_taken":["M","?","M","?","M","R","M","E","T","M","?","?","?","?","R","BOSS"],"items_purchased_type":[],"build_version":"2020-12-22","purchased_purges":0,"victory":false,"max_hp_per_floor":[75,75,75,75,75,75,75,75,75,75,75,75,75,75,75,75,75],"card_choices":[{"not_picked":["Berserk","Double Tap"],"picked":"Impervious","floor":0},{"not_picked":["Headbutt","Body Slam"],"picked":"Anger","floor":1},{"not_picked":["Dual Wield","Heavy Blade"],"picked":"Twin Strike","floor":3},{"not_picked":["Sword Boomerang","Armaments"],"picked":"Battle Trance","floor":5},{"not_picked":["Battle Trance","Warcry"],"picked":"Shockwave","floor":7},{"not_picked":["Dropkick","Clothesline","Combust"],"picked":"SKIP","floor":8},{"not_picked":["Pommel Strike","Heavy Blade"],"picked":"Headbutt","floor":10},{"not_picked":["Power Through+1","Battle Trance+1"],"picked":"Evolve","floor":13},{"not_picked":["Reaper","Clothesline"],"picked":"Intimidate+1","floor":14}],"player_experience":235867,"relics_obtained":[{"floor":8,"key":"Toxic Egg 2"},{"floor":9,"key":"Sundial"},{"floor":13,"key":"Odd Mushroom"}],"event_choices":[{"damage_healed":0,"gold_gain":0,"player_choice":"Take Damage","damage_taken":26,"relics_obtained":["Golden Idol"],"max_hp_gain":0,"max_hp_loss":0,"event_name":"Golden Idol","floor":2,"gold_loss":0},{"damage_healed":25,"gold_gain":0,"player_choice":"Banana","damage_taken":0,"max_hp_gain":0,"max_hp_loss":0,"event_name":"Big Fish","floor":4,"gold_loss":0},{"damage_healed":0,"gold_gain":0,"player_choice":"Ignored","damage_taken":0,"max_hp_gain":0,"max_hp_loss":0,"event_name":"Liars Game","floor":11,"gold_loss":0},{"damage_healed":0,"gold_gain":0,"player_choice":"Searched \u00272\u0027 times","damage_taken":0,"relics_obtained":["Blue Candle"],"max_hp_gain":0,"max_hp_loss":0,"event_name":"Dead Adventurer","floor":12,"gold_loss":0},{"damage_healed":0,"gold_gain":0,"player_choice":"Fought Mushrooms","damage_taken":0,"max_hp_gain":0,"max_hp_loss":0,"event_name":"Mushrooms","floor":13,"gold_loss":0}],"is_beta":false,"boss_relics":[],"items_purged_floors":[],"is_endless":false,"potions_floor_spawned":[3,5,7,10],"killed_by":"Slime Boss","ascension_level":19}}