{"host":"ymn6un3ro3vi042j","time":1611431436,"event":{"mods":["AchievementEnabler","Act Like it!","Aspiration","BaseMod","Bestiary","Better Match","Better Note","Better Skull","Better Third Choice","BetterRewards","Block Reminder","Colored Map","Colored Powertips","Conspire","Curses Come First","Dark Map","DeckTracker","Downfall","Energized Spire","Friendly Minions","GifTheSpireLib","Googly Eyes","Highlight Path","Mimic Mod","Minty Spire (QoL Compilation)","Poor People Problems","Quick Restart","Rare Cards Sparkle","Relic Stats","Spicy Shops","StSLib","SuperFastMode","Synergy Search","The IronCluck","Wandering Minibosses","everything is the same but u backflip on backflip","slay the spire mod where everything is the same but ironclad has a cowboy hat"],"gold_per_floor":[112,112,126,32,32,32,32,46,82,98,116,129,129,129,129,231,231,248,248,101,116,116,116,66,266,312,312,332,332,332],"floor_reached":29,"language":"ENG","playtime":957,"items_purged":["Burn"],"score":265,"play_id":"960601cb-33c9-49c6-b703-abf351acef30","local_time":"20210123115036","is_ascension_mode":false,"campfire_choices":[{"data":"The Bomb","floor":6,"key":"SMITH"},{"data":"DevaForm","floor":13,"key":"SMITH"},{"data":"SandsOfTime","floor":15,"key":"SMITH"},{"floor":23,"key":"REST"},{"data":"BowlingBash","floor":27,"key":"SMITH"}],"circlet_count":0,"master_deck":["Strike_P","Strike_P","Strike_P","Strike_P","Defend_P","Defend_P","Defend_P","Defend_P","Eruption","Vigilance","Tantrum","FlurryOfBlows","The Bomb+1","FTL","SandsOfTime+1","SignatureMove+1","FlurryOfBlows","DevaForm+1","Swivel","ConjureBlade","Halt","BowlingBash+1","Crescendo","BattleHymn+1","WreathOfFlame+1","EmptyBody","Crescendo+1","conspire:SpireCoStock","Evaluate+1"],"relics":["PureWater","NeowsBlessing","Pocketwatch","conspire:SpecialSausage","Orrery","Smiling Mask"],"acts_visited":["Exordium","TheCity"],"potions_floor_usage":[11,16,22,22,22],"damage_taken":[{"damage":0,"enemies":"2 Louse","floor":1,"turns":1},{"damage":0,"enemies":"Jaw Worm","floor":3,"turns":1},{"damage":0,"enemies":"Small Slimes","floor":8,"turns":1},{"damage":0,"enemies":"3 Louse","floor":9,"turns":4},{"damage":12,"enemies":"3 Louse","floor":10,"turns":2},{"damage":4,"enemies":"Gremlin Gang","floor":11,"turns":3},{"damage":6,"enemies":"2 Fungi Beasts","floor":12,"turns":2},{"damage":0,"enemies":"Slime Boss","floor":16,"turns":1},{"damage":27,"enemies":"2 Thieves","floor":18,"turns":3},{"damage":22,"enemies":"Spheric Guardian","floor":21,"turns":4},{"damage":1,"enemies":"Snake Plant","floor":22,"turns":2},{"damage":10,"enemies":"Cultist and Chosen","floor":28,"turns":4},{"damage":33,"enemies":"Shelled Parasite and Fungi","floor":29,"turns":2}],"seed_played":"-7744015794347381038","potions_obtained":[{"floor":3,"key":"EssenceOfSteel"},{"floor":8,"key":"Guardian:BlockOnCardUsePotion"},{"floor":11,"key":"Ambrosia"},{"floor":18,"key":"SmokeBomb"},{"floor":21,"key":"SteroidPotion"}],"is_trial":false,"path_per_floor":["M","?","M","$","?","R","?","M","MIM","M","M","M","R","?","R","B",null,"M","?","$","M","M","R","?","?","T","R","M","M"],"character_chosen":"WATCHER","items_purchased":["The Bomb","Orrery"],"campfire_rested":1,"item_purchase_floors":[4,20],"current_hp_per_floor":[72,72,72,72,63,63,63,63,63,51,47,41,41,41,41,41,72,45,45,45,23,22,43,43,43,43,43,33,0,0],"gold":332,"neow_bonus":"THREE_ENEMY_KILL","is_daily":false,"chose_seed":false,"campfire_upgraded":4,"win_rate":0.0,"timestamp":1611431436,"path_taken":["M","?","M","$","?","R","?","M","MIM","?","?","M","R","?","R","BOSS","M","?","$","M","M","R","?","?","T","R","?","M"],"items_purchased_type":["Card","Relic"],"build_version":"2020-12-22","purchased_purges":1,"victory":false,"max_hp_per_floor":[72,72,72,72,72,72,72,72,72,72,72,72,72,72,72,72,72,72,72,72,72,72,72,72,72,72,72,72,72,72],"relic_stats":{"counters":[13,30],"Smiling Mask":0,"obtain_stats":[{"NeowsBlessing":0,"Orrery":20,"conspire:SpecialSausage":17,"PureWater":0,"Smiling Mask":26,"Pocketwatch":5},{"NeowsBlessing":0,"Orrery":9,"conspire:SpecialSausage":8,"PureWater":0,"Smiling Mask":11,"Pocketwatch":2},{"NeowsBlessing":0,"Orrery":18,"conspire:SpecialSausage":15,"PureWater":0,"Smiling Mask":24,"Pocketwatch":2}],"Pocketwatch":[17]},"card_choices":[{"not_picked":["CutThroughFate","Evaluate"],"picked":"Tantrum","floor":1},{"not_picked":["CutThroughFate","InnerPeace"],"picked":"FlurryOfBlows","floor":3},{"not_picked":["SashWhip","Nirvana"],"picked":"SandsOfTime","floor":8},{"not_picked":["WindmillStrike","Swivel"],"picked":"SignatureMove","floor":9},{"not_picked":["WreathOfFlame","CutThroughFate"],"picked":"FlurryOfBlows","floor":10},{"not_picked":["FlyingSleeves","Halt"],"picked":"DevaForm","floor":11},{"not_picked":["BowlingBash","Halt"],"picked":"Swivel","floor":12},{"not_picked":["Vault","Brilliance"],"picked":"ConjureBlade","floor":16},{"not_picked":["JustLucky","Prostrate"],"picked":"Halt","floor":18},{"not_picked":["Tantrum","JustLucky+1"],"picked":"BowlingBash","floor":20},{"not_picked":["Prostrate","DevaForm"],"picked":"Crescendo","floor":20},{"not_picked":["FollowUp","EmptyFist"],"picked":"BattleHymn+1","floor":20},{"not_picked":["Crescendo","EmptyMind+1"],"picked":"WreathOfFlame+1","floor":20},{"not_picked":["Pray","JustLucky"],"picked":"EmptyBody","floor":20},{"not_picked":["Evaluate","EmptyFist"],"picked":"Crescendo+1","floor":21},{"not_picked":["Crescendo","Collect"],"picked":"Evaluate+1","floor":28}],"player_experience":55761,"relics_obtained":[{"floor":26,"key":"Smiling Mask"}],"event_choices":[{"damage_healed":72,"gold_gain":0,"player_choice":"Embrace Burn","damage_taken":0,"max_hp_gain":0,"max_hp_loss":72,"event_name":"betterThird:BetterShining","floor":2,"gold_loss":0},{"damage_healed":0,"gold_gain":0,"player_choice":"Disagree","damage_taken":0,"max_hp_gain":0,"max_hp_loss":0,"event_name":"conspire:LoneGhost","floor":7,"gold_loss":0},{"damage_healed":0,"gold_gain":0,"player_choice":"Forge","damage_taken":0,"max_hp_gain":0,"max_hp_loss":0,"event_name":"Accursed Blacksmith","floor":14,"gold_loss":0,"cards_upgraded":["SignatureMove"]},{"damage_healed":0,"gold_gain":0,"player_choice":"Ignored","damage_taken":0,"max_hp_gain":0,"max_hp_loss":0,"event_name":"betterNote:BetterNote","floor":19,"gold_loss":0,"cards_obtained":["Shame"]},{"damage_healed":0,"gold_gain":0,"player_choice":"Invest 1","damage_taken":0,"max_hp_gain":0,"max_hp_loss":0,"event_name":"conspire:Investor","floor":24,"gold_loss":0},{"damage_healed":0,"gold_gain":250,"player_choice":"Bet on Owner","damage_taken":0,"max_hp_gain":0,"max_hp_loss":0,"event_name":"The Joust","floor":25,"gold_loss":50}],"is_beta":false,"boss_relics":[{"not_picked":["energizedSpire:DeadBattery","energizedSpire:RedRose"],"picked":"conspire:SpecialSausage"}],"items_purged_floors":[4],"is_endless":false,"potions_floor_spawned":[3,8,11,18,21,22],"killed_by":"Shelled Parasite and Fungi","ascension_level":0}}