{"host":"0o4jkshs65tojivq","time":1611384523,"event":{"mods":["BaseMod","Downfall","Minty Spire (QoL Compilation)","Quick Restart","Slay the Relics Exporter","StSLib"],"gold_per_floor":[16,16,34,34,34,34,52,52,52,52,73,96,115,134,134,254,254,277,297,297,297,297,297,336,352,379,379,399,399,399,399],"floor_reached":30,"language":"ENG","playtime":1251,"items_purged":[],"score":390,"play_id":"0ae05ad0-f2b8-427f-a211-e59add016605","local_time":"20210122224843","is_ascension_mode":true,"campfire_choices":[{"data":"CutThroughFate","floor":6,"key":"SMITH"},{"data":"PathToVictory","floor":8,"key":"SMITH"},{"data":"PathToVictory","floor":10,"key":"SMITH"},{"floor":15,"key":"REST"},{"floor":23,"key":"REST"}],"circlet_count":0,"master_deck":["AscendersBane","Strike_P","Defend_P","Defend_P","Vigilance","PathToVictory+1","CutThroughFate+1","Dark Shackles","PathToVictory+1","EmptyFist","LessonLearned","Study+1","Decay","Writhe"],"relics":["PureWater","Golden Idol","Blue Candle","Empty Cage","Anchor","Juzu Bracelet","Oddly Smooth Stone"],"acts_visited":["Exordium","TheCity"],"potions_floor_usage":[16,22,24,25],"damage_taken":[{"damage":5,"enemies":"2 Louse","floor":1,"turns":4},{"damage":0,"enemies":"Cultist","floor":3,"turns":2},{"damage":0,"enemies":"Small Slimes","floor":7,"turns":3},{"damage":5,"enemies":"Blue Slaver","floor":11,"turns":2},{"damage":0,"enemies":"Red Slaver","floor":12,"turns":2},{"damage":11,"enemies":"Looter","floor":13,"turns":2},{"damage":10,"enemies":"Exordium Wildlife","floor":14,"turns":3},{"damage":25,"enemies":"The Guardian","floor":16,"turns":7},{"damage":22,"enemies":"Spheric Guardian","floor":18,"turns":4},{"damage":15,"enemies":"Shell Parasite","floor":19,"turns":4},{"damage":0,"enemies":"3 Cultists","floor":22,"turns":2},{"damage":9,"enemies":"Gremlin Leader","floor":24,"turns":5},{"damage":12,"enemies":"Shelled Parasite and Fungi","floor":25,"turns":4},{"damage":1,"enemies":"Snake Plant","floor":28,"turns":3},{"damage":19,"enemies":"Centurion and Healer","floor":30,"turns":3}],"seed_played":"873935917474420307","potions_obtained":[{"floor":7,"key":"Swift Potion"},{"floor":12,"key":"champ:CounterPotion"},{"floor":13,"key":"Ambrosia"},{"floor":18,"key":"SmokeBomb"},{"floor":24,"key":"Block Potion"},{"floor":28,"key":"Explosive Potion"}],"is_trial":false,"path_per_floor":["M","?","M","$","?","R","M","R","T","R","M","M","M","M","R","B",null,"M","M","?","?","M","R","E","M","T","?","M","?","M"],"character_chosen":"WATCHER","items_purchased":[],"campfire_rested":2,"item_purchase_floors":[],"current_hp_per_floor":[60,42,42,42,42,42,42,42,42,42,37,37,26,16,37,12,57,35,20,20,20,20,41,32,20,20,20,19,19,0,0],"gold":399,"neow_bonus":"REMOVE_TWO","is_daily":false,"chose_seed":false,"campfire_upgraded":3,"win_rate":0.0,"timestamp":1611384523,"path_taken":["M","?","M","$","?","R","M","R","T","R","?","?","M","M","R","BOSS","M","M","?","?","M","R","E","M","T","?","M","?","M"],"items_purchased_type":[],"build_version":"2020-12-22","purchased_purges":0,"victory":false,"max_hp_per_floor":[72,72,72,72,72,72,72,72,72,72,72,72,72,72,72,72,72,72,72,72,72,72,72,72,72,72,72,72,72,72,72],"card_choices":[{"not_picked":["FearNoEvil","BowlingBash"],"picked":"PathToVictory","floor":1},{"not_picked":["CrushJoints","MentalFortress"],"picked":"CutThroughFate","floor":3},{"not_picked":["FollowUp","FlyingSleeves"],"picked":"PathToVictory","floor":7},{"not_picked":["WreathOfFlame","FollowUp","Fasting2"],"picked":"SKIP","floor":11},{"not_picked":["InnerPeace","ReachHeaven","ForeignInfluence"],"picked":"SKIP","floor":12},{"not_picked":["EmptyFist","Consecrate","BattleHymn"],"picked":"SKIP","floor":13},{"not_picked":["Crescendo","EmptyBody","Ragnarok"],"picked":"SKIP","floor":14},{"not_picked":["Devotion","LessonLearned"],"picked":"Omniscience","floor":16},{"not_picked":["Adaptation","FlyingSleeves+1","Indignation"],"picked":"SKIP","floor":18},{"not_picked":["Indignation","Prostrate","Halt+1"],"picked":"SKIP","floor":19},{"not_picked":["Study","InnerPeace","ForeignInfluence"],"picked":"SKIP","floor":24},{"not_picked":["InnerPeace","ForeignInfluence"],"picked":"Study","floor":24},{"not_picked":["TalkToTheHand","CrushJoints+1","FollowUp"],"picked":"SKIP","floor":25},{"not_picked":["CutThroughFate","Halt","Protect"],"picked":"SKIP","floor":28}],"player_experience":1152988,"relics_obtained":[{"floor":9,"key":"Blue Candle"},{"floor":24,"key":"Anchor"},{"floor":26,"key":"Juzu Bracelet"}],"event_choices":[{"damage_healed":0,"gold_gain":0,"player_choice":"Take Damage","damage_taken":18,"relics_obtained":["Golden Idol"],"max_hp_gain":0,"max_hp_loss":0,"event_name":"Golden Idol","floor":2,"gold_loss":0},{"damage_healed":0,"gold_gain":0,"player_choice":"1 cards matched","damage_taken":0,"max_hp_gain":0,"max_hp_loss":0,"event_name":"Match and Keep!","floor":5,"gold_loss":0,"cards_obtained":["Dark Shackles"]},{"damage_healed":0,"gold_gain":0,"cards_transformed":["Omniscience","Strike_P"],"player_choice":"Became Test Subject","damage_taken":0,"max_hp_gain":0,"max_hp_loss":0,"event_name":"Drug Dealer","floor":20,"gold_loss":0,"cards_obtained":["EmptyFist","LessonLearned"]},{"cards_removed":["Eruption"],"damage_healed":0,"gold_gain":0,"player_choice":"Elegance","damage_taken":0,"max_hp_gain":0,"max_hp_loss":0,"event_name":"Back to Basics","floor":21,"gold_loss":0},{"damage_healed":0,"gold_gain":0,"player_choice":"Cursed","damage_taken":0,"max_hp_gain":0,"max_hp_loss":0,"event_name":"Wheel of Change","floor":27,"gold_loss":0,"cards_obtained":["Decay"]},{"damage_healed":0,"gold_gain":0,"player_choice":"Opened","damage_taken":0,"relics_obtained":["Oddly Smooth Stone"],"max_hp_gain":0,"max_hp_loss":0,"event_name":"The Mausoleum","floor":29,"gold_loss":0,"cards_obtained":["Writhe"]}],"is_beta":false,"boss_relics":[{"not_picked":["Velvet Choker","Calling Bell"],"picked":"Empty Cage"}],"items_purged_floors":[],"is_endless":false,"potions_floor_spawned":[7,12,13,18,22,24,28],"killed_by":"Centurion and Healer","ascension_level":12}}