{"host":"j4g6ia6asvpyu2b0","time":1611442592,"event":{"mods":["BaseMod","Colored Map","Minty Spire (QoL Compilation)","Permanent Neow","Quick Restart","Relic Stats","StSLib","Unceasing Turn Reminder"],"gold_per_floor":[118,129,129,142,162,189,189,223,223,223,223],"floor_reached":10,"language":"ENG","playtime":275,"items_purged":[],"score":140,"play_id":"edf33795-6b93-47d2-9fe4-ed4a623eae19","local_time":"20210123155632","is_ascension_mode":true,"campfire_choices":[{"floor":7,"key":"REST"}],"circlet_count":0,"master_deck":["AscendersBane","Strike_B","Strike_B","Strike_B","Strike_B","Defend_B","Defend_B","Defend_B","Defend_B","Zap","Dualcast","Apotheosis","Hologram","Loop","All For One","Go for the Eyes","Go for the Eyes"],"relics":["Cracked Core","Girya","Smiling Mask"],"acts_visited":["Exordium"],"potions_floor_usage":[6],"damage_taken":[{"damage":2.0,"enemies":"Cultist","floor":1.0,"turns":4.0},{"damage":12.0,"enemies":"Small Slimes","floor":2.0,"turns":5.0},{"damage":3.0,"enemies":"2 Louse","floor":4.0,"turns":2.0},{"damage":3.0,"enemies":"Looter","floor":5.0,"turns":4.0},{"damage":27,"enemies":"Gremlin Nob","floor":6,"turns":4},{"damage":24,"enemies":"3 Sentries","floor":8,"turns":7},{"damage":46,"enemies":"Gremlin Nob","floor":10,"turns":3}],"seed_played":"-9189404073722538774","potions_obtained":[{"floor":1.0,"key":"Block Potion"},{"floor":4.0,"key":"FairyPotion"}],"is_trial":false,"path_per_floor":["M","M","?","M","M","E","R","E","T","E"],"character_chosen":"DEFECT","items_purchased":[],"campfire_rested":1,"item_purchase_floors":[],"current_hp_per_floor":[62,50,43,40,37,10,31,7,7,0,0],"gold":223,"neow_bonus":"RANDOM_COLORLESS_2","is_daily":false,"chose_seed":false,"campfire_upgraded":0,"win_rate":0.0,"timestamp":1611442592,"path_taken":["M","M","?","M","M","E","R","E","T","E"],"items_purchased_type":[],"build_version":"2020-12-22","purchased_purges":0,"victory":false,"max_hp_per_floor":[71,71,71,71,71,71,71,71,71,71,71],"relic_stats":{"counters":[7,28],"Smiling Mask":0,"obtain_stats":[{"Girya":6,"Cracked Core":0,"Smiling Mask":8},{"Girya":5,"Cracked Core":0,"Smiling Mask":6},{"Girya":19,"Cracked Core":0,"Smiling Mask":25}]},"card_choices":[{"not_picked":["Metamorphosis","Magnetism"],"picked":"Apotheosis","floor":0.0},{"not_picked":["Rebound","Stack","Hello World"],"picked":"SKIP","floor":1.0},{"not_picked":["Go for the Eyes","Leap"],"picked":"Hologram","floor":2.0},{"not_picked":["Cold Snap","Double Energy"],"picked":"Loop","floor":4.0},{"not_picked":["Ball Lightning","Scrape"],"picked":"All For One","floor":5},{"not_picked":["Streamline","Force Field"],"picked":"Go for the Eyes","floor":6},{"not_picked":["Thunder Strike","Blizzard"],"picked":"Go for the Eyes","floor":8}],"player_experience":964857,"relics_obtained":[{"floor":6,"key":"Girya"},{"floor":8,"key":"Smiling Mask"}],"event_choices":[{"cards_removed":["Doubt"],"damage_healed":0.0,"max_hp_gain":0.0,"max_hp_loss":0.0,"gold_gain":0.0,"event_name":"Golden Wing","player_choice":"Card Removal","floor":3.0,"gold_loss":0.0,"damage_taken":7.0}],"is_beta":false,"boss_relics":[],"items_purged_floors":[],"is_endless":false,"potions_floor_spawned":[1,4,5],"killed_by":"Gremlin Nob","ascension_level":16}}