{"host":"8leyeoghtk7ha4z2","time":1611365405,"event":{"mods":["BaseMod","Colored Map","Downfall","Minty Spire (QoL Compilation)","StSLib"],"gold_per_floor":[99,114,128,128,128,142,142,14,14,27,40,66,66,51,64,166,166,166,166],"floor_reached":17,"language":"ENG","playtime":1755,"items_purged":["Slimebound:Strike_Slimebound"],"score":157,"play_id":"efd882c8-0e91-4e36-861e-340a31fcef93","local_time":"20210122203005","is_ascension_mode":false,"campfire_choices":[{"data":"Slimebound:Split","floor":1,"key":"SMITH"}],"circlet_count":0,"master_deck":["Slimebound:Strike_Slimebound","Slimebound:Defend_Slimebound","Slimebound:Defend_Slimebound","Slimebound:Defend_Slimebound","Slimebound:Defend_Slimebound","Slimebound:Split+1","Slimebound:CorrosiveSpit","Slimebound:PressTheAttack","Slimebound:LeechingTouch","Slimebound:SamplingLick","Slimebound:DisruptingSlam","Slimebound:LevelUp","Slimebound:SplitMire","Slimebound:LeadByExample","Slimebound:MegaLick","Slimebound:MinionMaster"],"relics":["Slimebound:AbsorbEndCombat","Letter Opener","Meat on the Bone"],"acts_visited":["Exordium","TheCity"],"potions_floor_usage":[],"damage_taken":[{"damage":9,"enemies":"Small Slimes","floor":2,"turns":4},{"damage":4,"enemies":"2 Louse","floor":3,"turns":3},{"damage":1,"enemies":"Cultist","floor":6,"turns":3},{"damage":0,"enemies":"downfall:FleeingMerchant","floor":8,"turns":4},{"damage":3,"enemies":"Exordium Thugs","floor":10,"turns":3},{"damage":2,"enemies":"2 Fungi Beasts","floor":11,"turns":4},{"damage":16,"enemies":"Lagavulin","floor":12,"turns":6},{"damage":5,"enemies":"downfall:FleeingMerchant","floor":14,"turns":4},{"damage":3,"enemies":"3 Louse","floor":15,"turns":3},{"damage":68,"enemies":"DF_ARCHETYPE_STREAMLINE","floor":16,"turns":10}],"seed_played":"-2588114485947760113","potions_obtained":[{"floor":2,"key":"EntropicBrew"},{"floor":11,"key":"Dexterity Potion"},{"floor":12,"key":"SteroidPotion"}],"is_trial":false,"path_per_floor":["R","M","M","?","?","M","T","$","?","M","M","E","?","$","M","B",null],"character_chosen":"SLIMEBOUND","items_purchased":["Slimebound:LevelUp"],"campfire_rested":0,"item_purchase_floors":[8],"current_hp_per_floor":[65,60,58,58,58,59,59,61,61,62,62,52,65,64,65,15,65,65,65],"gold":166,"neow_bonus":"THREE_CARDS","is_daily":false,"chose_seed":false,"campfire_upgraded":1,"win_rate":0.0,"timestamp":1611365405,"path_taken":["R","M","M","?","?","M","T","$","?","M","?","E","?","$","M","BOSS"],"items_purchased_type":["Card"],"build_version":"2020-12-22","purchased_purges":1,"victory":false,"max_hp_per_floor":[65,65,65,65,65,65,65,65,65,65,65,65,65,65,65,65,65,65,65],"card_choices":[{"not_picked":["Slimebound:GoopTackle","Slimebound:SplitAcid"],"picked":"Slimebound:PressTheAttack","floor":0},{"not_picked":["Slimebound:Gluttony","Slimebound:ForwardTackle","Slimebound:RollThrough"],"picked":"SKIP","floor":2},{"not_picked":["Slimebound:SplitAcid","Slimebound:PressTheAttack"],"picked":"Slimebound:LeechingTouch","floor":3},{"not_picked":["Slimebound:SplitAcid","Slimebound:LeechingTouch"],"picked":"Slimebound:SamplingLick","floor":6},{"not_picked":["Slimebound:FinishingTackle","Slimebound:SlimeBrawl"],"picked":"Slimebound:DisruptingSlam","floor":8},{"not_picked":["Slimebound:Prepare","Slimebound:PressTheAttack","Slimebound:Replication"],"picked":"SKIP","floor":10},{"not_picked":["Slimebound:HauntingLick","Slimebound:RejuvenatingLick"],"picked":"Slimebound:SplitMire","floor":11},{"not_picked":["Slimebound:LeechEnergy","Slimebound:LeechingTouch"],"picked":"Slimebound:LeadByExample","floor":12},{"not_picked":["Slimebound:LeechingTouch","Slimebound:DisruptingSlam"],"picked":"Slimebound:MegaLick","floor":14},{"not_picked":["Slimebound:FirmFortitude","Slimebound:LivingWall","Slimebound:ComboTackle"],"picked":"SKIP","floor":15},{"not_picked":["Slimebound:DuplicatedForm","Slimebound:SelfFormingGoo"],"picked":"Slimebound:MinionMaster","floor":16}],"player_experience":142570,"relics_obtained":[{"floor":7,"key":"Letter Opener"},{"floor":12,"key":"Meat on the Bone"}],"event_choices":[{"cards_removed":["Slimebound:Tackle"],"damage_healed":0,"gold_gain":0,"player_choice":"Card Removal","damage_taken":0,"max_hp_gain":0,"max_hp_loss":0,"event_name":"The Cleric","floor":4,"gold_loss":0},{"cards_removed":["Slimebound:Strike_Slimebound"],"damage_healed":0,"gold_gain":0,"player_choice":"Offered Basic","damage_taken":0,"max_hp_gain":0,"max_hp_loss":0,"event_name":"Bonfire Elementals","floor":9,"gold_loss":0},{"damage_healed":21,"gold_gain":0,"player_choice":"Banana","damage_taken":0,"max_hp_gain":0,"max_hp_loss":0,"event_name":"Big Fish","floor":13,"gold_loss":0}],"is_beta":false,"boss_relics":[{"not_picked":["Runic Dome","Slimebound:TarBlob","Astrolabe"]}],"items_purged_floors":[8],"is_endless":false,"potions_floor_spawned":[2,11,12,16],"ascension_level":0}}