{"host":"tcdxiwht2vajk3tk","time":1611370933,"event":{"mods":["AchievementEnabler","BaseMod","Beaked The Cultist","Colored Powertips","Conspire","Defuse TimeMaze Blight","Downfall","Halation","Hermit","Hubris","Infinite Spire","Lobotomy","LobotomyExtend","Minty Spire (QoL Compilation)","Replay The Spire","Shop Mod","StSLib","The Cursed","The Disciple","vexMod"],"gold_per_floor":[99,99,99,118,118,118,145,178,10,42,42,63,75,91,109,210,210,210,320,334,353,23,23,23,23],"floor_reached":23,"language":"ENG","playtime":3746,"items_purged":[],"score":209,"play_id":"613bc878-36cb-428f-86cd-bcc7da27dcbd","local_time":"20210122220213","is_ascension_mode":true,"campfire_choices":[{"data":"champ:Taunt","floor":1.0,"key":"SMITH"},{"floor":11.0,"key":"REST"},{"data":"champ:EnchantCrown","floor":18.0,"key":"SMITH"}],"circlet_count":0,"master_deck":["champ:Strike","champ:Strike","champ:Strike","champ:Strike","champ:Defend","champ:Defend","champ:Defend","champ:Defend","champ:Execute","champ:Taunt+1","ReplayTheSpireMod:Private Reserves+1","ReplayTheSpireMod:Private Reserves","champ:DeathBlow","champ:HoldFirm","champ:SteelEdge","champ:EnchantCrown+1","champ:Encircle","champ:GutPunch","champ:AdrenalArmor","champ:EndlessRage","champ:StrikeOfGenius","champ:FocusedBerserking+1","champ:BringItOn+1","champ:StanceDance","champ:Backstep","champ:EnchantCrown","expansioncontent:StudyTheSpire"],"relics":["champ:ChampionCrown","hubris:Towel","LetterFromLob","hubris:Icosahedron","hexamod:BolsterEngine","vexMod:BarristanHead","MerchantsRug","Replay:Bronze Core","Medical Kit"],"acts_visited":["Exordium","TheCity"],"potions_floor_usage":[23],"damage_taken":[{"damage":13.0,"enemies":"Jaw Worm","floor":4.0,"turns":3.0},{"damage":70.0,"enemies":"Lagavulin","floor":8.0,"turns":6.0},{"damage":20.0,"enemies":"downfall:FleeingMerchant","floor":9.0,"turns":4.0},{"damage":26.0,"enemies":"Gremlin Nob","floor":10.0,"turns":5.0},{"damage":40.0,"enemies":"downfall:FleeingMerchant","floor":12.0,"turns":4.0},{"damage":17.0,"enemies":"2 Louse","floor":13.0,"turns":2.0},{"damage":14.0,"enemies":"Cultist","floor":14.0,"turns":4.0},{"damage":10.0,"enemies":"2 Fungi Beasts","floor":15.0,"turns":1.0},{"damage":81.0,"enemies":"SI_SHIV_ARCHETYPE","floor":16.0,"turns":10.0},{"damage":51.0,"enemies":"Chosen","floor":19.0,"turns":5.0},{"damage":33.0,"enemies":"Shell Parasite","floor":20.0,"turns":3.0},{"damage":51.0,"enemies":"Snake Plant","floor":21.0,"turns":6.0},{"damage":45.0,"enemies":"downfall:FleeingMerchant","floor":22.0,"turns":5.0},{"damage":35,"enemies":"Chosen and Byrds","floor":23,"turns":4}],"seed_played":"469756650354758983","potions_obtained":[{"floor":4.0,"key":"SkillPotion"},{"floor":14.0,"key":"SteroidPotion"},{"floor":15.0,"key":"Adrenaline Potion"},{"floor":19.0,"key":"Toxic Potion"},{"floor":20.0,"key":"ColorlessPotion"}],"is_trial":false,"path_per_floor":["R","?","?","M","?","?","T","E","$","E","R","$","M","M","M","B",null,"R","M","M","M","$","M"],"character_chosen":"THE_CHAMP","items_purchased":["MerchantsRug","Medical Kit","champ:EnchantCrown","expansioncontent:StudyTheSpire"],"campfire_rested":1,"item_purchase_floors":[9,22,22,22],"current_hp_per_floor":[90,90,90,87,87,87,87,57,57,41,83,73,66,62,62,31,90,90,79,76,55,35,0,0,0],"gold":23,"neow_bonus":"RANDOM_COLORLESS","is_daily":false,"chose_seed":false,"campfire_upgraded":2,"win_rate":0.0,"timestamp":1611370933,"path_taken":["R","?","?","?","?","?","T","E","?","E","R","$","M","?","M","BOSS","R","M","M","M","$","M"],"items_purchased_type":["Relic","Relic","Card","Card"],"build_version":"2020-12-22","purchased_purges":0,"victory":false,"max_hp_per_floor":[90,90,90,90,90,90,90,90,90,90,90,90,90,90,90,90,90,90,90,90,90,90,90,90,90],"card_choices":[{"not_picked":["PanicButton","Jack Of All Trades"],"picked":"ReplayTheSpireMod:Private Reserves","floor":0.0},{"not_picked":["champ:Circumvent","champ:TornadoPunch"],"picked":"champ:DeathBlow","floor":4.0},{"not_picked":["champ:EnGarde","champ:IronFortress"],"picked":"champ:HoldFirm","floor":8.0},{"not_picked":["champ:BringItOn","champ:GutPunch"],"picked":"champ:SteelEdge","floor":9.0},{"not_picked":["champ:Backstep","champ:BerserkerStyle"],"picked":"champ:EnchantCrown","floor":10.0},{"not_picked":["champ:ShieldSigil","champ:BladeFlurry"],"picked":"champ:Encircle","floor":12.0},{"not_picked":["champ:TornadoPunch","champ:SwordSigil"],"picked":"champ:GutPunch","floor":13.0},{"not_picked":["champ:CrownThrow","champ:DefensiveShout"],"picked":"champ:AdrenalArmor","floor":14.0},{"not_picked":["champ:AdrenalArmor","champ:FancyFootwork"],"picked":"champ:EndlessRage","floor":15.0},{"not_picked":["champ:EnchantSword","champ:Devastate"],"picked":"champ:StrikeOfGenius","floor":16.0},{"not_picked":["champ:PreemptiveStrike+1","champ:Shatter"],"picked":"champ:FocusedBerserking+1","floor":19.0},{"not_picked":["champ:EnGarde+1","champ:ShieldSigil+1"],"picked":"champ:BringItOn+1","floor":20.0},{"not_picked":["champ:CalledShot","champ:AdrenalArmor"],"picked":"champ:StanceDance","floor":21.0},{"not_picked":["champ:RisingSlash","champ:DefensiveShout"],"picked":"champ:Backstep","floor":22.0}],"player_experience":1617511,"relics_obtained":[{"floor":4.0,"key":"LetterFromLob"},{"floor":7.0,"key":"hexamod:BolsterEngine"},{"floor":8.0,"key":"vexMod:BarristanHead"},{"floor":10.0,"key":"Regal Pillow"}],"event_choices":[{"damage_healed":0.0,"max_hp_gain":0.0,"max_hp_loss":0.0,"gold_gain":0.0,"event_name":"Living Wall","player_choice":"Grow","floor":5.0,"gold_loss":0.0,"damage_taken":0.0,"cards_upgraded":["ReplayTheSpireMod:Private Reserves"]}],"is_beta":false,"boss_relics":[{"not_picked":["vexMod:FluxCapacitor","vexMod:MegatonBomb"],"picked":"Replay:Bronze Core"}],"items_purged_floors":[],"is_endless":false,"potions_floor_spawned":[4,14,15,19,20],"killed_by":"Chosen and Byrds","ascension_level":1}}