{"host":"mb7itejek3z0coku","time":1611387723,"event":{"mods":["AchievementEnabler","Act Like it!","BaseMod","Downfall","Hubris","Minty Spire (QoL Compilation)","StSLib","Td1madao Mod","The Hierophant","Wandering Minibosses"],"gold_per_floor":[99,116,116,24,44,58,58,58,58,58,58,78,78,253,218,218,218,218],"floor_reached":16,"language":"ENG","playtime":1486,"items_purged":[],"score":90,"play_id":"e053a0f5-cdba-4105-aa71-b28605ec3cd6","local_time":"20210122234203","is_ascension_mode":false,"campfire_choices":[{"floor":1,"key":"RECALL"},{"floor":8,"key":"REST"},{"data":"Guardian:CrystalBeam","floor":11,"key":"SMITH"},{"floor":13,"key":"REST"}],"circlet_count":0,"master_deck":["Guardian:Strike_Guardian","Guardian:Strike_Guardian","Guardian:Strike_Guardian","Guardian:Defend_Guardian","Guardian:Defend_Guardian","Guardian:Defend_Guardian","Guardian:Defend_Guardian","Guardian:CurlUp","Guardian:TwinSlam+1","Guardian:EvasiveProtocol","Guardian:CrystalBeam+1","Guardian:CrystalBeam","Guardian:Gem_Lightblue","Guardian:ChargeCore","Doubt","Guardian:Gem_Cyan"],"relics":["Guardian:ModeShifter","Mummified Hand","hubris:Icosahedron"],"acts_visited":["Exordium"],"potions_floor_usage":[6,16],"damage_taken":[{"damage":13,"enemies":"Jaw Worm","floor":2,"turns":9},{"damage":4,"enemies":"downfall:FleeingMerchant","floor":4,"turns":4},{"damage":1,"enemies":"Cultist","floor":5,"turns":4},{"damage":20,"enemies":"Small Slimes","floor":6,"turns":8},{"damage":32,"enemies":"Blue Slaver","floor":12,"turns":8},{"damage":61,"enemies":"Large Slime","floor":15,"turns":12},{"damage":9,"enemies":"DF_ARCHETYPE_STREAMLINE","floor":16,"turns":6}],"seed_played":"7415981069128966914","potions_obtained":[{"floor":5,"key":"GamblersBrew"},{"floor":15,"key":"PowerPotion"}],"is_trial":false,"path_per_floor":["R","M","?","$","M","M","T","R","?","?","R","M","R","?","M","B"],"character_chosen":"GUARDIAN","items_purchased":["Guardian:EvasiveProtocol"],"campfire_rested":2,"item_purchase_floors":[4],"current_hp_per_floor":[88,75,75,71,70,50,50,76,76,76,76,44,70,70,9,0,0,0],"gold":218,"neow_bonus":"TEN_PERCENT_HP_BONUS","is_daily":false,"chose_seed":false,"campfire_upgraded":1,"win_rate":0.0,"timestamp":1611387723,"path_taken":["R","M","?","?","?","M","T","R","?","?","R","M","R","?","M","BOSS"],"items_purchased_type":["Card"],"build_version":"2020-12-22","purchased_purges":0,"victory":false,"max_hp_per_floor":[88,88,88,88,88,88,88,88,88,88,88,88,88,88,88,88,88,88],"card_choices":[{"not_picked":["Guardian:VentSteam","Guardian:Planning"],"picked":"Guardian:Gem_Green","floor":2},{"not_picked":["Guardian:Gem_Purple","Guardian:Gem_Green"],"picked":"Guardian:Gem_Red","floor":4},{"not_picked":["Guardian:PiercingHide","Guardian:FloatingOrbs"],"picked":"Guardian:CrystalBeam","floor":5},{"not_picked":["Guardian:EvasiveProtocol","Guardian:Recover"],"picked":"Guardian:CrystalBeam","floor":6},{"not_picked":["Guardian:Clone","Guardian:TemporalShield"],"picked":"Guardian:ChargeCore","floor":12},{"not_picked":["Guardian:ArmoredProtocol","Guardian:TemporalShield"],"picked":"Guardian:Gem_Cyan","floor":15}],"player_experience":121534,"relics_obtained":[{"floor":7,"key":"Mummified Hand"}],"event_choices":[],"is_beta":false,"boss_relics":[],"items_purged_floors":[],"is_endless":false,"potions_floor_spawned":[5,15],"killed_by":"DF_ARCHETYPE_STREAMLINE","ascension_level":0}}