{"host":"ivscj6css7zfh8wh","time":1611362906,"event":{"mods":["2.2 Compatiblity","AchievementEnabler","BaseMod","Colored Map","DeckTracker","Highlight Path","Keyboard Shortcuts","Minty Spire (QoL Compilation)","Permanent Neow","Quick Restart","Random Character Button","StSLib","SuperFastMode"],"gold_per_floor":[99,99,49,49,49,49,49,0,0,0,0,0,0,0,0,0,0,0,0,0,0,0,0,0,0,0,0,0],"floor_reached":27,"language":"KOR","playtime":966,"items_purged":[],"score":274,"play_id":"778302e3-f237-43d4-8aaf-b863765b1236","local_time":"20210123094826","is_ascension_mode":true,"campfire_choices":[{"data":"TalkToTheHand","floor":6.0,"key":"SMITH"},{"data":"Eruption","floor":11.0,"key":"SMITH"},{"data":"Adaptation","floor":15.0,"key":"SMITH"},{"data":"Halt","floor":25.0,"key":"SMITH"}],"circlet_count":0,"master_deck":["Strike_P","Strike_P","Strike_P","Strike_P","Defend_P","Defend_P","Defend_P","Eruption+1","Vigilance","TalkToTheHand+1","FlurryOfBlows","EmptyFist","Adaptation+1","Brilliance","EmptyBody","Prostrate","ClearTheMind","Halt+1","InnerPeace","EmptyFist+1","Worship","FlurryOfBlows","Devotion+1"],"relics":["Ectoplasm","Strawberry","TeardropLocket","Bird Faced Urn","VioletLotus","Matryoshka","PreservedInsect","Singing Bowl"],"acts_visited":["Exordium","TheCity"],"potions_floor_usage":[27,27,27],"damage_taken":[{"damage":0.0,"enemies":"2 Louse","floor":1.0,"turns":2.0},{"damage":3.0,"enemies":"Small Slimes","floor":2.0,"turns":2.0},{"damage":0.0,"enemies":"Cultist","floor":4.0,"turns":2.0},{"damage":1.0,"enemies":"Exordium Wildlife","floor":5.0,"turns":3.0},{"damage":14.0,"enemies":"Gremlin Nob","floor":7.0,"turns":4.0},{"damage":12.0,"enemies":"3 Louse","floor":10.0,"turns":2.0},{"damage":8.0,"enemies":"3 Sentries","floor":12.0,"turns":7.0},{"damage":3.0,"enemies":"Lots of Slimes","floor":13.0,"turns":3.0},{"damage":7.0,"enemies":"Large Slime","floor":14.0,"turns":3.0},{"damage":14.0,"enemies":"Hexaghost","floor":16.0,"turns":9.0},{"damage":1.0,"enemies":"Shell Parasite","floor":18.0,"turns":3.0},{"damage":2.0,"enemies":"3 Byrds","floor":19.0,"turns":6.0},{"damage":1.0,"enemies":"Centurion and Healer","floor":20.0,"turns":7.0},{"damage":17.0,"enemies":"Sentry and Sphere","floor":21.0,"turns":3.0},{"damage":9.0,"enemies":"Snake Plant","floor":22.0,"turns":4.0},{"damage":44.0,"enemies":"Gremlin Leader","floor":23.0,"turns":4.0},{"damage":13,"enemies":"Book of Stabbing","floor":27,"turns":2}],"seed_played":"-8312194673529049325","potions_obtained":[{"floor":4.0,"key":"Explosive Potion"},{"floor":5.0,"key":"Ambrosia"},{"floor":10.0,"key":"BlessingOfTheForge"},{"floor":23.0,"key":"DuplicationPotion"}],"is_trial":false,"path_per_floor":["M","M","?","M","M","R","E","?","T","M","R","E","M","M","R","B",null,"M","M","M","M","M","E","?","R","T","E"],"character_chosen":"WATCHER","items_purchased":[],"campfire_rested":0,"item_purchase_floors":[],"current_hp_per_floor":[72,69,69,69,68,68,61,61,61,49,49,41,38,33,33,21,79,78,78,78,63,54,12,12,12,12,0,0],"gold":0,"neow_bonus":"BOSS_RELIC","is_daily":false,"chose_seed":false,"campfire_upgraded":4,"win_rate":0.0,"timestamp":1611362906,"path_taken":["M","M","?","M","M","R","E","?","T","M","R","E","M","M","R","BOSS","M","M","M","M","M","E","?","R","T","E"],"items_purchased_type":[],"build_version":"2020-12-22","purchased_purges":0,"victory":false,"max_hp_per_floor":[72,72,72,72,72,72,79,79,79,79,79,79,79,79,79,79,79,79,79,79,79,79,79,79,79,79,79,79],"card_choices":[{"not_picked":["CrushJoints","CarveReality"],"picked":"TalkToTheHand","floor":1.0},{"not_picked":["SashWhip","Protect"],"picked":"FlurryOfBlows","floor":2.0},{"not_picked":["Protect","PathToVictory"],"picked":"EmptyFist","floor":4.0},{"not_picked":["Prostrate","FlyingSleeves"],"picked":"Adaptation","floor":5.0},{"not_picked":["WreathOfFlame","Brilliance","ForeignInfluence"],"picked":"SKIP","floor":7.0},{"not_picked":["WreathOfFlame","ForeignInfluence"],"picked":"Brilliance","floor":7.0},{"not_picked":["Fasting2","ClearTheMind"],"picked":"EmptyBody","floor":10.0},{"not_picked":["FollowUp","PathToVictory"],"picked":"Prostrate","floor":12.0},{"not_picked":["JustLucky","EmptyBody"],"picked":"ClearTheMind","floor":13.0},{"not_picked":["Evaluate","Weave","FlyingSleeves"],"picked":"SKIP","floor":14.0},{"not_picked":["ClearTheMind","ReachHeaven"],"picked":"Halt","floor":18.0},{"not_picked":["Perseverance+1","BowlingBash+1"],"picked":"InnerPeace","floor":19.0},{"not_picked":["SandsOfTime","Protect"],"picked":"EmptyFist+1","floor":20.0},{"not_picked":["ClearTheMind","FlurryOfBlows+1"],"picked":"Worship","floor":21.0},{"not_picked":["SandsOfTime","FlyingSleeves"],"picked":"FlurryOfBlows","floor":22.0},{"not_picked":["CrushJoints","Consecrate+1"],"picked":"Devotion","floor":23.0}],"player_experience":738445,"relics_obtained":[{"floor":7.0,"key":"Strawberry"},{"floor":9.0,"key":"TeardropLocket"},{"floor":12.0,"key":"Bird Faced Urn"},{"floor":23.0,"key":"Matryoshka"},{"floor":26.0,"key":"PreservedInsect"},{"floor":26.0,"key":"Singing Bowl"}],"event_choices":[{"cards_removed":["Defend_P"],"damage_healed":0.0,"max_hp_gain":0.0,"max_hp_loss":0.0,"gold_gain":0.0,"event_name":"The Cleric","player_choice":"Card Removal","floor":3.0,"gold_loss":50.0,"damage_taken":0.0},{"damage_healed":0.0,"max_hp_gain":0.0,"max_hp_loss":0.0,"gold_gain":0.0,"event_name":"World of Goop","player_choice":"Left Gold","floor":8.0,"gold_loss":49.0,"damage_taken":0.0},{"damage_healed":0.0,"max_hp_gain":0.0,"max_hp_loss":0.0,"gold_gain":0.0,"event_name":"Upgrade Shrine","player_choice":"Upgraded","floor":24.0,"gold_loss":0.0,"damage_taken":0.0,"cards_upgraded":["Devotion"]}],"is_beta":false,"boss_relics":[{"not_picked":["Snecko Eye","Tiny House"],"picked":"VioletLotus"}],"items_purged_floors":[],"is_endless":false,"potions_floor_spawned":[4,5,10,13,20,23],"killed_by":"Book of Stabbing","ascension_level":2}}