{"host":"j4g6ia6asvpyu2b0","time":1611408679,"event":{"mods":["BaseMod","Colored Map","Minty Spire (QoL Compilation)","Permanent Neow","Quick Restart","Relic Stats","StSLib","Unceasing Turn Reminder"],"gold_per_floor":[114,114,64,79,94,124,139,139,139,66,96,96,111,126,126,226,226,241,74,74,74,89,104,134,149,149,479,479,494,509,539,539,639,639,654,654,669,684,165,195,195,210,210,210,225,255,285,315,315,315],"floor_reached":51,"language":"ENG","playtime":1985,"items_purged":["Writhe","Pain"],"score":1064,"play_id":"0736dc35-cd02-4619-abe7-cc2c2b843c65","local_time":"20210123063119","daily_mods":["Cursed Run","Purple Cards","DeadlyEvents"],"is_ascension_mode":false,"campfire_choices":[{"data":"True Grit","floor":8,"key":"SMITH"},{"data":"Uppercut","floor":12,"key":"SMITH"},{"data":"LessonLearned","floor":15,"key":"SMITH"},{"data":"Feed","floor":28,"key":"SMITH"},{"floor":32,"key":"REST"},{"floor":44,"key":"REST"},{"floor":49,"key":"REST"}],"circlet_count":0,"master_deck":["Strike_R+1","Strike_R+1","Strike_R+1","Strike_R+1","Defend_R+1","Defend_R+1","Defend_R+1","Bash+1","Thunderclap+1","Combust+1","Flame Barrier+1","True Grit+1","Perfected Strike+1","Uppercut+1","LessonLearned+1","Pommel Strike+1","Parasite","Feed+1","CurseOfTheBell","Spot Weakness+1","Flash of Steel+1","Feel No Pain+1","Scrawl+1","Shrug It Off+1","Havoc","Inflame+1","Protect+1","Pain","Immolate+1","DevaForm","Violence","Doubt","Shrug It Off+1","Tantrum+1","Normality"],"relics":["Cursed Key","Darkstone Periapt","Du-Vu Doll","Turnip","InkBottle","Bag of Preparation","Calling Bell","Oddly Smooth Stone","Paper Frog","Pocketwatch","The Courier","Kunai","Old Coin","Toy Ornithopter","Busted Crown","Gremlin Horn","ClockworkSouvenir","War Paint","Peace Pipe","Potion Belt","Whetstone","Orichalcum"],"acts_visited":["Exordium","TheCity","TheBeyond"],"potions_floor_usage":[13,23,27,31,50],"damage_taken":[{"damage":1,"enemies":"Jaw Worm","floor":1,"turns":3},{"damage":0,"enemies":"2 Louse","floor":4,"turns":2},{"damage":2,"enemies":"Cultist","floor":5,"turns":2},{"damage":19,"enemies":"Lagavulin","floor":6,"turns":5},{"damage":7,"enemies":"Exordium Thugs","floor":7,"turns":5},{"damage":14,"enemies":"3 Sentries","floor":11,"turns":5},{"damage":10,"enemies":"Exordium Wildlife","floor":13,"turns":6},{"damage":0,"enemies":"3 Louse","floor":14,"turns":2},{"damage":32,"enemies":"Hexaghost","floor":16,"turns":9},{"damage":10,"enemies":"3 Byrds","floor":18,"turns":4},{"damage":0,"enemies":"Spheric Guardian","floor":22,"turns":2},{"damage":14,"enemies":"Snake Plant","floor":23,"turns":3},{"damage":21,"enemies":"Book of Stabbing","floor":24,"turns":4},{"damage":8,"enemies":"Sentry and Sphere","floor":25,"turns":4},{"damage":11,"enemies":"Gremlin Leader","floor":27,"turns":4},{"damage":9,"enemies":"Cultist and Chosen","floor":29,"turns":4},{"damage":3,"enemies":"Snake Plant","floor":30,"turns":3},{"damage":29,"enemies":"Slavers","floor":31,"turns":4},{"damage":42,"enemies":"Automaton","floor":33,"turns":10},{"damage":6,"enemies":"3 Darklings","floor":35,"turns":3},{"damage":13,"enemies":"Orb Walker","floor":37,"turns":2},{"damage":19,"enemies":"Writhing Mass","floor":38,"turns":4},{"damage":31,"enemies":"Nemesis","floor":40,"turns":5},{"damage":2,"enemies":"Transient","floor":42,"turns":5},{"damage":2,"enemies":"4 Shapes","floor":45,"turns":5},{"damage":26,"enemies":"Giant Head","floor":46,"turns":6},{"damage":21,"enemies":"Nemesis","floor":47,"turns":5},{"damage":14,"enemies":"Reptomancer","floor":48,"turns":5},{"damage":26,"enemies":"Time Eater","floor":50,"turns":6}],"seed_played":"-4692305807027556167","potions_obtained":[{"floor":5,"key":"ElixirPotion"},{"floor":6,"key":"LiquidBronze"},{"floor":13,"key":"Fruit Juice"},{"floor":14,"key":"Regen Potion"},{"floor":23,"key":"BlessingOfTheForge"},{"floor":27,"key":"EssenceOfSteel"},{"floor":31,"key":"Swift Potion"},{"floor":40,"key":"LiquidBronze"},{"floor":42,"key":"SkillPotion"},{"floor":48,"key":"Explosive Potion"}],"is_trial":false,"path_per_floor":["M","?","?","M","M","E","M","R","T","$","E","R","M","M","R","B",null,"M","$","?","$","M","M","E","M","T","E","R","M","M","E","R","B",null,"M","?","M","M","$","E","?","M","T","R","M","E","E","E","R","B",null],"character_chosen":"IRONCLAD","items_purchased":["Uppercut","Flash of Steel","Gremlin Horn","DevaForm","ClockworkSouvenir"],"campfire_rested":3,"item_purchase_floors":[10,19,39,39,39],"current_hp_per_floor":[79,79,79,79,77,58,51,51,57,57,43,43,38,38,38,12,103,96,96,96,96,99,85,64,59,65,54,54,45,46,33,70,34,132,126,126,113,94,94,63,63,61,67,108,110,84,67,53,96,81],"gold":315,"neow_bonus":"","is_daily":true,"chose_seed":false,"campfire_upgraded":4,"win_rate":0.0,"timestamp":1611408679,"path_taken":["M","?","?","M","M","E","M","R","T","$","E","R","?","M","R","BOSS","M","$","?","?","M","?","E","M","T","E","R","M","M","E","R","BOSS","M","?","M","M","$","E","?","?","T","R","M","E","?","E","R","BOSS"],"items_purchased_type":["Card","Card","Relic","Card","Relic"],"build_version":"2020-12-22","purchased_purges":2,"victory":true,"max_hp_per_floor":[80,80,80,80,80,80,80,80,86,86,86,86,91,91,91,97,103,106,106,106,106,109,109,109,112,118,118,118,118,122,126,126,132,132,132,132,132,132,132,132,132,132,138,138,142,142,146,146,146,152],"relic_stats":{"Darkstone Periapt":42,"Gremlin Horn":[7,7],"counters":[29,127],"Bag of Preparation":[46],"Whetstone":["Immolate"],"War Paint":["Scrawl","Shrug It Off"],"Orichalcum":[12],"Cursed Key":3,"Peace Pipe":0,"Busted Crown":20,"Turnip":[9],"Kunai":[21],"obtain_stats":[{"Darkstone Periapt":0,"Potion Belt":46,"Gremlin Horn":39,"Oddly Smooth Stone":17,"The Courier":24,"Bag of Preparation":11,"Whetstone":47,"War Paint":40,"Orichalcum":48,"Cursed Key":0,"Old Coin":27,"ClockworkSouvenir":39,"Du-Vu Doll":0,"Calling Bell":17,"Peace Pipe":43,"Busted Crown":34,"Turnip":6,"Kunai":26,"InkBottle":9,"Toy Ornithopter":31,"Paper Frog":17,"Pocketwatch":17},{"Darkstone Periapt":0,"Potion Belt":26,"Gremlin Horn":22,"Oddly Smooth Stone":9,"The Courier":13,"Bag of Preparation":6,"Whetstone":27,"War Paint":23,"Orichalcum":28,"Cursed Key":0,"Old Coin":15,"ClockworkSouvenir":22,"Du-Vu Doll":0,"Calling Bell":9,"Peace Pipe":24,"Busted Crown":19,"Turnip":4,"Kunai":14,"InkBottle":5,"Toy Ornithopter":18,"Paper Frog":9,"Pocketwatch":9},{"Darkstone Periapt":0,"Potion Belt":111,"Gremlin Horn":90,"Oddly Smooth Stone":39,"The Courier":52,"Bag of Preparation":22,"Whetstone":116,"War Paint":95,"Orichalcum":121,"Cursed Key":0,"Old Coin":60,"ClockworkSouvenir":90,"Du-Vu Doll":0,"Calling Bell":39,"Peace Pipe":100,"Busted Crown":81,"Turnip":12,"Kunai":56,"InkBottle":17,"Toy Ornithopter":71,"Paper Frog":39,"Pocketwatch":39}],"InkBottle":[32],"Toy Ornithopter":5,"Pocketwatch":[125]},"card_choices":[{"not_picked":["CrushJoints","Prostrate"],"picked":"Thunderclap","floor":1},{"not_picked":["Flex","Seeing Red"],"picked":"Combust","floor":4},{"not_picked":["FollowUp","Clash"],"picked":"Flame Barrier","floor":5},{"not_picked":["Halt","Warcry"],"picked":"True Grit","floor":6},{"not_picked":["EmptyMind","Halt"],"picked":"Perfected Strike","floor":7},{"not_picked":["CutThroughFate","Adaptation"],"picked":"LessonLearned","floor":11},{"not_picked":["EmptyFist","JustLucky"],"picked":"Pommel Strike","floor":13},{"not_picked":["Clash","MentalFortress","Rage"],"picked":"SKIP","floor":14},{"not_picked":["Blasphemy","Omniscience"],"picked":"Feed","floor":16},{"not_picked":["Wild Strike","Pommel Strike+1"],"picked":"Spot Weakness+1","floor":18},{"not_picked":["Intimidate","Clash","Sanctity"],"picked":"SKIP","floor":22},{"not_picked":["Battle Trance","Power Through"],"picked":"Feel No Pain+1","floor":23},{"not_picked":["Halt","Consecrate"],"picked":"Scrawl","floor":24},{"not_picked":["Tantrum","Heavy Blade"],"picked":"Shrug It Off","floor":25},{"not_picked":["Consecrate","Wild Strike","Sever Soul"],"picked":"SKIP","floor":27},{"not_picked":["Meditate","Warcry"],"picked":"Havoc","floor":29},{"not_picked":["CutThroughFate","Blood for Blood"],"picked":"Inflame+1","floor":30},{"not_picked":["Dark Embrace","Anger"],"picked":"Protect+1","floor":31},{"not_picked":["Double Tap","Impervious"],"picked":"Immolate","floor":33},{"not_picked":["Consecrate+1"],"picked":"SKIP","floor":35},{"not_picked":["Rage+1"],"picked":"SKIP","floor":37},{"not_picked":["JustLucky"],"picked":"SKIP","floor":38},{"not_picked":["LessonLearned"],"picked":"SKIP","floor":40},{"not_picked":[],"picked":"Violence","floor":41},{"not_picked":["PathToVictory+1"],"picked":"SKIP","floor":42},{"not_picked":["True Grit"],"picked":"SKIP","floor":45},{"not_picked":["Carnage+1"],"picked":"SKIP","floor":46},{"not_picked":[],"picked":"Shrug It Off+1","floor":47},{"not_picked":[],"picked":"Tantrum+1","floor":48}],"player_experience":945723,"relics_obtained":[{"floor":6,"key":"Turnip"},{"floor":9,"key":"InkBottle"},{"floor":11,"key":"Bag of Preparation"},{"floor":17,"key":"Oddly Smooth Stone"},{"floor":17,"key":"Paper Frog"},{"floor":17,"key":"Pocketwatch"},{"floor":24,"key":"The Courier"},{"floor":26,"key":"Kunai"},{"floor":27,"key":"Old Coin"},{"floor":31,"key":"Toy Ornithopter"},{"floor":40,"key":"War Paint"},{"floor":43,"key":"Peace Pipe"},{"floor":46,"key":"Potion Belt"},{"floor":47,"key":"Whetstone"},{"floor":48,"key":"Orichalcum"}],"event_choices":[{"damage_healed":0,"gold_gain":0,"player_choice":"Grow","damage_taken":0,"max_hp_gain":0,"max_hp_loss":0,"event_name":"Living Wall","floor":2,"gold_loss":0,"cards_upgraded":["Bash"]},{"cards_removed":["Strike_R"],"damage_healed":0,"gold_gain":0,"player_choice":"Card Removal","damage_taken":0,"max_hp_gain":0,"max_hp_loss":0,"event_name":"The Cleric","floor":3,"gold_loss":50},{"damage_healed":0,"gold_gain":0,"player_choice":"Simplicity","damage_taken":0,"max_hp_gain":0,"max_hp_loss":0,"event_name":"Back to Basics","floor":20,"gold_loss":0,"cards_upgraded":["Strike_R","Strike_R","Strike_R","Defend_R","Defend_R","Defend_R"]},{"cards_removed":["Defend_R"],"damage_healed":0,"gold_gain":0,"player_choice":"Removed Skill","damage_taken":0,"max_hp_gain":0,"max_hp_loss":0,"event_name":"Falling","floor":36,"gold_loss":0},{"damage_healed":0,"gold_gain":0,"player_choice":"Memory 1","damage_taken":0,"max_hp_gain":0,"max_hp_loss":0,"event_name":"SensoryStone","floor":41,"gold_loss":0}],"is_beta":false,"boss_relics":[{"not_picked":["SacredBark","SlaversCollar"],"picked":"Calling Bell"},{"not_picked":["Runic Dome","Velvet Choker"],"picked":"Busted Crown"}],"items_purged_floors":[19,39],"is_endless":false,"potions_floor_spawned":[5,6,13,14,16,23,27,31,40,42,45,48],"ascension_level":0}}