{"host":"x3xr1fzypq6qqz5s","time":1611394251,"event":{"mods":["BaseMod","Better Vampires","Colored Powertips","DeckTracker","Highlight Path","Minty Spire (QoL Compilation)","Quick Restart","Rare Cards Sparkle","Relic Stats"],"gold_per_floor":[368,443,618,618,632,632,649,649,649,336,352,371,371,390,390,490,490,500,500,525,541,560,560,585,585,585,605,158,158,174,185,185,185,185],"floor_reached":33,"language":"ZHS","playtime":1523,"items_purged":["Doubt","Dualcast"],"score":259,"play_id":"978ed2c9-bc31-445d-b60a-57b37f96ab3d","local_time":"20210123173051","is_ascension_mode":false,"campfire_choices":[{"data":"Zap","floor":6.0,"key":"SMITH"},{"data":"Redo","floor":8.0,"key":"SMITH"},{"floor":15.0,"key":"REST"},{"data":"Rainbow","floor":23,"key":"SMITH"},{"floor":25,"key":"REST"},{"floor":29,"key":"REST"},{"floor":32,"key":"RECALL"}],"circlet_count":0,"master_deck":["Zap+1","Sweeping Beam","Redo+1","Ball Lightning","All For One","Fusion","Conserve Battery","Electrodynamics","Skim","Beam Cell","Auto Shields","Rebound","Chill","Steam Power","Rip and Tear","Coolheaded","Scrape","Rainbow+1","Reinforced Body+1","Hologram"],"relics":["Cracked Core","Cables","Pandora\u0027s Box","Red Mask","Happy Flower","TungstenRod","Ice Cream"],"acts_visited":["Exordium","TheCity"],"potions_floor_usage":[24,31,31,33],"damage_taken":[{"damage":0.0,"enemies":"Small Slimes","floor":1.0,"turns":3.0},{"damage":2.0,"enemies":"2 Louse","floor":5.0,"turns":2.0},{"damage":0.0,"enemies":"Cultist","floor":7.0,"turns":4.0},{"damage":1.0,"enemies":"Exordium Wildlife","floor":11.0,"turns":2.0},{"damage":8.0,"enemies":"Lots of Slimes","floor":12.0,"turns":2.0},{"damage":8.0,"enemies":"3 Louse","floor":14.0,"turns":3.0},{"damage":21.0,"enemies":"The Guardian","floor":16.0,"turns":12.0},{"damage":3.0,"enemies":"Chosen","floor":18.0,"turns":3.0},{"damage":4,"enemies":"Masked Bandits","floor":20,"turns":3},{"damage":0,"enemies":"Spheric Guardian","floor":21,"turns":3},{"damage":9,"enemies":"3 Cultists","floor":22,"turns":4},{"damage":44,"enemies":"Book of Stabbing","floor":24,"turns":7},{"damage":3,"enemies":"Sentry and Sphere","floor":27,"turns":3},{"damage":22,"enemies":"Shelled Parasite and Fungi","floor":30,"turns":4},{"damage":0,"enemies":"Centurion and Healer","floor":31,"turns":4},{"damage":64,"enemies":"Automaton","floor":33,"turns":6}],"seed_played":"4459695982588697245","potions_obtained":[{"floor":1.0,"key":"Ancient Potion"},{"floor":7.0,"key":"EssenceOfDarkness"},{"floor":14.0,"key":"SkillPotion"},{"floor":22,"key":"FearPotion"},{"floor":24,"key":"EssenceOfSteel"},{"floor":30,"key":"Regen Potion"}],"is_trial":false,"path_per_floor":["M","?","?","?","M","R","M","R","T","$","M","M","?","M","R","B",null,"M","?","?","M","M","R","E","R","T","M","$","R","M","M","R","B"],"character_chosen":"DEFECT","items_purchased":["Cables","Ice Cream","Hologram"],"campfire_rested":3,"item_purchase_floors":[10,28,28],"current_hp_per_floor":[54,43,43,43,41,41,41,41,41,41,40,32,32,24,46,25,75,72,72,68,68,59,59,15,37,37,34,34,56,34,46,46,0,0],"gold":185,"neow_bonus":"TWO_FIFTY_GOLD","is_daily":false,"chose_seed":false,"campfire_upgraded":3,"win_rate":0.0,"timestamp":1611394251,"path_taken":["M","?","?","?","M","R","M","R","T","$","M","?","?","?","R","BOSS","M","?","?","M","M","R","E","R","T","M","$","R","M","M","R","BOSS"],"items_purchased_type":["Relic","Relic","Card"],"build_version":"2020-12-22","purchased_purges":2,"victory":false,"max_hp_per_floor":[75,75,75,75,75,75,75,75,75,75,75,75,75,75,75,75,75,75,75,75,75,75,75,75,75,75,75,75,75,75,75,75,75,75],"relic_stats":{"Happy Flower":[5],"counters":[16,65],"Pandora\u0027s Box":["Skim","Beam Cell","Auto Shields","Rebound","Machine Learning","Chill"],"obtain_stats":[{"Ice Cream":28,"Happy Flower":24,"Pandora\u0027s Box":17,"Red Mask":20,"Cracked Core":0,"TungstenRod":26,"Cables":10},{"Ice Cream":13,"Happy Flower":12,"Pandora\u0027s Box":7,"Red Mask":9,"Cracked Core":0,"TungstenRod":12,"Cables":3},{"Ice Cream":51,"Happy Flower":48,"Pandora\u0027s Box":28,"Red Mask":34,"Cracked Core":0,"TungstenRod":48,"Cables":9}],"TungstenRod":7,"Cables":[45,27,10,3,5]},"card_choices":[{"not_picked":["Reprogram","Double Energy"],"picked":"Sweeping Beam","floor":1.0},{"not_picked":["Gash","Blizzard"],"picked":"Coolheaded","floor":5.0},{"not_picked":["Consume","Sweeping Beam"],"picked":"Ball Lightning","floor":7.0},{"not_picked":["Self Repair","Aggregate"],"picked":"All For One","floor":11.0},{"not_picked":["Turbo","Compile Driver"],"picked":"Fusion","floor":12.0},{"not_picked":["Rebound","Storm"],"picked":"Conserve Battery","floor":14.0},{"not_picked":["Fission","All For One"],"picked":"Electrodynamics","floor":16.0},{"not_picked":["Ball Lightning+1","Tempest"],"picked":"Steam Power","floor":18.0},{"not_picked":["Stack+1","Aggregate"],"picked":"Scrape","floor":20},{"not_picked":["Redo","Double Energy"],"picked":"Rainbow","floor":21},{"not_picked":["Sunder","Go for the Eyes"],"picked":"Reinforced Body+1","floor":22},{"not_picked":["Sweeping Beam","Force Field+1","Loop"],"picked":"SKIP","floor":24},{"not_picked":["Streamline+1","Stack","Meteor Strike"],"picked":"SKIP","floor":27},{"not_picked":["Chill+1","Cold Snap","Steam"],"picked":"SKIP","floor":30},{"not_picked":["Lockon+1","Streamline","Coolheaded"],"picked":"SKIP","floor":31}],"player_experience":611824,"relics_obtained":[{"floor":20,"key":"Red Mask"},{"floor":24,"key":"Happy Flower"},{"floor":26,"key":"TungstenRod"}],"event_choices":[{"damage_healed":0.0,"max_hp_gain":0.0,"max_hp_loss":0.0,"gold_gain":75.0,"event_name":"World of Goop","player_choice":"Gather Gold","floor":2.0,"gold_loss":0.0,"damage_taken":11.0},{"damage_healed":0.0,"max_hp_gain":0.0,"max_hp_loss":0.0,"gold_gain":175.0,"event_name":"Liars Game","player_choice":"AGREE","floor":3.0,"gold_loss":0.0,"damage_taken":0.0,"cards_obtained":["Doubt"]},{"damage_healed":0.0,"max_hp_gain":0.0,"max_hp_loss":0.0,"gold_gain":0.0,"cards_transformed":["Strike_B"],"event_name":"Transmorgrifier","player_choice":"Transformed","floor":4.0,"gold_loss":0.0,"damage_taken":0.0,"cards_obtained":["Redo"]},{"cards_removed":["Strike_B"],"damage_healed":0.0,"max_hp_gain":0.0,"max_hp_loss":0.0,"gold_gain":0.0,"event_name":"Purifier","player_choice":"Purged","floor":13.0,"gold_loss":0.0,"damage_taken":0.0},{"damage_healed":0.0,"max_hp_gain":0.0,"max_hp_loss":0.0,"gold_gain":0.0,"cards_transformed":["Coolheaded","Machine Learning"],"event_name":"Drug Dealer","player_choice":"Became Test Subject","floor":19.0,"gold_loss":0.0,"damage_taken":0.0,"cards_obtained":["Rip and Tear","Coolheaded"]},{"damage_healed":0,"gold_gain":0,"player_choice":"Fought Bandits","damage_taken":0,"max_hp_gain":0,"max_hp_loss":0,"event_name":"Masked Bandits","floor":20,"gold_loss":0}],"is_beta":false,"boss_relics":[{"not_picked":["Runic Dome","Fusion Hammer"],"picked":"Pandora\u0027s Box"}],"items_purged_floors":[10,28],"is_endless":false,"potions_floor_spawned":[1,7,14,18,22,24,30],"killed_by":"Automaton","ascension_level":0}}