{"host":"9n6i2vl93jt4o42q","time":1611445322,"event":{"mods":["BaseMod","Downfall","Minty Spire (QoL Compilation)","Relic Stats","StSLib"],"gold_per_floor":[99,115,115,127,127,227,250,267,267,294,318,344,17,29,44,44,44],"floor_reached":16,"language":"ENG","playtime":1063,"items_purged":["downfall:Icky"],"score":192,"play_id":"7b6e9454-a9d2-4a51-8932-0e396547d59c","local_time":"20210124004202","is_ascension_mode":true,"campfire_choices":[{"data":"Guardian:TwinSlam","floor":1.0,"key":"SMITH"},{"floor":9,"key":"RECALL"}],"circlet_count":0,"master_deck":["AscendersBane","Guardian:Strike_Guardian","Guardian:Strike_Guardian","Guardian:Strike_Guardian","Guardian:Strike_Guardian","Guardian:Defend_Guardian","Guardian:Defend_Guardian","Guardian:Defend_Guardian","Guardian:Defend_Guardian","Guardian:CurlUp","Guardian:TwinSlam+1","Guardian:BronzeOrb","Guardian:ChargeCore","Guardian:TemporalStrike","Guardian:Gem_Purple","Guardian:EvasiveProtocol","Guardian:ChargeUp","Guardian:ArmoredProtocol","Guardian:ExploitGems","Guardian:Gem_White","Guardian:TimeSifter"],"relics":["Guardian:ModeShifter","Calipers","Strawberry","downfall:ShatteredFragment","Guardian:PocketSentry","MawBank","Vajra"],"acts_visited":["Exordium"],"potions_floor_usage":[],"damage_taken":[{"damage":4.0,"enemies":"Jaw Worm","floor":2.0,"turns":4.0},{"damage":0,"enemies":"Small Slimes","floor":4,"turns":3},{"damage":0,"enemies":"2 Louse","floor":8,"turns":2},{"damage":15,"enemies":"Gremlin Nob","floor":10,"turns":4},{"damage":0,"enemies":"Exordium Wildlife","floor":11,"turns":2},{"damage":0,"enemies":"Red Slaver","floor":12,"turns":2},{"damage":0,"enemies":"downfall:FleeingMerchant","floor":13,"turns":4},{"damage":0,"enemies":"Large Slime","floor":14,"turns":4},{"damage":0,"enemies":"3 Louse","floor":15,"turns":3},{"damage":29,"enemies":"SI_SHIV_ARCHETYPE","floor":16,"turns":5}],"seed_played":"3200919759824794163","potions_obtained":[{"floor":2.0,"key":"DistilledChaos"},{"floor":4,"key":"Strength Potion"},{"floor":14,"key":"SkillPotion"}],"is_trial":false,"path_per_floor":["R","M","?","M","?","?","T","M","R","E","M","M","$","M","M","B"],"character_chosen":"GUARDIAN","items_purchased":["Vajra","Guardian:ExploitGems"],"campfire_rested":0,"item_purchase_floors":[13,13],"current_hp_per_floor":[65,61,68,68,44,44,44,44,44,29,29,29,29,29,29,0,0],"gold":44,"neow_bonus":"ONE_RARE_RELIC","is_daily":false,"chose_seed":false,"campfire_upgraded":1,"win_rate":0.0,"timestamp":1611445322,"path_taken":["R","M","?","M","?","?","T","M","R","E","M","?","?","M","M","BOSS"],"items_purchased_type":["Relic","Card"],"build_version":"2020-12-22","purchased_purges":1,"victory":false,"max_hp_per_floor":[65,65,72,72,72,72,72,72,72,72,72,72,72,72,72,72,72],"relic_stats":{"counters":[10,32],"MawBank":36,"obtain_stats":[{"Calipers":0,"downfall:ShatteredFragment":5,"Strawberry":3,"Guardian:ModeShifter":0,"Vajra":13,"Guardian:PocketSentry":7,"MawBank":10},{"Calipers":0,"downfall:ShatteredFragment":2,"Strawberry":1,"Guardian:ModeShifter":0,"Vajra":7,"Guardian:PocketSentry":2,"MawBank":4},{"Calipers":0,"downfall:ShatteredFragment":7,"Strawberry":4,"Guardian:ModeShifter":0,"Vajra":20,"Guardian:PocketSentry":7,"MawBank":12}]},"card_choices":[{"not_picked":["Guardian:PrismaticBeam","Guardian:WalkerClaw"],"picked":"Guardian:BronzeOrb","floor":2.0},{"not_picked":["Guardian:Emergency","Guardian:Gem_Green"],"picked":"Guardian:ChargeCore","floor":4},{"not_picked":["Guardian:Reroute","Guardian:Gem_Green"],"picked":"Guardian:TemporalStrike","floor":8},{"not_picked":["Guardian:RollAttack","Guardian:BronzeOrb"],"picked":"Guardian:Gem_Purple","floor":10},{"not_picked":["Guardian:Orbwalk","Guardian:Gem_Purple"],"picked":"Guardian:EvasiveProtocol","floor":11},{"not_picked":["Guardian:CrystalBeam","Guardian:RollAttack"],"picked":"Guardian:ChargeUp","floor":12},{"not_picked":["Guardian:Clone","Guardian:ChargeCore"],"picked":"Guardian:ArmoredProtocol","floor":13},{"not_picked":["Guardian:Gem_Red","Guardian:Recover"],"picked":"Guardian:Gem_White","floor":14},{"not_picked":["Guardian:TemporalStrike","Guardian:Reroute"],"picked":"Guardian:TimeSifter","floor":15}],"player_experience":2563432,"relics_obtained":[{"floor":7,"key":"Guardian:PocketSentry"},{"floor":10,"key":"MawBank"}],"event_choices":[],"is_beta":false,"boss_relics":[],"items_purged_floors":[13],"is_endless":false,"potions_floor_spawned":[2,4,11,12,14],"killed_by":"SI_SHIV_ARCHETYPE","ascension_level":17}}