{"host":"6706kntd0vtj8hnw","time":1611372457,"event":{"mods":["Bard","BaseMod","Colored Powertips","Downfall","Hermit","HololiveMod","Hubris","Infinite Spire","KinomotoSakuraMod(????)","Mad Scientist","Marisa????????","Minty Spire (QoL Compilation)","Quick Restart","StSLib","The Blackbeard","The Bladedancer","The Cursed","The Forsaken","The Hierophant","The IronCluck","The Mystic","The Necromancer","The Runesmith","The Senshi","The Wild Card","Waifu the Spire"],"gold_per_floor":[99,111,126,137,137,137,137,156,172,190,204,204,204,204],"floor_reached":12,"language":"ENG","playtime":939,"items_purged":[],"score":74,"play_id":"36fca006-3e15-4a3c-92be-672041394c63","local_time":"20210122192737","is_ascension_mode":false,"campfire_choices":[{"data":"champ:Taunt","floor":1,"key":"SMITH"}],"circlet_count":0,"master_deck":["champ:Strike","champ:Strike","champ:Strike","champ:Strike","champ:Defend","champ:Defend","champ:Defend","champ:Execute","champ:Taunt+1","champ:Shatter","champ:FancyFootwork","champ:Shatter","champ:RecklessLeap","champ:DeathBlow","champ:GladiatorStyle","champ:FancyFootwork"],"relics":["champ:ChampionCrown","hubris:Towel","hubris:64BitClover"],"acts_visited":["Exordium"],"potions_floor_usage":[12],"damage_taken":[{"damage":12,"enemies":"2 Louse","floor":2,"turns":2},{"damage":11,"enemies":"Cultist","floor":3,"turns":3},{"damage":1,"enemies":"Small Slimes","floor":4,"turns":3},{"damage":42,"enemies":"Exordium Thugs","floor":8,"turns":5},{"damage":48,"enemies":"Exordium Wildlife","floor":9,"turns":5},{"damage":23,"enemies":"2 Fungi Beasts","floor":10,"turns":3},{"damage":24,"enemies":"Blue Slaver","floor":11,"turns":4},{"damage":60,"enemies":"Gremlin Nob","floor":12,"turns":5}],"seed_played":"4800166436423915783","potions_obtained":[{"floor":10,"key":"Block Potion"}],"is_trial":false,"path_per_floor":["R","M","M","M","?","?","T","M","M","M","M","E"],"character_chosen":"THE_CHAMP","items_purchased":[],"campfire_rested":0,"item_purchase_floors":[],"current_hp_per_floor":[99,97,96,95,95,95,95,73,50,37,33,0,0,0],"gold":204,"neow_bonus":"TEN_PERCENT_HP_BONUS","is_daily":false,"chose_seed":false,"campfire_upgraded":1,"win_rate":0.0,"timestamp":1611372457,"path_taken":["R","M","M","M","?","?","T","M","M","M","?","E"],"items_purchased_type":[],"build_version":"2020-12-22","purchased_purges":0,"victory":false,"max_hp_per_floor":[99,99,99,99,99,99,99,99,99,99,99,99,99,99],"card_choices":[{"not_picked":["champ:StanceDance","champ:TornadoPunch"],"picked":"champ:Shatter","floor":2},{"not_picked":["champ:Haymaker","champ:BerserkersShout"],"picked":"champ:FancyFootwork","floor":3},{"not_picked":["champ:TornadoPunch","champ:Circumvent"],"picked":"champ:Shatter","floor":4},{"not_picked":["champ:FlashCut","champ:Parry"],"picked":"champ:RecklessLeap","floor":8},{"not_picked":["champ:BladeFlurry","champ:ShieldWall"],"picked":"champ:DeathBlow","floor":9},{"not_picked":["champ:Lariat","champ:PerfectedStrike"],"picked":"champ:GladiatorStyle","floor":10},{"not_picked":["champ:SkillfulDodge","champ:Duel"],"picked":"champ:FancyFootwork","floor":11}],"player_experience":260327,"relics_obtained":[{"floor":7,"key":"hubris:64BitClover"}],"event_choices":[],"is_beta":false,"boss_relics":[],"items_purged_floors":[],"is_endless":false,"potions_floor_spawned":[10],"killed_by":"Gremlin Nob","ascension_level":0}}