{"host":"50per11302020","time":1611366915,"event":{"mods":["AchievementEnabler","BaseMod","Colored Map","Minty Spire (QoL Compilation)","Relic Stats","StSLib"],"gold_per_floor":[110,110,129,129,149,149,184,184,184,209,52,327,23,40,40,137,137,149,1,16,16,36,36,0,0,53,83,83,114,19,29,29,126,126,143,1142,625,625,145,175,175,206,206,253,265,307,333,8,8,8],"floor_reached":51,"language":"ENG","playtime":4097,"items_purged":["Normality","Normality","Regret"],"score":1475,"play_id":"dbf1ba73-c224-48d2-bb64-7f136b6498b8","local_time":"20210122175515","is_ascension_mode":true,"campfire_choices":[{"floor":6,"key":"REST"},{"floor":8,"key":"REST"},{"floor":15,"key":"REST"},{"floor":25,"key":"REST"},{"floor":28,"key":"REST"},{"floor":32,"key":"RECALL"},{"floor":41,"key":"REST"},{"floor":49,"key":"REST"}],"circlet_count":0,"master_deck":["AscendersBane","Strike_R","Strike_R","Strike_R","Strike_R","Defend_R","Defend_R","Defend_R","Defend_R","Bash","Cleave","Evolve","Reckless Charge","Spot Weakness","Shrug It Off","Fire Breathing","Disarm","Shrug It Off","Fiend Fire","Battle Trance","Wild Strike","Feed","CurseOfTheBell","Reckless Charge+1","Seeing Red","True Grit","Carnage+1","Flame Barrier+1","Exhume","Brutality","Shrug It Off","Apotheosis","Seeing Red+1","Shrug It Off","Barricade","Shrug It Off","Body Slam+1","Rupture","Master of Strategy","Feel No Pain","Shrug It Off+1","Body Slam","Blind","Demon Form+1","Dark Embrace+1","Warcry+1","Fire Breathing+1","Shrug It Off"],"relics":["Fusion Hammer","Meat on the Bone","Question Card","Matryoshka","Orrery","Membership Card","Prayer Wheel","Calling Bell","Bag of Marbles","Eternal Feather","Calipers","Charon\u0027s Ashes","Nilry\u0027s Codex","Toy Ornithopter","Pen Nib","CaptainsWheel","WingedGreaves","Runic Cube","Thread and Needle","Gremlin Horn","OrangePellets","Pocketwatch","Mercury Hourglass","TheAbacus","White Beast Statue","Bottled Tornado","MawBank","Darkstone Periapt","MealTicket","Frozen Egg 2","Medical Kit","Lantern","Nunchaku"],"acts_visited":["Exordium","TheCity","TheBeyond"],"potions_floor_usage":[29,29,33,40,40,50],"damage_taken":[{"damage":0,"enemies":"Small Slimes","floor":1,"turns":4},{"damage":1,"enemies":"Cultist","floor":3,"turns":3},{"damage":2,"enemies":"Jaw Worm","floor":5,"turns":2},{"damage":25,"enemies":"3 Sentries","floor":7,"turns":6},{"damage":30,"enemies":"Lagavulin","floor":10,"turns":5},{"damage":12,"enemies":"Large Slime","floor":14,"turns":4},{"damage":29,"enemies":"Slime Boss","floor":16,"turns":6},{"damage":16,"enemies":"3 Byrds","floor":18,"turns":5},{"damage":23,"enemies":"Spheric Guardian","floor":20,"turns":4},{"damage":27,"enemies":"3 Cultists","floor":22,"turns":5},{"damage":35,"enemies":"Book of Stabbing","floor":27,"turns":5},{"damage":2,"enemies":"Gremlin Leader","floor":29,"turns":3},{"damage":17,"enemies":"Centurion and Healer","floor":31,"turns":9},{"damage":60,"enemies":"Champ","floor":33,"turns":15},{"damage":14,"enemies":"3 Darklings","floor":35,"turns":6},{"damage":15,"enemies":"Reptomancer","floor":40,"turns":4},{"damage":9,"enemies":"Giant Head","floor":42,"turns":5},{"damage":8,"enemies":"Nemesis","floor":44,"turns":7},{"damage":4,"enemies":"Giant Head","floor":46,"turns":10},{"damage":5,"enemies":"Orb Walker","floor":47,"turns":3},{"damage":40,"enemies":"Donu and Deca","floor":50,"turns":6}],"seed_played":"-3897334709153847090","potions_obtained":[{"floor":7,"key":"Energy Potion"},{"floor":10,"key":"SpeedPotion"},{"floor":27,"key":"DistilledChaos"},{"floor":31,"key":"Strength Potion"},{"floor":35,"key":"Explosive Potion"},{"floor":40,"key":"LiquidMemories"},{"floor":42,"key":"LiquidBronze"}],"is_trial":false,"path_per_floor":["M","?","M","$","M","R","E","R","T","E","$","?","$","M","R","B",null,"M","$","M","$","M","?","?","R","T","E","R","E","$","M","R","B",null,"M","?","$","?","$","E","R","E","T","E","?","E","M","$","R","B",null],"character_chosen":"IRONCLAD","items_purchased":["Orrery","Membership Card","Prayer Wheel","Charon\u0027s Ashes","Apotheosis","Rupture","Thread and Needle","Gremlin Horn","OrangePellets","Master of Strategy","Feel No Pain","Pocketwatch","Mercury Hourglass","TheAbacus","DistilledChaos","Fire Breathing+1","Medical Kit","Shrug It Off","Lantern","Nunchaku"],"campfire_rested":7,"item_purchase_floors":[11,13,13,19,30,37,37,37,37,37,39,39,39,39,39,48,48,48,48,48],"current_hp_per_floor":[72,72,71,71,69,80,55,79,79,49,49,49,49,49,73,44,71,58,58,50,50,35,19,19,62,62,39,82,84,84,71,90,47,79,65,65,65,65,65,64,94,85,85,77,77,77,75,90,101,61],"gold":8,"neow_bonus":"BOSS_RELIC","is_daily":false,"chose_seed":false,"campfire_upgraded":0,"win_rate":0.0,"timestamp":1611366915,"path_taken":["M","?","M","?","?","R","E","R","T","E","$","?","?","?","R","BOSS","M","$","M","$","M","?","?","R","T","E","R","E","?","M","R","BOSS","M","?","$","?","$","E","R","E","T","E","?","E","?","$","R","BOSS"],"items_purchased_type":["Relic","Relic","Relic","Relic","Card","Card","Relic","Relic","Relic","Card","Card","Relic","Relic","Relic","Potion","Card","Relic","Card","Relic","Relic"],"build_version":"2020-12-18","purchased_purges":3,"victory":true,"max_hp_per_floor":[80,80,80,80,80,80,80,80,80,80,80,80,80,80,80,80,80,83,83,86,86,86,86,86,86,86,86,86,86,86,90,90,90,90,90,90,90,90,90,94,94,94,94,94,94,98,101,101,101,101],"relic_stats":{"Darkstone Periapt":0,"Gremlin Horn":[3,4],"counters":[21,117],"Eternal Feather":90,"Charon\u0027s Ashes":[681],"Pen Nib":[8],"Question Card":29,"MawBank":60,"Medical Kit":[1],"Mercury Hourglass":[116],"OrangePellets":[4],"Nunchaku":[0],"TheAbacus":[30],"Prayer Wheel":7,"MealTicket":15,"obtain_stats":[{"Darkstone Periapt":43,"Lantern":48,"Calipers":17,"Gremlin Horn":37,"Nilry\u0027s Codex":23,"Bottled Tornado":42,"Burning Blood":0,"Nunchaku":48,"Matryoshka":10,"TheAbacus":39,"Prayer Wheel":13,"MealTicket":44,"Fusion Hammer":0,"WingedGreaves":29,"Runic Cube":34,"Eternal Feather":17,"Thread and Needle":37,"Charon\u0027s Ashes":19,"Pen Nib":26,"Frozen Egg 2":46,"Question Card":9,"MawBank":43,"Medical Kit":48,"White Beast Statue":40,"Mercury Hourglass":39,"Calling Bell":17,"OrangePellets":37,"CaptainsWheel":27,"Orrery":11,"Bag of Marbles":17,"Membership Card":13,"Toy Ornithopter":26,"Meat on the Bone":7,"Pocketwatch":39},{"Darkstone Periapt":17,"Lantern":20,"Calipers":7,"Gremlin Horn":15,"Nilry\u0027s Codex":10,"Bottled Tornado":17,"Burning Blood":0,"Nunchaku":20,"Matryoshka":5,"TheAbacus":15,"Prayer Wheel":5,"MealTicket":18,"Fusion Hammer":0,"WingedGreaves":12,"Runic Cube":14,"Eternal Feather":7,"Thread and Needle":15,"Charon\u0027s Ashes":8,"Pen Nib":10,"Frozen Egg 2":19,"Question Card":4,"MawBank":17,"Medical Kit":20,"White Beast Statue":16,"Mercury Hourglass":15,"Calling Bell":7,"OrangePellets":15,"CaptainsWheel":11,"Orrery":5,"Bag of Marbles":7,"Membership Card":5,"Toy Ornithopter":10,"Meat on the Bone":4,"Pocketwatch":15},{"Darkstone Periapt":91,"Lantern":111,"Calipers":30,"Gremlin Horn":82,"Nilry\u0027s Codex":44,"Bottled Tornado":91,"Burning Blood":0,"Nunchaku":111,"Matryoshka":20,"TheAbacus":82,"Prayer Wheel":20,"MealTicket":98,"Fusion Hammer":0,"WingedGreaves":52,"Runic Cube":76,"Eternal Feather":30,"Thread and Needle":82,"Charon\u0027s Ashes":35,"Pen Nib":44,"Frozen Egg 2":108,"Question Card":15,"MawBank":91,"Medical Kit":111,"White Beast Statue":86,"Mercury Hourglass":82,"Calling Bell":30,"OrangePellets":82,"CaptainsWheel":49,"Orrery":20,"Bag of Marbles":30,"Membership Card":20,"Toy Ornithopter":44,"Meat on the Bone":15,"Pocketwatch":82}],"Toy Ornithopter":19,"Meat on the Bone":60,"Runic Cube":[34],"Pocketwatch":[27]},"card_choices":[{"not_picked":["Twin Strike","Sever Soul"],"picked":"Cleave","floor":1},{"not_picked":["Wild Strike","Armaments"],"picked":"Evolve","floor":3},{"not_picked":["Body Slam","Perfected Strike"],"picked":"Reckless Charge","floor":5},{"not_picked":["Iron Wave","Burning Pact"],"picked":"Spot Weakness","floor":7},{"not_picked":["Pommel Strike","Headbutt","Havoc"],"picked":"Shrug It Off","floor":10},{"not_picked":["Spot Weakness","Havoc","Wild Strike"],"picked":"Fire Breathing","floor":11},{"not_picked":["True Grit","Sever Soul","Burning Pact"],"picked":"Disarm","floor":11},{"not_picked":["Carnage","Clash","Armaments"],"picked":"Shrug It Off","floor":11},{"not_picked":["Warcry","Headbutt","Blood for Blood"],"picked":"Fiend Fire","floor":11},{"not_picked":["Pommel Strike","Impervious","Uppercut"],"picked":"Battle Trance","floor":14},{"not_picked":["Feel No Pain","Shockwave","Ghostly Armor"],"picked":"Wild Strike","floor":14},{"not_picked":["Offering","Limit Break","Reaper"],"picked":"Feed","floor":16},{"not_picked":["Headbutt+1","Wild Strike","Thunderclap"],"picked":"Reckless Charge+1","floor":18},{"not_picked":["Headbutt","Pommel Strike","Perfected Strike"],"picked":"Seeing Red","floor":18},{"not_picked":["Heavy Blade","Perfected Strike","Cleave"],"picked":"True Grit","floor":20},{"not_picked":["Hemokinesis+1","Armaments","Havoc"],"picked":"Carnage+1","floor":20},{"not_picked":["Headbutt","Blood for Blood+1","Combust"],"picked":"Flame Barrier+1","floor":22},{"not_picked":["Intimidate","Sword Boomerang","Reckless Charge+1"],"picked":"Exhume","floor":22},{"not_picked":["Sentinel+1","Burning Pact","Ghostly Armor"],"picked":"Brutality","floor":27},{"not_picked":["Warcry","Rampage+1","Blood for Blood"],"picked":"Shrug It Off","floor":29},{"not_picked":["Whirlwind","Combust","Infernal Blade"],"picked":"Seeing Red+1","floor":31},{"not_picked":["Havoc","Cleave","Twin Strike"],"picked":"Shrug It Off","floor":31},{"not_picked":["Fiend Fire","Bludgeon","Immolate"],"picked":"Barricade","floor":33},{"not_picked":["Wild Strike+1","Armaments+1","Bloodletting"],"picked":"Shrug It Off","floor":35},{"not_picked":["Blood for Blood+1","Inflame+1","True Grit+1"],"picked":"Body Slam+1","floor":35},{"not_picked":["Entrench","Barricade","Pommel Strike"],"picked":"Shrug It Off+1","floor":40},{"not_picked":["Clothesline","Pummel","Combust"],"picked":"Body Slam","floor":42},{"not_picked":["Heavy Blade","Cleave+1","Wild Strike+1","Sever Soul+1"],"picked":"SKIP","floor":44},{"not_picked":["Pommel Strike","Heavy Blade","Sword Boomerang"],"picked":"Demon Form+1","floor":46},{"not_picked":["Perfected Strike","Flame Barrier","Iron Wave+1"],"picked":"Dark Embrace+1","floor":47},{"not_picked":["Whirlwind+1","Reckless Charge+1","Intimidate"],"picked":"Warcry+1","floor":47}],"player_experience":318588,"relics_obtained":[{"floor":7,"key":"Meat on the Bone"},{"floor":9,"key":"Question Card"},{"floor":10,"key":"Matryoshka"},{"floor":17,"key":"Bag of Marbles"},{"floor":17,"key":"Eternal Feather"},{"floor":17,"key":"Calipers"},{"floor":23,"key":"Nilry\u0027s Codex"},{"floor":26,"key":"Toy Ornithopter"},{"floor":26,"key":"Pen Nib"},{"floor":27,"key":"CaptainsWheel"},{"floor":29,"key":"WingedGreaves"},{"floor":40,"key":"White Beast Statue"},{"floor":42,"key":"Bottled Tornado"},{"floor":43,"key":"MawBank"},{"floor":43,"key":"Darkstone Periapt"},{"floor":44,"key":"MealTicket"},{"floor":46,"key":"Frozen Egg 2"}],"event_choices":[{"cards_removed":["Strike_R"],"damage_healed":0,"gold_gain":0,"player_choice":"Purged","damage_taken":0,"max_hp_gain":0,"max_hp_loss":0,"event_name":"Purifier","floor":2,"gold_loss":0},{"damage_healed":0,"gold_gain":275,"player_choice":"Desecrate","damage_taken":0,"max_hp_gain":0,"max_hp_loss":0,"event_name":"Golden Shrine","floor":12,"gold_loss":0,"cards_obtained":["Regret"]},{"damage_healed":0,"gold_gain":0,"player_choice":"Obtained Book","damage_taken":16,"max_hp_gain":0,"max_hp_loss":0,"event_name":"Cursed Tome","floor":23,"gold_loss":0},{"damage_healed":0,"gold_gain":0,"player_choice":"Paid Fearfully","damage_taken":0,"max_hp_gain":0,"max_hp_loss":0,"event_name":"Masked Bandits","floor":24,"gold_loss":36},{"damage_healed":0,"gold_gain":999,"player_choice":"Gold","damage_taken":0,"max_hp_gain":0,"max_hp_loss":0,"event_name":"MindBloom","floor":36,"gold_loss":0,"cards_obtained":["Normality","Normality"]},{"damage_healed":0,"gold_gain":0,"player_choice":"Ignored","damage_taken":0,"max_hp_gain":0,"max_hp_loss":0,"event_name":"Tomb of Lord Red Mask","floor":38,"gold_loss":0},{"damage_healed":0,"gold_gain":0,"player_choice":"1 cards matched","damage_taken":0,"max_hp_gain":0,"max_hp_loss":0,"event_name":"Match and Keep!","floor":45,"gold_loss":0,"cards_obtained":["Blind"]}],"is_beta":true,"boss_relics":[{"not_picked":["SacredBark","Astrolabe"],"picked":"Calling Bell"},{"not_picked":["Runic Pyramid","Velvet Choker"],"picked":"Runic Cube"}],"items_purged_floors":[37,39,48],"is_endless":false,"potions_floor_spawned":[7,10,22,27,31,35,40,42,44,46,47],"ascension_level":11}}