{"host":"6p0attdrtjqaih7v","time":1611430668,"event":{"mods":["2.2 Compatiblity","AchievementEnabler","Bard","BaseMod","Better Skull","Better Third Choice","Colored Powertips","Hermit","Highlight Path","Jorbs\u0027s Wanderer Trilogy","Key Reminder","Minty Spire (QoL Compilation)","Permanent Neow","Quick Restart","Random Character Button","Relic Stats","Replay The Spire","Robot Space Explorer","StSLib"],"gold_per_floor":[116,116,4,27,41,41,41,41,41,92,116,60,60,104,104,104,104],"floor_reached":16,"language":"ENG","playtime":511,"items_purged":[],"score":216,"play_id":"d53d0354-07b2-402f-aa72-67f1be16d9ba","local_time":"20210123143748","is_ascension_mode":true,"campfire_choices":[{"data":"A Thousand Cuts","floor":6,"key":"SMITH"},{"data":"ReplayTheSpireMod:From All Sides","floor":8,"key":"SMITH"},{"data":"Wraith Form v2","floor":15,"key":"SMITH"}],"circlet_count":0,"master_deck":["AscendersBane","Strike_G","Strike_G","Strike_G","Strike_G","Strike_G","Defend_G","Defend_G+1","Defend_G","Defend_G","Defend_G","Survivor","Neutralize","ReplayTheSpireMod:From All Sides+1","Acrobatics","Infinite Blades","A Thousand Cuts+1","Noxious Fumes","Dagger Spray","Finisher","Poisoned Stab","Wraith Form v2+1"],"relics":["Ring of the Snake","Golden Idol","Replay:Kaleidoscope","ReplayTheSpireMod:CursedCoin","Chameleon Ring","Bird Faced Urn"],"acts_visited":["Exordium"],"potions_floor_usage":[],"damage_taken":[{"damage":1,"enemies":"Jaw Worm","floor":1,"turns":4},{"damage":1,"enemies":"Small Slimes","floor":4,"turns":3},{"damage":0,"enemies":"2 Louse","floor":5,"turns":3},{"damage":6,"enemies":"Lots of Slimes","floor":11,"turns":2},{"damage":22,"enemies":"3 Sentries","floor":12,"turns":4},{"damage":9,"enemies":"Lagavulin","floor":14,"turns":7},{"damage":52,"enemies":"The Guardian","floor":16,"turns":8}],"seed_played":"-2006782267442856334","potions_obtained":[{"floor":4,"key":"DistilledChaos"},{"floor":11,"key":"Fire Potion"}],"is_trial":false,"path_per_floor":["M","?","$","M","M","R","?","R","T","$","M","E","?","E","R","B"],"character_chosen":"THE_SILENT","items_purchased":["FairyPotion","ReplayTheSpireMod:CursedCoin","Noxious Fumes","Dagger Spray"],"campfire_rested":0,"item_purchase_floors":[3,10,10,10],"current_hp_per_floor":[58,54,54,53,53,53,53,53,53,53,47,25,22,13,13,0,0],"gold":104,"neow_bonus":"THREE_RARE_CARDS","is_daily":false,"chose_seed":false,"campfire_upgraded":3,"win_rate":0.0,"timestamp":1611430668,"path_taken":["M","?","$","M","M","R","?","R","T","?","M","E","?","E","R","BOSS"],"items_purchased_type":["Potion","Relic","Card","Card"],"build_version":"2020-12-22","purchased_purges":0,"victory":false,"max_hp_per_floor":[60,54,54,54,54,54,54,54,54,54,54,54,54,54,54,54,54],"relic_stats":{"counters":[7,31],"Golden Idol":31,"Bird Faced Urn":[4],"obtain_stats":[{"Chameleon Ring":12,"Golden Idol":2,"ReplayTheSpireMod:CursedCoin":10,"Bird Faced Urn":14,"Replay:Kaleidoscope":9,"Ring of the Snake":0},{"Chameleon Ring":5,"Golden Idol":1,"ReplayTheSpireMod:CursedCoin":3,"Bird Faced Urn":6,"Replay:Kaleidoscope":3,"Ring of the Snake":0},{"Chameleon Ring":16,"Golden Idol":4,"ReplayTheSpireMod:CursedCoin":10,"Bird Faced Urn":23,"Replay:Kaleidoscope":10,"Ring of the Snake":0}],"Ring of the Snake":[14]},"card_choices":[{"not_picked":["After Image","Doppelganger"],"picked":"ReplayTheSpireMod:From All Sides","floor":0},{"not_picked":["Sucker Punch","Cloak And Dagger"],"picked":"Acrobatics","floor":1},{"not_picked":["Slice","Cloak And Dagger"],"picked":"Infinite Blades","floor":4},{"not_picked":["Blur","Quick Slash"],"picked":"A Thousand Cuts","floor":5},{"not_picked":["Deadly Poison","Terror"],"picked":"Finisher","floor":11},{"not_picked":["Phantasmal Killer","Sucker Punch"],"picked":"Poisoned Stab","floor":12},{"not_picked":["Dodge and Roll","Replay:Bag of Tricks"],"picked":"Wraith Form v2","floor":14}],"player_experience":922412,"relics_obtained":[{"floor":9,"key":"Replay:Kaleidoscope"},{"floor":12,"key":"Chameleon Ring"},{"floor":14,"key":"Bird Faced Urn"}],"event_choices":[{"damage_healed":0,"gold_gain":0,"player_choice":"Lose Max HP","damage_taken":0,"relics_obtained":["Golden Idol"],"max_hp_gain":0,"max_hp_loss":6,"event_name":"Golden Idol","floor":2,"gold_loss":0},{"damage_healed":0,"gold_gain":0,"player_choice":"Bought 0 Potions","damage_taken":0,"max_hp_gain":0,"max_hp_loss":0,"event_name":"The Woman in Blue","floor":13,"gold_loss":0}],"is_beta":false,"boss_relics":[],"items_purged_floors":[],"is_endless":false,"potions_floor_spawned":[4,11,12],"killed_by":"The Guardian","ascension_level":20}}