{"host":"t1puqh5lxz8sp6fn","time":1611384149,"event":{"mods":["AchievementEnabler","BaseMod","Colored Powertips","Minty Spire (QoL Compilation)","Rare Cards Sparkle","Relic Stats","StSLib"],"gold_per_floor":[116,116,129,145,145,176,176,176,176],"floor_reached":8,"playtime":273,"items_purged":[],"score":87,"play_id":"b3ae16d8-e139-4803-9ff4-3cbd1868b4d8","local_time":"20210123034229","is_ascension_mode":true,"campfire_choices":[{"floor":7,"key":"REST"}],"circlet_count":0,"master_deck":["AscendersBane","Strike_B","Strike_B","Strike_B","Strike_B+1","Defend_B","Defend_B+1","Defend_B","Defend_B","Zap","Dualcast","Creative AI","Gash","Sweeping Beam","Sunder"],"relics":["Cracked Core","Shuriken","Bag of Preparation"],"acts_visited":["Exordium"],"potions_floor_usage":[8],"damage_taken":[{"damage":1,"enemies":"Cultist","floor":1,"turns":3},{"damage":0,"enemies":"Jaw Worm","floor":3,"turns":3},{"damage":3,"enemies":"2 Louse","floor":4,"turns":3},{"damage":30,"enemies":"Gremlin Nob","floor":6,"turns":5},{"damage":43,"enemies":"Lagavulin","floor":8,"turns":8}],"seed_played":"2414464636288798725","potions_obtained":[{"floor":4,"key":"Explosive Potion"},{"floor":6,"key":"ColorlessPotion"}],"is_trial":false,"path_per_floor":["M","?","M","M","T","E","R","E"],"character_chosen":"DEFECT","items_purchased":[],"campfire_rested":1,"item_purchase_floors":[],"current_hp_per_floor":[67,52,52,49,49,19,41,0,0],"gold":176,"neow_bonus":"ONE_RANDOM_RARE_CARD","is_daily":false,"chose_seed":false,"campfire_upgraded":0,"win_rate":0.0,"timestamp":1611384149,"path_taken":["M","?","M","M","?","E","R","E"],"items_purchased_type":[],"build_version":"2020-12-13","purchased_purges":0,"victory":false,"max_hp_per_floor":[75,75,75,75,75,75,75,75,75],"relic_stats":{"counters":[5,22],"Shuriken":[3],"Bag of Preparation":[2],"obtain_stats":[{"Shuriken":5,"Bag of Preparation":6,"Cracked Core":0},{"Shuriken":3,"Bag of Preparation":4,"Cracked Core":0},{"Shuriken":9,"Bag of Preparation":14,"Cracked Core":0}]},"card_choices":[{"not_picked":["Aggregate","Stack"],"picked":"Gash","floor":1},{"not_picked":["Leap","Gash"],"picked":"Sweeping Beam","floor":3},{"not_picked":["Stack","Seek"],"picked":"Sunder","floor":4},{"not_picked":["Stack","Blizzard","Streamline"],"picked":"SKIP","floor":6}],"player_experience":446526,"relics_obtained":[{"floor":5,"key":"Shuriken"},{"floor":6,"key":"Bag of Preparation"}],"event_choices":[{"damage_healed":0,"gold_gain":0,"player_choice":"Entered Light","damage_taken":15,"max_hp_gain":0,"max_hp_loss":0,"event_name":"Shining Light","floor":2,"gold_loss":0,"cards_upgraded":["Strike_B","Defend_B"]}],"is_beta":false,"boss_relics":[],"items_purged_floors":[],"is_endless":false,"potions_floor_spawned":[4,6],"killed_by":"Lagavulin","ascension_level":11}}