{"host":"12g8pzxdn4uh7yby","time":1611424118,"event":{"mods":["AchievementEnabler","BaseMod","Colored Map","Highlight Path","Minty Spire (QoL Compilation)","Relic Stats","StSLib"],"gold_per_floor":[219,232,3,103,28,354,364,395,475,500,500,513,530,530,530,634,634,634,634,195,195,195,195,195,195,195,50,50,50,50,50,50,50,50,50,50,50,50,50,50,50,50,50,50,50,50,50,50,50,50,50,50,50,50,50],"floor_reached":56,"playtime":6432,"items_purged":["Strike_R","Strike_R"],"score":1337,"play_id":"a4dd3dfe-8ca1-4a27-91df-11a80ed8911e","local_time":"20210123104838","is_ascension_mode":true,"campfire_choices":[{"floor":11.0,"key":"REST"},{"data":"Flex","floor":15.0,"key":"SMITH"},{"floor":25.0,"key":"REST"},{"data":"Limit Break","floor":30,"key":"SMITH"},{"data":"Pommel Strike","floor":32,"key":"SMITH"},{"data":"Berserk","floor":40,"key":"SMITH"},{"data":"1","floor":47,"key":"LIFT"},{"floor":49,"key":"RECALL"},{"data":"2","floor":52,"key":"LIFT"}],"circlet_count":0,"master_deck":["Strike_R","Strike_R","Strike_R","Defend_R","Defend_R","Defend_R","Defend_R","Bash+1","Whirlwind+1","True Grit","Flex+1","Spot Weakness+1","Dropkick","Pommel Strike+1","Second Wind","Reaper","Disarm","Limit Break+1","Flex+1","Burning Pact","Disarm","Uppercut+1","Offering","Ghostly Armor","Shrug It Off+1","Shockwave+1","Berserk+1","Armaments+1","Seeing Red+1"],"relics":["Burning Blood","Old Coin","Dream Catcher","Mercury Hourglass","Regal Pillow","Ectoplasm","Anchor","Medical Kit","Unceasing Top","Red Mask","Mango","Bag of Preparation","Whetstone","Paper Frog","Busted Crown","StoneCalendar","CaptainsWheel","MawBank","MealTicket","Girya","Calipers"],"acts_visited":["Exordium","TheCity","TheBeyond","TheEnding"],"potions_floor_usage":[],"damage_taken":[{"damage":8.0,"enemies":"Small Slimes","floor":1.0,"turns":4.0},{"damage":11.0,"enemies":"Cultist","floor":2.0,"turns":4.0},{"damage":27.0,"enemies":"Gremlin Nob","floor":6.0,"turns":4.0},{"damage":4.0,"enemies":"2 Louse","floor":7.0,"turns":3.0},{"damage":21.0,"enemies":"3 Sentries","floor":8.0,"turns":5.0},{"damage":10.0,"enemies":"Gremlin Nob","floor":10.0,"turns":3.0},{"damage":11.0,"enemies":"Looter","floor":12.0,"turns":2.0},{"damage":6.0,"enemies":"Large Slime","floor":13.0,"turns":7.0},{"damage":50.0,"enemies":"The Guardian","floor":16.0,"turns":12.0},{"damage":8.0,"enemies":"Chosen","floor":18.0,"turns":3.0},{"damage":28.0,"enemies":"Shell Parasite","floor":19.0,"turns":5.0},{"damage":30.0,"enemies":"3 Cultists","floor":21.0,"turns":4.0},{"damage":55.0,"enemies":"Cultist and Chosen","floor":22.0,"turns":8.0},{"damage":12.0,"enemies":"Book of Stabbing","floor":23.0,"turns":6.0},{"damage":41.0,"enemies":"Masked Bandits","floor":24.0,"turns":6.0},{"damage":14,"enemies":"Gremlin Leader","floor":28,"turns":7},{"damage":19,"enemies":"Snecko","floor":29,"turns":7},{"damage":22,"enemies":"Book of Stabbing","floor":31,"turns":10},{"damage":75,"enemies":"Collector","floor":33,"turns":7},{"damage":41,"enemies":"3 Shapes","floor":35,"turns":3},{"damage":13,"enemies":"Mind Bloom Boss Battle","floor":38,"turns":6},{"damage":6,"enemies":"Orb Walker","floor":39,"turns":2},{"damage":53,"enemies":"Nemesis","floor":41,"turns":7},{"damage":32,"enemies":"Jaw Worm Horde","floor":42,"turns":3},{"damage":17,"enemies":"Reptomancer","floor":44,"turns":6},{"damage":21,"enemies":"Nemesis","floor":46,"turns":5},{"damage":11,"enemies":"3 Darklings","floor":48,"turns":3},{"damage":41,"enemies":"Time Eater","floor":50,"turns":7},{"damage":8,"enemies":"Shield and Spear","floor":54,"turns":5},{"damage":76,"enemies":"The Heart","floor":55,"turns":8}],"seed_played":"8517669390503767001","potions_obtained":[{"floor":6.0,"key":"Explosive Potion"},{"floor":7.0,"key":"Weak Potion"},{"floor":8.0,"key":"Energy Potion"},{"floor":12.0,"key":"EssenceOfSteel"},{"floor":16.0,"key":"DistilledChaos"},{"floor":18.0,"key":"GamblersBrew"},{"floor":23.0,"key":"SpeedPotion"},{"floor":35,"key":"FairyPotion"},{"floor":44,"key":"FairyPotion"}],"is_trial":false,"path_per_floor":["M","M","$","?","$","E","M","E","T","E","R","M","M","?","R","B",null,"M","M","$","M","M","E","?","R","T","$","E","M","R","E","R","B",null,"M","?","T","?","M","R","E","M","T","E","?","E","R","M","R","B",null,"R","$","E","B",null],"character_chosen":"IRONCLAD","items_purchased":["Flex","Spot Weakness","Dropkick","Energy Potion","Anchor","Medical Kit","Burning Pact","Bag of Preparation"],"campfire_rested":2,"item_purchase_floors":[3,3,3,3,20,20,20,27],"current_hp_per_floor":[78,73,73,73,73,52,54,39,39,35,74,69,80,80,80,36,80,80,67,67,67,31,25,18,57,71,71,63,67,67,87,87,71,94,59,59,59,73,87,87,64,88,88,89,89,74,74,69,69,58,89,89,89,89,47],"gold":50,"neow_bonus":"HUNDRED_GOLD","is_daily":false,"chose_seed":false,"campfire_upgraded":4,"win_rate":0.0,"timestamp":1611424118,"path_taken":["M","M","$","?","?","E","M","E","T","E","R","M","M","?","R","BOSS","M","M","$","M","M","E","?","R","T","$","E","M","R","E","R","BOSS","M","?","?","?","M","R","E","M","T","E","?","E","R","?","R","BOSS","R","$","E","BOSS"],"items_purchased_type":["Card","Card","Card","Potion","Relic","Relic","Card","Relic"],"build_version":"2020-12-13","purchased_purges":2,"victory":true,"max_hp_per_floor":[80,80,80,80,80,80,80,80,80,80,80,80,80,80,80,80,80,80,80,80,80,80,80,80,80,94,94,94,94,94,94,94,94,94,94,89,89,89,89,89,89,89,89,89,89,89,89,89,89,89,89,89,89,89,89],"relic_stats":{"Regal Pillow":30,"counters":[30,161],"StoneCalendar":[45],"Bag of Preparation":[30],"Whetstone":["Bash","Whirlwind"],"Medical Kit":[16],"MawBank":0,"Burning Blood":161,"Mercury Hourglass":[529],"Dream Catcher":2,"Busted Crown":18,"MealTicket":0,"Ectoplasm":712,"obtain_stats":[{"Girya":46,"Regal Pillow":10,"Calipers":54,"Mango":26,"StoneCalendar":38,"Bag of Preparation":27,"Whetstone":28,"Medical Kit":20,"MawBank":43,"Burning Blood":0,"Old Coin":6,"Mercury Hourglass":9,"Dream Catcher":8,"Anchor":20,"CaptainsWheel":41,"Busted Crown":34,"MealTicket":44,"Ectoplasm":17,"Red Mask":24,"Unceasing Top":23,"Paper Frog":31},{"Girya":26,"Regal Pillow":6,"Calipers":29,"Mango":15,"StoneCalendar":21,"Bag of Preparation":15,"Whetstone":16,"Medical Kit":11,"MawBank":24,"Burning Blood":0,"Old Coin":3,"Mercury Hourglass":5,"Dream Catcher":5,"Anchor":11,"CaptainsWheel":23,"Busted Crown":19,"MealTicket":25,"Ectoplasm":9,"Red Mask":15,"Unceasing Top":14,"Paper Frog":18},{"Girya":138,"Regal Pillow":23,"Calipers":153,"Mango":76,"StoneCalendar":116,"Bag of Preparation":76,"Whetstone":83,"Medical Kit":52,"MawBank":128,"Burning Blood":0,"Old Coin":12,"Mercury Hourglass":20,"Dream Catcher":20,"Anchor":52,"CaptainsWheel":125,"Busted Crown":107,"MealTicket":133,"Ectoplasm":44,"Red Mask":76,"Unceasing Top":70,"Paper Frog":100}],"Unceasing Top":[44]},"card_choices":[{"not_picked":["Sword Boomerang","Entrench"],"picked":"Whirlwind","floor":1.0},{"not_picked":["Rampage","Heavy Blade"],"picked":"True Grit","floor":2.0},{"not_picked":["Perfected Strike","Shrug It Off"],"picked":"Pommel Strike","floor":6.0},{"not_picked":["Disarm","Sword Boomerang"],"picked":"Second Wind","floor":7.0},{"not_picked":["Thunderclap","Warcry","Clothesline"],"picked":"SKIP","floor":8.0},{"not_picked":["Headbutt","Intimidate","Warcry"],"picked":"SKIP","floor":10.0},{"not_picked":["Intimidate","Shockwave"],"picked":"Reaper","floor":11.0},{"not_picked":["Cleave","True Grit"],"picked":"Disarm","floor":12.0},{"not_picked":["Clash","Clothesline","Body Slam"],"picked":"SKIP","floor":13.0},{"not_picked":["Brutality","Impervious"],"picked":"Limit Break","floor":16.0},{"not_picked":["Carnage","Searing Blow"],"picked":"Flex+1","floor":18.0},{"not_picked":["Cleave","Body Slam","Warcry"],"picked":"SKIP","floor":19.0},{"not_picked":["Flame Barrier","Entrench+1"],"picked":"Disarm","floor":21.0},{"not_picked":["Pommel Strike+1","Shrug It Off"],"picked":"Uppercut+1","floor":22.0},{"not_picked":["Warcry","Anger"],"picked":"Offering","floor":23.0},{"not_picked":["Heavy Blade","Clothesline"],"picked":"Ghostly Armor","floor":24.0},{"not_picked":["Heavy Blade+1","Rage"],"picked":"Shrug It Off+1","floor":25.0},{"not_picked":["Thunderclap+1","Clothesline+1","Headbutt"],"picked":"SKIP","floor":28},{"not_picked":["Hemokinesis","Body Slam","Twin Strike"],"picked":"SKIP","floor":29},{"not_picked":["Sword Boomerang","Flex"],"picked":"Shockwave+1","floor":31},{"not_picked":["Limit Break","Double Tap"],"picked":"Berserk","floor":33},{"not_picked":["Flex"],"picked":"SKIP","floor":35},{"not_picked":[],"picked":"Armaments+1","floor":39},{"not_picked":["Thunderclap"],"picked":"SKIP","floor":41},{"not_picked":["Ghostly Armor"],"picked":"SKIP","floor":42},{"not_picked":["Fiend Fire"],"picked":"SKIP","floor":44},{"not_picked":["Metallicize+1"],"picked":"SKIP","floor":46},{"not_picked":[],"picked":"Seeing Red+1","floor":48},{"not_picked":["Clash"],"picked":"SKIP","floor":54}],"player_experience":73287,"relics_obtained":[{"floor":6.0,"key":"Old Coin"},{"floor":8.0,"key":"Dream Catcher"},{"floor":9.0,"key":"Mercury Hourglass"},{"floor":10.0,"key":"Regal Pillow"},{"floor":23.0,"key":"Unceasing Top"},{"floor":24.0,"key":"Red Mask"},{"floor":26.0,"key":"Mango"},{"floor":28,"key":"Whetstone"},{"floor":31,"key":"Paper Frog"},{"floor":38,"key":"StoneCalendar"},{"floor":41,"key":"CaptainsWheel"},{"floor":43,"key":"MawBank"},{"floor":44,"key":"MealTicket"},{"floor":46,"key":"Girya"},{"floor":54,"key":"Calipers"}],"event_choices":[{"damage_healed":0.0,"max_hp_gain":0.0,"max_hp_loss":0.0,"gold_gain":100.0,"event_name":"Golden Shrine","player_choice":"Pray","floor":4.0,"gold_loss":0.0,"damage_taken":0.0},{"damage_healed":0.0,"max_hp_gain":0.0,"max_hp_loss":0.0,"gold_gain":0.0,"event_name":"Liars Game","player_choice":"Ignored","floor":14.0,"gold_loss":0.0,"damage_taken":0.0},{"damage_healed":0.0,"max_hp_gain":0.0,"max_hp_loss":0.0,"gold_gain":0.0,"event_name":"Masked Bandits","player_choice":"Fought Bandits","floor":24.0,"gold_loss":0.0,"damage_taken":0.0},{"damage_healed":0,"gold_gain":0,"player_choice":"Max HP","damage_taken":0,"max_hp_gain":0,"max_hp_loss":5,"event_name":"Winding Halls","floor":36,"gold_loss":0},{"damage_healed":0,"gold_gain":0,"player_choice":"Fight","damage_taken":0,"max_hp_gain":0,"max_hp_loss":0,"event_name":"MindBloom","floor":38,"gold_loss":0},{"damage_healed":0,"gold_gain":0,"player_choice":"Upgraded","damage_taken":0,"max_hp_gain":0,"max_hp_loss":0,"event_name":"Upgrade Shrine","floor":45,"gold_loss":0,"cards_upgraded":["Spot Weakness"]}],"is_beta":false,"boss_relics":[{"not_picked":["Runic Cube","Runic Dome"],"picked":"Ectoplasm"},{"not_picked":["Tiny House","Snecko Eye"],"picked":"Busted Crown"}],"items_purged_floors":[5,20],"is_endless":false,"potions_floor_spawned":[6,7,8,12,16,18,23,28,29,31,33,35,44,48],"ascension_level":2}}