{"host":"daa8jqyg4gqfaysm","time":1611417687,"event":{"mods":["BaseMod","Colored Powertips","Minty Spire (QoL Compilation)","StSLib"],"gold_per_floor":[99,99,99,27,27,27,27,27,27,27,27,27,27,27,27,27,27,0,0,0,0,0,0,0,0,0,0,0,0,0,0,0,0,0,0,0,0,0,0,0,0,0,0,0,0,0,0,0,0,0,0,0,0,0,0],"floor_reached":56,"language":"ENG","playtime":1400,"items_purged":[],"score":1274,"play_id":"68204e31-2221-40e0-a88d-1499a41f8060","local_time":"20210124000127","is_ascension_mode":false,"campfire_choices":[{"data":"Shockwave","floor":7,"key":"SMITH"},{"data":"Cleave","floor":10,"key":"SMITH"},{"floor":15,"key":"REST"},{"data":"Heavy Blade","floor":23,"key":"SMITH"},{"data":"Battle Trance","floor":27,"key":"SMITH"},{"data":"Limit Break","floor":29,"key":"SMITH"},{"data":"Spot Weakness","floor":32,"key":"SMITH"},{"floor":41,"key":"RECALL"},{"data":"Limit Break","floor":44,"key":"SMITH"},{"data":"Shrug It Off","floor":49,"key":"SMITH"},{"data":"Bash","floor":52,"key":"SMITH"}],"circlet_count":0,"master_deck":["Strike_R","Strike_R","Defend_R","Defend_R","Defend_R","Bash+1","Bloodletting","Shockwave+1","Limit Break+1","Cleave+1","Shrug It Off+1","Heavy Blade+1","Limit Break+1","Spot Weakness+1","Reaper","Pommel Strike+1","Limit Break+1","Battle Trance+1","Headbutt+1","Offering+1","Rupture+1","Sentinel+1","Barricade+1","Shrug It Off+1","Shrug It Off+1","Warcry+1"],"relics":["Ectoplasm","Omamori","Vajra","Odd Mushroom","Toy Ornithopter","Coffee Dripper","Regal Pillow","Toxic Egg 2","Red Skull","Anchor","Astrolabe","StoneCalendar","Blue Candle","Happy Flower","Centennial Puzzle"],"acts_visited":["Exordium","TheCity","TheBeyond","TheEnding"],"potions_floor_usage":[12,30,55,55,55],"damage_taken":[{"damage":0,"enemies":"Small Slimes","floor":1,"turns":4},{"damage":26,"enemies":"Gremlin Nob","floor":6,"turns":5},{"damage":6,"enemies":"Jaw Worm","floor":8,"turns":5},{"damage":8,"enemies":"The Mushroom Lair","floor":11,"turns":3},{"damage":9,"enemies":"3 Sentries","floor":12,"turns":3},{"damage":0,"enemies":"Cultist","floor":13,"turns":2},{"damage":9,"enemies":"Large Slime","floor":14,"turns":5},{"damage":10,"enemies":"The Guardian","floor":16,"turns":6},{"damage":29,"enemies":"2 Thieves","floor":18,"turns":4},{"damage":0,"enemies":"Spheric Guardian","floor":20,"turns":3},{"damage":21,"enemies":"Book of Stabbing","floor":24,"turns":4},{"damage":0,"enemies":"Centurion and Healer","floor":25,"turns":3},{"damage":25,"enemies":"Gremlin Leader","floor":30,"turns":4},{"damage":30,"enemies":"Collector","floor":33,"turns":5},{"damage":12,"enemies":"3 Shapes","floor":35,"turns":7},{"damage":6,"enemies":"Mind Bloom Boss Battle","floor":36,"turns":4},{"damage":16,"enemies":"3 Darklings","floor":38,"turns":7},{"damage":9,"enemies":"Maw","floor":39,"turns":7},{"damage":6,"enemies":"Reptomancer","floor":40,"turns":3},{"damage":12,"enemies":"4 Shapes","floor":42,"turns":4},{"damage":11,"enemies":"Writhing Mass","floor":46,"turns":4},{"damage":22,"enemies":"Nemesis","floor":48,"turns":7},{"damage":20,"enemies":"Awakened One","floor":50,"turns":4},{"damage":42,"enemies":"Shield and Spear","floor":54,"turns":6},{"damage":64,"enemies":"The Heart","floor":55,"turns":5}],"seed_played":"2428437528630071818","potions_obtained":[{"floor":11,"key":"SneckoOil"},{"floor":13,"key":"Ancient Potion"},{"floor":14,"key":"SkillPotion"},{"floor":16,"key":"Fire Potion"},{"floor":25,"key":"Regen Potion"},{"floor":33,"key":"ElixirPotion"},{"floor":38,"key":"FearPotion"},{"floor":54,"key":"DistilledChaos"}],"is_trial":false,"path_per_floor":["M","?","?","$","$","E","R","M","T","R","?","E","M","M","R","B",null,"M","?","M","?","?","R","E","M","T","R","?","R","E","$","R","B",null,"M","?","?","M","M","E","R","M","T","R","$","M","?","E","R","B",null,"R","$","E","B",null],"character_chosen":"IRONCLAD","items_purchased":["Shockwave"],"campfire_rested":1,"item_purchase_floors":[4],"current_hp_per_floor":[80,73,62,62,62,36,36,30,30,30,22,13,13,4,28,18,80,51,51,51,51,51,51,44,70,70,70,70,70,55,55,55,67,80,80,80,80,80,71,80,80,80,80,80,80,69,69,47,47,27,80,80,80,80,34],"gold":0,"neow_bonus":"BOSS_RELIC","is_daily":false,"chose_seed":false,"campfire_upgraded":9,"win_rate":0.0,"timestamp":1611417687,"path_taken":["M","?","?","?","$","E","R","M","T","R","?","E","M","M","R","BOSS","M","?","M","?","?","R","E","?","T","R","?","R","E","$","R","BOSS","M","?","?","M","M","E","R","?","T","R","?","M","?","E","R","BOSS","R","$","E","BOSS"],"items_purchased_type":["Card"],"build_version":"2020-12-22","purchased_purges":0,"victory":true,"max_hp_per_floor":[80,80,80,80,80,80,80,80,80,80,80,80,80,80,80,80,80,80,80,80,80,80,80,80,80,80,80,80,80,80,80,80,80,80,80,80,80,80,80,80,80,80,80,80,80,80,80,80,80,80,80,80,80,80,80],"card_choices":[{"not_picked":["Warcry","Flex"],"picked":"Bloodletting","floor":1},{"not_picked":["Armaments","Sever Soul"],"picked":"Limit Break","floor":6},{"not_picked":["Armaments","Sword Boomerang"],"picked":"Cleave","floor":8},{"not_picked":["Twin Strike","Flex"],"picked":"Shrug It Off","floor":11},{"not_picked":["True Grit","Sword Boomerang"],"picked":"Heavy Blade","floor":12},{"not_picked":["Body Slam","Clash"],"picked":"Limit Break","floor":13},{"not_picked":["True Grit","Twin Strike"],"picked":"Spot Weakness","floor":14},{"not_picked":["Barricade","Demon Form"],"picked":"Reaper","floor":16},{"not_picked":["Havoc","Heavy Blade"],"picked":"Pommel Strike+1","floor":18},{"not_picked":["Power Through","Havoc+1","Pommel Strike"],"picked":"SKIP","floor":20},{"not_picked":["Metallicize","Ghostly Armor"],"picked":"Battle Trance","floor":24},{"not_picked":["Warcry","Rupture","Iron Wave"],"picked":"SKIP","floor":25},{"not_picked":["Pommel Strike","Body Slam"],"picked":"Headbutt+1","floor":30},{"not_picked":["Immolate","Berserk"],"picked":"Offering+1","floor":33},{"not_picked":["Perfected Strike+1","Clash","Reckless Charge+1"],"picked":"SKIP","floor":35},{"not_picked":["Carnage","Hemokinesis"],"picked":"Shrug It Off+1","floor":36},{"not_picked":["Body Slam+1","Reckless Charge+1","Pommel Strike"],"picked":"SKIP","floor":38},{"not_picked":["Flex+1","Iron Wave","Wild Strike+1"],"picked":"SKIP","floor":39},{"not_picked":["Body Slam+1","Berserk","Reckless Charge"],"picked":"SKIP","floor":40},{"not_picked":["Heavy Blade+1","Flame Barrier+1"],"picked":"Shrug It Off+1","floor":42},{"not_picked":["Armaments+1","Headbutt+1"],"picked":"Warcry+1","floor":46},{"not_picked":["Flex+1","Body Slam","Fiend Fire"],"picked":"SKIP","floor":48},{"not_picked":["Clothesline+1","Havoc+1","Infernal Blade+1"],"picked":"SKIP","floor":54}],"player_experience":855618,"relics_obtained":[{"floor":6,"key":"Omamori"},{"floor":9,"key":"Vajra"},{"floor":11,"key":"Odd Mushroom"},{"floor":12,"key":"Toy Ornithopter"},{"floor":24,"key":"Regal Pillow"},{"floor":26,"key":"Toxic Egg 2"},{"floor":30,"key":"Anchor"},{"floor":36,"key":"StoneCalendar"},{"floor":40,"key":"Blue Candle"},{"floor":48,"key":"Happy Flower"},{"floor":54,"key":"Centennial Puzzle"}],"event_choices":[{"cards_removed":["Strike_R"],"damage_healed":0,"gold_gain":0,"player_choice":"Card Removal","damage_taken":7,"max_hp_gain":0,"max_hp_loss":0,"event_name":"Golden Wing","floor":2,"gold_loss":0},{"damage_healed":0,"gold_gain":75,"player_choice":"Gather Gold","damage_taken":11,"max_hp_gain":0,"max_hp_loss":0,"event_name":"World of Goop","floor":3,"gold_loss":0},{"damage_healed":0,"gold_gain":0,"player_choice":"Fought Mushrooms","damage_taken":0,"max_hp_gain":0,"max_hp_loss":0,"event_name":"Mushrooms","floor":11,"gold_loss":0},{"damage_healed":0,"gold_gain":99,"player_choice":"Stole From Cult","damage_taken":0,"max_hp_gain":0,"max_hp_loss":0,"event_name":"Nest","floor":19,"gold_loss":0},{"damage_healed":0,"gold_gain":0,"player_choice":"Smashed Altar","damage_taken":0,"max_hp_gain":0,"max_hp_loss":0,"event_name":"Forgotten Altar","floor":21,"gold_loss":0,"cards_obtained":["Decay"]},{"damage_healed":0,"gold_gain":0,"player_choice":"Copied","damage_taken":0,"max_hp_gain":0,"max_hp_loss":0,"event_name":"Duplicator","floor":22,"gold_loss":0,"cards_obtained":["Limit Break"]},{"damage_healed":0,"gold_gain":0,"player_choice":"Stole Relic","damage_taken":0,"relics_obtained":["Red Skull"],"max_hp_gain":0,"max_hp_loss":0,"event_name":"Addict","floor":28,"gold_loss":0,"cards_obtained":["Shame"]},{"damage_healed":0,"gold_gain":0,"player_choice":"Fight","damage_taken":0,"max_hp_gain":0,"max_hp_loss":0,"event_name":"MindBloom","floor":36,"gold_loss":0},{"damage_healed":0,"gold_gain":0,"player_choice":"Upgraded","damage_taken":0,"max_hp_gain":0,"max_hp_loss":0,"event_name":"Upgrade Shrine","floor":37,"gold_loss":0,"cards_upgraded":["Limit Break"]},{"damage_healed":0,"gold_gain":0,"player_choice":"Ignored","damage_taken":0,"max_hp_gain":0,"max_hp_loss":0,"event_name":"NoteForYourself","floor":47,"gold_loss":0}],"is_beta":false,"boss_relics":[{"not_picked":["Velvet Choker","Runic Dome"],"picked":"Coffee Dripper"},{"not_picked":["Tiny House","Runic Cube"],"picked":"Astrolabe"}],"items_purged_floors":[],"is_endless":false,"potions_floor_spawned":[11,13,14,16,20,25,33,35,38,54],"ascension_level":0}}