{"host":"kg3sujd0l7l0va61","time":1611403618,"event":{"mods":["ATMod(阿瑾Mod)","AchievementEnabler","Arknights The Spire","Aspiration","BaseMod","BetterRewards","Challenge The Spire","Colored Powertips","Custom Start","Decade(王小明)","Displayed Cursed Tome","GifTheSpireLib","Hermit","Infinite Spire","KinomotoSakuraMod(木之本樱)","Koishi","KomeijiMod","Marisa（F雨　魔理沙）","Marked Mod","Minty Spire (QoL Compilation)","MostiFishMod","Prisma Mod","Quick Restart","Replay The Spire","RumiaBox-露米娅的神秘盒子","StSLib","The Jungle","Waifu the Spire"],"gold_per_floor":[117,131,154,170,181,208,247,274,274,274,299,318,358,384,384,489,534,562,581,600,612,621,654,670,689,757,778,778,778,703,725,725,768,768,872,872,893,921,932,544,544,585,585,629,655,682,691,703,741,758,758,863,872,872],"floor_reached":53,"language":"ZHS","playtime":1791,"items_purged":["Strike_R"],"score":1744,"play_id":"a60df7bd-bc12-4b03-b275-61fa8fea9917","local_time":"20210123200658","is_ascension_mode":true,"campfire_choices":[{"data":"infinitespire:Punishment","floor":15.0,"key":"SMITH"},{"data":"Limit Break","floor":32.0,"key":"SMITH"},{"data":"AT_ShrugMaster","floor":34.0,"key":"SMITH"},{"data":"MostiFishMod:FlyOverUtopia","floor":43.0,"key":"SMITH"}],"circlet_count":0,"master_deck":["Strike_R","Strike_R+1","Defend_R+1","Defend_R","Defend_R","Bash","AT_FamilyPortrait","Metamorphosis","AT_BreakingExtremeWeapon","AT_Homeward","Rampage","Pommel Strike","AT_DrawKnifeCut","AT_IchimonjiDouble","infinitespire:Punishment+1","Wild Strike+1","Heavy Blade","Infernal Blade","MostiFishMod:HellRitual","MostiFishMod:Neptune","MostiFishMod:TheEndOfMoonlight","MostiFishMod:SparklingWater","MostiFishMod:FantasySummer","MostiFishMod:NightSea","ReplayTheSpireMod:Strike From Hell","Heavy Blade+1","Immolate","AT_ShrugMaster+1","Limit Break+1","ReplayTheSpireMod:Strike From Hell","MostiFishMod:FlyOverUtopia+1","Body Slam","AT_GerminateFire","MostiFishMod:StoryBook","Headbutt","MostiFishMod:#F4004","Confused","Pommel Strike+1","MostiFishMod:HellRitual","infinitespire:Starlight"],"relics":["Burning Blood","AT_ATBox","DaveBox","PatriotShield","Shovel","ReplayTheSpireMod:ShopPack","SynthV:TestCard","AT_EbonyIvory","Bottled Tornado","infinitespire:Eraser","infinitespire:PuzzleCube","CeramicFish","ReplayTheSpireMod:TigerMarble","MoonlightInvasionPlan","ReplayTheSpireMod:Ninjato","Paper Frog","Simple Rune","Ring of Chaos","MostiFishMod:AdaptiveDefenses","Ring of Peace","Art of War","infinitespire:CursedDice","AT_ChloranthyRing","HornCleat","aspiration:HummingbirdHeart","NightmareShop"],"acts_visited":["Exordium","TheCity","TheBeyond"],"potions_floor_usage":[],"damage_taken":[{"damage":0.0,"enemies":"Cultist","floor":1.0,"turns":2.0},{"damage":0.0,"enemies":"2 Louse","floor":2.0,"turns":1.0},{"damage":0.0,"enemies":"Jaw Worm","floor":4.0,"turns":1.0},{"damage":0.0,"enemies":"3 Louse","floor":5.0,"turns":2.0},{"damage":0.0,"enemies":"Gremlin Nob","floor":6.0,"turns":2.0},{"damage":0.0,"enemies":"Lots of Slimes","floor":7.0,"turns":3.0},{"damage":0.0,"enemies":"Nightmare","floor":8.0,"turns":1.0},{"damage":0.0,"enemies":"2 Fungi Beasts","floor":12.0,"turns":2.0},{"damage":0.0,"enemies":"Replay:BlueRogue","floor":13.0,"turns":3.0},{"damage":0.0,"enemies":"Looter","floor":14.0,"turns":1.0},{"damage":0.0,"enemies":"Fading Forest","floor":16.0,"turns":10.0},{"damage":0.0,"enemies":"Chosen","floor":18.0,"turns":1.0},{"damage":0.0,"enemies":"Spheric Guardian","floor":19.0,"turns":2.0},{"damage":0.0,"enemies":"Chosen and Byrds","floor":20.0,"turns":1.0},{"damage":0.0,"enemies":"Shelled Parasite and Fungi","floor":21.0,"turns":1.0},{"damage":0.0,"enemies":"Slavers","floor":23.0,"turns":3.0},{"damage":0.0,"enemies":"Snake Plant","floor":24.0,"turns":2.0},{"damage":5.0,"enemies":"Cultist and Chosen","floor":25.0,"turns":2.0},{"damage":0.0,"enemies":"Sentry and Sphere","floor":27.0,"turns":1.0},{"damage":1.0,"enemies":"Centurion and Healer","floor":31.0,"turns":2.0},{"damage":0.0,"enemies":"Replay:Snechameleon","floor":33.0,"turns":1.0},{"damage":0.0,"enemies":"Collector","floor":35.0,"turns":3.0},{"damage":4.0,"enemies":"3 Shapes","floor":37.0,"turns":5.0},{"damage":0.0,"enemies":"Orb Walker","floor":38.0,"turns":4.0},{"damage":16.0,"enemies":"Writhing Mass","floor":39.0,"turns":4.0},{"damage":0.0,"enemies":"R_Hoarder","floor":42.0,"turns":4.0},{"damage":0.0,"enemies":"Nemesis","floor":44.0,"turns":1.0},{"damage":0.0,"enemies":"R_Hoarder","floor":46.0,"turns":4.0},{"damage":0.0,"enemies":"Sphere and 2 Shapes","floor":48.0,"turns":2.0},{"damage":11.0,"enemies":"Reptomancer","floor":49.0,"turns":4.0},{"damage":5.0,"enemies":"Transient","floor":50.0,"turns":5.0},{"damage":29.0,"enemies":"infinitespire:MassOfShapes","floor":52.0,"turns":5.0}],"seed_played":"-6264676514234747786","potions_obtained":[{"floor":1.0,"key":"Toxic Potion"},{"floor":4.0,"key":"Weak Potion"},{"floor":6.0,"key":"Block Potion"},{"floor":12.0,"key":"LiquidBronze"},{"floor":19.0,"key":"Venom Potion"},{"floor":37.0,"key":"CultistPotion"}],"is_trial":false,"path_per_floor":["M","M","T","M","M","E","M","NM","T","?","T","M","E","M","R","B",null,"M","M","M","M","?","E","M","M","T","M","PTL","PTL","?","M","R","E","R","B",null,"M","M","M","$","?","E","R","E","T","E","?","M","E","M","R","B",null],"character_chosen":"IRONCLAD","items_purchased":["ReplayTheSpireMod:ShopPack","MostiFishMod:StoryBook","MostiFishMod:AdaptiveDefenses"],"campfire_rested":0,"item_purchase_floors":[0,40,40],"current_hp_per_floor":[70,76,76,80,80,80,80,80,80,80,80,80,80,80,80,80,80,80,80,80,80,80,80,80,80,80,83,83,83,83,83,83,83,83,83,83,83,83,73,73,73,79,79,83,83,83,83,83,78,79,79,56,83,83],"gold":872,"neow_bonus":"","is_daily":false,"chose_seed":false,"campfire_upgraded":4,"win_rate":0.0,"timestamp":1611403618,"path_taken":["M","M","?","M","M","E","M","E","T","?","?","M","E","M","R","BOSS","M","M","M","M","?","E","M","M","T","?","PTL","PTL","?","M","R","E","R","BOSS","M","M","M","$","?","E","R","E","T","E","?","M","E","M","R","BOSS"],"items_purchased_type":["Relic","Card","Relic"],"build_version":"2020-12-22","purchased_purges":1,"victory":false,"max_hp_per_floor":[80,80,80,80,80,80,80,80,80,80,80,80,80,80,80,80,80,80,80,80,80,80,80,80,80,80,83,83,83,83,83,83,83,83,83,83,83,83,83,83,83,83,83,83,83,83,83,83,83,83,83,83,83,83],"card_choices":[{"not_picked":["MostiFishMod:Galeforce","The Bomb"],"picked":"Metamorphosis","floor":0.0},{"not_picked":["Enlightenment","Replay:Sssssssssshield"],"picked":"AT_BreakingExtremeWeapon","floor":0.0},{"not_picked":["Finesse","Chrysalis"],"picked":"AT_Homeward","floor":0.0},{"not_picked":["Thunderclap","Run Through"],"picked":"Rampage","floor":1.0},{"not_picked":["Bludgeon","AT_BodySlamDance","Whirlwind","AT_ManFootWork","ReplayTheSpireMod:Strike From Hell"],"picked":"SKIP","floor":2.0},{"not_picked":["Replay:Undeath\u0027s Touch","Intimidate","Whirlwind","Wild Strike","Metallicize"],"picked":"SKIP","floor":4.0},{"not_picked":["Whirlwind","Sword Boomerang","Hemokinesis","Clash"],"picked":"Pommel Strike","floor":5.0},{"not_picked":["MostiFishMod:BrandingRite","Wild Strike","Shrug It Off","Warcry"],"picked":"AT_DrawKnifeCut","floor":6.0},{"not_picked":["Reckless Charge","Bloodletting","Clash","Cleave"],"picked":"AT_IchimonjiDouble","floor":7.0},{"not_picked":["infinitespire:UltimateForm","infinitespire:FinalStrike"],"picked":"infinitespire:Punishment","floor":8.0},{"not_picked":["Flex","ReplayTheSpireMod:Strike From Hell","Life Link","Searing Blow","ReplayTheSpireMod:Corrosion Curse"],"picked":"SKIP","floor":8.0},{"not_picked":["Flex","ReplayTheSpireMod:Strike From Hell","Life Link","Searing Blow","ReplayTheSpireMod:Corrosion Curse"],"picked":"SKIP","floor":8.0},{"not_picked":["Body Slam","Thunderclap","Warcry","Ghostly Armor","Defy Death"],"picked":"SKIP","floor":12.0},{"not_picked":["MostiFishMod:KnuckleDown","Spot Weakness","Sever Soul","Headbutt"],"picked":"Heavy Blade","floor":13.0},{"not_picked":["Dropkick","AT_DiedThrough","Havoc","AT_CaressingTears"],"picked":"Infernal Blade","floor":14.0},{"not_picked":["AT_Dispersion","Fiend Fire","Offering","Double Tap"],"picked":"MostiFishMod:HellRitual","floor":16.0},{"not_picked":["Iron Wave","AT_DrawKnifeCut","AT_GerminateFire","Headbutt"],"picked":"ReplayTheSpireMod:Strike From Hell","floor":18.0},{"not_picked":["Thunderclap","Sentinel","Defy Death+1","Iron Wave"],"picked":"Heavy Blade+1","floor":19.0},{"not_picked":["Intimidate","Cleave","MostiFishMod:UltimateDefense","Ghostly Armor","Sentinel"],"picked":"SKIP","floor":20.0},{"not_picked":["Flex","Clothesline","AT_DrawKnifeCut","Sever Soul","Life Link"],"picked":"SKIP","floor":21.0},{"not_picked":["Juggernaut","Flex","Pommel Strike+1","Run Through+1","Perfected Strike"],"picked":"SKIP","floor":23.0},{"not_picked":["Iron Wave+1","Sever Soul+1","Cleave","Flex","Armaments"],"picked":"SKIP","floor":24.0},{"not_picked":["Carnage","ReplayTheSpireMod:LeadingStrike","Iron Wave","ReplayTheSpireMod:Muscle Training","Armaments"],"picked":"SKIP","floor":25.0},{"not_picked":["Sentinel","Massacre","Headbutt","Life Link"],"picked":"AT_ShrugMaster","floor":27.0},{"not_picked":["Run Through+1","Clothesline","Searing Blow","Rupture+1"],"picked":"Limit Break","floor":31.0},{"not_picked":["Sword Boomerang","Iron Wave+1","Clash","Battle Trance"],"picked":"ReplayTheSpireMod:Strike From Hell","floor":33.0},{"not_picked":["Double Tap","MostiFishMod:PerfectStrikeMKII","MostiFishMod:FireWorks","Barricade"],"picked":"MostiFishMod:FlyOverUtopia","floor":35.0},{"not_picked":["Abandon","Havoc+1","Clash","Evolve"],"picked":"Body Slam","floor":37.0},{"not_picked":["Twin Strike","Warcry","Bloodletting","Perfected Strike+1"],"picked":"AT_GerminateFire","floor":38.0},{"not_picked":["Battle Trance+1","Infernal Blade+1","Limit Break","Replay:Undeath\u0027s Touch","AT_IchimonjiDouble"],"picked":"SKIP","floor":39.0},{"not_picked":["AT_DrawKnifeCut","Intimidate","Rage","Feel No Pain+1"],"picked":"Headbutt","floor":42.0},{"not_picked":["MostiFishMod:#F4004","Reckless Charge+1","Wild Strike+1","Power Through+1","MostiFishMod:RainCloud"],"picked":"SKIP","floor":44.0},{"not_picked":["Reckless Charge+1","Wild Strike+1","Power Through+1","MostiFishMod:RainCloud"],"picked":"MostiFishMod:#F4004","floor":44.0},{"not_picked":["Flex","Replay:Many Hands","Cleave","Iron Wave+1","Sword Boomerang+1"],"picked":"SKIP","floor":46.0},{"not_picked":["Evolve+1","Iron Wave+1","Wild Strike","Thunderclap","ReplayReversal"],"picked":"SKIP","floor":48.0},{"not_picked":["Rupture","AT_IchimonjiDouble","Offering","Clothesline"],"picked":"Pommel Strike+1","floor":49.0},{"not_picked":["Rage","Iron Wave+1","Dual Wield","Body Slam","Sentinel+1"],"picked":"SKIP","floor":50.0},{"not_picked":["Demon Form","Berserk","MostiFishMod:PerfectStrikeMKII","Brutality"],"picked":"MostiFishMod:HellRitual","floor":52.0},{"not_picked":["ReplayTheSpireMod:Echoes of Time","infinitespire:SealOfDarkness+"],"picked":"infinitespire:Starlight","floor":53.0}],"player_experience":58185,"relics_obtained":[{"floor":1.0,"key":"SynthV:TestCard"},{"floor":3.0,"key":"AT_EbonyIvory"},{"floor":6.0,"key":"Bottled Tornado"},{"floor":8.0,"key":"infinitespire:Eraser"},{"floor":9.0,"key":"infinitespire:PuzzleCube"},{"floor":11.0,"key":"CeramicFish"},{"floor":13.0,"key":"ReplayTheSpireMod:TigerMarble"},{"floor":23.0,"key":"ReplayTheSpireMod:Ninjato"},{"floor":26.0,"key":"Paper Frog"},{"floor":33.0,"key":"Simple Rune"},{"floor":41.0,"key":"Ring of Peace"},{"floor":42.0,"key":"Art of War"},{"floor":44.0,"key":"infinitespire:CursedDice"},{"floor":45.0,"key":"AT_ChloranthyRing"},{"floor":46.0,"key":"HornCleat"},{"floor":49.0,"key":"aspiration:HummingbirdHeart"}],"event_choices":[{"damage_healed":0.0,"max_hp_gain":0.0,"max_hp_loss":0.0,"gold_gain":0.0,"cards_transformed":["Strike_R"],"event_name":"Transmorgrifier","player_choice":"Transformed","floor":22.0,"gold_loss":0.0,"damage_taken":0.0,"cards_obtained":["Immolate"]},{"cards_removed":["Defend_R"],"damage_healed":0.0,"max_hp_gain":0.0,"max_hp_loss":0.0,"gold_gain":0.0,"event_name":"Beggar","player_choice":"Gave Gold","floor":30.0,"gold_loss":75.0,"damage_taken":0.0}],"is_beta":false,"boss_relics":[{"not_picked":["Painkiller Herb","OneHitWonderSystem"],"picked":"MoonlightInvasionPlan"},{"not_picked":["Coffee Dripper","aspiration:WatcherSkillbook"],"picked":"Ring of Chaos"},{"not_picked":["SacredBark","Runic Dome"],"picked":"NightmareShop"}],"items_purged_floors":[40],"is_endless":true,"potions_floor_spawned":[1,4,6,12,13,18,19,25,31,33,35,37,39,44,48,50],"ascension_level":4}}