{"host":"81vb4cbob60wa1na","time":1611413049,"event":{"mods":["BaseMod","Bestiary","Colored Map","Colored Powertips","Downfall","Highlight Path","Minty Spire (QoL Compilation)","Quick Restart","Rare Cards Sparkle","StSLib"],"gold_per_floor":[99,115,126,126,139,314,314,314,332,332,346,366,366,382,393,393,393,393],"floor_reached":16,"language":"ENG","playtime":657,"items_purged":[],"score":96,"play_id":"0c69393a-8cdb-47d1-b248-276e733cfbea","local_time":"20210123094409","is_ascension_mode":false,"campfire_choices":[{"data":"champ:Taunt","floor":1,"key":"SMITH"},{"data":"champ:DeathBlow","floor":8,"key":"SMITH"},{"data":"champ:BerserkerStyle","floor":10,"key":"SMITH"},{"floor":13,"key":"REST"}],"circlet_count":0,"master_deck":["champ:Strike","champ:Strike","champ:Strike","champ:Defend","champ:Defend","champ:Defend","champ:Defend","champ:Execute","champ:Taunt+1","champ:AdrenalArmor","champ:VampiricStrike","champ:DeathBlow+1","Doubt","champ:BerserkerStyle+1","champ:AdrenalArmor","champ:BerserkerStyle","champ:Haymaker"],"relics":["champ:ChampionCrown","Vajra","Nunchaku"],"acts_visited":["Exordium"],"potions_floor_usage":[16],"damage_taken":[{"damage":11,"enemies":"Cultist","floor":2,"turns":3},{"damage":22,"enemies":"2 Louse","floor":3,"turns":3},{"damage":10,"enemies":"Jaw Worm","floor":5,"turns":3},{"damage":47,"enemies":"Gremlin Gang","floor":9,"turns":4},{"damage":88,"enemies":"Exordium Thugs","floor":11,"turns":6},{"damage":57,"enemies":"Exordium Wildlife","floor":12,"turns":5},{"damage":64,"enemies":"Gremlin Gang","floor":14,"turns":4},{"damage":91,"enemies":"3 Louse","floor":15,"turns":6},{"damage":57,"enemies":"WA_ARCHETYPE_RETAIN","floor":16,"turns":4}],"seed_played":"-3798584031213893223","potions_obtained":[{"floor":3,"key":"Dexterity Potion"},{"floor":9,"key":"Energy Potion"},{"floor":12,"key":"SteroidPotion"}],"is_trial":false,"path_per_floor":["R","M","M","?","M","?","T","R","M","R","M","M","R","M","M","B"],"character_chosen":"THE_CHAMP","items_purchased":[],"campfire_rested":1,"item_purchase_floors":[],"current_hp_per_floor":[90,89,87,87,87,87,87,87,75,75,53,46,73,63,55,0,0,0],"gold":393,"neow_bonus":"RANDOM_COMMON_RELIC","is_daily":false,"chose_seed":false,"campfire_upgraded":3,"win_rate":0.0,"timestamp":1611413049,"path_taken":["R","M","M","?","M","?","T","R","M","R","M","M","R","M","M","BOSS"],"items_purchased_type":[],"build_version":"2020-12-22","purchased_purges":0,"victory":false,"max_hp_per_floor":[90,90,90,90,90,90,90,90,90,90,90,90,90,90,90,90,90,90],"card_choices":[{"not_picked":["champ:PerfectedStrike","champ:PreciseThrust"],"picked":"champ:AdrenalArmor","floor":2},{"not_picked":["champ:GutPunch","champ:FlashCut"],"picked":"champ:VampiricStrike","floor":3},{"not_picked":["champ:Backstep","champ:DefensiveShout"],"picked":"champ:DeathBlow","floor":5},{"not_picked":["champ:PreciseThrust","champ:Circumvent"],"picked":"champ:BerserkerStyle","floor":9},{"not_picked":["champ:CrownThrow","champ:FanOfKnives"],"picked":"champ:AdrenalArmor","floor":11},{"not_picked":["champ:PreciseThrust","champ:TornadoPunch"],"picked":"champ:BerserkerStyle","floor":12},{"not_picked":["champ:BerserkerStyle","champ:BladeFlurry","champ:BerserkersShout"],"picked":"SKIP","floor":14},{"not_picked":["champ:AdrenalArmor","champ:FancyFootwork"],"picked":"champ:Haymaker","floor":15}],"player_experience":216114,"relics_obtained":[{"floor":7,"key":"Nunchaku"}],"event_choices":[],"is_beta":false,"boss_relics":[],"items_purged_floors":[],"is_endless":false,"potions_floor_spawned":[3,9,12],"killed_by":"WA_ARCHETYPE_RETAIN","ascension_level":0}}