{"host":"lnt5dzsuhru0aonl","time":1611412902,"event":{"mods":["2.2 Compatiblity","BaseMod","Colored Map","Colored Powertips","DeckTracker","Keyboard Shortcuts","Minty Spire (QoL Compilation)","Permanent Neow","Rare Cards Sparkle","StSLib","SuperFastMode","everything is the same but u backflip on backflip"],"gold_per_floor":[359,284,434,434,434,434,176,176,176,206,224,224,239,6,6,6,6],"floor_reached":16,"language":"KOR","playtime":325,"items_purged":["Strike_G","Strike_G"],"score":192,"play_id":"c787b100-9d21-4401-a397-175bf18cac30","local_time":"20210123234142","is_ascension_mode":true,"campfire_choices":[{"data":"Crippling Poison","floor":6,"key":"SMITH"},{"data":"Deadly Poison","floor":8,"key":"SMITH"},{"data":"Footwork","floor":12,"key":"SMITH"},{"data":"Noxious Fumes","floor":15,"key":"SMITH"}],"circlet_count":0,"master_deck":["AscendersBane","Strike_G","Strike_G","Defend_G","Defend_G","Defend_G","Defend_G","Defend_G","Survivor","Neutralize","Crippling Poison+1","Deadly Poison+1","Well Laid Plans","Backstab","Leg Sweep","Footwork+1","Noxious Fumes+1","PiercingWail"],"relics":["Ring of the Snake","Bottled Flame","Peace Pipe"],"acts_visited":["Exordium"],"potions_floor_usage":[],"damage_taken":[{"damage":5,"enemies":"Small Slimes","floor":1,"turns":5},{"damage":21,"enemies":"Lagavulin","floor":10,"turns":6},{"damage":0,"enemies":"2 Louse","floor":11,"turns":2},{"damage":0,"enemies":"Jaw Worm","floor":13,"turns":3},{"damage":38,"enemies":"Slime Boss","floor":16,"turns":12}],"seed_played":"-3804610540591180252","potions_obtained":[{"floor":1,"key":"SteroidPotion"},{"floor":13,"key":"FearPotion"}],"is_trial":false,"path_per_floor":["M","?","?","?","?","R","$","R","T","E","M","R","M","$","R","B"],"character_chosen":"THE_SILENT","items_purchased":["Deadly Poison","Well Laid Plans","Backstab","Noxious Fumes","PiercingWail"],"campfire_rested":0,"item_purchase_floors":[7,7,7,14,14],"current_hp_per_floor":[54,54,54,59,59,59,59,59,59,38,38,38,38,38,38,0,0],"gold":6,"neow_bonus":"TWO_FIFTY_GOLD","is_daily":false,"chose_seed":false,"campfire_upgraded":4,"win_rate":0.0,"timestamp":1611412902,"path_taken":["M","?","?","?","?","R","$","R","T","E","M","R","M","$","R","BOSS"],"items_purchased_type":["Card","Card","Card","Card","Card"],"build_version":"2020-12-22","purchased_purges":2,"victory":false,"max_hp_per_floor":[60,60,60,65,65,65,65,65,65,65,65,65,65,65,65,65,65],"card_choices":[{"not_picked":["Dagger Spray","Choke"],"picked":"Crippling Poison","floor":1},{"not_picked":["Sucker Punch","Terror"],"picked":"Leg Sweep","floor":10},{"not_picked":["Finisher","Dagger Throw"],"picked":"Footwork","floor":11},{"not_picked":["Predator","Dagger Spray","Well Laid Plans"],"picked":"SKIP","floor":13}],"player_experience":737002,"relics_obtained":[{"floor":9,"key":"Bottled Flame"},{"floor":10,"key":"Peace Pipe"}],"event_choices":[{"cards_removed":["Strike_G"],"damage_healed":0,"gold_gain":0,"player_choice":"Card Removal","damage_taken":0,"max_hp_gain":0,"max_hp_loss":0,"event_name":"The Cleric","floor":2,"gold_loss":75},{"damage_healed":0,"gold_gain":150,"player_choice":"AGREE","damage_taken":0,"max_hp_gain":0,"max_hp_loss":0,"event_name":"Liars Game","floor":3,"gold_loss":0,"cards_obtained":["Doubt"]},{"damage_healed":0,"gold_gain":0,"player_choice":"Donut","damage_taken":0,"max_hp_gain":5,"max_hp_loss":0,"event_name":"Big Fish","floor":4,"gold_loss":0},{"cards_removed":["Doubt"],"damage_healed":0,"gold_gain":0,"player_choice":"Removed Curses","damage_taken":0,"max_hp_gain":0,"max_hp_loss":0,"event_name":"Fountain of Cleansing","floor":5,"gold_loss":0}],"is_beta":false,"boss_relics":[],"items_purged_floors":[7,14],"is_endless":false,"potions_floor_spawned":[1,13],"killed_by":"Slime Boss","ascension_level":20}}