{"host":"f0gpob8hq9vgebej","time":1611379116,"event":{"mods":["AchievementEnabler","BaseMod","Minty Spire (QoL Compilation)","Quick Restart","SuperFastMode"],"gold_per_floor":[113,35,47,67,79,79,94,112,135,30,30,43,57,132,132,227,227,239,338,351,351,351],"floor_reached":21,"language":"KOR","playtime":429,"items_purged":[],"score":263,"play_id":"f9aae344-1b86-42fd-b1c2-c4bad2faa0aa","local_time":"20210123141836","is_ascension_mode":true,"campfire_choices":[{"data":"Envenom","floor":6.0,"key":"SMITH"},{"data":"Tactician","floor":11,"key":"SMITH"},{"data":"Footwork","floor":15,"key":"SMITH"}],"circlet_count":0,"master_deck":["AscendersBane","Strike_G","Strike_G","Strike_G","Defend_G","Defend_G","Defend_G","Defend_G","Defend_G","Survivor","Neutralize","Deadly Poison","Envenom+1","Dagger Spray","Prepared","Footwork+1","Venomology","Tactician+1","Blade Dance","Accuracy","Backflip","Cloak And Dagger"],"relics":["Ring of the Snake","Akabeko","Empty Cage"],"acts_visited":["Exordium","TheCity"],"potions_floor_usage":[8,16,16,16,16,20,20,21],"damage_taken":[{"damage":3.0,"enemies":"Cultist","floor":1.0,"turns":4.0},{"damage":7.0,"enemies":"Jaw Worm","floor":3.0,"turns":4.0},{"damage":0.0,"enemies":"2 Louse","floor":4.0,"turns":2.0},{"damage":12.0,"enemies":"Large Slime","floor":5.0,"turns":7.0},{"damage":4.0,"enemies":"Looter","floor":7.0,"turns":4.0},{"damage":9,"enemies":"Exordium Thugs","floor":8,"turns":4},{"damage":0,"enemies":"Lots of Slimes","floor":12,"turns":1},{"damage":0,"enemies":"Blue Slaver","floor":13,"turns":3},{"damage":23,"enemies":"Slime Boss","floor":16,"turns":12},{"damage":6,"enemies":"Shell Parasite","floor":18,"turns":8},{"damage":11,"enemies":"Chosen","floor":20,"turns":7},{"damage":33,"enemies":"Masked Bandits","floor":21,"turns":5}],"seed_played":"-3728357638182894466","potions_obtained":[{"floor":3.0,"key":"GamblersBrew"},{"floor":4.0,"key":"SpeedPotion"},{"floor":5.0,"key":"Dexterity Potion"},{"floor":13,"key":"DuplicationPotion"}],"is_trial":false,"path_per_floor":["M","$","M","M","M","R","M","M","T","$","R","M","M","?","R","B",null,"M","?","M","?"],"character_chosen":"THE_SILENT","items_purchased":["Envenom","Blade Dance","Accuracy"],"campfire_rested":0,"item_purchase_floors":[2,10,10],"current_hp_per_floor":[67,67,60,60,48,48,44,35,35,35,35,35,35,24,24,1,58,52,52,41,8,8],"gold":351,"neow_bonus":"TEN_PERCENT_HP_BONUS","is_daily":false,"chose_seed":false,"campfire_upgraded":3,"win_rate":0.0,"timestamp":1611379116,"path_taken":["M","?","M","M","M","R","?","M","T","$","R","M","M","?","R","BOSS","M","?","M","?"],"items_purchased_type":["Card","Card","Card"],"build_version":"2020-12-22","purchased_purges":0,"victory":false,"max_hp_per_floor":[77,77,77,77,77,77,77,77,77,77,77,77,77,77,77,77,77,77,77,77,77,77],"card_choices":[{"not_picked":["Deflect","PiercingWail"],"picked":"Deadly Poison","floor":1.0},{"not_picked":["Blur","Calculated Gamble"],"picked":"Dagger Spray","floor":3.0},{"not_picked":["Bouncing Flask","Poisoned Stab"],"picked":"Prepared","floor":4.0},{"not_picked":["Bane","Well Laid Plans"],"picked":"Footwork","floor":5.0},{"not_picked":["Flying Knee","Setup"],"picked":"Venomology","floor":7.0},{"not_picked":["Escape Plan","Sucker Punch"],"picked":"Tactician","floor":8},{"not_picked":["Finisher","Infinite Blades"],"picked":"Backflip","floor":12},{"not_picked":["Outmaneuver","PiercingWail","Deadly Poison"],"picked":"SKIP","floor":13},{"not_picked":["Flechettes","Deadly Poison","Skewer"],"picked":"SKIP","floor":18},{"not_picked":["Slice","Flying Knee"],"picked":"Cloak And Dagger","floor":20}],"player_experience":223596,"relics_obtained":[{"floor":9,"key":"Akabeko"}],"event_choices":[{"damage_healed":0,"gold_gain":75,"player_choice":"Gather Gold","damage_taken":11,"max_hp_gain":0,"max_hp_loss":0,"event_name":"World of Goop","floor":14,"gold_loss":0},{"damage_healed":0,"gold_gain":99,"player_choice":"Stole From Cult","damage_taken":0,"max_hp_gain":0,"max_hp_loss":0,"event_name":"Nest","floor":19,"gold_loss":0},{"damage_healed":0,"gold_gain":0,"player_choice":"Fought Bandits","damage_taken":0,"max_hp_gain":0,"max_hp_loss":0,"event_name":"Masked Bandits","floor":21,"gold_loss":0}],"is_beta":false,"boss_relics":[{"not_picked":["Pandora\u0027s Box","Tiny House"],"picked":"Empty Cage"}],"items_purged_floors":[],"is_endless":false,"potions_floor_spawned":[3,4,5,13],"killed_by":"Masked Bandits","ascension_level":10}}