{"host":"w9njud19qyl0lpz1","time":1611408860,"event":{"mods":["BaseMod","Minty Spire (QoL Compilation)","StSLib"],"gold_per_floor":[110,122,13,39,114,140,158,158,158,174,174,6,6,22,22,123,423,441,441,457,457,261,261,287,287,313,328,347,37,37,50,50,155,155,173,173,193,193,193,210,210,222,222,241,270,21,33,52,52,52],"floor_reached":51,"language":"ENG","playtime":5653,"items_purged":["Strike_B","Strike_B","Defend_B"],"score":649,"play_id":"1d57b817-dbb9-4543-bd90-da2ff937b2f5","local_time":"20210123083420","is_ascension_mode":false,"campfire_choices":[{"data":"Sunder","floor":8,"key":"SMITH"},{"data":"Zap","floor":13,"key":"SMITH"},{"data":"Electrodynamics","floor":15,"key":"SMITH"},{"data":"Chaos","floor":23,"key":"SMITH"},{"data":"Multi-Cast","floor":25,"key":"SMITH"},{"data":"Chrysalis","floor":30,"key":"SMITH"},{"data":"Double Energy","floor":32,"key":"SMITH"},{"data":"Self Repair","floor":41,"key":"SMITH"},{"floor":49,"key":"REST"}],"circlet_count":0,"master_deck":["Defend_B+1","Defend_B+1","Zap+1","Dualcast","Sunder+1","Chill","Melter+1","Hologram","Self Repair+1","Beam Cell","Compile Driver","Electrodynamics+1","Multi-Cast+1","CurseOfTheBell","White Noise+1","Fusion+1","Chaos+1","Cold Snap+1","Tempest","Sweeping Beam+1","Beam Cell+1","Chrysalis+1","Double Energy+1","Leap","Ball Lightning+1","Core Surge","Steam+1","Zap","Conserve Battery+1","Melter+1"],"relics":["Cracked Core","War Paint","Regal Pillow","Ice Cream","Bronze Scales","Calling Bell","Orichalcum","Gremlin Horn","Old Coin","Smiling Mask","Whetstone","Empty Cage","Cables","Thread and Needle","Strawberry"],"acts_visited":["Exordium","TheCity","TheBeyond"],"potions_floor_usage":[14,24,24,28,33,42,44,47,47,50,50],"damage_taken":[{"damage":0,"enemies":"Cultist","floor":1,"turns":3},{"damage":1,"enemies":"Jaw Worm","floor":2,"turns":3},{"damage":13,"enemies":"Lagavulin","floor":6,"turns":5},{"damage":0,"enemies":"2 Louse","floor":7,"turns":1},{"damage":0,"enemies":"Red Slaver","floor":10,"turns":2},{"damage":0,"enemies":"3 Louse","floor":14,"turns":2},{"damage":10,"enemies":"The Guardian","floor":16,"turns":7},{"damage":0,"enemies":"3 Byrds","floor":18,"turns":2},{"damage":0,"enemies":"Chosen","floor":20,"turns":3},{"damage":8,"enemies":"Book of Stabbing","floor":24,"turns":5},{"damage":11,"enemies":"Snake Plant","floor":27,"turns":3},{"damage":8,"enemies":"Centurion and Healer","floor":28,"turns":3},{"damage":0,"enemies":"Chosen and Byrds","floor":31,"turns":3},{"damage":11,"enemies":"Collector","floor":33,"turns":5},{"damage":5,"enemies":"Orb Walker","floor":35,"turns":3},{"damage":0,"enemies":"3 Shapes","floor":37,"turns":1},{"damage":0,"enemies":"Sphere and 2 Shapes","floor":40,"turns":3},{"damage":21,"enemies":"Maw","floor":42,"turns":9},{"damage":9,"enemies":"3 Darklings","floor":44,"turns":2},{"damage":34,"enemies":"Reptomancer","floor":45,"turns":5},{"damage":4,"enemies":"Spire Growth","floor":47,"turns":5},{"damage":10,"enemies":"Transient","floor":48,"turns":5},{"damage":36,"enemies":"Donu and Deca","floor":50,"turns":6}],"seed_played":"-2334211403520187693","potions_obtained":[{"floor":6,"key":"Swift Potion"},{"floor":11,"key":"Weak Potion"},{"floor":11,"key":"SkillPotion"},{"floor":14,"key":"DistilledChaos"},{"floor":27,"key":"PotionOfCapacity"},{"floor":28,"key":"DistilledChaos"},{"floor":37,"key":"Fire Potion"},{"floor":45,"key":"Block Potion"},{"floor":47,"key":"Ancient Potion"},{"floor":48,"key":"Dexterity Potion"}],"is_trial":false,"path_per_floor":["M","M","$","T","?","E","M","R","T","M","?","$","R","M","R","B",null,"M","?","M","?","$","R","E","R","T","M","M","$","R","M","R","B",null,"M","?","M","$","?","M","R","M","T","M","E","$","M","M","R","B",null],"character_chosen":"DEFECT","items_purchased":["Melter","Bronze Scales","Compile Driver","Chaos","Cold Snap","Chrysalis","Double Energy","Leap","Strawberry","SpeedPotion","Swift Potion"],"campfire_rested":1,"item_purchase_floors":[3,12,12,22,22,29,29,29,46,46,46],"current_hp_per_floor":[82,81,81,81,70,57,57,57,57,57,57,57,57,57,57,54,82,82,82,82,82,82,82,81,81,81,70,69,69,69,76,76,65,82,82,82,82,82,82,82,82,71,71,62,38,45,51,41,82,46],"gold":52,"neow_bonus":"TEN_PERCENT_HP_BONUS","is_daily":false,"chose_seed":false,"campfire_upgraded":8,"win_rate":0.0,"timestamp":1611408860,"path_taken":["M","M","$","?","?","E","M","R","T","M","?","$","R","?","R","BOSS","M","?","M","?","$","R","E","R","T","M","M","$","R","M","R","BOSS","M","?","?","$","?","M","R","M","T","?","E","$","?","M","R","BOSS"],"items_purchased_type":["Card","Relic","Card","Card","Card","Card","Card","Card","Relic","Potion","Potion"],"build_version":"2020-12-22","purchased_purges":3,"victory":true,"max_hp_per_floor":[82,82,82,82,82,82,82,82,82,82,82,82,82,82,82,82,82,82,82,82,82,82,82,82,82,82,82,82,82,82,82,82,82,82,82,82,82,82,82,82,82,82,82,82,82,89,89,89,89,89],"card_choices":[{"not_picked":["Gash","Rebound"],"picked":"Sunder","floor":1},{"not_picked":["Reinforced Body","Streamline"],"picked":"Chill","floor":2},{"not_picked":["Go for the Eyes","Barrage"],"picked":"Hologram","floor":6},{"not_picked":["Redo","Coolheaded"],"picked":"Self Repair","floor":7},{"not_picked":["Steam","Hologram"],"picked":"Beam Cell","floor":10},{"not_picked":["Ball Lightning","Redo"],"picked":"Electrodynamics","floor":14},{"not_picked":["Hyperbeam","All For One"],"picked":"Multi-Cast","floor":16},{"not_picked":["Stack","Turbo"],"picked":"White Noise+1","floor":18},{"not_picked":["Hello World+1","Leap"],"picked":"Fusion+1","floor":20},{"not_picked":["Buffer","Go for the Eyes+1"],"picked":"Tempest","floor":24},{"not_picked":["Redo","Reprogram"],"picked":"Sweeping Beam+1","floor":27},{"not_picked":["Skim","Turbo"],"picked":"Beam Cell+1","floor":28},{"not_picked":["Beam Cell+1","Go for the Eyes+1"],"picked":"Ball Lightning+1","floor":31},{"not_picked":["Creative AI","Multi-Cast"],"picked":"Core Surge","floor":33},{"not_picked":["Cold Snap+1","Sweeping Beam+1"],"picked":"Steam+1","floor":35},{"not_picked":["Sunder+1","Beam Cell+1","Glacier"],"picked":"SKIP","floor":37},{"not_picked":["Gash+1","Steam+1","Redo"],"picked":"SKIP","floor":40},{"not_picked":["Consume+1","Blizzard+1","Steam+1"],"picked":"SKIP","floor":42},{"not_picked":["All For One","Redo","Doom and Gloom+1"],"picked":"SKIP","floor":44},{"not_picked":["Cold Snap+1","Beam Cell+1"],"picked":"Conserve Battery+1","floor":45},{"not_picked":["Go for the Eyes","Redo","Beam Cell+1"],"picked":"SKIP","floor":47},{"not_picked":["Steam+1","Hyperbeam"],"picked":"Melter+1","floor":48}],"player_experience":2259413,"relics_obtained":[{"floor":4,"key":"War Paint"},{"floor":6,"key":"Regal Pillow"},{"floor":9,"key":"Ice Cream"},{"floor":17,"key":"Orichalcum"},{"floor":17,"key":"Gremlin Horn"},{"floor":17,"key":"Old Coin"},{"floor":24,"key":"Smiling Mask"},{"floor":26,"key":"Whetstone"},{"floor":43,"key":"Cables"},{"floor":45,"key":"Thread and Needle"}],"event_choices":[{"damage_healed":0,"gold_gain":75,"player_choice":"Gather Gold","damage_taken":11,"max_hp_gain":0,"max_hp_loss":0,"event_name":"World of Goop","floor":5,"gold_loss":0},{"damage_healed":0,"gold_gain":0,"player_choice":"Got Potions","damage_taken":0,"max_hp_gain":0,"max_hp_loss":0,"event_name":"Lab","floor":11,"gold_loss":0},{"cards_removed":["Strike_B"],"damage_healed":0,"gold_gain":0,"player_choice":"Elegance","damage_taken":0,"max_hp_gain":0,"max_hp_loss":0,"event_name":"Back to Basics","floor":19,"gold_loss":0},{"damage_healed":0,"gold_gain":0,"player_choice":"Ignored","damage_taken":0,"max_hp_gain":0,"max_hp_loss":0,"event_name":"Ghosts","floor":21,"gold_loss":0},{"damage_healed":0,"gold_gain":0,"player_choice":"Ignored","damage_taken":0,"max_hp_gain":0,"max_hp_loss":0,"event_name":"NoteForYourself","floor":36,"gold_loss":0},{"damage_healed":0,"gold_gain":0,"player_choice":"1 cards matched","damage_taken":0,"max_hp_gain":0,"max_hp_loss":0,"event_name":"Match and Keep!","floor":39,"gold_loss":0,"cards_obtained":["Zap"]}],"is_beta":false,"boss_relics":[{"not_picked":["Black Star","Busted Crown"],"picked":"Calling Bell"},{"not_picked":["Runic Pyramid","Snecko Eye"],"picked":"Empty Cage"}],"items_purged_floors":[3,22,29],"is_endless":false,"potions_floor_spawned":[6,14,20,27,28,37,45,47,48],"ascension_level":0}}