{"host":"9kesdg97wkrx2bva","time":1611446422,"event":{"mods":["AchievementEnabler","BaseMod","Colored Map","GifTheSpireLib","Infinite Spire","Minty Spire (QoL Compilation)","Replay The Spire","StSLib"],"gold_per_floor":[110,122,47,47,63,63,81,97,144,175,175,1,1,17,17,17,17],"floor_reached":16,"language":"ENG","playtime":307,"items_purged":["Strike_B","Strike_B"],"score":194,"play_id":"4d990ee0-8bd2-4ed8-bdc9-cce39f51765a","local_time":"20210123180022","is_ascension_mode":true,"campfire_choices":[{"data":"Dualcast","floor":6,"key":"SMITH"},{"floor":13,"key":"REST"}],"circlet_count":0,"master_deck":["AscendersBane","Defend_B","Defend_B","Defend_B","Zap+1","Dualcast+1","Conserve Battery","Gash","Beam Cell","Rebound","Gash","Melter","Streamline"],"relics":["Cracked Core","Geode","Bottled Flame"],"acts_visited":["Exordium"],"potions_floor_usage":[10],"damage_taken":[{"damage":12,"enemies":"Jaw Worm","floor":1,"turns":3},{"damage":1,"enemies":"Cultist","floor":2,"turns":3},{"damage":0,"enemies":"2 Louse","floor":5,"turns":3},{"damage":13,"enemies":"Exordium Thugs","floor":7,"turns":5},{"damage":9,"enemies":"Blue Slaver","floor":8,"turns":3},{"damage":25,"enemies":"Gremlin Nob","floor":10,"turns":4},{"damage":7,"enemies":"Red Slaver","floor":14,"turns":3},{"damage":19,"enemies":"Hexaghost","floor":16,"turns":4}],"seed_played":"3309562163897624502","potions_obtained":[{"floor":1,"key":"Weak Potion"},{"floor":2,"key":"Elixir"}],"is_trial":false,"path_per_floor":["M","M","$","?","M","R","M","M","T","E","?","$","R","M","R_BF","B"],"character_chosen":"DEFECT","items_purchased":["Melter"],"campfire_rested":1,"item_purchase_floors":[12],"current_hp_per_floor":[52,51,51,51,51,51,38,29,29,4,4,4,23,16,16,0,0],"gold":17,"neow_bonus":"REMOVE_TWO","is_daily":false,"chose_seed":false,"campfire_upgraded":1,"win_rate":0.0,"timestamp":1611446422,"path_taken":["M","M","$","?","?","R","M","M","T","E","?","$","R","M","R_BF","BOSS"],"items_purchased_type":["Card"],"build_version":"2020-12-22","purchased_purges":2,"victory":false,"max_hp_per_floor":[64,64,64,64,64,64,64,64,64,64,64,64,64,64,64,64,64],"card_choices":[{"not_picked":["Double Energy","Barrage"],"picked":"Conserve Battery","floor":1},{"not_picked":["Reprogram","Ball Lightning"],"picked":"Gash","floor":2},{"not_picked":["Coolheaded","Auto Shields"],"picked":"Beam Cell","floor":5},{"not_picked":["Reprogram","Redo"],"picked":"Rebound","floor":7},{"not_picked":["Steam Power","Barrage"],"picked":"Gash","floor":8},{"not_picked":["Compile Driver","Stack","Hologram"],"picked":"SKIP","floor":10},{"not_picked":["Turbo","ReplayTheSpireMod:System Scan"],"picked":"Streamline","floor":14}],"player_experience":963347,"relics_obtained":[{"floor":9,"key":"Geode"},{"floor":10,"key":"Bottled Flame"}],"event_choices":[{"damage_healed":0,"gold_gain":0,"player_choice":"Forge","damage_taken":0,"max_hp_gain":0,"max_hp_loss":0,"event_name":"Accursed Blacksmith","floor":4,"gold_loss":0,"cards_upgraded":["Zap"]}],"is_beta":false,"boss_relics":[],"items_purged_floors":[3,12],"is_endless":false,"potions_floor_spawned":[1,2],"killed_by":"Hexaghost","ascension_level":18}}