{"host":"urvvf8749ekcxo1a","time":1611437091,"event":{"mods":["AchievementEnabler","Bartender","BaseMod","Better Sensory Stone","BetterRewards","Card Forge","Colored Powertips","Displayed Cursed Tome","Gold Saver","Grow up Mod","Hero for Fun","KinomotoSakuraMod(????)","Minty Spire (QoL Compilation)","Quick Restart","Relic Filter","Retaliation","StSLib","SuperFastMode","The Cursed","The Hierophant","The Marked","The Servant 0.9.4","TheHero","Thieving Mod","Transform Curses","UnlockEverythingMod"],"gold_per_floor":[115,115,184,184,34,68,68,86,86,106,106,106,139,151,151,248,248,268,278,293,305,220,245,245,245,245],"floor_reached":25,"language":"ENG","playtime":345,"items_purged":[],"score":406,"play_id":"92b3a9b7-460d-4237-8bbe-6511be5fc689","local_time":"20210123162451","is_ascension_mode":false,"campfire_choices":[{"data":"Strike_R","floor":7,"key":"SMITH"},{"floor":15,"key":"REST"},{"data":"DDmod:GrandUltimatumAttack","floor":24,"key":"SMITH"}],"circlet_count":0,"master_deck":["DDmod:GrandUltimatumAttack+1","DDmod:GrandUltimatumAttack+1"],"relics":["Burning Blood","Hammer of Thor","Seething Fire","Anvil of the Gods","NeowsBlessing","Kunai","Smiling Mask","Paper Frog","Blood Vial","HandDrill","Vajra","Black Star","Frozen Egg 2","Protect_Vest","Bottled Flame"],"acts_visited":["Exordium","TheCity"],"potions_floor_usage":[25,25,25],"damage_taken":[{"damage":0,"enemies":"Small Slimes","floor":1,"turns":1},{"damage":0,"enemies":"3 Sentries","floor":6,"turns":1},{"damage":0,"enemies":"2 Louse","floor":8,"turns":1},{"damage":2,"enemies":"Cultist","floor":10,"turns":2},{"damage":20,"enemies":"Gremlin Nob","floor":13,"turns":4},{"damage":10,"enemies":"Looter","floor":14,"turns":2},{"damage":3,"enemies":"The Guardian","floor":16,"turns":2},{"damage":0,"enemies":"3 Byrds","floor":18,"turns":1},{"damage":0,"enemies":"2 Thieves","floor":19,"turns":1},{"damage":0,"enemies":"Snake Plant","floor":20,"turns":1},{"damage":0,"enemies":"Shelled Parasite and Fungi","floor":21,"turns":1},{"damage":0,"enemies":"Book of Stabbing","floor":23,"turns":1},{"damage":128,"enemies":"Masked Bandits","floor":25,"turns":6}],"seed_played":"9157195207716779825","potions_obtained":[{"floor":14,"key":"Strength Potion"},{"floor":16,"key":"SkillPotion"},{"floor":19,"key":"Fire Potion"}],"is_trial":false,"path_per_floor":["M","?","?","?","$","E","R","M","T","M","?","$","E","M","R","B",null,"M","M","M","M","?","E","R","?"],"character_chosen":"IRONCLAD","items_purchased":["Kunai"],"campfire_rested":1,"item_purchase_floors":[5],"current_hp_per_floor":[100,90,100,110,100,116,126,142,152,166,158,168,166,174,240,250,260,270,280,290,300,310,320,330,202,202],"gold":245,"neow_bonus":"THREE_ENEMY_KILL","is_daily":false,"chose_seed":false,"campfire_upgraded":2,"win_rate":0.0,"timestamp":1611437091,"path_taken":["M","?","?","?","$","E","R","M","T","?","?","$","E","M","R","BOSS","M","M","M","M","?","E","R","?"],"items_purchased_type":["Relic"],"build_version":"2020-12-22","purchased_purges":0,"victory":false,"max_hp_per_floor":[100,110,120,130,140,150,160,170,180,190,200,210,220,230,240,250,260,270,280,290,300,310,320,330,330,330],"card_choices":[{"not_picked":["Dark Embrace","Twin Strike"],"picked":"Hemokinesis","floor":1},{"not_picked":["Sword Boomerang","Armaments","Rage"],"picked":"SKIP","floor":6},{"not_picked":["DDmod:UnstoppableAttack","Combust"],"picked":"Dual Wield","floor":8},{"not_picked":["Battle Trance","Clothesline"],"picked":"DDmod:PlatedThornsSkill","floor":10},{"not_picked":["Body Slam","Burning Pact","Iron Wave"],"picked":"SKIP","floor":13},{"not_picked":["Evolve","Burning Pact"],"picked":"Thunderclap","floor":14},{"not_picked":["True Grit+1","Rampage","Iron Wave"],"picked":"SKIP","floor":18},{"not_picked":["Power Through+1","Pommel Strike","Flex"],"picked":"SKIP","floor":19},{"not_picked":["Fire Breathing","DDmod:EasePowerCard","Blood for Blood"],"picked":"SKIP","floor":20},{"not_picked":["DDmod:SpikedSkill+1","DDmod:EasePowerCard","Perfected Strike"],"picked":"SKIP","floor":21},{"not_picked":["Offering","Rampage"],"picked":"DDmod:GrandUltimatumAttack","floor":23}],"player_experience":155729,"relics_obtained":[{"floor":6,"key":"Smiling Mask"},{"floor":9,"key":"Paper Frog"},{"floor":13,"key":"Vajra"},{"floor":23,"key":"Protect_Vest"},{"floor":23,"key":"Bottled Flame"}],"event_choices":[{"damage_healed":0,"gold_gain":0,"player_choice":"Entered Light","damage_taken":20,"max_hp_gain":0,"max_hp_loss":0,"event_name":"Shining Light","floor":2,"gold_loss":0,"cards_upgraded":["Strike_R","Strike_R"]},{"damage_healed":0,"gold_gain":69,"player_choice":"Gained Gold","damage_taken":0,"max_hp_gain":0,"max_hp_loss":0,"event_name":"Golden Wing","floor":3,"gold_loss":0},{"damage_healed":0,"gold_gain":0,"player_choice":"Cursed","damage_taken":0,"max_hp_gain":0,"max_hp_loss":0,"event_name":"Wheel of Change","floor":4,"gold_loss":0,"cards_obtained":["Decay"]},{"damage_healed":0,"gold_gain":0,"player_choice":"Success","damage_taken":18,"relics_obtained":["Blood Vial"],"max_hp_gain":0,"max_hp_loss":0,"event_name":"Scrap Ooze","floor":11,"gold_loss":0},{"damage_healed":0,"gold_gain":0,"player_choice":"Obtained Relic","damage_taken":0,"relics_obtained":["Frozen Egg 2"],"max_hp_gain":0,"max_hp_loss":0,"event_name":"Addict","floor":22,"gold_loss":85},{"damage_healed":0,"gold_gain":0,"player_choice":"Fought Bandits","damage_taken":0,"max_hp_gain":0,"max_hp_loss":0,"event_name":"Masked Bandits","floor":25,"gold_loss":0}],"is_beta":false,"boss_relics":[{"not_picked":["Sozu","Tiny House"],"picked":"Black Star"}],"items_purged_floors":[],"is_endless":false,"potions_floor_spawned":[1,10,14,16,19,21,23],"killed_by":"Masked Bandits","ascension_level":0}}