{"host":"5s7sm4h73jkd9266","time":1611344150,"event":{"mods":["AchievementEnabler","Bartender","BaseMod","Better Vampires","BetterRewards","Colored Map","Colored Powertips","Conspire","Downfall","Energized Spire","Hermit","Hubris","Magitek Elite","Minty Spire (QoL Compilation)","Potion Indicator Mod","Rare Cards Sparkle","Shop Mod","StSLib","The Blue Laboratory","The Necromancer","The Witch","Virulent Crown","everything is the same but u backflip on backflip","slay the spire mod where everything is the same but ironclad has a cowboy hat","vexMod"],"gold_per_floor":[109,125,25,0,14,14,40,40,40,68,81,92,106,120,120,221,221,237,237,252,252,262,262,28,40,40,40,68,83,44,44,44,144,144,164,211,51,64,64,64,64,83,158,158,158,13,13,31,31,31,31,31,8,39,39,39],"floor_reached":55,"language":"ENG","playtime":3819,"items_purged":[],"score":997,"play_id":"ece6d243-f741-4a7a-9892-b93d494bdf31","local_time":"20210122143550","is_ascension_mode":false,"campfire_choices":[{"floor":6.0,"key":"RECALL"},{"floor":8.0,"key":"REST"},{"floor":15.0,"key":"DIG"},{"floor":23.0,"key":"DIG"},{"floor":27.0,"key":"REST"},{"floor":32.0,"key":"DIG"},{"floor":40.0,"key":"REST"},{"floor":44.0,"key":"DIG"},{"floor":47.0,"key":"DIG"},{"floor":49.0,"key":"DIG"},{"floor":52,"key":"DIG"}],"circlet_count":0,"master_deck":["Strike_B+1","Strike_B+1","Strike_B+1","Strike_B+1","Defend_B+1","Defend_B+1","Defend_B+1","Defend_B+1","Zap","Dualcast","Undo+1","Apotheosis","Conserve Battery","Glacier","Ghostly","Self Repair","Cold Snap","Gash","Loop","White Noise","White Noise","Core Surge","Chill+1","conspire:SharedLibrary","hubris:PowerSurge","Gash","Genetic Algorithm","Thunder Strike","Rebound","Auto Shields+1","Ball Lightning","Static Discharge","Rainbow","Gash+1","hubris:PowerSurge","Doom and Gloom","Static Discharge","Writhe","Gash","Beam Cell","Redo","Glacier"],"relics":["Cracked Core","Regal Pillow","hubris:EmptyBottle","Singing Bowl","Shovel","Whetstone","Black Star","hubris:TinFlute","Letter Opener","Pear","Strawberry","conspire:SpecialSausage","hubris:Zylophone","hubris:CrystalStatue","hubris:DeckOfHolding","Blood Vial","vexMod:Cooldron","MealTicket","Happy Flower","conspire:DecoderRing","Symbiotic Virus","War Paint"],"acts_visited":["Exordium","TheCity","TheBeyond","TheEnding"],"potions_floor_usage":[50,50,50,50,50,50,50,50,50],"damage_taken":[{"damage":0.0,"enemies":"conspire:RoseBush","floor":1.0,"turns":3.0},{"damage":0.0,"enemies":"2 Louse","floor":2.0,"turns":2.0},{"damage":1.0,"enemies":"Jaw Worm","floor":5.0,"turns":4.0},{"damage":0.0,"enemies":"Lagavulin","floor":7.0,"turns":11.0},{"damage":20.0,"enemies":"Gremlin Nob","floor":10.0,"turns":5.0},{"damage":5.0,"enemies":"Blue Slaver","floor":11.0,"turns":4.0},{"damage":1.0,"enemies":"Exordium Wildlife","floor":12.0,"turns":6.0},{"damage":11.0,"enemies":"Looter","floor":13.0,"turns":3.0},{"damage":0.0,"enemies":"3 Louse","floor":14.0,"turns":5.0},{"damage":18.0,"enemies":"The Guardian","floor":16.0,"turns":12.0},{"damage":19.0,"enemies":"3 Byrds","floor":18.0,"turns":8.0},{"damage":6.0,"enemies":"Chosen","floor":20.0,"turns":5.0},{"damage":9.0,"enemies":"Sentry and Sphere","floor":22.0,"turns":13.0},{"damage":32.0,"enemies":"3 Cultists","floor":25.0,"turns":8.0},{"damage":33.0,"enemies":"Gremlin Leader","floor":28.0,"turns":7.0},{"damage":0.0,"enemies":"Snecko","floor":29.0,"turns":4.0},{"damage":34.0,"enemies":"conspire:MysteriousRune","floor":33.0,"turns":7.0},{"damage":23.0,"enemies":"3 Shapes","floor":35.0,"turns":3.0},{"damage":47.0,"enemies":"2 Orb Walkers","floor":36.0,"turns":7.0},{"damage":18.0,"enemies":"Orb Walker","floor":38.0,"turns":3.0},{"damage":5.0,"enemies":"Maw","floor":42.0,"turns":6.0},{"damage":0.0,"enemies":"3 Darklings","floor":48.0,"turns":6.0},{"damage":82,"enemies":"conspire:OrnateMirror","floor":50,"turns":8},{"damage":67,"enemies":"Shield and Spear","floor":54,"turns":5},{"damage":53,"enemies":"The Heart","floor":55,"turns":9}],"seed_played":"-154153336478772624","potions_obtained":[{"floor":5.0,"key":"blueLaboratory:HummingbirdPotion"},{"floor":10.0,"key":"blueLaboratory:RelayPotion"},{"floor":11.0,"key":"blueLaboratory:HorrorPotion"},{"floor":12.0,"key":"blueLaboratory:CorrosionFlask"},{"floor":18.0,"key":"blueLaboratory:BottledHope"},{"floor":28.0,"key":"blueLaboratory:FruitPunch"},{"floor":29.0,"key":"blueLaboratory:CoolantVial"},{"floor":48.0,"key":"EntropicBrew"}],"is_trial":false,"path_per_floor":["M","M","?","?","M","R","E","R","T","E","M","M","M","M","R","B",null,"M","?","M","?","M","R","$","M","T","R","E","M","$","?","R","B",null,"M","?","$","M","T","R","?","M","T","R","?","$","R","M","R","B",null,"R","$","E","B"],"character_chosen":"DEFECT","items_purchased":["Regal Pillow","hubris:EmptyBottle","Apotheosis","Gash","Genetic Algorithm","Thunder Strike","Static Discharge","hubris:PowerSurge","Doom and Gloom","vexMod:Cooldron","Redo"],"campfire_rested":3,"item_purchase_floors":[0,0,0,24,24,24,30,37,37,46,53],"current_hp_per_floor":[50,50,50,50,49,49,59,75,75,65,70,77,76,77,77,69,77,70,70,71,71,69,69,69,44,44,79,76,87,87,87,94,67,106,90,52,52,34,34,81,108,103,103,103,106,106,106,108,108,28,111,111,111,51,0,0],"gold":39,"neow_bonus":"","is_daily":false,"chose_seed":false,"campfire_upgraded":0,"win_rate":0.0,"timestamp":1611344150,"path_taken":["M","M","?","?","M","R","E","R","T","E","M","M","M","M","R","BOSS","M","?","M","?","M","R","$","M","T","R","E","M","$","?","R","BOSS","M","?","$","M","?","R","?","?","T","R","?","$","R","M","R","BOSS","R","$","E","BOSS"],"items_purchased_type":["Relic","Relic","Card","Card","Card","Card","Card","Card","Card","Relic","Card"],"build_version":"2020-12-22","purchased_purges":0,"victory":false,"max_hp_per_floor":[75,75,75,75,75,75,75,75,75,75,75,77,77,77,77,77,77,79,79,79,79,79,79,79,79,79,79,95,99,99,99,106,106,106,106,108,108,108,108,108,108,108,108,108,111,111,111,111,111,111,111,111,111,111,111,111],"card_choices":[{"not_picked":["Sweeping Beam","Rebound"],"picked":"Conserve Battery","floor":1.0},{"not_picked":["Gash","Defragment"],"picked":"Glacier","floor":2.0},{"not_picked":["Chill","Beam Cell"],"picked":"Self Repair","floor":5.0},{"not_picked":["Hologram","All For One"],"picked":"Cold Snap","floor":7.0},{"not_picked":["Rebound","Conserve Battery"],"picked":"Gash","floor":10.0},{"not_picked":["Reprogram","Storm"],"picked":"Loop","floor":11.0},{"not_picked":["Rebound","Sweeping Beam","Turbo"],"picked":"Singing Bowl","floor":12.0},{"not_picked":["Sweeping Beam","Beam Cell"],"picked":"White Noise","floor":13.0},{"not_picked":["Heatsinks","Aggregate"],"picked":"White Noise","floor":14.0},{"not_picked":["hubris:SpecializedCircuitry","Seek"],"picked":"Core Surge","floor":16.0},{"not_picked":["Leap","Recycle+1","Coolheaded"],"picked":"Singing Bowl","floor":18.0},{"not_picked":["Recycle","Barrage"],"picked":"Chill","floor":20.0},{"not_picked":["Leap","Conserve Battery"],"picked":"hubris:PowerSurge","floor":22.0},{"not_picked":["Turbo","Compile Driver"],"picked":"Rebound","floor":25.0},{"not_picked":["All For One","Turbo"],"picked":"Auto Shields+1","floor":28.0},{"not_picked":["Coolheaded+1","Recycle"],"picked":"Ball Lightning","floor":29.0},{"not_picked":["hubris:DoWhile","Machine Learning"],"picked":"Rainbow","floor":33.0},{"not_picked":["Beam Cell+1","Steam Power"],"picked":"Gash+1","floor":35.0},{"not_picked":["Go for the Eyes","conspire:Rain","Glacier+1"],"picked":"Singing Bowl","floor":36.0},{"not_picked":["Go for the Eyes+1","Barrage+1"],"picked":"Static Discharge","floor":38.0},{"not_picked":["Beam Cell+1","Coolheaded"],"picked":"Gash","floor":42.0},{"not_picked":["BootSequence","Chill+1"],"picked":"Beam Cell","floor":48.0},{"not_picked":["Scrape","Leap"],"picked":"Glacier","floor":54}],"player_experience":5480126,"relics_obtained":[{"floor":7.0,"key":"Singing Bowl"},{"floor":10.0,"key":"Shovel"},{"floor":15.0,"key":"Whetstone"},{"floor":23.0,"key":"hubris:TinFlute"},{"floor":26.0,"key":"Letter Opener"},{"floor":28.0,"key":"Pear"},{"floor":28.0,"key":"vexMod:BerryBomb"},{"floor":32.0,"key":"Strawberry"},{"floor":36.0,"key":"hubris:Zylophone"},{"floor":39.0,"key":"hubris:CrystalStatue"},{"floor":43.0,"key":"hubris:DeckOfHolding"},{"floor":44.0,"key":"Blood Vial"},{"floor":47.0,"key":"MealTicket"},{"floor":49.0,"key":"Happy Flower"},{"floor":52,"key":"conspire:DecoderRing"},{"floor":54,"key":"Symbiotic Virus"},{"floor":54,"key":"War Paint"}],"event_choices":[{"damage_healed":0.0,"max_hp_gain":0.0,"max_hp_loss":0.0,"gold_gain":0.0,"event_name":"conspire:LoneGhost","player_choice":"Argue","floor":3.0,"gold_loss":0.0,"damage_taken":0.0},{"damage_healed":0.0,"max_hp_gain":0.0,"max_hp_loss":0.0,"gold_gain":0.0,"event_name":"World of Goop","player_choice":"Left Gold","floor":4.0,"gold_loss":25.0,"damage_taken":0.0},{"damage_healed":0.0,"max_hp_gain":0.0,"max_hp_loss":0.0,"gold_gain":0.0,"event_name":"Back to Basics","player_choice":"Simplicity","floor":19.0,"gold_loss":0.0,"damage_taken":0.0,"cards_upgraded":["Strike_B","Strike_B","Defend_B","Defend_B","Defend_B","Defend_B"]},{"damage_healed":0.0,"max_hp_gain":0.0,"max_hp_loss":0.0,"gold_gain":0.0,"event_name":"The Library","player_choice":"Read","floor":21.0,"gold_loss":0.0,"damage_taken":0.0,"cards_obtained":["conspire:SharedLibrary"]},{"damage_healed":0.0,"max_hp_gain":0.0,"max_hp_loss":0.0,"gold_gain":0.0,"event_name":"Mysterious Sphere","player_choice":"Fight","floor":36.0,"gold_loss":0.0,"damage_taken":0.0},{"damage_healed":27.0,"max_hp_gain":0.0,"max_hp_loss":0.0,"gold_gain":0.0,"event_name":"Winding Halls","player_choice":"Writhe","floor":41.0,"gold_loss":0.0,"damage_taken":0.0,"cards_obtained":["Writhe"]}],"is_beta":false,"boss_relics":[{"not_picked":["hubris:CrackedHourglass","Snecko Eye"],"picked":"Black Star"},{"not_picked":["vexMod:TanglingVine","hubris:RunicObelisk"],"picked":"conspire:SpecialSausage"}],"items_purged_floors":[],"is_endless":false,"potions_floor_spawned":[5,10,11,12,13,18,28,29,48],"killed_by":"The Heart","ascension_level":0}}