{"host":"takgv9cv6xf64vhq","time":1611417183,"event":{"mods":["BaseMod","Colored Powertips","Downfall","Marisa£®ÏF”Í°°ƒß¿Ì…≥£©","Minty Spire (QoL Compilation)","Replay The Spire","StSLib","The Cursed"],"gold_per_floor":[99,110,110,124,124,224,248,274,274,29,63,80,13,41,56,56,56,56],"floor_reached":16,"language":"ZHS","playtime":1728,"items_purged":["Voices"],"score":108,"play_id":"33433ec1-360d-422a-84df-92173d65831c","local_time":"20210123235303","is_ascension_mode":false,"campfire_choices":[{"floor":1,"key":"DIG"},{"data":"Slimebound:CorrosiveSpit","floor":9,"key":"SMITH"}],"circlet_count":0,"master_deck":["Slimebound:Strike_Slimebound","Slimebound:Tackle","Slimebound:Defend_Slimebound","Slimebound:Defend_Slimebound","Slimebound:Defend_Slimebound","Slimebound:Defend_Slimebound","Slimebound:Split+1","Slimebound:CorrosiveSpit+1","Slimebound:MegaLick","Slimebound:LeadByExample","Slimebound:Gluttony","Slimebound:SlimeSpikes","Slimebound:LeechingTouch","Slimebound:LeechLife","Slimebound:SlimeBrawl","Slimebound:SamplingLick","Slimebound:LevelUp","Slimebound:SplitMire","Slimebound:LivingWall","Slimebound:FormOfPuddle"],"relics":["Slimebound:AbsorbEndCombat","Slimebound:ScrapOozeRelic","Ring of Hypnosis","Ring of Searing","Blood Vial","Odd Mushroom","Replay:Mystery Machine","Darkstone Periapt","PreservedInsect"],"acts_visited":["Exordium"],"potions_floor_usage":[10,13,15,16],"damage_taken":[{"damage":0,"enemies":"Small Slimes","floor":2,"turns":3},{"damage":0,"enemies":"2 Louse","floor":4,"turns":2},{"damage":63,"enemies":"downfall:Heads","floor":6,"turns":6},{"damage":17,"enemies":"The Mushroom Lair","floor":8,"turns":4},{"damage":0,"enemies":"downfall:FleeingMerchant","floor":10,"turns":4},{"damage":16,"enemies":"Gremlin Nob","floor":11,"turns":4},{"damage":0,"enemies":"Jaw Worm","floor":12,"turns":2},{"damage":3,"enemies":"downfall:FleeingMerchant","floor":13,"turns":4},{"damage":24,"enemies":"3 Sentries","floor":14,"turns":5},{"damage":16,"enemies":"Exordium Thugs","floor":15,"turns":4},{"damage":18,"enemies":"DF_ARCHETYPE_STREAMLINE","floor":16,"turns":6}],"seed_played":"5707297599661809870","potions_obtained":[{"floor":2,"key":"Block Potion"},{"floor":6,"key":"champ:CounterPotion"},{"floor":8,"key":"Milkshake"},{"floor":14,"key":"Guardian:BlockOnCardUsePotion"}],"is_trial":false,"path_per_floor":["R","M","?","M","?","?","T","?","R","$","E","M","$","E","M","B"],"character_chosen":"SLIMEBOUND","items_purchased":["Replay:Mystery Machine","Slimebound:SplitMire"],"campfire_rested":0,"item_purchase_floors":[10,13],"current_hp_per_floor":[78,78,78,78,78,21,21,10,10,16,4,8,27,23,11,0,0,0],"gold":56,"neow_bonus":"TEN_PERCENT_HP_BONUS","is_daily":false,"chose_seed":false,"campfire_upgraded":1,"win_rate":0.0,"timestamp":1611417183,"path_taken":["R","M","?","M","?","?","T","?","R","$","E","?","?","E","M","BOSS"],"items_purchased_type":["Relic","Card"],"build_version":"2020-12-22","purchased_purges":1,"victory":false,"max_hp_per_floor":[78,78,78,78,78,78,78,78,78,78,78,78,78,78,78,78,78,78],"card_choices":[{"not_picked":["Slimebound:Nibble","Slimebound:TongueLash"],"picked":"Slimebound:MegaLick","floor":2},{"not_picked":["Slimebound:Nibble","Slimebound:MegaLick"],"picked":"Slimebound:LeadByExample","floor":4},{"not_picked":["Slimebound:TongueLash","Slimebound:SplitAcid"],"picked":"Slimebound:Gluttony","floor":6},{"not_picked":["Slimebound:HauntingLick","Slimebound:SplitMire"],"picked":"Slimebound:LeechingTouch","floor":8},{"not_picked":["Slimebound:SelfFormingGoo","Slimebound:GoopTackle"],"picked":"Slimebound:LeechLife","floor":10},{"not_picked":["Slimebound:DisruptingSlam","Slimebound:LeadByExample"],"picked":"Slimebound:SlimeBrawl","floor":11},{"not_picked":["Slimebound:HauntingLick","Slimebound:LeechingTouch"],"picked":"Slimebound:SamplingLick","floor":12},{"not_picked":["Slimebound:SpikyOuterGoop","Slimebound:RollThrough"],"picked":"Slimebound:LevelUp","floor":13},{"not_picked":["Slimebound:RollThrough","Slimebound:ViciousTackle"],"picked":"Slimebound:LivingWall","floor":14},{"not_picked":["Slimebound:Nibble","Slimebound:TongueLash"],"picked":"Slimebound:FormOfPuddle","floor":15}],"player_experience":31707,"relics_obtained":[{"floor":1,"key":"Strawberry"},{"floor":5,"key":"Ring of Hypnosis"},{"floor":5,"key":"Ring of Searing"},{"floor":7,"key":"Blood Vial"},{"floor":8,"key":"Odd Mushroom"},{"floor":11,"key":"Darkstone Periapt"},{"floor":14,"key":"PreservedInsect"}],"event_choices":[{"damage_healed":0,"gold_gain":0,"player_choice":"Fought Mushrooms","damage_taken":0,"max_hp_gain":0,"max_hp_loss":0,"event_name":"Mushrooms","floor":8,"gold_loss":0}],"is_beta":false,"boss_relics":[],"items_purged_floors":[10],"is_endless":false,"potions_floor_spawned":[2,6,8,14],"killed_by":"DF_ARCHETYPE_STREAMLINE","ascension_level":0}}