{"host":"t5h83eruwt5lxl3o","time":1611419992,"event":{"mods":["AchievementEnabler","Act Like it!","BaseMod","CapriCore","Colored Map","DeckTracker","Hermit","Highlight Path","Koishi","Marisa£¨Ùöéë¡¡Øª×âÞÞ£©","Minty Spire (QoL Compilation)","Permanent Neow","Quick Restart","StSLib","SuperFastMode","The Cursed","The Immortal","everything is the same but u backflip on backflip"],"gold_per_floor":[111,128,140,140,163,163,163,207,233,233,249,267,44,62,62,158,158,179,81,95,114,14,57,57,91,91,91,91],"floor_reached":27,"language":"KOR","playtime":904,"items_purged":["Strike_G","Strike_G"],"score":446,"play_id":"76711057-5e01-42f4-a081-1681bf1813a3","local_time":"20210124013952","is_ascension_mode":true,"campfire_choices":[{"data":"1","floor":6.0,"key":"LIFT"},{"data":"2","floor":10,"key":"LIFT"},{"data":"3","floor":15,"key":"LIFT"},{"floor":24,"key":"REST"}],"circlet_count":0,"master_deck":["AscendersBane","Strike_G","Strike_G","Strike_G","Defend_G","Defend_G","Defend_G+1","Defend_G","Defend_G","Survivor+1","Neutralize","Eviscerate","Cloak And Dagger+1","Endless Agony","Masterful Stab","Terror","Concentrate","Accuracy","Glass Knife","Acrobatics","Dagger Spray","Predator","Prepared","Cloak And Dagger"],"relics":["Ring of the Serpent","Girya","Golden Idol","War Paint","Ancient Tea Set","Pen Nib","Art of War","Lantern","Singing Bowl"],"acts_visited":["Exordium","TheCity"],"potions_floor_usage":[8,16,16,23,25],"damage_taken":[{"damage":5.0,"enemies":"Cultist","floor":1.0,"turns":4.0},{"damage":7.0,"enemies":"Small Slimes","floor":2.0,"turns":4.0},{"damage":0.0,"enemies":"2 Louse","floor":3.0,"turns":2.0},{"damage":2.0,"enemies":"Red Slaver","floor":5.0,"turns":3.0},{"damage":1,"enemies":"Gremlin Nob","floor":8,"turns":4},{"damage":4,"enemies":"Large Slime","floor":11,"turns":6},{"damage":0,"enemies":"2 Fungi Beasts","floor":12,"turns":2},{"damage":5,"enemies":"Gremlin Gang","floor":14,"turns":3},{"damage":8,"enemies":"The Guardian","floor":16,"turns":5},{"damage":0,"enemies":"Spheric Guardian","floor":18,"turns":3},{"damage":0,"enemies":"Chosen","floor":20,"turns":3},{"damage":6,"enemies":"3 Cultists","floor":21,"turns":4},{"damage":31,"enemies":"Slavers","floor":23,"turns":4},{"damage":2,"enemies":"Book of Stabbing","floor":25,"turns":4},{"damage":25,"enemies":"Snake Plant","floor":27,"turns":3}],"seed_played":"-6664213519306140521","potions_obtained":[{"floor":1.0,"key":"Strength Potion"},{"floor":3.0,"key":"Block Potion"},{"floor":5.0,"key":"GhostInAJar"},{"floor":8,"key":"EssenceOfSteel"},{"floor":14,"key":"ColorlessPotion"},{"floor":16,"key":"BlessingOfTheForge"},{"floor":18,"key":"Dexterity Potion"},{"floor":23,"key":"Weak Potion"}],"is_trial":false,"path_per_floor":["M","M","M","?","M","R","?","E","T","R","M","M","$","M","R","B",null,"M","$","M","M","$","E","R","E","T","M"],"character_chosen":"THE_SILENT","items_purchased":["Concentrate","Pen Nib","Dagger Spray"],"campfire_rested":1,"item_purchase_floors":[13,13,19],"current_hp_per_floor":[54,47,47,26,24,24,24,23,23,23,19,19,19,14,14,6,47,47,47,47,41,41,10,28,26,26,1,1],"gold":91,"neow_bonus":"ONE_RARE_RELIC","is_daily":false,"chose_seed":false,"campfire_upgraded":0,"win_rate":0.0,"timestamp":1611419992,"path_taken":["M","?","M","?","M","R","?","E","T","R","M","M","$","M","R","BOSS","M","$","?","M","$","E","R","E","T","M"],"items_purchased_type":["Card","Relic","Card"],"build_version":"2020-12-22","purchased_purges":2,"victory":false,"max_hp_per_floor":[60,60,60,60,60,60,60,60,60,60,60,60,60,60,60,60,60,60,60,60,60,60,60,60,60,60,60,60],"card_choices":[{"not_picked":["Bouncing Flask","Flying Knee"],"picked":"Eviscerate","floor":1.0},{"not_picked":["Crippling Poison","Distraction","Underhanded Strike"],"picked":"SKIP","floor":2.0},{"not_picked":["Slice","Deadly Poison"],"picked":"Cloak And Dagger","floor":3.0},{"not_picked":["Sucker Punch","Deflect"],"picked":"Endless Agony","floor":5.0},{"not_picked":["Dodge and Roll","Choke","Catalyst"],"picked":"SKIP","floor":8},{"not_picked":["Well Laid Plans","Deadly Poison"],"picked":"Masterful Stab","floor":11},{"not_picked":["Leg Sweep","Accuracy"],"picked":"Terror","floor":12},{"not_picked":["Deflect","Deadly Poison"],"picked":"Accuracy","floor":14},{"not_picked":["A Thousand Cuts","Corpse Explosion"],"picked":"Glass Knife","floor":16},{"not_picked":["Quick Slash","Bouncing Flask"],"picked":"Acrobatics","floor":18},{"not_picked":["Deadly Poison","Prepared"],"picked":"Predator","floor":20},{"not_picked":["Predator","Bouncing Flask"],"picked":"Prepared","floor":21},{"not_picked":["Dodge and Roll","Tactician"],"picked":"Cloak And Dagger","floor":23},{"not_picked":["Outmaneuver","Concentrate","Quick Slash"],"picked":"SKIP","floor":25}],"player_experience":658125,"relics_obtained":[{"floor":8,"key":"War Paint"},{"floor":9,"key":"Ancient Tea Set"},{"floor":23,"key":"Art of War"},{"floor":25,"key":"Lantern"},{"floor":26,"key":"Singing Bowl"}],"event_choices":[{"damage_healed":0.0,"max_hp_gain":0.0,"max_hp_loss":0.0,"gold_gain":0.0,"event_name":"Golden Idol","player_choice":"Take Damage","floor":4.0,"gold_loss":0.0,"damage_taken":21.0,"relics_obtained":["Golden Idol"]},{"damage_healed":0.0,"max_hp_gain":0.0,"max_hp_loss":0.0,"gold_gain":0.0,"event_name":"Accursed Blacksmith","player_choice":"Forge","floor":7.0,"gold_loss":0.0,"damage_taken":0.0,"cards_upgraded":["Cloak And Dagger"]}],"is_beta":false,"boss_relics":[{"not_picked":["Ectoplasm","SacredBark"],"picked":"Ring of the Serpent"}],"items_purged_floors":[19,22],"is_endless":false,"potions_floor_spawned":[1,3,5,8,14,16,18,23],"killed_by":"Snake Plant","ascension_level":15}}