{"host":"bq4pt811tk9yrmjl","time":1611408495,"event":{"mods":["AchievementEnabler","BaseMod","Colored Map","Colored Powertips","Defuse TimeMaze Blight","Hermit","Minty Spire (QoL Compilation)","StSLib","SuperFastMode"],"gold_per_floor":[113,113,113,113,124,157,157,176,225,237,262,106,106,106,106,210,210,229,248,248,268,275,282,282],"floor_reached":23,"language":"ENG","playtime":361,"items_purged":[],"score":262,"play_id":"140f80ad-2972-4ea0-a0fd-bae58ea60886","local_time":"20210123112815","is_ascension_mode":true,"campfire_choices":[{"data":"hermit:Shortfuse","floor":7.0,"key":"SMITH"},{"floor":13.0,"key":"REST"},{"data":"hermit:Brawl","floor":15.0,"key":"SMITH"}],"circlet_count":0,"master_deck":["hermit:Strike_Hermit","hermit:Strike_Hermit","hermit:Strike_Hermit","hermit:Strike_Hermit","hermit:Defend_Hermit","hermit:Defend_Hermit","hermit:Defend_Hermit","hermit:Defend_Hermit","hermit:Snapshot","hermit:Covet","hermit:Headshot","hermit:Shortfuse+1","hermit:Coalescence","hermit:Brawl+1","hermit:Scavenge+1","hermit:Dive+1"],"relics":["hermit:Momento","NeowsBlessing","Boot","Darkstone Periapt","Vajra","Mango","Velvet Choker"],"acts_visited":["Exordium","TheCity"],"potions_floor_usage":[21,22,23],"damage_taken":[{"damage":0.0,"enemies":"2 Louse","floor":1.0,"turns":1.0},{"damage":0.0,"enemies":"Jaw Worm","floor":5.0,"turns":1.0},{"damage":0.0,"enemies":"3 Sentries","floor":6.0,"turns":1.0},{"damage":6.0,"enemies":"Cultist","floor":8.0,"turns":3.0},{"damage":4.0,"enemies":"Blue Slaver","floor":10.0,"turns":3.0},{"damage":22.0,"enemies":"Gremlin Nob","floor":11.0,"turns":5.0},{"damage":51.0,"enemies":"Slime Boss","floor":16.0,"turns":8.0},{"damage":11.0,"enemies":"2 Thieves","floor":18.0,"turns":4.0},{"damage":11.0,"enemies":"Chosen","floor":19.0,"turns":4.0},{"damage":0,"enemies":"Snake Plant","floor":21,"turns":4},{"damage":0,"enemies":"Snecko","floor":22,"turns":2},{"damage":23,"enemies":"Gremlin Leader","floor":23,"turns":4}],"seed_played":"6495356715459052387","potions_obtained":[{"floor":1.0,"key":"Fruit Juice"},{"floor":3.0,"key":"SmokeBomb"},{"floor":3.0,"key":"Energy Potion"},{"floor":3.0,"key":"Block Potion"},{"floor":16.0,"key":"BlessingOfTheForge"},{"floor":21,"key":"AttackPotion"}],"is_trial":false,"path_per_floor":["M","?","?","$","M","E","R","M","T","M","E","$","R","?","R","B",null,"M","M","?","M","M","E"],"character_chosen":"HERMIT","items_purchased":["Vajra"],"campfire_rested":1,"item_purchase_floors":[12],"current_hp_per_floor":[80,80,80,80,80,80,80,74,74,70,48,48,72,83,83,32,94,83,72,72,72,72,49,49],"gold":282,"neow_bonus":"THREE_ENEMY_KILL","is_daily":false,"chose_seed":false,"campfire_upgraded":2,"win_rate":0.0,"timestamp":1611408495,"path_taken":["M","?","?","$","M","E","R","?","T","M","E","$","R","?","R","BOSS","M","M","?","?","M","E"],"items_purchased_type":["Relic"],"build_version":"2020-12-22","purchased_purges":0,"victory":false,"max_hp_per_floor":[80,80,80,80,80,80,80,80,80,80,80,80,80,94,94,94,94,94,94,94,94,94,94,94],"card_choices":[{"not_picked":["hermit:Malice","hermit:Snipe"],"picked":"hermit:Headshot","floor":1.0},{"not_picked":["hermit:Manifest","hermit:Deadeye"],"picked":"hermit:Shortfuse","floor":5.0},{"not_picked":["hermit:FatalDesire","hermit:Roulette"],"picked":"hermit:Coalescence","floor":6.0},{"not_picked":["hermit:Dive","hermit:SprayPray"],"picked":"hermit:Brawl","floor":8.0},{"not_picked":["hermit:Misfire","hermit:TrackingShot","hermit:Dive"],"picked":"SKIP","floor":10.0},{"not_picked":["hermit:BlackWind","hermit:Feint","hermit:Vantage"],"picked":"SKIP","floor":11.0},{"not_picked":["hermit:SprayPray","hermit:Misfire"],"picked":"hermit:Scavenge+1","floor":18.0},{"not_picked":["hermit:Virtue","hermit:DeadMansHand"],"picked":"hermit:Dive+1","floor":19.0},{"not_picked":["hermit:CursedWeapon","hermit:Headshot+1","hermit:SprayPray+1"],"picked":"SKIP","floor":21}],"player_experience":219572,"relics_obtained":[{"floor":6.0,"key":"Boot"},{"floor":11.0,"key":"Darkstone Periapt"}],"event_choices":[{"damage_healed":0.0,"max_hp_gain":0.0,"max_hp_loss":0.0,"gold_gain":0.0,"event_name":"The Cleric","player_choice":"Leave","floor":2.0,"gold_loss":0.0,"damage_taken":0.0},{"damage_healed":0.0,"max_hp_gain":0.0,"max_hp_loss":0.0,"gold_gain":0.0,"event_name":"Lab","player_choice":"Got Potions","floor":3.0,"gold_loss":0.0,"damage_taken":0.0},{"damage_healed":0.0,"max_hp_gain":0.0,"max_hp_loss":0.0,"gold_gain":0.0,"event_name":"Scrap Ooze","player_choice":"Success","floor":14.0,"gold_loss":0.0,"damage_taken":3.0,"relics_obtained":["Mango"]},{"damage_healed":0.0,"max_hp_gain":0.0,"max_hp_loss":0.0,"gold_gain":0.0,"event_name":"The Woman in Blue","player_choice":"Bought 0 Potions","floor":20.0,"gold_loss":0.0,"damage_taken":0.0}],"is_beta":false,"boss_relics":[{"not_picked":["Fusion Hammer","Runic Dome"],"picked":"Velvet Choker"}],"items_purged_floors":[],"is_endless":false,"potions_floor_spawned":[1,6,10,16,21],"killed_by":"Gremlin Leader","ascension_level":1}}