{"host":"dm4yvegl9um2tlqd","time":1611396790,"event":{"mods":["2.2 Compatiblity","AchievementEnabler","BaseMod","Colored Map","DeckTracker","Highlight Path","KOR Keyword Fix","Keyboard Shortcuts","Minty Spire (QoL Compilation)","Permanent Neow","Quick Restart","Random Character Button","StSLib","SuperFastMode","everything is the same but u backflip on backflip"],"gold_per_floor":[110,123,123,133,133,133,103,103,103,123,48,68,68,94,94,94,94],"floor_reached":16,"language":"KOR","playtime":366,"items_purged":["Strike_R"],"score":181,"play_id":"177f606c-58fb-4465-8974-bf37dacc625b","local_time":"20210123191310","is_ascension_mode":true,"campfire_choices":[{"data":"Armaments","floor":6,"key":"SMITH"},{"data":"Wild Strike","floor":8,"key":"SMITH"},{"data":"Body Slam","floor":13,"key":"SMITH"},{"data":"Body Slam","floor":15,"key":"SMITH"}],"circlet_count":0,"master_deck":["Strike_R","Strike_R","Strike_R","Strike_R","Defend_R","Defend_R","Defend_R","Defend_R","Bash+1","Armaments+1","Shrug It Off","Wild Strike+1","Body Slam+1","Body Slam+1","Impervious"],"relics":["Burning Blood","WingedGreaves","Singing Bowl","Blood Vial"],"acts_visited":["Exordium"],"potions_floor_usage":[14,16,16],"damage_taken":[{"damage":1.0,"enemies":"Cultist","floor":1.0,"turns":3.0},{"damage":12,"enemies":"Small Slimes","floor":2,"turns":5},{"damage":1,"enemies":"2 Louse","floor":4,"turns":3},{"damage":26,"enemies":"Lots of Slimes","floor":10,"turns":6},{"damage":7,"enemies":"2 Fungi Beasts","floor":12,"turns":4},{"damage":0,"enemies":"Gremlin Nob","floor":14,"turns":2},{"damage":72,"enemies":"Slime Boss","floor":16,"turns":8}],"seed_played":"-1345826294175169625","potions_obtained":[{"floor":2,"key":"SpeedPotion"},{"floor":7,"key":"Weak Potion"},{"floor":7,"key":"Weak Potion"}],"is_trial":false,"path_per_floor":["M","M","?","M","?","R","?","R","T","M","$","M","R","E","R","B"],"character_chosen":"IRONCLAD","items_purchased":[],"campfire_rested":0,"item_purchase_floors":[],"current_hp_per_floor":[72,66,66,71,76,76,76,76,76,56,56,55,55,61,61,0,0],"gold":94,"neow_bonus":"ONE_RARE_RELIC","is_daily":false,"chose_seed":false,"campfire_upgraded":4,"win_rate":0.0,"timestamp":1611396790,"path_taken":["M","M","?","?","?","R","?","R","T","M","$","?","R","E","R","BOSS"],"items_purchased_type":[],"build_version":"2020-12-22","purchased_purges":1,"victory":false,"max_hp_per_floor":[72,72,72,72,77,77,77,77,77,77,77,77,77,77,77,77,77],"card_choices":[{"not_picked":["Perfected Strike","Clothesline"],"picked":"Armaments","floor":1.0},{"not_picked":["Havoc","Clothesline"],"picked":"Shrug It Off","floor":2},{"not_picked":["True Grit","Dropkick"],"picked":"Wild Strike","floor":4},{"not_picked":["Thunderclap","Perfected Strike"],"picked":"Body Slam","floor":10},{"not_picked":["Clothesline","Whirlwind"],"picked":"Body Slam","floor":12},{"not_picked":["Havoc","Seeing Red"],"picked":"Impervious","floor":14}],"player_experience":82606,"relics_obtained":[{"floor":9,"key":"Singing Bowl"},{"floor":14,"key":"Blood Vial"}],"event_choices":[{"damage_healed":0,"gold_gain":0,"player_choice":"Upgraded","damage_taken":0,"max_hp_gain":0,"max_hp_loss":0,"event_name":"Upgrade Shrine","floor":3,"gold_loss":0,"cards_upgraded":["Bash"]},{"damage_healed":0,"gold_gain":0,"player_choice":"Donut","damage_taken":0,"max_hp_gain":5,"max_hp_loss":0,"event_name":"Big Fish","floor":5,"gold_loss":0},{"damage_healed":0,"gold_gain":0,"player_choice":"Bought 2 Potions","damage_taken":0,"max_hp_gain":0,"max_hp_loss":0,"event_name":"The Woman in Blue","floor":7,"gold_loss":0}],"is_beta":false,"boss_relics":[],"items_purged_floors":[11],"is_endless":false,"potions_floor_spawned":[2],"killed_by":"Slime Boss","ascension_level":9}}