{"host":"urvvf8749ekcxo1a","time":1611437626,"event":{"mods":["AchievementEnabler","Bartender","BaseMod","Better Sensory Stone","BetterRewards","Card Forge","Colored Powertips","Displayed Cursed Tome","Gold Saver","Grow up Mod","Hero for Fun","KinomotoSakuraMod(????)","Minty Spire (QoL Compilation)","Quick Restart","Relic Filter","Retaliation","StSLib","SuperFastMode","The Cursed","The Hierophant","The Marked","The Servant 0.9.4","TheHero","Thieving Mod","Transform Curses","UnlockEverythingMod"],"gold_per_floor":[408,424,424,438,456,456,483,558,558,591,157,221,251,268,268,341,341,354,99,99,113,131,162,162,194,218,251,251,279,293,393,393,472,472,489,489,500,545,357,382,382,382,382,409,422,438,464,497,497,497,497],"floor_reached":52,"language":"ENG","playtime":512,"items_purged":[],"score":2772,"play_id":"cf8dbd0f-e0fc-485b-83a2-0d193dd4f6b6","local_time":"20210123163346","is_ascension_mode":true,"campfire_choices":[{"floor":6,"key":"REST"},{"floor":15,"key":"DIG"},{"floor":32,"key":"DIG"},{"floor":41,"key":"DIG"},{"floor":49,"key":"DIG"}],"circlet_count":0,"master_deck":["AscendersBane","Shockwave+1","Feed+1","Dropkick+1","Dropkick+1"],"relics":["Hammer of Thor","Seething Fire","Anvil of the Gods","SacredBark","Letter Opener","Ornamental Fan","Torii","Blue Candle","Brimstone","Shovel","Meat on the Bone","The Courier","Black Star","Membership Card","Shuriken","Juzu Bracelet","Paper Frog","Molten Egg 2","Tiny Chest","Oddly Smooth Stone","Lantern","Happy Flower","PreservedInsect","MutagenicStrength","War Paint","Pen Nib","FossilizedHelix","Eternal Feather","Mercury Hourglass","SlaversCollar","Bag of Marbles","HandDrill","Strawberry","Kunai","Vajra","Charon\u0027s Ashes","MealTicket","StoneCalendar","Mango","Bottled Flame","Regal Pillow","Omamori","Blood Vial","Mummified Hand"],"acts_visited":["Exordium","TheCity","TheBeyond"],"potions_floor_usage":[50],"damage_taken":[{"damage":14,"enemies":"Small Slimes","floor":1,"turns":2},{"damage":0,"enemies":"Cultist","floor":2,"turns":2},{"damage":13,"enemies":"2 Louse","floor":4,"turns":2},{"damage":18,"enemies":"Large Slime","floor":5,"turns":2},{"damage":0,"enemies":"Lagavulin","floor":7,"turns":2},{"damage":0,"enemies":"Gremlin Nob","floor":10,"turns":2},{"damage":1,"enemies":"Gremlin Nob","floor":12,"turns":1},{"damage":1,"enemies":"3 Sentries","floor":13,"turns":1},{"damage":1,"enemies":"2 Fungi Beasts","floor":14,"turns":1},{"damage":1,"enemies":"Slime Boss","floor":16,"turns":1},{"damage":1,"enemies":"Spheric Guardian","floor":18,"turns":1},{"damage":1,"enemies":"Shell Parasite","floor":21,"turns":1},{"damage":1,"enemies":"Snake Plant","floor":22,"turns":1},{"damage":1,"enemies":"Book of Stabbing","floor":23,"turns":1},{"damage":1,"enemies":"Gremlin Leader","floor":25,"turns":1},{"damage":1,"enemies":"Book of Stabbing","floor":27,"turns":1},{"damage":1,"enemies":"Gremlin Leader","floor":29,"turns":1},{"damage":1,"enemies":"Chosen and Byrds","floor":30,"turns":1},{"damage":1,"enemies":"Colosseum Slavers","floor":31,"turns":1},{"damage":1,"enemies":"Colosseum Nobs","floor":31,"turns":1},{"damage":35,"enemies":"Champ","floor":33,"turns":3},{"damage":0,"enemies":"3 Darklings","floor":35,"turns":1},{"damage":7,"enemies":"3 Shapes","floor":37,"turns":1},{"damage":0,"enemies":"Reptomancer","floor":40,"turns":1},{"damage":0,"enemies":"Nemesis","floor":44,"turns":1},{"damage":0,"enemies":"Transient","floor":45,"turns":5},{"damage":0,"enemies":"Spire Growth","floor":46,"turns":1},{"damage":0,"enemies":"Giant Head","floor":48,"turns":1},{"damage":188,"enemies":"Awakened One","floor":50,"turns":7},{"damage":14,"enemies":"Time Eater","floor":51,"turns":2}],"seed_played":"6927991370793218663","potions_obtained":[{"floor":1,"key":"BloodPotion"},{"floor":2,"key":"EssenceOfSteel"},{"floor":3,"key":"Dexterity Potion"}],"is_trial":false,"path_per_floor":["M","M","?","M","M","R","E","?","T","E","$","?","E","M","R","B",null,"M","$","?","M","M","E","$","E","T","E","?","E","M","?","R","B",null,"M","?","M","T","$","E","R","?","T","E","M","M","T","E","R","B","B",null],"character_chosen":"IRONCLAD","items_purchased":["Blue Candle","Brimstone","Membership Card","Shuriken","Juzu Bracelet","HandDrill","Strawberry","Kunai"],"campfire_rested":1,"item_purchase_floors":[11,11,19,19,19,39,39,39],"current_hp_per_floor":[74,84,94,91,83,133,143,142,152,162,172,181,190,199,209,218,248,257,267,277,286,295,304,314,323,333,342,352,361,370,378,388,363,412,422,432,435,445,462,472,482,466,476,500,510,520,530,540,553,377,375],"gold":497,"neow_bonus":"BOSS_RELIC","is_daily":false,"chose_seed":false,"campfire_upgraded":0,"win_rate":0.0,"timestamp":1611437626,"path_taken":["M","M","?","?","M","R","E","?","T","E","$","?","E","M","R","BOSS","M","$","?","M","M","E","$","E","T","E","?","E","M","?","R","BOSS","M","?","M","?","$","E","R","?","T","E","M","M","?","E","R","BOSS","BOSS"],"items_purchased_type":["Relic","Relic","Relic","Relic","Relic","Relic","Relic","Relic"],"build_version":"2020-12-22","purchased_purges":0,"victory":true,"max_hp_per_floor":[95,105,115,125,135,145,155,165,175,185,195,205,215,225,235,245,255,265,275,285,295,305,315,325,335,345,355,365,375,385,395,405,415,425,435,445,455,465,482,492,502,512,522,546,556,566,576,586,596,606,616],"card_choices":[{"not_picked":["Infernal Blade","Power Through","Evolve"],"picked":"SKIP","floor":1},{"not_picked":["DDmod:ScaleUpSkill","DDmod:PokeAttack","Warcry"],"picked":"SKIP","floor":2},{"not_picked":["Second Wind","Evolve","Anger"],"picked":"SKIP","floor":4},{"not_picked":["DDmod:EasePowerCard","True Grit","Sever Soul"],"picked":"SKIP","floor":5},{"not_picked":["Hemokinesis","Body Slam","Feel No Pain"],"picked":"SKIP","floor":7},{"not_picked":["Perfected Strike","DDmod:RapidStrikeAttack","Dual Wield"],"picked":"SKIP","floor":10},{"not_picked":["Clash","Dual Wield","Corruption"],"picked":"SKIP","floor":13},{"not_picked":["DDmod:SpikedSkill","Whirlwind","DDmod:UnstoppableAttack"],"picked":"SKIP","floor":14},{"not_picked":["Exhume","Impervious"],"picked":"Limit Break","floor":16},{"not_picked":["Sentinel","Uppercut+1","Wild Strike"],"picked":"SKIP","floor":18},{"not_picked":["Flame Barrier","Havoc","Intimidate"],"picked":"SKIP","floor":21},{"not_picked":["Metallicize","Twin Strike","Iron Wave"],"picked":"SKIP","floor":22},{"not_picked":["Flex","DDmod:EasePowerCard","Perfected Strike+1"],"picked":"SKIP","floor":23},{"not_picked":["Seeing Red","Sword Boomerang+1","Sentinel"],"picked":"SKIP","floor":25},{"not_picked":["DDmod:RapidStrikeAttack+1","Spot Weakness","Wild Strike+1"],"picked":"SKIP","floor":27},{"not_picked":["Clothesline+1","Flex","DDmod:UnstoppableAttack+1"],"picked":"SKIP","floor":29},{"not_picked":["DDmod:PokeAttack+1","Wild Strike+1","True Grit"],"picked":"SKIP","floor":30},{"not_picked":["True Grit","Perfected Strike+1","Sever Soul+1"],"picked":"SKIP","floor":35},{"not_picked":["DDmod:SpikedSkill","Thunderclap+1","Searing Blow+1"],"picked":"SKIP","floor":37},{"not_picked":["Dual Wield","Armaments","Sentinel"],"picked":"SKIP","floor":40},{"not_picked":["Flame Barrier","Second Wind","Bloodletting"],"picked":"SKIP","floor":44},{"not_picked":["Perfected Strike+1","Pommel Strike+1","DDmod:EasePowerCard+1"],"picked":"SKIP","floor":45},{"not_picked":["Body Slam+1","Dropkick+1","Immolate+1"],"picked":"SKIP","floor":46},{"not_picked":["Perfected Strike+1","Pommel Strike+1","Power Through"],"picked":"SKIP","floor":48}],"player_experience":156074,"relics_obtained":[{"floor":7,"key":"Letter Opener"},{"floor":9,"key":"Ornamental Fan"},{"floor":10,"key":"Torii"},{"floor":12,"key":"Shovel"},{"floor":13,"key":"Meat on the Bone"},{"floor":15,"key":"The Courier"},{"floor":23,"key":"Paper Frog"},{"floor":23,"key":"Molten Egg 2"},{"floor":25,"key":"Tiny Chest"},{"floor":25,"key":"Oddly Smooth Stone"},{"floor":26,"key":"Lantern"},{"floor":27,"key":"Happy Flower"},{"floor":27,"key":"PreservedInsect"},{"floor":29,"key":"War Paint"},{"floor":29,"key":"Pen Nib"},{"floor":31,"key":"FossilizedHelix"},{"floor":31,"key":"Eternal Feather"},{"floor":32,"key":"Mercury Hourglass"},{"floor":38,"key":"Bag of Marbles"},{"floor":40,"key":"Vajra"},{"floor":40,"key":"Charon\u0027s Ashes"},{"floor":41,"key":"MealTicket"},{"floor":43,"key":"StoneCalendar"},{"floor":44,"key":"Mango"},{"floor":44,"key":"Bottled Flame"},{"floor":47,"key":"Regal Pillow"},{"floor":48,"key":"Omamori"},{"floor":48,"key":"Blood Vial"},{"floor":49,"key":"Mummified Hand"}],"event_choices":[{"damage_healed":0,"gold_gain":0,"player_choice":"Got Potions","damage_taken":0,"max_hp_gain":0,"max_hp_loss":0,"event_name":"Lab","floor":3,"gold_loss":0},{"damage_healed":0,"gold_gain":75,"player_choice":"Gather Gold","damage_taken":11,"max_hp_gain":0,"max_hp_loss":0,"event_name":"World of Goop","floor":8,"gold_loss":0},{"damage_healed":0,"gold_gain":0,"player_choice":"Searched \u00271\u0027 times","damage_taken":0,"max_hp_gain":0,"max_hp_loss":0,"event_name":"Dead Adventurer","floor":12,"gold_loss":0},{"damage_healed":0,"gold_gain":0,"player_choice":"Simplicity","damage_taken":0,"max_hp_gain":0,"max_hp_loss":0,"event_name":"Back to Basics","floor":20,"gold_loss":0,"cards_upgraded":[]},{"damage_healed":0,"gold_gain":0,"player_choice":"Inject Mutagens","damage_taken":0,"relics_obtained":["MutagenicStrength"],"max_hp_gain":0,"max_hp_loss":0,"event_name":"Drug Dealer","floor":28,"gold_loss":0},{"damage_healed":0,"gold_gain":0,"player_choice":"Fight","damage_taken":0,"max_hp_gain":0,"max_hp_loss":0,"event_name":"Colosseum","floor":31,"gold_loss":0},{"damage_healed":0,"gold_gain":0,"player_choice":"Fought Nobs","damage_taken":0,"max_hp_gain":0,"max_hp_loss":0,"event_name":"Colosseum","floor":31,"gold_loss":0},{"damage_healed":0,"gold_gain":3,"player_choice":"1","damage_taken":0,"max_hp_gain":0,"max_hp_loss":0,"event_name":"betterStone:BetterStone","floor":36,"gold_loss":0},{"damage_healed":0,"gold_gain":0,"player_choice":"Bought 0 Potions","damage_taken":0,"max_hp_gain":0,"max_hp_loss":0,"event_name":"The Woman in Blue","floor":42,"gold_loss":0}],"is_beta":false,"boss_relics":[{"not_picked":["Empty Cage","Sozu"],"picked":"Black Star"},{"not_picked":["Runic Dome","Tiny House"],"picked":"SlaversCollar"}],"items_purged_floors":[],"is_endless":false,"potions_floor_spawned":[1,2,5,7,14,21,22,27,29,31,40,45,46],"ascension_level":20}}