{"host":"g01l53quoe6lrer0","time":1611384644,"event":{"mods":["2.2 Compatiblity","AchievementEnabler","BaseMod","Colored Map","Highlight Path","Keyboard Shortcuts","Minty Spire (QoL Compilation)","Permanent Neow","StSLib","SuperFastMode","everything is the same but u backflip on backflip"],"gold_per_floor":[111,111,111,61,61,95,111,111,135,169,185,195,195,44,44,44,44],"floor_reached":16,"language":"KOR","playtime":239,"items_purged":["Strike_G"],"score":213,"play_id":"87ea3e7f-a2d4-4d42-9054-b4982bbe8bd8","local_time":"20210123155044","is_ascension_mode":true,"campfire_choices":[{"data":"Deadly Poison","floor":8.0,"key":"SMITH"},{"data":"Bouncing Flask","floor":13.0,"key":"SMITH"},{"data":"Setup","floor":15.0,"key":"SMITH"}],"circlet_count":0,"master_deck":["AscendersBane","Strike_G","Strike_G+1","Defend_G","Defend_G","Defend_G","Defend_G","Survivor","Neutralize+1","Caltrops","Deadly Poison+1","Bouncing Flask+1","Catalyst","Dagger Spray","Calculated Gamble","Setup+1"],"relics":["Ring of the Snake","NeowsBlessing","Blood Vial","Snake Skull","Regal Pillow"],"acts_visited":["Exordium"],"potions_floor_usage":[16],"damage_taken":[{"damage":0.0,"enemies":"Cultist","floor":1.0,"turns":1.0},{"damage":0.0,"enemies":"3 Sentries","floor":6.0,"turns":2.0},{"damage":0.0,"enemies":"Small Slimes","floor":7.0,"turns":1.0},{"damage":7.0,"enemies":"Lagavulin","floor":10.0,"turns":6.0},{"damage":0.0,"enemies":"2 Louse","floor":11.0,"turns":4.0},{"damage":0.0,"enemies":"Gremlin Gang","floor":12.0,"turns":3.0},{"damage":53,"enemies":"Slime Boss","floor":16,"turns":5}],"seed_played":"3164444185909502259","potions_obtained":[{"floor":1.0,"key":"Explosive Potion"},{"floor":6.0,"key":"Explosive Potion"}],"is_trial":false,"path_per_floor":["M","?","?","?","?","E","M","R","T","E","M","M","R","$","R","B"],"character_chosen":"THE_SILENT","items_purchased":["Setup"],"campfire_rested":0,"item_purchase_floors":[14],"current_hp_per_floor":[63,56,42,42,42,42,44,44,44,39,41,43,43,43,43,0,0],"gold":44,"neow_bonus":"THREE_ENEMY_KILL","is_daily":false,"chose_seed":false,"campfire_upgraded":3,"win_rate":0.0,"timestamp":1611384644,"path_taken":["M","?","?","?","?","E","M","R","T","E","?","M","R","?","R","BOSS"],"items_purchased_type":["Card"],"build_version":"2020-12-22","purchased_purges":1,"victory":false,"max_hp_per_floor":[70,70,70,70,70,70,70,70,70,70,70,70,70,70,70,70,70],"card_choices":[{"not_picked":["All Out Attack","Slice"],"picked":"Caltrops","floor":1.0},{"not_picked":["Flying Knee","Skewer"],"picked":"Deadly Poison","floor":6.0},{"not_picked":["Deadly Poison","Blade Dance"],"picked":"Bouncing Flask","floor":7.0},{"not_picked":["Infinite Blades","Prepared"],"picked":"Catalyst","floor":10.0},{"not_picked":["Dodge and Roll","Bane"],"picked":"Dagger Spray","floor":11.0},{"not_picked":["Escape Plan","Endless Agony"],"picked":"Calculated Gamble","floor":12.0}],"player_experience":264652,"relics_obtained":[{"floor":6.0,"key":"Blood Vial"},{"floor":9.0,"key":"Snake Skull"},{"floor":10.0,"key":"Regal Pillow"}],"event_choices":[{"cards_removed":["Strike_G"],"damage_healed":0.0,"max_hp_gain":0.0,"max_hp_loss":0.0,"gold_gain":0.0,"event_name":"Golden Wing","player_choice":"Card Removal","floor":2.0,"gold_loss":0.0,"damage_taken":7.0},{"damage_healed":0.0,"max_hp_gain":0.0,"max_hp_loss":0.0,"gold_gain":0.0,"event_name":"Shining Light","player_choice":"Entered Light","floor":3.0,"gold_loss":0.0,"damage_taken":14.0,"cards_upgraded":["Neutralize","Strike_G"]},{"cards_removed":["Strike_G"],"damage_healed":0.0,"max_hp_gain":0.0,"max_hp_loss":0.0,"gold_gain":0.0,"event_name":"The Cleric","player_choice":"Card Removal","floor":4.0,"gold_loss":50.0,"damage_taken":0.0},{"cards_removed":["Defend_G"],"damage_healed":0.0,"max_hp_gain":0.0,"max_hp_loss":0.0,"gold_gain":0.0,"event_name":"Purifier","player_choice":"Purged","floor":5.0,"gold_loss":0.0,"damage_taken":0.0}],"is_beta":false,"boss_relics":[],"items_purged_floors":[14],"is_endless":false,"potions_floor_spawned":[1,6],"killed_by":"Slime Boss","ascension_level":12}}