{"host":"FirstDane","time":1611382322,"event":{"mods":["BaseMod","Bestiary","Highlight Path","Minty Spire (QoL Compilation)","Relic Stats","Slay the Relics Exporter"],"gold_per_floor":[20,40,55,55,76,76,115,138,138,138,138,178,194,233,233,329,329,354,225,248,271,171,171,171,191,244,244,287,212,212,252,252,350,350,375,375,52,75,75,75,20,54,54,54,387,412,412,447,447,447,447,447,447,31,61,61,61],"floor_reached":56,"language":"ENG","playtime":6864,"items_purged":["Strike_G","Strike_G","Strike_G"],"score":2228,"play_id":"467b5ae1-5d8d-4a6e-ac09-874e58d852aa","local_time":"20210123001202","is_ascension_mode":true,"campfire_choices":[{"data":"Poisoned Stab","floor":6,"key":"SMITH"},{"floor":11,"key":"REST"},{"data":"Cloak And Dagger","floor":15,"key":"SMITH"},{"data":"Blade Dance","floor":23,"key":"SMITH"},{"data":"Dash","floor":27,"key":"SMITH"},{"data":"Cloak And Dagger","floor":32,"key":"SMITH"},{"floor":40,"key":"RECALL"},{"data":"Accuracy","floor":47,"key":"SMITH"},{"data":"Footwork","floor":49,"key":"SMITH"},{"floor":53,"key":"REST"}],"circlet_count":0,"master_deck":["AscendersBane","Defend_G","Defend_G+1","Defend_G","Defend_G","Defend_G","Survivor+1","Neutralize","Footwork+1","Dagger Throw","Flying Knee","Poisoned Stab+1","Cloak And Dagger+1","Corpse Explosion","Blade Dance+1","PiercingWail","Cloak And Dagger+1","After Image","Dash+1","Backflip+1","Tools of the Trade","Blade Dance","Cloak And Dagger+1","Outmaneuver+1","Accuracy+1","Venomology","Reflex+1","Backflip+1","Dark Shackles+1","Cloak And Dagger+1","Tactician+1"],"relics":["Ring of the Serpent","Dead Branch","Potion Belt","Kunai","Darkstone Periapt","Pen Nib","Snecko Eye","Vajra","War Paint","Lantern","Gambling Chip","Boot","Ornamental Fan","Toxic Egg 2","Torii"],"acts_visited":["Exordium","TheCity","TheBeyond","TheEnding"],"potions_floor_usage":[7,7,28,28,31,33,38,42,50,50,51,51,55,55,56],"damage_taken":[{"damage":8,"enemies":"Cultist","floor":1,"turns":6},{"damage":8,"enemies":"Small Slimes","floor":2,"turns":5},{"damage":11,"enemies":"Jaw Worm","floor":3,"turns":7},{"damage":0,"enemies":"3 Louse","floor":5,"turns":5},{"damage":7,"enemies":"3 Sentries","floor":7,"turns":5},{"damage":0,"enemies":"2 Fungi Beasts","floor":8,"turns":4},{"damage":0,"enemies":"Gremlin Nob","floor":12,"turns":1},{"damage":0,"enemies":"Lots of Slimes","floor":13,"turns":2},{"damage":10,"enemies":"3 Sentries","floor":14,"turns":2},{"damage":2,"enemies":"Hexaghost","floor":16,"turns":8},{"damage":10,"enemies":"2 Thieves","floor":18,"turns":3},{"damage":0,"enemies":"Spheric Guardian","floor":20,"turns":4},{"damage":0,"enemies":"Centurion and Healer","floor":21,"turns":5},{"damage":0,"enemies":"Sentry and Sphere","floor":25,"turns":3},{"damage":2,"enemies":"Book of Stabbing","floor":28,"turns":6},{"damage":17,"enemies":"Slavers","floor":31,"turns":6},{"damage":8,"enemies":"Champ","floor":33,"turns":8},{"damage":0,"enemies":"3 Shapes","floor":35,"turns":1},{"damage":0,"enemies":"3 Darklings","floor":38,"turns":2},{"damage":5,"enemies":"Reptomancer","floor":42,"turns":6},{"damage":0,"enemies":"Nemesis","floor":46,"turns":2},{"damage":0,"enemies":"Reptomancer","floor":48,"turns":2},{"damage":9,"enemies":"Awakened One","floor":50,"turns":18},{"damage":41,"enemies":"Time Eater","floor":51,"turns":20},{"damage":29,"enemies":"Shield and Spear","floor":55,"turns":4},{"damage":28,"enemies":"The Heart","floor":56,"turns":5}],"seed_played":"1018954598331567499","potions_obtained":[{"floor":2,"key":"Explosive Potion"},{"floor":3,"key":"DistilledChaos"},{"floor":13,"key":"Fire Potion"},{"floor":14,"key":"Weak Potion"},{"floor":20,"key":"CultistPotion"},{"floor":31,"key":"Ancient Potion"},{"floor":35,"key":"ColorlessPotion"},{"floor":42,"key":"Explosive Potion"},{"floor":46,"key":"Block Potion"},{"floor":48,"key":"Regen Potion"}],"is_trial":false,"path_per_floor":["M","M","M","?","M","R","E","M","T","?","R","E","M","E","R","B",null,"M","$","M","M","$","R","?","M","T","R","E","?","?","E","R","B",null,"M","?","$","M","?","R","$","E","T","?","?","E","R","E","R","B","B",null,"R","$","E","B"],"character_chosen":"THE_SILENT","items_purchased":["SkillPotion","Gambling Chip","Weak Potion","Dark Shackles+1","PowerPotion","Cloak And Dagger+1","DistilledChaos"],"campfire_rested":2,"item_purchase_floors":[19,37,41,54,54,54,54],"current_hp_per_floor":[51,43,32,32,32,32,25,25,25,25,43,43,43,33,33,31,53,43,43,43,43,43,43,43,43,43,43,41,41,41,24,24,16,49,49,49,49,49,49,49,49,44,44,44,44,44,44,44,44,50,9,45,57,57,28,0,0],"gold":61,"neow_bonus":"ONE_RARE_RELIC","is_daily":false,"chose_seed":false,"campfire_upgraded":7,"win_rate":0.0,"timestamp":1611382322,"path_taken":["M","M","M","?","M","R","E","M","T","?","R","E","M","E","R","BOSS","M","$","M","M","$","R","?","M","T","R","E","?","?","E","R","BOSS","M","?","$","?","?","R","?","E","T","?","?","E","R","E","R","BOSS","BOSS","R","$","E","BOSS"],"items_purchased_type":["Potion","Relic","Potion","Card","Potion","Card","Potion"],"build_version":"2020-12-18","purchased_purges":3,"victory":false,"max_hp_per_floor":[66,66,66,60,60,60,60,60,60,60,60,60,60,60,60,60,60,60,60,60,60,60,60,60,60,60,60,60,60,60,60,60,60,60,60,60,60,60,60,60,60,60,60,57,57,57,57,57,57,57,57,57,57,57,57,57,57],"relic_stats":{"Darkstone Periapt":0,"Torii":12,"counters":[26,140],"Ornamental Fan":[196],"Dead Branch":[343],"Gambling Chip":[41],"Snecko Eye":[242,233,242,200],"Pen Nib":[40],"Kunai":[107],"War Paint":["Defend_G","Survivor"],"Boot":[27],"obtain_stats":[{"Potion Belt":7,"Darkstone Periapt":12,"Lantern":31,"Torii":55,"Golden Idol":4,"Dead Branch":0,"Vajra":26,"Pen Nib":14,"War Paint":28,"Boot":42,"Ornamental Fan":46,"Gambling Chip":37,"Snecko Eye":17,"Kunai":9,"Toxic Egg 2":48,"Ring of the Serpent":34,"Ring of the Snake":0},{"Potion Belt":5,"Darkstone Periapt":7,"Lantern":16,"Torii":25,"Golden Idol":3,"Dead Branch":0,"Vajra":14,"Pen Nib":9,"War Paint":15,"Boot":20,"Ornamental Fan":21,"Gambling Chip":18,"Snecko Eye":10,"Kunai":6,"Toxic Egg 2":22,"Ring of the Serpent":17,"Ring of the Snake":0},{"Potion Belt":28,"Darkstone Periapt":33,"Lantern":72,"Torii":135,"Golden Idol":18,"Dead Branch":0,"Vajra":60,"Pen Nib":37,"War Paint":66,"Boot":89,"Ornamental Fan":91,"Gambling Chip":81,"Snecko Eye":45,"Kunai":32,"Toxic Egg 2":93,"Ring of the Serpent":80,"Ring of the Snake":0}]},"card_choices":[{"not_picked":["PiercingWail","Backflip"],"picked":"Footwork","floor":1},{"not_picked":["Dodge and Roll","Quick Slash"],"picked":"Dagger Throw","floor":2},{"not_picked":["Footwork","Deadly Poison"],"picked":"Flying Knee","floor":3},{"not_picked":["Dagger Throw","Flying Knee"],"picked":"Poisoned Stab","floor":5},{"not_picked":["Flying Knee","Deflect"],"picked":"Cloak And Dagger","floor":7},{"not_picked":["Dash","Deflect"],"picked":"Corpse Explosion","floor":8},{"not_picked":["Distraction","Deflect"],"picked":"Blade Dance","floor":12},{"not_picked":["Blade Dance","Finisher"],"picked":"PiercingWail","floor":13},{"not_picked":["Flying Knee","Blade Dance"],"picked":"Cloak And Dagger","floor":14},{"not_picked":["Tools of the Trade","Malaise"],"picked":"After Image","floor":16},{"not_picked":["Backflip","Sucker Punch"],"picked":"Dash","floor":18},{"not_picked":["Outmaneuver","Dagger Throw","Bane"],"picked":"SKIP","floor":20},{"not_picked":["Riddle With Holes","Flying Knee"],"picked":"Backflip+1","floor":21},{"not_picked":["Setup","Eviscerate"],"picked":"Tools of the Trade","floor":25},{"not_picked":["Outmaneuver","Setup","Poisoned Stab"],"picked":"SKIP","floor":28},{"not_picked":["Deadly Poison","Deflect"],"picked":"Cloak And Dagger","floor":31},{"not_picked":["Blade Dance","Dagger Throw"],"picked":"Outmaneuver","floor":35},{"not_picked":["Heel Hook+1","Outmaneuver"],"picked":"Accuracy","floor":38},{"not_picked":["Blade Dance","PiercingWail"],"picked":"Venomology","floor":42},{"not_picked":["Accuracy","Choke"],"picked":"Reflex+1","floor":46},{"not_picked":["All Out Attack+1","Slice"],"picked":"Backflip+1","floor":48},{"not_picked":["Acrobatics+1","Predator"],"picked":"Tactician+1","floor":55}],"player_experience":3955627,"relics_obtained":[{"floor":7,"key":"Potion Belt"},{"floor":9,"key":"Kunai"},{"floor":12,"key":"Darkstone Periapt"},{"floor":14,"key":"Pen Nib"},{"floor":26,"key":"Vajra"},{"floor":28,"key":"War Paint"},{"floor":31,"key":"Lantern"},{"floor":42,"key":"Boot"},{"floor":46,"key":"Ornamental Fan"},{"floor":48,"key":"Toxic Egg 2"},{"floor":55,"key":"Torii"}],"event_choices":[{"damage_healed":0,"gold_gain":0,"player_choice":"Lose Max HP","damage_taken":0,"relics_obtained":["Golden Idol"],"max_hp_gain":0,"max_hp_loss":6,"event_name":"Golden Idol","floor":4,"gold_loss":0},{"damage_healed":0,"gold_gain":0,"player_choice":"Grow","damage_taken":0,"max_hp_gain":0,"max_hp_loss":0,"event_name":"Living Wall","floor":10,"gold_loss":0,"cards_upgraded":["Cloak And Dagger"]},{"damage_healed":0,"gold_gain":0,"player_choice":"Ignored","damage_taken":0,"max_hp_gain":0,"max_hp_loss":0,"event_name":"Ghosts","floor":24,"gold_loss":0},{"cards_removed":["Strike_G"],"damage_healed":0,"gold_gain":0,"player_choice":"Gave Gold","damage_taken":0,"max_hp_gain":0,"max_hp_loss":0,"event_name":"Beggar","floor":29,"gold_loss":75},{"damage_healed":0,"gold_gain":0,"player_choice":"Read","damage_taken":0,"max_hp_gain":0,"max_hp_loss":0,"event_name":"The Library","floor":30,"gold_loss":0,"cards_obtained":["Blade Dance"]},{"damage_healed":0,"gold_gain":0,"player_choice":"Upgraded","damage_taken":0,"max_hp_gain":0,"max_hp_loss":0,"event_name":"Upgrade Shrine","floor":36,"gold_loss":0,"cards_upgraded":["Outmaneuver"]},{"cards_removed":["Strike_G"],"damage_healed":0,"gold_gain":0,"player_choice":"Removed Attack","damage_taken":0,"max_hp_gain":0,"max_hp_loss":0,"event_name":"Falling","floor":39,"gold_loss":0},{"damage_healed":0,"gold_gain":0,"player_choice":"Max HP","damage_taken":0,"max_hp_gain":0,"max_hp_loss":3,"event_name":"Winding Halls","floor":44,"gold_loss":0},{"damage_healed":0,"gold_gain":333,"player_choice":"Gave Idol","damage_taken":0,"max_hp_gain":0,"max_hp_loss":0,"event_name":"The Moai Head","floor":45,"relics_lost":["Golden Idol"],"gold_loss":0}],"is_beta":true,"boss_relics":[{"not_picked":["Velvet Choker","Busted Crown"],"picked":"Snecko Eye"},{"not_picked":["Empty Cage","Philosopher\u0027s Stone"],"picked":"Ring of the Serpent"}],"items_purged_floors":[19,22,54],"is_endless":false,"potions_floor_spawned":[2,3,13,14,20,31,35,42,46,48],"killed_by":"The Heart","ascension_level":20}}