{"host":"1zjc08c6hob33401","time":1611407987,"event":{"mods":["AchievementEnabler","Act Like it!","Aspiration","BaseMod","Downfall","Elementarium","Energized Spire","Evolution","Friendly Minions","Gensokyo","GifTheSpireLib","Hubris","Infinite Spire","Jedi Mod","Menagerie","Minty Spire (QoL Compilation)","Pale of the Ancients","Quick Restart","Replay The Spire","Retaliation","Shop Mod","Spire Arcade","StS++","StSLib","Stuff the Spire","The Blue Laboratory","Wandering Minibosses","vexMod","??????REMEMod"],"gold_per_floor":[112,130,149,180,194,194,194,207,207,207,224,224,254,45,45,45,45],"floor_reached":16,"language":"RUS","playtime":936,"items_purged":[],"score":154,"play_id":"217077a8-3145-4791-af82-e3d374abc365","local_time":"20210123151947","is_ascension_mode":true,"campfire_choices":[{"data":"Slimebound:MegaLick","floor":6.0,"key":"SMITH"},{"floor":10.0,"key":"REST"},{"floor":12.0,"key":"REST"},{"data":"jedi:LeechingStrike","floor":15.0,"key":"SMITH"}],"circlet_count":0,"master_deck":["AscendersBane","Strike_B","Strike_B","Strike_B","Strike_B+1","Defend_B","Defend_B","Defend_B","Defend_B","Zap","Dualcast","Slimebound:MegaLick+1","Impatience","Barrage+1","StuffTheSpire:CleanHardDrive","White Noise","Doom and Gloom","Ball Lightning","Ball Lightning","StuffTheSpire:ForEach","Streamline","jedi:LeechingStrike"],"relics":["Cracked Core","REME_ComplimentaryCards","Quantum Egg","MerchantsRug"],"acts_visited":["Exordium"],"potions_floor_usage":[],"damage_taken":[{"damage":1.0,"enemies":"Cultist","floor":1.0,"turns":4.0},{"damage":2.0,"enemies":"Jaw Worm","floor":2.0,"turns":3.0},{"damage":0.0,"enemies":"2 Louse","floor":3.0,"turns":3.0},{"damage":17.0,"enemies":"Gremlin Gang","floor":4.0,"turns":6.0},{"damage":14.0,"enemies":"3 Louse","floor":5.0,"turns":2.0},{"damage":11.0,"enemies":"2 Fungi Beasts","floor":8.0,"turns":3.0},{"damage":14.0,"enemies":"Gremlin Gang","floor":11.0,"turns":3.0},{"damage":0.0,"enemies":"Large Slime","floor":13.0,"turns":5.0},{"damage":46,"enemies":"The Guardian","floor":16,"turns":7}],"seed_played":"1450285590405682944","potions_obtained":[{"floor":2.0,"key":"blueLaboratory:HorrorPotion"},{"floor":3.0,"key":"Weak Potion"},{"floor":4.0,"key":"FocusPotion"},{"floor":11.0,"key":"blueLaboratory:PhilterOfMotion"},{"floor":13.0,"key":"blueLaboratory:PhilterOfMotion"}],"is_trial":false,"path_per_floor":["M","M","M","M","M","R","?","M","T","R","M","R","M","$","R","B"],"character_chosen":"DEFECT","items_purchased":["MerchantsRug","jedi:LeechingStrike"],"campfire_rested":2,"item_purchase_floors":[14,14],"current_hp_per_floor":[67,65,65,48,34,34,19,8,8,30,16,38,38,38,38,0,0],"gold":45,"neow_bonus":"RANDOM_COLORLESS","is_daily":false,"chose_seed":false,"campfire_upgraded":2,"win_rate":0.0,"timestamp":1611407987,"path_taken":["M","M","M","M","?","R","?","M","T","R","M","R","M","$","R","BOSS"],"items_purchased_type":["Relic","Card"],"build_version":"2020-12-22","purchased_purges":0,"victory":false,"max_hp_per_floor":[75,75,75,75,75,75,75,75,75,75,75,75,75,75,75,75,75],"card_choices":[{"not_picked":["Replay:BasicMightCard","ReplayTheSpireMod:Uncanny Aura"],"picked":"Impatience","floor":0.0},{"not_picked":["BasicCrystalCard","StuffTheSpire:LoadUp"],"picked":"Barrage","floor":1.0},{"not_picked":["Streamline","jedi:BurstFrost"],"picked":"StuffTheSpire:CleanHardDrive","floor":2.0},{"not_picked":["Darkness","StuffTheSpire:GlassShard"],"picked":"White Noise","floor":3.0},{"not_picked":["Compile Driver","StuffTheSpire:Plugnplay"],"picked":"Doom and Gloom","floor":4.0},{"not_picked":["Streamline","Turbo"],"picked":"Ball Lightning","floor":5.0},{"not_picked":["Compile Driver","Streamline"],"picked":"Ball Lightning","floor":8.0},{"not_picked":["Rebound","Turbo"],"picked":"StuffTheSpire:ForEach","floor":11.0},{"not_picked":["Panic Button","Rebound","Fusion","jedi:spotbugs"],"picked":"Streamline","floor":13.0}],"player_experience":659909,"relics_obtained":[{"floor":9.0,"key":"Quantum Egg"}],"event_choices":[{"damage_healed":0.0,"max_hp_gain":0.0,"max_hp_loss":0.0,"gold_gain":0.0,"event_name":"Shining Light","player_choice":"Entered Light","floor":7.0,"gold_loss":0.0,"damage_taken":15.0,"cards_upgraded":["Strike_B","Barrage"]}],"is_beta":false,"boss_relics":[],"items_purged_floors":[],"is_endless":false,"potions_floor_spawned":[2,3,4,11,13],"killed_by":"The Guardian","ascension_level":12}}