{"host":"iimv3xr0scyjt3cx","time":1611368552,"event":{"mods":["BaseMod","Hermit","Minty Spire (QoL Compilation)","Replay The Spire","StSLib","The Bladedancer","The Bug Knight","The Cursed","The Judge","The Senshi","The Servant 0.9.4","The Wild Card"],"gold_per_floor":[109,109,125,141,141,161,161,236,262,292,304,318,344,363,363,462,462,474,494,511,523,533,533,553,553,605,635,635,648,660,671,671,766,766,776,788,804,820,319,347,347,357,381,409,425,442,458,473,473,473,473,473,26,60,60,60],"floor_reached":55,"language":"ENG","playtime":4691,"items_purged":[],"score":850,"play_id":"b3f44d70-7303-4d30-9c03-71a1f5677246","local_time":"20210123032232","is_ascension_mode":false,"campfire_choices":[{"data":"blademaster:DancingEdge","floor":15,"key":"SMITH"},{"data":"blademaster:Sharpen","floor":23,"key":"SMITH"},{"data":"blademaster:CloudOfSteel","floor":25,"key":"SMITH"},{"data":"blademaster:DancingEdge","floor":32,"key":"SMITH"},{"data":"blademaster:CombatPrep","floor":41,"key":"SMITH"},{"floor":49,"key":"RECALL"},{"data":"blademaster:Havoc","floor":52,"key":"SMITH"}],"circlet_count":0,"master_deck":["blademaster:Strike+1","blademaster:Strike","blademaster:Strike","blademaster:Strike+1","blademaster:Defend","blademaster:Defend","blademaster:Defend","blademaster:Defend","blademaster:RagingBlow+1","blademaster:HighVoltage","blademaster:DancingEdge+1","theWildCard:PaleRider","blademaster:BloodyBlow","blademaster:Frontflip","blademaster:BloodyBlow","blademaster:Quickstep","blademaster:Slice","blademaster:BrainBloom","blademaster:DaggerAndCloak","blademaster:Overcharge","blademaster:Flash","blademaster:Thrust","blademaster:Sharpen+1","blademaster:Havoc+1","blademaster:CloudOfSteel+1","blademaster:Frontflip","blademaster:Bloodbath+1","blademaster:CombatPrep+1","blademaster:DancingEdge+1","blademaster:Blindside","blademaster:Safeguard+1","blademaster:Breeze","blademaster:Havoc+1","blademaster:Stability+1","blademaster:ChargingUp+1","blademaster:ThunderingOpener+1","blademaster:Blindside","blademaster:Bloodbath+1","blademaster:EyeOfTheStorm+1"],"relics":["blademaster:DancersAmulet","Akabeko","Letter Opener","Runic Dome","Vajra","Ornamental Fan","Painkiller Herb","Gremlin Food","Strawberry","BargainBundle","theSenshi:SpiralHeartMoonRodRelic","Happy Flower","Whetstone","Durian","DollysMirror","ReplayTheSpireMod:Lightbulb"],"acts_visited":["Exordium","TheCity","TheBeyond","TheEnding"],"potions_floor_usage":[13,13,16,30,55,55,55],"damage_taken":[{"damage":0,"enemies":"Jaw Worm","floor":1,"turns":4},{"damage":0,"enemies":"Small Slimes","floor":3,"turns":4},{"damage":0,"enemies":"Cultist","floor":4,"turns":2},{"damage":0,"enemies":"Looter","floor":6,"turns":2},{"damage":24,"enemies":"HollowMod:MossKnight","floor":10,"turns":4},{"damage":12,"enemies":"Blue Slaver","floor":11,"turns":3},{"damage":18,"enemies":"Exordium Thugs","floor":12,"turns":6},{"damage":0,"enemies":"Gremlin Nob","floor":13,"turns":1},{"damage":10,"enemies":"Large Slime","floor":14,"turns":5},{"damage":0,"enemies":"Slime Boss","floor":16,"turns":3},{"damage":0,"enemies":"Shell Parasite","floor":18,"turns":1},{"damage":0,"enemies":"Spheric Guardian","floor":19,"turns":2},{"damage":0,"enemies":"Snake Plant","floor":20,"turns":1},{"damage":0,"enemies":"Snecko","floor":21,"turns":2},{"damage":22,"enemies":"Shelled Parasite and Fungi","floor":22,"turns":4},{"damage":0,"enemies":"Snake Plant","floor":24,"turns":2},{"damage":17,"enemies":"Book of Stabbing","floor":27,"turns":4},{"damage":8,"enemies":"Centurion and Healer","floor":29,"turns":3},{"damage":0,"enemies":"3 Cultists","floor":30,"turns":4},{"damage":0,"enemies":"Sentry and Sphere","floor":31,"turns":3},{"damage":17,"enemies":"Automaton","floor":33,"turns":5},{"damage":0,"enemies":"3 Darklings","floor":35,"turns":2},{"damage":0,"enemies":"Orb Walker","floor":36,"turns":2},{"damage":0,"enemies":"Sphere and 2 Shapes","floor":37,"turns":3},{"damage":28,"enemies":"4 Shapes","floor":38,"turns":4},{"damage":4,"enemies":"Giant Head","floor":40,"turns":6},{"damage":12,"enemies":"Spire Growth","floor":42,"turns":2},{"damage":0,"enemies":"Reptomancer","floor":44,"turns":2},{"damage":0,"enemies":"Transient","floor":45,"turns":5},{"damage":5,"enemies":"4 Shapes","floor":46,"turns":3},{"damage":0,"enemies":"Transient","floor":47,"turns":5},{"damage":10,"enemies":"Spire Growth","floor":48,"turns":3},{"damage":46,"enemies":"Donu and Deca","floor":50,"turns":6},{"damage":42,"enemies":"Shield and Spear","floor":54,"turns":4},{"damage":82,"enemies":"The Heart","floor":55,"turns":3}],"seed_played":"2154002946152212886","potions_obtained":[{"floor":1,"key":"SteroidPotion"},{"floor":4,"key":"Strength Potion"},{"floor":11,"key":"PowerPotion"},{"floor":14,"key":"Elixir"},{"floor":16,"key":"Elixir"},{"floor":20,"key":"Strength Potion"},{"floor":22,"key":"Strength Potion"},{"floor":29,"key":"Toxic Potion"},{"floor":30,"key":"Block Potion"},{"floor":35,"key":"DistilledChaos"}],"is_trial":false,"path_per_floor":["M","?","M","M","?","M","?","?","T","E","M","M","E","M","R","B",null,"M","M","M","M","M","R","M","R","T","E","?","M","M","M","R","B",null,"?","?","?","?","T","E","T","?","T","E","?","?","?","?","T","B",null,"T","T","E","B"],"character_chosen":"THE_BLADEMASTER","items_purchased":["Gremlin Food","Strawberry","BargainBundle","blademaster:Havoc+1","Durian","DollysMirror"],"campfire_rested":0,"item_purchase_floors":[39,39,39,39,53,53],"current_hp_per_floor":[75,75,75,75,75,75,75,64,64,40,34,22,22,18,18,24,75,75,75,75,75,59,59,59,59,59,48,48,46,52,58,58,47,75,75,75,75,53,60,62,62,58,58,60,66,75,81,79,79,43,82,82,87,55,0,0],"gold":60,"neow_bonus":"UPGRADE_CARD","is_daily":false,"chose_seed":false,"campfire_upgraded":6,"win_rate":0.0,"timestamp":1611368552,"path_taken":["M","?","M","M","?","M","?","?","T","E","?","M","E","M","R","BOSS","M","M","M","M","M","R","?","R","T","E","?","M","?","?","R","BOSS","?","?","?","?","T","E","T","?","T","E","?","?","?","?","T","BOSS","T","T","E","BOSS"],"items_purchased_type":["Relic","Relic","Relic","Card","Relic","Relic"],"build_version":"2020-12-22","purchased_purges":0,"victory":false,"max_hp_per_floor":[75,75,75,75,75,75,75,75,75,75,75,75,75,75,75,75,75,75,75,75,75,75,75,75,75,75,75,75,75,75,75,75,75,75,75,75,75,75,82,82,82,82,82,82,82,82,82,82,82,82,82,82,87,87,87,87],"card_choices":[{"not_picked":["blademaster:Gust","blademaster:Slice"],"picked":"blademaster:DancingEdge","floor":1},{"not_picked":["blademaster:KiBarrier","blademaster:Reversal"],"picked":"blademaster:BloodyBlow","floor":3},{"not_picked":["blademaster:Meditate","blademaster:CombatPrep"],"picked":"blademaster:Frontflip","floor":4},{"not_picked":["blademaster:BladeCross","blademaster:Hailwind"],"picked":"blademaster:BloodyBlow","floor":6},{"not_picked":["blademaster:ParryingStrike","blademaster:AwakeningDefend"],"picked":"blademaster:Quickstep","floor":10},{"not_picked":["blademaster:BladeCross","blademaster:BloodyBlow"],"picked":"blademaster:Slice","floor":11},{"not_picked":["blademaster:ThunderSlash","blademaster:UnrelentingWind"],"picked":"blademaster:BrainBloom","floor":12},{"not_picked":["blademaster:AwakeningDefend","blademaster:Stability"],"picked":"blademaster:DaggerAndCloak","floor":13},{"not_picked":["blademaster:EyeOfTheStorm","blademaster:Reversal"],"picked":"blademaster:Overcharge","floor":14},{"not_picked":["blademaster:RagingBlow","blademaster:RollingTyphoon"],"picked":"blademaster:Flash","floor":16},{"not_picked":["blademaster:BladeCross+1","blademaster:Frenzy"],"picked":"blademaster:Thrust","floor":18},{"not_picked":["blademaster:Quickness","blademaster:DaggerAndCloak"],"picked":"blademaster:Sharpen","floor":19},{"not_picked":["blademaster:DaggerAndCloak","blademaster:ThunderSlash","blademaster:Meditate"],"picked":"SKIP","floor":20},{"not_picked":["blademaster:Blockade","blademaster:Reversal"],"picked":"blademaster:Havoc","floor":21},{"not_picked":["blademaster:KiBarrier","blademaster:ThunderSlash"],"picked":"blademaster:CloudOfSteel","floor":22},{"not_picked":["blademaster:Cut","blademaster:FuriousStrike"],"picked":"blademaster:Frontflip","floor":24},{"not_picked":["blademaster:Flash","blademaster:Quickstep"],"picked":"blademaster:Bloodbath+1","floor":27},{"not_picked":["blademaster:Frontflip","blademaster:Sunder"],"picked":"blademaster:CombatPrep","floor":29},{"not_picked":["blademaster:SlyStabs","blademaster:Sharpen","blademaster:DragonStrike"],"picked":"SKIP","floor":30},{"not_picked":["blademaster:AspectOfLightning","blademaster:ThunderSlash"],"picked":"blademaster:DancingEdge","floor":31},{"not_picked":["blademaster:BladeDance","blademaster:FuryOfTheElements"],"picked":"blademaster:Blindside","floor":33},{"not_picked":["blademaster:AwakeningStrike","blademaster:Cut","blademaster:AncestralHealing+1"],"picked":"SKIP","floor":35},{"not_picked":["blademaster:TraverseCut+1","blademaster:DragonStrike"],"picked":"blademaster:Safeguard+1","floor":36},{"not_picked":["blademaster:WindSlash+1","blademaster:Discharge"],"picked":"blademaster:Breeze","floor":37},{"not_picked":["blademaster:CombatPrep+1","blademaster:Slice+1","blademaster:BladeCross"],"picked":"SKIP","floor":38},{"not_picked":["blademaster:AwakeningDefend","blademaster:CullingStrike+1"],"picked":"blademaster:Stability+1","floor":40},{"not_picked":["blademaster:AirSlash+1","blademaster:CombatPrep+1"],"picked":"blademaster:ChargingUp+1","floor":42},{"not_picked":["blademaster:ThunderSlash+1","blademaster:AwakeningDefend","blademaster:EyeOfTheTornado"],"picked":"SKIP","floor":44},{"not_picked":["blademaster:AwakeningDefend","blademaster:DaggerAndCloak+1"],"picked":"blademaster:ThunderingOpener+1","floor":45},{"not_picked":["blademaster:Quickstep","blademaster:Slice+1"],"picked":"blademaster:Blindside","floor":46},{"not_picked":["blademaster:Frontflip+1","blademaster:AirSlash","blademaster:DaggerAndCloak"],"picked":"SKIP","floor":47},{"not_picked":["blademaster:SlyStabs+1","blademaster:ParryingStrike","blademaster:BloodyBlow+1"],"picked":"SKIP","floor":48},{"not_picked":["blademaster:Havoc","blademaster:WindSlash+1"],"picked":"blademaster:EyeOfTheStorm+1","floor":54}],"player_experience":486519,"relics_obtained":[{"floor":10,"key":"Akabeko"},{"floor":10,"key":"blademaster:StanceHealPerk"},{"floor":13,"key":"Letter Opener"},{"floor":13,"key":"blademaster:RandomBladePerk"},{"floor":26,"key":"Vajra"},{"floor":27,"key":"Ornamental Fan"},{"floor":27,"key":"blademaster:OnAttackedChargePerk"},{"floor":40,"key":"theSenshi:SpiralHeartMoonRodRelic"},{"floor":40,"key":"blademaster:BleedingMoreDamagePerk"},{"floor":43,"key":"Happy Flower"},{"floor":44,"key":"Whetstone"},{"floor":44,"key":"blademaster:FuryEveryTurnPerk"},{"floor":54,"key":"ReplayTheSpireMod:Lightbulb"},{"floor":54,"key":"blademaster:LightningChargePerk"}],"event_choices":[{"damage_healed":0,"gold_gain":0,"player_choice":"Ignored","damage_taken":0,"max_hp_gain":0,"max_hp_loss":0,"event_name":"Liars Game","floor":5,"gold_loss":0},{"damage_healed":0,"gold_gain":0,"player_choice":"Leave","damage_taken":0,"max_hp_gain":0,"max_hp_loss":0,"event_name":"The Cleric","floor":7,"gold_loss":0},{"damage_healed":0,"gold_gain":75,"player_choice":"Gather Gold","damage_taken":11,"max_hp_gain":0,"max_hp_loss":0,"event_name":"World of Goop","floor":8,"gold_loss":0},{"damage_healed":0,"gold_gain":0,"player_choice":"Bought 0 Potions","damage_taken":0,"max_hp_gain":0,"max_hp_loss":0,"event_name":"The Woman in Blue","floor":28,"gold_loss":0}],"is_beta":false,"boss_relics":[{"not_picked":["Honey Jar","Tiny House"],"picked":"Runic Dome"},{"not_picked":["Replay:Ancient Bell","Snecko Eye"],"picked":"Painkiller Herb"}],"items_purged_floors":[],"is_endless":false,"potions_floor_spawned":[1,4,11,14,16,20,22,29,30,35,36,38,47,48,54],"killed_by":"The Heart","ascension_level":0}}