{"host":"hk3n60c9tb8azi3z","time":1611423898,"event":{"mods":["AchievementEnabler","BaseMod","Minty Spire (QoL Compilation)","Relic Sorter","Relic Stats"],"gold_per_floor":[114,129,144,159,174,204,219,219,219,27,57,57,57,72,72,172,172,187,45,45,45,6,336,366,381,381,396,411,11,11,26,26,126,126,141,141,156,471,97,127,177,192,192,192,207,237,267,297,297,297],"floor_reached":51,"language":"ENG","playtime":4636,"items_purged":["Strike_R","Normality"],"score":1119,"play_id":"73de3ad4-253b-4e7d-a79f-1d57f0594783","local_time":"20210123184458","daily_mods":["Cursed Run","Purple Cards","DeadlyEvents"],"is_ascension_mode":false,"campfire_choices":[{"data":"Bash","floor":8.0,"key":"SMITH"},{"data":"Feel No Pain","floor":12.0,"key":"SMITH"},{"data":"Pommel Strike","floor":15.0,"key":"SMITH"},{"data":"Corruption","floor":32.0,"key":"SMITH"},{"data":"Burning Pact","floor":44,"key":"SMITH"},{"data":"Offering","floor":49,"key":"SMITH"}],"circlet_count":0,"master_deck":["Strike_R","Strike_R","Strike_R","Defend_R","Defend_R+1","Defend_R","Defend_R","Bash+1","Thunderclap","Combust","Flame Barrier+1","Feel No Pain+1","BattleHymn","Injury","Pommel Strike+1","Purity","CrushJoints+1","Feed","Omniscience","CurseOfTheBell","Spot Weakness+1","Reaper+1","Corruption+1","Headbutt","Meditate","Inflame+1","Protect+1","Pain","Burning Pact+1","Protect","Decay","Body Slam","Doubt","Offering+1","Rage+1","Apotheosis+1","True Grit","InnerPeace","Iron Wave+1","Shrug It Off+1","Tantrum+1","Second Wind+1","Writhe","Pommel Strike","Spot Weakness+1","EmptyBody+1","Pain"],"relics":["Cursed Key","Darkstone Periapt","Du-Vu Doll","Turnip","InkBottle","Bag of Preparation","Calling Bell","Oddly Smooth Stone","Paper Frog","Pocketwatch","The Courier","Old Coin","Toy Ornithopter","Kunai","Gremlin Horn","ClockworkSouvenir","Busted Crown","Potion Belt","Orrery","War Paint","Peace Pipe","Lizard Tail","Akabeko","Whetstone","Orichalcum"],"acts_visited":["Exordium","TheCity","TheBeyond"],"potions_floor_usage":[41,42,46,50],"damage_taken":[{"damage":1.0,"enemies":"Jaw Worm","floor":1.0,"turns":3.0},{"damage":3.0,"enemies":"2 Louse","floor":2.0,"turns":2.0},{"damage":1.0,"enemies":"Cultist","floor":3.0,"turns":2.0},{"damage":2.0,"enemies":"Exordium Thugs","floor":4.0,"turns":4.0},{"damage":0.0,"enemies":"Exordium Wildlife","floor":5.0,"turns":2.0},{"damage":17.0,"enemies":"Lagavulin","floor":6.0,"turns":7.0},{"damage":7.0,"enemies":"3 Louse","floor":7.0,"turns":4.0},{"damage":4.0,"enemies":"3 Sentries","floor":11.0,"turns":5.0},{"damage":2.0,"enemies":"Gremlin Gang","floor":14.0,"turns":4.0},{"damage":7.0,"enemies":"Hexaghost","floor":16.0,"turns":8.0},{"damage":0.0,"enemies":"3 Byrds","floor":18.0,"turns":3.0},{"damage":23.0,"enemies":"Book of Stabbing","floor":23.0,"turns":5.0},{"damage":12.0,"enemies":"Gremlin Leader","floor":24.0,"turns":6.0},{"damage":0.0,"enemies":"Spheric Guardian","floor":25.0,"turns":4.0},{"damage":11.0,"enemies":"Snake Plant","floor":27.0,"turns":7.0},{"damage":13.0,"enemies":"Sentry and Sphere","floor":28.0,"turns":6.0},{"damage":11.0,"enemies":"Cultist and Chosen","floor":31.0,"turns":3.0},{"damage":20,"enemies":"Automaton","floor":33,"turns":8},{"damage":13,"enemies":"3 Darklings","floor":35,"turns":5},{"damage":0,"enemies":"Orb Walker","floor":37,"turns":2},{"damage":19,"enemies":"Writhing Mass","floor":38,"turns":3},{"damage":36,"enemies":"Nemesis","floor":40,"turns":9},{"damage":21,"enemies":"Mind Bloom Boss Battle","floor":41,"turns":5},{"damage":13,"enemies":"Transient","floor":42,"turns":5},{"damage":27,"enemies":"4 Shapes","floor":45,"turns":2},{"damage":18,"enemies":"Giant Head","floor":46,"turns":5},{"damage":18,"enemies":"Nemesis","floor":47,"turns":3},{"damage":1,"enemies":"Reptomancer","floor":48,"turns":2},{"damage":31,"enemies":"Time Eater","floor":50,"turns":9}],"seed_played":"-4692305807027556167","potions_obtained":[{"floor":3.0,"key":"ElixirPotion"},{"floor":4.0,"key":"LiquidBronze"},{"floor":6.0,"key":"SpeedPotion"},{"floor":7.0,"key":"Weak Potion"},{"floor":18.0,"key":"Swift Potion"},{"floor":28.0,"key":"Strength Potion"},{"floor":37,"key":"Energy Potion"},{"floor":40,"key":"LiquidBronze"},{"floor":41,"key":"SkillPotion"},{"floor":45,"key":"Weak Potion"},{"floor":48,"key":"Explosive Potion"}],"is_trial":false,"path_per_floor":["M","M","M","M","M","E","M","R","T","$","E","R","?","M","R","B",null,"M","$","?","?","$","E","E","M","T","M","M","$","?","M","R","B",null,"M","?","M","M","$","E","?","M","T","R","M","E","E","E","R","B",null],"character_chosen":"IRONCLAD","items_purchased":["Pommel Strike","Purity","Reaper","Headbutt","Gremlin Horn","ClockworkSouvenir","Apotheosis","Potion Belt","Orrery"],"campfire_rested":0,"item_purchase_floors":[10,10,19,22,29,29,39,39,39],"current_hp_per_floor":[79,76,75,73,73,56,49,49,55,55,51,51,51,49,49,48,98,98,98,98,98,98,94,97,100,106,96,92,92,98,110,110,100,122,118,118,128,109,109,77,94,122,128,128,104,121,103,145,145,151],"gold":297,"neow_bonus":"","is_daily":true,"chose_seed":false,"campfire_upgraded":6,"win_rate":0.0,"timestamp":1611423898,"path_taken":["M","M","M","M","M","E","M","R","T","$","E","R","?","M","R","BOSS","M","$","?","?","$","?","E","M","T","M","?","$","?","M","R","BOSS","M","?","M","M","$","E","?","?","T","R","M","E","?","E","R","BOSS"],"items_purchased_type":["Card","Card","Card","Card","Relic","Relic","Card","Relic","Relic"],"build_version":"2020-12-22","purchased_purges":2,"victory":true,"max_hp_per_floor":[80,80,80,80,80,80,80,80,86,86,86,86,86,86,86,92,98,98,98,98,98,98,98,98,101,107,107,107,107,113,116,116,122,122,125,125,128,128,128,132,136,136,142,142,145,145,145,145,145,151],"relic_stats":{"Darkstone Periapt":48,"Gremlin Horn":[12,13],"counters":[29,133],"Bag of Preparation":[42],"Whetstone":["CrushJoints","Reaper"],"War Paint":["Defend_R","Apotheosis"],"Orichalcum":[12],"Cursed Key":3,"Peace Pipe":0,"Lizard Tail":0,"Busted Crown":30,"Turnip":[16],"Kunai":[25],"obtain_stats":[{"Darkstone Periapt":0,"Gremlin Horn":29,"Bag of Preparation":11,"Whetstone":47,"Cursed Key":0,"Old Coin":23,"ClockworkSouvenir":29,"Lizard Tail":43,"Kunai":26,"InkBottle":9,"Paper Frog":17,"Potion Belt":39,"Oddly Smooth Stone":17,"The Courier":20,"War Paint":40,"Orichalcum":48,"Akabeko":46,"Du-Vu Doll":0,"Calling Bell":17,"Peace Pipe":41,"Busted Crown":34,"Orrery":39,"Turnip":6,"Toy Ornithopter":24,"Pocketwatch":17},{"Darkstone Periapt":0,"Gremlin Horn":16,"Bag of Preparation":8,"Whetstone":27,"Cursed Key":0,"Old Coin":12,"ClockworkSouvenir":16,"Lizard Tail":24,"Kunai":14,"InkBottle":7,"Paper Frog":10,"Potion Belt":21,"Oddly Smooth Stone":10,"The Courier":11,"War Paint":22,"Orichalcum":28,"Akabeko":26,"Du-Vu Doll":0,"Calling Bell":10,"Peace Pipe":23,"Busted Crown":18,"Orrery":21,"Turnip":6,"Toy Ornithopter":13,"Pocketwatch":10},{"Darkstone Periapt":0,"Gremlin Horn":72,"Bag of Preparation":29,"Whetstone":122,"Cursed Key":0,"Old Coin":49,"ClockworkSouvenir":72,"Lizard Tail":112,"Kunai":59,"InkBottle":24,"Paper Frog":41,"Potion Belt":93,"Oddly Smooth Stone":41,"The Courier":44,"War Paint":102,"Orichalcum":124,"Akabeko":119,"Du-Vu Doll":0,"Calling Bell":41,"Peace Pipe":107,"Busted Crown":83,"Orrery":93,"Turnip":20,"Toy Ornithopter":55,"Pocketwatch":41}],"InkBottle":[46],"Toy Ornithopter":15,"Pocketwatch":[64]},"card_choices":[{"not_picked":["CrushJoints","Prostrate"],"picked":"Thunderclap","floor":1.0},{"not_picked":["Flex","Seeing Red"],"picked":"Combust","floor":2.0},{"not_picked":["FollowUp","Clash"],"picked":"Flame Barrier","floor":3.0},{"not_picked":["Halt","Warcry","True Grit"],"picked":"SKIP","floor":4.0},{"not_picked":["Perfected Strike","EmptyMind","Halt"],"picked":"SKIP","floor":5.0},{"not_picked":["True Grit","Halt"],"picked":"Feel No Pain","floor":6.0},{"not_picked":["Thunderclap","CutThroughFate"],"picked":"BattleHymn","floor":7.0},{"not_picked":["Warcry","Perseverance"],"picked":"CrushJoints","floor":11.0},{"not_picked":["Heavy Blade","EmptyMind"],"picked":"Feed","floor":14.0},{"not_picked":["Feed","Judgement"],"picked":"Omniscience","floor":16.0},{"not_picked":["Wild Strike","Pommel Strike+1"],"picked":"Spot Weakness+1","floor":18.0},{"not_picked":["Havoc","Warcry"],"picked":"Meditate","floor":23.0},{"not_picked":["CutThroughFate","Blood for Blood"],"picked":"Inflame+1","floor":24.0},{"not_picked":["Heavy Blade","Anger"],"picked":"Protect+1","floor":25.0},{"not_picked":["EmptyBody","Anger"],"picked":"Burning Pact","floor":27.0},{"not_picked":["Halt","Evaluate"],"picked":"Protect","floor":28.0},{"not_picked":["Iron Wave","Protect"],"picked":"Body Slam","floor":31.0},{"not_picked":["Feed","DevaForm"],"picked":"Offering","floor":33},{"not_picked":["Consecrate+1"],"picked":"SKIP","floor":35},{"not_picked":[],"picked":"Rage+1","floor":37},{"not_picked":["JustLucky"],"picked":"SKIP","floor":38},{"not_picked":[],"picked":"True Grit","floor":39},{"not_picked":[],"picked":"InnerPeace","floor":39},{"not_picked":[],"picked":"Iron Wave+1","floor":39},{"not_picked":[],"picked":"Shrug It Off+1","floor":40},{"not_picked":[],"picked":"Tantrum+1","floor":41},{"not_picked":[],"picked":"Second Wind+1","floor":42},{"not_picked":["Crescendo+1"],"picked":"SKIP","floor":45},{"not_picked":[],"picked":"Pommel Strike","floor":46},{"not_picked":[],"picked":"Spot Weakness+1","floor":47},{"not_picked":[],"picked":"EmptyBody+1","floor":48}],"player_experience":1569391,"relics_obtained":[{"floor":6.0,"key":"Turnip"},{"floor":9.0,"key":"InkBottle"},{"floor":11.0,"key":"Bag of Preparation"},{"floor":17.0,"key":"Oddly Smooth Stone"},{"floor":17.0,"key":"Paper Frog"},{"floor":17.0,"key":"Pocketwatch"},{"floor":23.0,"key":"Old Coin"},{"floor":24.0,"key":"Toy Ornithopter"},{"floor":26.0,"key":"Kunai"},{"floor":40,"key":"War Paint"},{"floor":41,"key":"Peace Pipe"},{"floor":43,"key":"Lizard Tail"},{"floor":46,"key":"Akabeko"},{"floor":47,"key":"Whetstone"},{"floor":48,"key":"Orichalcum"}],"event_choices":[{"damage_healed":0.0,"max_hp_gain":0.0,"max_hp_loss":0.0,"gold_gain":0.0,"event_name":"Living Wall","player_choice":"Grow","floor":13.0,"gold_loss":0.0,"damage_taken":0.0,"cards_upgraded":["Flame Barrier"]},{"damage_healed":0.0,"max_hp_gain":0.0,"max_hp_loss":0.0,"gold_gain":0.0,"event_name":"The Mausoleum","player_choice":"Opened","floor":20.0,"gold_loss":0.0,"damage_taken":0.0,"relics_obtained":["The Courier"]},{"damage_healed":0.0,"max_hp_gain":0.0,"max_hp_loss":0.0,"gold_gain":0.0,"event_name":"The Library","player_choice":"Read","floor":21.0,"gold_loss":0.0,"damage_taken":0.0,"cards_obtained":["Corruption"]},{"damage_healed":0.0,"max_hp_gain":0.0,"max_hp_loss":0.0,"gold_gain":0.0,"event_name":"Forgotten Altar","player_choice":"Smashed Altar","floor":30.0,"gold_loss":0.0,"damage_taken":0.0,"cards_obtained":["Decay"]},{"cards_removed":["Strike_R"],"damage_healed":0,"gold_gain":0,"player_choice":"Removed Attack","damage_taken":0,"max_hp_gain":0,"max_hp_loss":0,"event_name":"Falling","floor":36,"gold_loss":0},{"damage_healed":0,"gold_gain":0,"player_choice":"Fight","damage_taken":0,"max_hp_gain":0,"max_hp_loss":0,"event_name":"MindBloom","floor":41,"gold_loss":0}],"is_beta":false,"boss_relics":[{"not_picked":["SacredBark","SlaversCollar"],"picked":"Calling Bell"},{"not_picked":["Runic Dome","Velvet Choker"],"picked":"Busted Crown"}],"items_purged_floors":[10,29],"is_endless":false,"potions_floor_spawned":[3,4,6,7,11,18,28,37,40,41,45,48],"ascension_level":0}}