{"host":"5p9hybygolzp0efr","time":1611373386,"event":{"mods":["AchievementEnabler","BaseMod","Bestiary","Colored Map","Minty Spire (QoL Compilation)","Permanent Neow","Relic Stats"],"gold_per_floor":[113,130,140,140,140,140,151,186,186,186,136,168,186,204,204,307,307,326,341,374,374,125,160,160,177,204,24,56,56,71,86,86,182,182,199,213,213,162,177,177,206,217,217,217,9,9,22,35,35,35],"floor_reached":51,"language":"ENG","playtime":3204,"items_purged":["Defend_P"],"score":895,"play_id":"593244e6-a684-48b0-91fb-c57403a44571","local_time":"20210123114306","is_ascension_mode":true,"campfire_choices":[{"data":"BowlingBash","floor":6.0,"key":"SMITH"},{"floor":10.0,"key":"REST"},{"data":"SashWhip","floor":15.0,"key":"SMITH"},{"floor":32.0,"key":"REST"},{"floor":40.0,"key":"REST"},{"data":"Wallop","floor":46.0,"key":"SMITH"},{"floor":49,"key":"REST"}],"circlet_count":0,"master_deck":["Strike_P+1","Strike_P+1","Strike_P","Defend_P+1","Defend_P","Defend_P","Eruption","Vigilance+1","Conclude","BowlingBash+1","ThirdEye+1","SashWhip+1","DevaForm","MentalFortress+1","Crescendo+1","Wallop+1","CrushJoints+1","Master of Strategy","Halt","EmptyFist+1","Wallop+1","Scrawl","Dark Shackles","Worship","Parasite","ClearTheMind+1"],"relics":["Snecko Eye","Pear","Letter Opener","HornCleat","Calling Bell","War Paint","Shuriken","Pocketwatch","Red Mask","Yang","Potion Belt","MutagenicStrength","Whetstone","Eternal Feather","SlaversCollar","Question Card","Molten Egg 2","Strawberry"],"acts_visited":["Exordium","TheCity","TheBeyond"],"potions_floor_usage":[50,50,50],"damage_taken":[{"damage":9.0,"enemies":"Jaw Worm","floor":1.0,"turns":2.0},{"damage":0.0,"enemies":"Small Slimes","floor":2.0,"turns":2.0},{"damage":9.0,"enemies":"2 Louse","floor":3.0,"turns":3.0},{"damage":4.0,"enemies":"Blue Slaver","floor":7.0,"turns":3.0},{"damage":40.0,"enemies":"Lagavulin","floor":8.0,"turns":5.0},{"damage":0.0,"enemies":"3 Sentries","floor":12.0,"turns":6.0},{"damage":0.0,"enemies":"Exordium Thugs","floor":13.0,"turns":2.0},{"damage":11.0,"enemies":"Red Slaver","floor":14.0,"turns":5.0},{"damage":3.0,"enemies":"Hexaghost","floor":16.0,"turns":7.0},{"damage":0.0,"enemies":"Shell Parasite","floor":18.0,"turns":4.0},{"damage":3.0,"enemies":"Chosen","floor":19.0,"turns":3.0},{"damage":17.0,"enemies":"Masked Bandits","floor":20.0,"turns":4.0},{"damage":7.0,"enemies":"Book of Stabbing","floor":23.0,"turns":6.0},{"damage":18.0,"enemies":"Snake Plant","floor":25.0,"turns":4.0},{"damage":14.0,"enemies":"Slavers","floor":28.0,"turns":7.0},{"damage":0.0,"enemies":"Cultist and Chosen","floor":30.0,"turns":4.0},{"damage":0.0,"enemies":"Sentry and Sphere","floor":31.0,"turns":2.0},{"damage":2.0,"enemies":"Champ","floor":33.0,"turns":8.0},{"damage":8.0,"enemies":"3 Shapes","floor":35.0,"turns":4.0},{"damage":0.0,"enemies":"3 Darklings","floor":36.0,"turns":4.0},{"damage":68.0,"enemies":"Spire Growth","floor":39.0,"turns":4.0},{"damage":47.0,"enemies":"Nemesis","floor":41.0,"turns":9.0},{"damage":1.0,"enemies":"Maw","floor":42.0,"turns":6.0},{"damage":2.0,"enemies":"4 Shapes","floor":47.0,"turns":4.0},{"damage":18,"enemies":"Writhing Mass","floor":48,"turns":7},{"damage":35,"enemies":"Donu and Deca","floor":50,"turns":8}],"seed_played":"1636082260111674747","potions_obtained":[{"floor":1.0,"key":"StancePotion"},{"floor":8.0,"key":"DistilledChaos"},{"floor":12.0,"key":"Fire Potion"},{"floor":14.0,"key":"BlessingOfTheForge"},{"floor":23.0,"key":"Ancient Potion"},{"floor":30.0,"key":"Regen Potion"},{"floor":39.0,"key":"SteroidPotion"},{"floor":41.0,"key":"Fire Potion"}],"is_trial":false,"path_per_floor":["M","M","M","?","?","R","M","E","T","R","?","E","M","M","R","B",null,"M","M","?","?","$","E","?","M","T","$","E","$","M","M","R","B",null,"M","M","?","$","M","R","E","M","T","?","$","R","M","M","R","B",null],"character_chosen":"WATCHER","items_purchased":["Yang","FairyPotion","Halt","Strawberry","PowerPotion"],"campfire_rested":4,"item_purchase_floors":[22,27,38,45,45],"current_hp_per_floor":[63,63,54,54,54,54,50,20,20,44,44,44,44,33,33,30,82,82,79,62,62,62,55,55,37,37,37,23,23,23,23,56,54,82,74,74,74,74,6,42,24,23,23,23,30,42,40,22,63,43],"gold":35,"neow_bonus":"BOSS_RELIC","is_daily":false,"chose_seed":false,"campfire_upgraded":3,"win_rate":0.0,"timestamp":1611373386,"path_taken":["M","M","M","?","?","R","M","E","T","R","?","E","M","M","R","BOSS","M","M","?","?","?","E","?","?","T","$","E","$","M","M","R","BOSS","M","M","?","$","M","R","E","M","T","?","$","R","M","?","R","BOSS"],"items_purchased_type":["Relic","Potion","Card","Relic","Potion"],"build_version":"2020-12-22","purchased_purges":1,"victory":true,"max_hp_per_floor":[72,72,72,72,72,72,72,82,82,82,82,82,82,82,82,82,82,82,82,82,82,82,82,82,82,82,82,82,82,82,82,82,82,82,82,82,82,82,82,82,82,82,82,82,89,89,89,89,89,89],"relic_stats":{"counters":[26,123],"Shuriken":[44],"Snecko Eye":[253,215,197,211],"Yang":[193],"Eternal Feather":48,"Letter Opener":[66],"Whetstone":["Strike_P","Strike_P"],"War Paint":["ThirdEye","Defend_P"],"Question Card":3,"obtain_stats":[{"Potion Belt":23,"Pear":8,"Yang":22,"Eternal Feather":28,"Letter Opener":9,"Whetstone":26,"War Paint":17,"Question Card":41,"Calling Bell":17,"SlaversCollar":34,"HornCleat":12,"Shuriken":17,"MutagenicStrength":24,"Strawberry":45,"Snecko Eye":0,"Molten Egg 2":43,"Red Mask":20,"PureWater":0,"Pocketwatch":17},{"Potion Belt":13,"Pear":5,"Yang":12,"Eternal Feather":15,"Letter Opener":5,"Whetstone":14,"War Paint":9,"Question Card":22,"Calling Bell":9,"SlaversCollar":18,"HornCleat":6,"Shuriken":9,"MutagenicStrength":13,"Strawberry":23,"Snecko Eye":0,"Molten Egg 2":23,"Red Mask":12,"PureWater":0,"Pocketwatch":9},{"Potion Belt":52,"Pear":15,"Yang":46,"Eternal Feather":63,"Letter Opener":15,"Whetstone":56,"War Paint":35,"Question Card":98,"Calling Bell":35,"SlaversCollar":77,"HornCleat":21,"Shuriken":35,"MutagenicStrength":52,"Strawberry":104,"Snecko Eye":0,"Molten Egg 2":104,"Red Mask":46,"PureWater":0,"Pocketwatch":35}],"Pocketwatch":[37]},"card_choices":[{"not_picked":["Prostrate","PathToVictory"],"picked":"Conclude","floor":1.0},{"not_picked":["Collect","Adaptation"],"picked":"BowlingBash","floor":2.0},{"not_picked":["ClearTheMind","Consecrate","Pray"],"picked":"SKIP","floor":3.0},{"not_picked":["FlyingSleeves","WreathOfFlame"],"picked":"ThirdEye","floor":7.0},{"not_picked":["Consecrate","CrushJoints","BowlingBash"],"picked":"SKIP","floor":8.0},{"not_picked":["Consecrate","Halt"],"picked":"SashWhip","floor":12.0},{"not_picked":["Evaluate","Study","ForeignInfluence"],"picked":"SKIP","floor":13.0},{"not_picked":["Study","Prostrate","FlurryOfBlows"],"picked":"SKIP","floor":14.0},{"not_picked":["Brilliance","Establishment"],"picked":"DevaForm","floor":16.0},{"not_picked":["EmptyBody","Crescendo","Wireheading"],"picked":"SKIP","floor":18.0},{"not_picked":["SashWhip","CutThroughFate+1"],"picked":"MentalFortress+1","floor":19.0},{"not_picked":["EmptyFist","MentalFortress"],"picked":"Crescendo+1","floor":20.0},{"not_picked":["Collect+1","CarveReality","Prostrate"],"picked":"SKIP","floor":23.0},{"not_picked":["PathToVictory","BowlingBash","ClearTheMind"],"picked":"SKIP","floor":25.0},{"not_picked":["Consecrate","Scrawl"],"picked":"Wallop","floor":28.0},{"not_picked":["EmptyBody","BowlingBash","JustLucky"],"picked":"SKIP","floor":30.0},{"not_picked":["BattleHymn","JustLucky","CrushJoints+1"],"picked":"SKIP","floor":31.0},{"not_picked":["BattleHymn","JustLucky"],"picked":"CrushJoints+1","floor":31.0},{"not_picked":["PathToVictory+1","CarveReality+1","EmptyFist+1"],"picked":"SKIP","floor":35.0},{"not_picked":["PathToVictory+1","Protect","FlurryOfBlows"],"picked":"SKIP","floor":36.0},{"not_picked":["Madness","Dramatic Entrance"],"picked":"Master of Strategy","floor":37.0},{"not_picked":["FollowUp+1","SashWhip+1"],"picked":"EmptyFist+1","floor":39.0},{"not_picked":["Collect","WreathOfFlame+1","JustLucky+1"],"picked":"SKIP","floor":41.0},{"not_picked":["FlyingSleeves","LessonLearned","Pray+1"],"picked":"Wallop+1","floor":42.0},{"not_picked":["ThirdEye","JustLucky+1","FlyingSleeves+1"],"picked":"Worship","floor":47.0},{"not_picked":["CutThroughFate+1","SandsOfTime+1","Meditate"],"picked":"ClearTheMind+1","floor":48}],"player_experience":504864,"relics_obtained":[{"floor":8.0,"key":"Pear"},{"floor":9.0,"key":"Letter Opener"},{"floor":12.0,"key":"HornCleat"},{"floor":17.0,"key":"War Paint"},{"floor":17.0,"key":"Shuriken"},{"floor":17.0,"key":"Pocketwatch"},{"floor":20.0,"key":"Red Mask"},{"floor":23.0,"key":"Potion Belt"},{"floor":26.0,"key":"Whetstone"},{"floor":28.0,"key":"Eternal Feather"},{"floor":41.0,"key":"Question Card"},{"floor":43.0,"key":"Molten Egg 2"}],"event_choices":[{"damage_healed":0.0,"max_hp_gain":0.0,"max_hp_loss":0.0,"gold_gain":0.0,"event_name":"Liars Game","player_choice":"Ignored","floor":4.0,"gold_loss":0.0,"damage_taken":0.0},{"damage_healed":0.0,"max_hp_gain":0.0,"max_hp_loss":0.0,"gold_gain":0.0,"event_name":"Living Wall","player_choice":"Grow","floor":5.0,"gold_loss":0.0,"damage_taken":0.0,"cards_upgraded":["Vigilance"]},{"cards_removed":["Strike_P"],"damage_healed":0.0,"max_hp_gain":0.0,"max_hp_loss":0.0,"gold_gain":0.0,"event_name":"The Cleric","player_choice":"Card Removal","floor":11.0,"gold_loss":50.0,"damage_taken":0.0},{"damage_healed":0.0,"max_hp_gain":0.0,"max_hp_loss":0.0,"gold_gain":0.0,"event_name":"Masked Bandits","player_choice":"Fought Bandits","floor":20.0,"gold_loss":0.0,"damage_taken":0.0},{"damage_healed":0.0,"max_hp_gain":0.0,"max_hp_loss":0.0,"gold_gain":0.0,"event_name":"Vampires","player_choice":"Ignored","floor":21.0,"gold_loss":0.0,"damage_taken":0.0},{"damage_healed":0.0,"max_hp_gain":0.0,"max_hp_loss":0.0,"gold_gain":0.0,"event_name":"Drug Dealer","player_choice":"Inject Mutagens","floor":24.0,"gold_loss":0.0,"damage_taken":0.0,"relics_obtained":["MutagenicStrength"]},{"damage_healed":0.0,"max_hp_gain":0.0,"max_hp_loss":0.0,"gold_gain":0.0,"event_name":"SensoryStone","player_choice":"Memory 1","floor":37.0,"gold_loss":0.0,"damage_taken":0.0},{"damage_healed":0.0,"max_hp_gain":0.0,"max_hp_loss":0.0,"gold_gain":0.0,"event_name":"Match and Keep!","player_choice":"2 cards matched","floor":44.0,"gold_loss":0.0,"damage_taken":0.0,"cards_obtained":["Scrawl","Dark Shackles"]}],"is_beta":false,"boss_relics":[{"not_picked":["Runic Pyramid","Sozu"],"picked":"Calling Bell"},{"not_picked":["Empty Cage","Busted Crown"],"picked":"SlaversCollar"}],"items_purged_floors":[27],"is_endless":false,"potions_floor_spawned":[1,8,12,14,20,23,30,31,39,41,48],"ascension_level":4}}