{"host":"bxn2em57qlx5u4i0","time":1611360997,"event":{"mods":["BaseMod","Colored Map","Colored Powertips","Highlight Path","Minty Spire (QoL Compilation)","Random Character Button","Relic Sorter","Relic Stats","StSLib","SuperFastMode"],"gold_per_floor":[17,17,17,33,33,33,74,89,89,89,89],"floor_reached":10,"language":"ENG","playtime":212,"items_purged":[],"score":132,"play_id":"82da4a4e-99a2-4543-96eb-f1de2a7a586f","local_time":"20210122191637","is_ascension_mode":true,"campfire_choices":[{"data":"Blade Dance","floor":6,"key":"SMITH"}],"circlet_count":0,"master_deck":["AscendersBane","Strike_G","Strike_G","Strike_G","Strike_G","Defend_G","Defend_G","Defend_G","Defend_G","Survivor","Neutralize","Blade Dance+1","Blade Dance+1","Crippling Poison","Footwork"],"relics":["Ring of the Snake","Golden Idol","Sundial","StoneCalendar"],"acts_visited":[],"potions_floor_usage":[7],"damage_taken":[{"damage":4,"enemies":"Small Slimes","floor":1,"turns":4},{"damage":7,"enemies":"Jaw Worm","floor":4,"turns":5},{"damage":17,"enemies":"3 Sentries","floor":7,"turns":6},{"damage":0,"enemies":"2 Louse","floor":8,"turns":3},{"damage":51,"enemies":"Gremlin Nob","floor":10,"turns":4}],"seed_played":"-2771027037571893818","potions_obtained":[{"floor":1,"key":"Strength Potion"}],"is_trial":false,"path_per_floor":["M","?","?","M","?","R","E","M","T","E"],"character_chosen":"THE_SILENT","items_purchased":[],"campfire_rested":0,"item_purchase_floors":[],"current_hp_per_floor":[55,55,55,48,48,48,31,31,31,0,0],"gold":89,"neow_bonus":"REMOVE_TWO","is_daily":false,"chose_seed":false,"campfire_upgraded":1,"win_rate":0.0,"timestamp":1611360997,"path_taken":["M","?","?","M","?","R","E","M","T","E"],"items_purchased_type":[],"build_version":"2020-12-22","purchased_purges":0,"victory":false,"max_hp_per_floor":[66,60,60,60,60,60,60,60,60,60,60],"relic_stats":{"counters":[5,22],"Golden Idol":14,"Sundial":[0],"StoneCalendar":[0],"obtain_stats":[{"Golden Idol":2,"Sundial":7,"StoneCalendar":9,"Ring of the Snake":0},{"Golden Idol":1,"Sundial":3,"StoneCalendar":4,"Ring of the Snake":0},{"Golden Idol":4,"Sundial":15,"StoneCalendar":18,"Ring of the Snake":0}],"Ring of the Snake":[10]},"card_choices":[{"not_picked":["Finisher","Cloak And Dagger"],"picked":"Blade Dance","floor":1},{"not_picked":["Slice","Skewer"],"picked":"Blade Dance","floor":4},{"not_picked":["Underhanded Strike","Dagger Spray"],"picked":"Crippling Poison","floor":7},{"not_picked":["Reflex","Bane"],"picked":"Footwork","floor":8}],"player_experience":2904460,"relics_obtained":[{"floor":7,"key":"Sundial"},{"floor":9,"key":"StoneCalendar"}],"event_choices":[{"damage_healed":0,"gold_gain":0,"player_choice":"Lose Max HP","damage_taken":0,"relics_obtained":["Golden Idol"],"max_hp_gain":0,"max_hp_loss":6,"event_name":"Golden Idol","floor":2,"gold_loss":0},{"damage_healed":0,"gold_gain":0,"player_choice":"Ignored","damage_taken":0,"max_hp_gain":0,"max_hp_loss":0,"event_name":"Liars Game","floor":3,"gold_loss":0},{"damage_healed":0,"gold_gain":0,"player_choice":"Grow","damage_taken":0,"max_hp_gain":0,"max_hp_loss":0,"event_name":"Living Wall","floor":5,"gold_loss":0,"cards_upgraded":["Blade Dance"]}],"is_beta":false,"boss_relics":[],"items_purged_floors":[],"is_endless":false,"potions_floor_spawned":[1],"killed_by":"Gremlin Nob","ascension_level":20}}