{"host":"opgesw7sb5n0ordz","time":1611385267,"event":{"mods":["BaseMod","Better Note","Colored Powertips","Downfall","Minty Spire (QoL Compilation)","Relic Stats","StSLib","Unceasing Turn Reminder"],"gold_per_floor":[99,111,130,130,130,30,30,47,67,52,52,152,163,72,82,82,82,82],"floor_reached":16,"language":"ENG","playtime":979,"items_purged":[],"score":92,"play_id":"98f375b6-d5fc-4065-b0fb-c807144d7e7b","local_time":"20210123020107","is_ascension_mode":false,"campfire_choices":[{"floor":1,"key":"RECALL"},{"data":"champ:Backstep","floor":6,"key":"SMITH"},{"data":"champ:Taunt","floor":11,"key":"SMITH"}],"circlet_count":0,"master_deck":["champ:Strike","champ:Strike","champ:Strike","champ:Strike","champ:Defend","champ:Defend","champ:Defend","champ:Defend","champ:Execute","champ:Taunt+1","champ:Backstep+1","champ:DefensiveShout","champ:Circumvent","champ:Haymaker","champ:Shatter","champ:GutPunch","champ:FlashCut","champ:AdrenalArmor","champ:DeathBlow","champ:ShieldWall","champ:CrownThrow","champ:CrownThrow","champ:Devastate","champ:FanOfKnives","champ:PreciseThrust"],"relics":["champ:ChampionCrown","Prayer Wheel","downfall:HeartBlessingRed","Calipers","CloakClasp"],"acts_visited":["Exordium"],"potions_floor_usage":[12],"damage_taken":[{"damage":15,"enemies":"Jaw Worm","floor":2,"turns":4},{"damage":12,"enemies":"Small Slimes","floor":3,"turns":3},{"damage":0,"enemies":"Cultist","floor":5,"turns":1},{"damage":2,"enemies":"Blue Slaver","floor":8,"turns":2},{"damage":20,"enemies":"Large Slime","floor":9,"turns":4},{"damage":15,"enemies":"downfall:FleeingMerchant","floor":10,"turns":4},{"damage":26,"enemies":"downfall:FleeingMerchant","floor":12,"turns":5},{"damage":32,"enemies":"Exordium Thugs","floor":13,"turns":4},{"damage":3,"enemies":"downfall:FleeingMerchant","floor":14,"turns":4},{"damage":11,"enemies":"Blue Slaver","floor":15,"turns":3},{"damage":39,"enemies":"DF_ARCHETYPE_STREAMLINE","floor":16,"turns":6}],"seed_played":"3609097726056944394","potions_obtained":[{"floor":2,"key":"Strength Potion"},{"floor":9,"key":"PowerPotion"},{"floor":13,"key":"Energy Potion"}],"is_trial":false,"path_per_floor":["R","M","M","?","M","R","T","M","M","$","R","?","M","$","M","B"],"character_chosen":"THE_CHAMP","items_purchased":["Guardian:BlockOnCardUsePotion"],"campfire_rested":0,"item_purchase_floors":[14],"current_hp_per_floor":[63,58,56,56,56,56,56,54,54,54,54,43,41,38,37,0,0,0],"gold":82,"neow_bonus":"ONE_RARE_RELIC","is_daily":false,"chose_seed":false,"campfire_upgraded":2,"win_rate":0.0,"timestamp":1611385267,"path_taken":["R","M","M","?","M","R","T","M","M","$","R","?","M","?","M","BOSS"],"items_purchased_type":["Potion"],"build_version":"2020-12-22","purchased_purges":0,"victory":false,"max_hp_per_floor":[90,90,90,90,90,90,90,90,90,90,90,90,90,90,90,90,90,90],"relic_stats":{"counters":[11,40],"Prayer Wheel":7,"CloakClasp":[25],"obtain_stats":[{"downfall:BrokenWingStatue":4,"Calipers":7,"downfall:HeartBlessingRed":6,"champ:ChampionCrown":0,"Prayer Wheel":0,"CloakClasp":12},{"downfall:BrokenWingStatue":2,"Calipers":3,"downfall:HeartBlessingRed":3,"champ:ChampionCrown":0,"Prayer Wheel":0,"CloakClasp":7},{"downfall:BrokenWingStatue":7,"Calipers":8,"downfall:HeartBlessingRed":8,"champ:ChampionCrown":0,"Prayer Wheel":0,"CloakClasp":23}]},"card_choices":[{"not_picked":["champ:FanOfKnives","champ:Circumvent"],"picked":"champ:Backstep","floor":2},{"not_picked":["champ:HeartStrike","champ:SetATrap"],"picked":"champ:DefensiveShout","floor":2},{"not_picked":["champ:DefensiveShout","champ:Encircle"],"picked":"champ:Circumvent","floor":3},{"not_picked":["champ:AdrenalArmor","champ:EnGarde"],"picked":"champ:Haymaker","floor":3},{"not_picked":["champ:Backstep","champ:DefensiveShout"],"picked":"champ:Shatter","floor":5},{"not_picked":["champ:GladiatorForm","champ:BerserkersShout"],"picked":"champ:GutPunch","floor":5},{"not_picked":["champ:PreemptiveStrike","champ:Backstep"],"picked":"champ:FlashCut","floor":8},{"not_picked":["champ:FanOfKnives","champ:Shatter"],"picked":"champ:AdrenalArmor","floor":8},{"not_picked":["champ:Circumvent","champ:FanOfKnives"],"picked":"champ:DeathBlow","floor":9},{"not_picked":["champ:FalseCounter","champ:DefensiveShout","champ:BladeFlurry"],"picked":"SKIP","floor":9},{"not_picked":["champ:FanOfKnives","champ:Haymaker"],"picked":"champ:ShieldWall","floor":10},{"not_picked":["champ:DefensiveShout","champ:BladeFlurry"],"picked":"champ:CrownThrow","floor":12},{"not_picked":["champ:Haymaker","champ:EnragedBash"],"picked":"champ:CrownThrow","floor":13},{"not_picked":["champ:FancyFootwork","champ:GutPunch"],"picked":"champ:Devastate","floor":13},{"not_picked":["champ:Encircle","champ:Circumvent"],"picked":"champ:FanOfKnives","floor":14},{"not_picked":["champ:Shatter","champ:DefensiveShout"],"picked":"champ:PreciseThrust","floor":15},{"not_picked":["champ:Backstep","champ:Shatter","champ:SetATrap"],"picked":"SKIP","floor":15},{"not_picked":["champ:Backstep","champ:Shatter","champ:SetATrap"],"picked":"SKIP","floor":15}],"player_experience":734212,"relics_obtained":[{"floor":7,"key":"Calipers"},{"floor":12,"key":"CloakClasp"}],"event_choices":[],"is_beta":false,"boss_relics":[],"items_purged_floors":[],"is_endless":false,"potions_floor_spawned":[2,9,13,15],"killed_by":"DF_ARCHETYPE_STREAMLINE","ascension_level":0}}