{"host":"hzinic87vu8p95wn","time":1611412884,"event":{"mods":["BaseMod","Minty Spire (QoL Compilation)"],"gold_per_floor":[113,133,133,133,149,149,159,159,212,241,241,253,253,293,293,384,384,408,458,306,306,326,362,198,198,198,0,0,0,16,31,31,31,31],"floor_reached":33,"language":"ENG","playtime":1127,"items_purged":["Injury"],"score":570,"play_id":"655ac693-8499-415b-895a-c0eb67cd052c","local_time":"20210124014124","is_ascension_mode":true,"campfire_choices":[{"data":"Eruption","floor":6.0,"key":"SMITH"},{"floor":8.0,"key":"REST"},{"floor":15.0,"key":"REST"},{"floor":29.0,"key":"REST"},{"floor":32.0,"key":"REST"}],"circlet_count":0,"master_deck":["AscendersBane","Strike_P","Strike_P","Strike_P","Defend_P","Defend_P","Defend_P","Defend_P","Eruption+1","Vigilance","CarveReality","Evaluate","FearNoEvil","FlurryOfBlows","MasterReality","Consecrate","LikeWater","CutThroughFate+1","EmptyFist"],"relics":["PureWater","Damaru","Pen Nib","Boot","Golden Idol","Centennial Puzzle","Black Star","MutagenicStrength","Bag of Preparation","Darkstone Periapt","Strawberry","Pantograph","Juzu Bracelet"],"acts_visited":["Exordium","TheCity"],"potions_floor_usage":[33],"damage_taken":[{"damage":11.0,"enemies":"Jaw Worm","floor":1.0,"turns":4.0},{"damage":0.0,"enemies":"Cultist","floor":2.0,"turns":3.0},{"damage":5.0,"enemies":"Small Slimes","floor":5.0,"turns":3.0},{"damage":6.0,"enemies":"2 Fungi Beasts","floor":7.0,"turns":3.0},{"damage":15.0,"enemies":"Lagavulin","floor":10.0,"turns":6.0},{"damage":5.0,"enemies":"Large Slime","floor":12.0,"turns":3.0},{"damage":0.0,"enemies":"Gremlin Nob","floor":14.0,"turns":2.0},{"damage":29.0,"enemies":"Slime Boss","floor":16.0,"turns":8.0},{"damage":7.0,"enemies":"Chosen","floor":18.0,"turns":3.0},{"damage":3.0,"enemies":"2 Thieves","floor":22.0,"turns":5.0},{"damage":50.0,"enemies":"Slavers","floor":23.0,"turns":4.0},{"damage":0.0,"enemies":"Snecko","floor":28.0,"turns":2.0},{"damage":26.0,"enemies":"Chosen and Byrds","floor":30.0,"turns":5.0},{"damage":23.0,"enemies":"Centurion and Healer","floor":31.0,"turns":4.0},{"damage":57,"enemies":"Collector","floor":33,"turns":9}],"seed_played":"-4642924010984687189","potions_obtained":[{"floor":1.0,"key":"GamblersBrew"},{"floor":2.0,"key":"Dexterity Potion"},{"floor":10.0,"key":"SmokeBomb"},{"floor":16.0,"key":"SteroidPotion"},{"floor":22.0,"key":"Dexterity Potion"},{"floor":31.0,"key":"DuplicationPotion"}],"is_trial":false,"path_per_floor":["M","M","$","?","M","R","M","R","T","E","?","M","?","E","R","B",null,"M","?","$","?","M","E","$","?","T","$","M","R","M","M","R","B"],"character_chosen":"WATCHER","items_purchased":["LikeWater","Strawberry","EmptyFist","Juzu Bracelet"],"campfire_rested":4,"item_purchase_floors":[20,24,27,27],"current_hp_per_floor":[50,50,50,50,45,45,39,59,59,44,49,44,44,44,65,36,64,57,57,57,57,54,4,11,27,27,27,27,51,25,2,26,0,0],"gold":31,"neow_bonus":"RANDOM_COMMON_RELIC","is_daily":false,"chose_seed":false,"campfire_upgraded":1,"win_rate":0.0,"timestamp":1611412884,"path_taken":["M","M","$","?","M","R","?","R","T","E","?","M","?","E","R","BOSS","M","?","$","?","M","E","$","?","T","?","M","R","M","M","R","BOSS"],"items_purchased_type":["Card","Relic","Card","Relic"],"build_version":"2020-12-22","purchased_purges":1,"victory":false,"max_hp_per_floor":[68,68,68,68,68,68,68,68,68,68,73,73,73,73,73,73,73,73,73,73,73,73,73,80,80,80,80,80,80,80,80,80,80,80],"card_choices":[{"not_picked":["FlyingSleeves","BowlingBash"],"picked":"CarveReality","floor":1.0},{"not_picked":["Protect","PathToVictory","Crescendo"],"picked":"SKIP","floor":2.0},{"not_picked":["Crescendo","ClearTheMind"],"picked":"Evaluate","floor":5.0},{"not_picked":["ClearTheMind","Pray"],"picked":"FearNoEvil","floor":7.0},{"not_picked":["WaveOfTheHand","JustLucky"],"picked":"FlurryOfBlows","floor":10.0},{"not_picked":["WaveOfTheHand","PathToVictory"],"picked":"MasterReality","floor":12.0},{"not_picked":["DeceiveReality","Sanctity"],"picked":"Consecrate","floor":14.0},{"not_picked":["Tantrum","SashWhip","Nirvana"],"picked":"SKIP","floor":18.0},{"not_picked":["BowlingBash","Halt","ClearTheMind+1"],"picked":"SKIP","floor":22.0},{"not_picked":["CarveReality","ThirdEye"],"picked":"CutThroughFate+1","floor":23.0},{"not_picked":["CutThroughFate","EmptyFist","SandsOfTime+1"],"picked":"SKIP","floor":30.0},{"not_picked":["Crescendo","WreathOfFlame","SashWhip"],"picked":"SKIP","floor":31.0}],"player_experience":1599521,"relics_obtained":[{"floor":9.0,"key":"Pen Nib"},{"floor":10.0,"key":"Boot"},{"floor":14.0,"key":"Centennial Puzzle"},{"floor":23.0,"key":"Bag of Preparation"},{"floor":23.0,"key":"Darkstone Periapt"},{"floor":26.0,"key":"Pantograph"}],"event_choices":[{"cards_removed":["Strike_P"],"damage_healed":0.0,"max_hp_gain":0.0,"max_hp_loss":0.0,"gold_gain":0.0,"event_name":"Purifier","player_choice":"Purged","floor":4.0,"gold_loss":0.0,"damage_taken":0.0},{"damage_healed":0.0,"max_hp_gain":5.0,"max_hp_loss":0.0,"gold_gain":0.0,"event_name":"Big Fish","player_choice":"Donut","floor":11.0,"gold_loss":0.0,"damage_taken":0.0},{"damage_healed":0.0,"max_hp_gain":0.0,"max_hp_loss":0.0,"gold_gain":0.0,"event_name":"Golden Idol","player_choice":"Take Wound","floor":13.0,"gold_loss":0.0,"damage_taken":0.0,"relics_obtained":["Golden Idol"],"cards_obtained":["Injury"]},{"damage_healed":0.0,"max_hp_gain":0.0,"max_hp_loss":0.0,"gold_gain":50.0,"event_name":"Nest","player_choice":"Stole From Cult","floor":19.0,"gold_loss":0.0,"damage_taken":0.0},{"damage_healed":0.0,"max_hp_gain":0.0,"max_hp_loss":0.0,"gold_gain":0.0,"event_name":"Drug Dealer","player_choice":"Inject Mutagens","floor":21.0,"gold_loss":0.0,"damage_taken":0.0,"relics_obtained":["MutagenicStrength"]},{"damage_healed":16.0,"max_hp_gain":0.0,"max_hp_loss":0.0,"gold_gain":0.0,"event_name":"The Library","player_choice":"Heal","floor":25.0,"gold_loss":0.0,"damage_taken":0.0}],"is_beta":false,"boss_relics":[{"not_picked":["Snecko Eye","Tiny House"],"picked":"Black Star"}],"items_purged_floors":[20],"is_endless":false,"potions_floor_spawned":[1,2,10,12,16,22,23,31],"killed_by":"Collector","ascension_level":18}}