{"host":"CMSolomon","time":1611367243,"event":{"mods":["Act Like it!","BaseMod","Minty Spire (QoL Compilation)","StSLib"],"gold_per_floor":[118,135,16,16,36,36,69,86,111,124,153,163,163,183,183,256,256,269,269,281,5,5,5,5,5],"floor_reached":24,"language":"ZHS","playtime":848,"items_purged":["Strike_G","Strike_G"],"score":516,"play_id":"f01036d9-8916-4be5-a3b9-f4311f7f63a5","local_time":"20210123100043","is_ascension_mode":true,"campfire_choices":[{"data":"Dash","floor":6,"key":"SMITH"},{"data":"A Thousand Cuts","floor":15,"key":"SMITH"},{"data":"Cloak And Dagger","floor":23,"key":"SMITH"}],"circlet_count":0,"master_deck":["AscendersBane","Strike_G","Strike_G","Defend_G","Defend_G","Defend_G","Survivor","Neutralize","Blade Dance+1","Deadly Poison+1","Deflect+1","Blur","Dash+1","Accuracy","Infinite Blades","Accuracy","A Thousand Cuts+1","Die Die Die","Blade Dance","Backflip","Corpse Explosion","Acrobatics","Cloak And Dagger+1","Bandage Up"],"relics":["Astrolabe","Akabeko","Omamori","Lantern","Gremlin Horn","Black Star","Membership Card"],"acts_visited":["Exordium","TheCity"],"potions_floor_usage":[7,16],"damage_taken":[{"damage":2,"enemies":"Small Slimes","floor":1,"turns":3},{"damage":1,"enemies":"2 Louse","floor":2,"turns":3},{"damage":0,"enemies":"Jaw Worm","floor":5,"turns":5},{"damage":11,"enemies":"Gremlin Nob","floor":7,"turns":4},{"damage":0,"enemies":"2 Fungi Beasts","floor":8,"turns":3},{"damage":0,"enemies":"Looter","floor":10,"turns":3},{"damage":15,"enemies":"3 Sentries","floor":11,"turns":5},{"damage":0,"enemies":"3 Louse","floor":12,"turns":2},{"damage":9,"enemies":"Large Slime","floor":14,"turns":3},{"damage":0,"enemies":"Hexaghost","floor":16,"turns":6},{"damage":19,"enemies":"2 Thieves","floor":18,"turns":4},{"damage":34,"enemies":"Shell Parasite","floor":20,"turns":4},{"damage":15,"enemies":"Snake Plant","floor":24,"turns":2}],"seed_played":"5644091649687426583","potions_obtained":[{"floor":1,"key":"Strength Potion"},{"floor":5,"key":"Swift Potion"},{"floor":11,"key":"Dexterity Potion"},{"floor":16,"key":"Energy Potion"},{"floor":18,"key":"Explosive Potion"}],"is_trial":false,"path_per_floor":["M","M","$","?","M","R","E","M","T","M","E","M","?","M","R","B",null,"M","?","M","$","?","R","M"],"character_chosen":"THE_SILENT","items_purchased":["Accuracy","Membership Card","Bandage Up"],"campfire_rested":0,"item_purchase_floors":[3,21,21],"current_hp_per_floor":[57,56,56,45,45,45,34,34,34,34,19,19,19,10,10,10,52,33,46,12,12,12,12,0,0],"gold":5,"neow_bonus":"BOSS_RELIC","is_daily":false,"chose_seed":false,"campfire_upgraded":3,"win_rate":0.0,"timestamp":1611367243,"path_taken":["M","M","$","?","M","R","E","M","T","M","E","M","?","M","R","BOSS","M","?","M","$","?","R","M"],"items_purchased_type":["Card","Relic","Card"],"build_version":"2020-12-18","purchased_purges":2,"victory":false,"max_hp_per_floor":[66,66,66,66,66,66,66,66,66,66,66,66,66,66,66,66,66,66,66,66,66,66,66,66,66],"card_choices":[{"not_picked":["Setup","Endless Agony"],"picked":"Blur","floor":1},{"not_picked":["Flying Knee","Dagger Throw"],"picked":"Dash","floor":2},{"not_picked":["Masterful Stab","All Out Attack"],"picked":"Infinite Blades","floor":5},{"not_picked":["Deflect","Outmaneuver","Infinite Blades"],"picked":"SKIP","floor":7},{"not_picked":["Blur","Sucker Punch"],"picked":"Accuracy","floor":8},{"not_picked":["Flying Knee","Dodge and Roll"],"picked":"A Thousand Cuts","floor":10},{"not_picked":["Setup","Dash"],"picked":"Die Die Die","floor":11},{"not_picked":["Underhanded Strike","Acrobatics"],"picked":"Blade Dance","floor":12},{"not_picked":["Quick Slash","Expertise"],"picked":"Backflip","floor":14},{"not_picked":["Venomology","Night Terror"],"picked":"Corpse Explosion","floor":16},{"not_picked":["Heel Hook","Predator"],"picked":"Acrobatics","floor":18},{"not_picked":["Dodge and Roll+1","Sucker Punch"],"picked":"Cloak And Dagger","floor":20}],"player_experience":1343893,"relics_obtained":[{"floor":7,"key":"Omamori"},{"floor":9,"key":"Lantern"},{"floor":11,"key":"Gremlin Horn"}],"event_choices":[{"damage_healed":0,"gold_gain":0,"player_choice":"Success","damage_taken":11,"relics_obtained":["Akabeko"],"max_hp_gain":0,"max_hp_loss":0,"event_name":"Scrap Ooze","floor":4,"gold_loss":0},{"damage_healed":0,"gold_gain":0,"player_choice":"Ignored","damage_taken":0,"max_hp_gain":0,"max_hp_loss":0,"event_name":"Shining Light","floor":13,"gold_loss":0},{"damage_healed":13,"gold_gain":0,"player_choice":"Heal","damage_taken":0,"max_hp_gain":0,"max_hp_loss":0,"event_name":"The Library","floor":19,"gold_loss":0},{"damage_healed":0,"gold_gain":0,"player_choice":"Ignored","damage_taken":0,"max_hp_gain":0,"max_hp_loss":0,"event_name":"Vampires","floor":22,"gold_loss":0}],"is_beta":true,"boss_relics":[{"not_picked":["SacredBark","Philosopher\u0027s Stone"],"picked":"Black Star"}],"items_purged_floors":[3,21],"is_endless":false,"potions_floor_spawned":[1,5,11,16,18],"killed_by":"Snake Plant","ascension_level":20}}