{"host":"3omna1v4kuj0u9pv","time":1611375782,"event":{"mods":["AchievementEnabler","Act Like it!","Aspiration","BaseMod","Better Altar","Better Match","Better Note","Better Sensory Stone","Better Skull","Better Third Choice","Better Vampires","BetterRewards","CCEM","CapriCore","Conspire","Curses Come First","Displayed Cursed Tome","Downfall","Fox Events","Halation","Hallownest","Hubris","Infinite Spire","Minty Spire (QoL Compilation)","Permanent Neow","Poor People Problems","Rare Cards Sparkle","Replay The Spire","Shop Mod","Spicy Shops","StSLib","The Animator","The Bug Knight","Transform Curses"],"gold_per_floor":[41,41,41,53,71,106,106,121,176,176,86,86,99,125,125,222,222,237,237,237,237,252,252,268,268,294,50,50,50],"floor_reached":28,"language":"ENG","playtime":3135,"items_purged":[],"score":226,"play_id":"6dfc3c26-19ca-4c1d-bc50-f53142575bb8","local_time":"20210123142302","is_ascension_mode":false,"campfire_choices":[{"floor":7,"key":"REST"},{"floor":10,"key":"REST"},{"data":"HollowMod:DesolateDive","floor":12,"key":"SMITH"},{"floor":15,"key":"DIG"},{"data":"HollowMod:GrimmsGift","floor":23,"key":"SMITH"},{"data":"conspire:Banana","floor":25,"key":"SMITH"}],"circlet_count":0,"master_deck":["HollowMod:NailStrikeStart","HollowMod:NailStrikeStart","HollowMod:NailStrikeStart","HollowMod:QuickDashStart","HollowMod:QuickDashStart","HollowMod:FocusHealStart","HollowMod:PogoStrike","Hallownest:skillGreenpathMap","HollowMod:DashSlash","HollowMod:SoulMaster","HollowMod:GoodIntentions","HollowMod:DesolateDive+1","HollowMod:GrimmsGift+1","conspire:Banana+1","HollowMod:HornetsHelp","HollowMod:HornetsHelp","HollowMod:MonarchWings","HollowMod:Grubsong","Hallownest:attackAdjustingAction","HollowMod:BaldurShell","HollowMod:SoulStrike"],"relics":["HollowMod:VesselMask","aspiration:TomeofQuesting","Potion Belt","Meat on the Bone","Anchor","halation:Prosthetics","Ancient Tea Set","aspiration:Nostalgia","m_BronzeBlood"],"acts_visited":["Hallownest:Greenpath","Hallownest:CityofTears"],"potions_floor_usage":[6,16,28],"damage_taken":[{"damage":2,"enemies":"Hallownest:monsterHuskGuard","floor":1,"turns":4},{"damage":2,"enemies":"Hallownest:monsterMarmu","floor":3,"turns":5},{"damage":7,"enemies":"2_ Uuma","floor":4,"turns":4},{"damage":0,"enemies":"Hallownest:monsterHuskWarrior","floor":5,"turns":4},{"damage":32,"enemies":"Hallownest:eliteVengeflyKing","floor":6,"turns":7},{"damage":6,"enemies":"Hallownest:2_Tiktiks_1_Baldur_1_Crawlid","floor":8,"turns":3},{"damage":4,"enemies":"Hallownest:MossCreep_and_Mosskin","floor":13,"turns":4},{"damage":15,"enemies":"Hallownest:eliteCrystalGuardian","floor":14,"turns":6},{"damage":26,"enemies":"Hallownest:BossBrokenVessel","floor":16,"turns":8},{"damage":15,"enemies":"Hallownest:Guard_and_Sentry","floor":18,"turns":7},{"damage":23,"enemies":"Hallownest:3_Youths","floor":22,"turns":9},{"damage":7,"enemies":"Hallownest:monsterMisterMushroom","floor":24,"turns":9},{"damage":67,"enemies":"Nightmare","floor":28,"turns":9}],"seed_played":"4930007127394623056","potions_obtained":[{"floor":5,"key":"champ:CounterPotion"},{"floor":8,"key":"hexamod:SoulburnPotion"},{"floor":14,"key":"GamblersBrew"},{"floor":16,"key":"FearPotion"},{"floor":18,"key":"SpeedPotion"}],"is_trial":false,"path_per_floor":["M","$","?","M","M","E","R","M","T","R","$","R","M","E","R","B",null,"M","?","?","?","M","R","M","R","T","$","NM"],"character_chosen":"THE_BUGKNIGHT","items_purchased":["conspire:Banana","aspiration:Nostalgia","HollowMod:BaldurShell","HollowMod:SoulStrike"],"campfire_rested":2,"item_purchase_floors":[11,27,27,27],"current_hp_per_floor":[73,73,71,70,75,43,65,59,59,75,75,75,72,62,62,49,43,29,25,36,38,34,34,38,38,38,38,0,0],"gold":50,"neow_bonus":"RANDOM_EVENT","is_daily":false,"chose_seed":false,"campfire_upgraded":3,"win_rate":0.0,"timestamp":1611375782,"path_taken":["M","?","?","M","?","E","R","M","T","R","$","R","M","E","R","BOSS","M","?","?","?","?","R","M","R","T","$","NM"],"items_purchased_type":["Card","Relic","Card","Card"],"build_version":"2020-12-22","purchased_purges":0,"victory":false,"max_hp_per_floor":[75,75,75,75,75,75,75,75,75,75,75,75,76,77,77,78,43,44,44,44,44,45,45,46,46,46,46,48,48],"card_choices":[{"not_picked":["HollowMod:ChannelNail","HollowMod:LifebloodCocoon"],"picked":"HollowMod:DashSlash","floor":1},{"not_picked":["HollowMod:InfectedAttack","HollowMod:WraithStrike"],"picked":"HollowMod:SoulMaster","floor":4},{"not_picked":["HollowMod:InfectedAttack","HollowMod:InfectedCysts"],"picked":"HollowMod:GoodIntentions","floor":5},{"not_picked":["HollowMod:Hiveblood","HollowMod:NewGlowingWomb"],"picked":"HollowMod:DesolateDive","floor":6},{"not_picked":["HollowMod:NewJinnsSoul","HollowMod:MonarchWings"],"picked":"HollowMod:GrimmsGift","floor":8},{"not_picked":["HollowMod:InfectedCysts","HollowMod:InfectedAttack","HollowMod:TaintedHusks"],"picked":"SKIP","floor":13},{"not_picked":["HollowMod:SiblingsShadow","HollowMod:WraithStrike"],"picked":"HollowMod:HornetsHelp","floor":14},{"not_picked":["HollowMod:MidwifesHunger","HollowMod:VoidDash"],"picked":"HollowMod:HornetsHelp","floor":16},{"not_picked":["HollowMod:HowlingWraiths","HollowMod:InfectedAttack"],"picked":"HollowMod:MonarchWings","floor":18},{"not_picked":["HollowMod:InfectedCysts","HollowMod:DescendingDark"],"picked":"HollowMod:Grubsong","floor":22},{"not_picked":["HollowMod:InfectedAttack","HollowMod:BlackTendrils","HollowMod:HuntersJournal"],"picked":"SKIP","floor":24}],"player_experience":145776,"relics_obtained":[{"floor":6,"key":"aspiration:TomeofQuesting"},{"floor":9,"key":"Potion Belt"},{"floor":14,"key":"Meat on the Bone"},{"floor":15,"key":"Anchor"},{"floor":26,"key":"Ancient Tea Set"}],"event_choices":[{"damage_healed":2,"gold_gain":0,"player_choice":"LEAVE ","damage_taken":0,"relics_obtained":[],"max_hp_gain":0,"max_hp_loss":0,"event_name":"betterSkull:BetterSkull","floor":21,"gold_loss":0,"cards_upgraded":[]}],"is_beta":false,"boss_relics":[{"not_picked":["Painkiller Herb","Ring of Chaos"],"picked":"halation:Prosthetics"}],"items_purged_floors":[],"is_endless":true,"potions_floor_spawned":[5,8,14,16,18],"killed_by":"Nightmare","ascension_level":0}}