{"host":"gafwejejal4v72m6","time":1611419004,"event":{"mods":["Aspiration","BaseMod","BetterRewards","Clockwork Mod","Conspire","Hermit","Hubris","Minty Spire (QoL Compilation)","Rare Cards Sparkle","Shop Mod","StSLib","The Necromancer"],"gold_per_floor":[114,114,114,664,664,679,679,679,694,709,709,739,754,754,754,754],"floor_reached":16,"language":"RUS","playtime":542,"items_purged":["Regret"],"score":100,"play_id":"2de23316-ec0f-44a1-8792-116e906e7569","local_time":"20210123232324","daily_mods":["Cursed Run","Purple Cards","DeadlyEvents"],"is_ascension_mode":false,"campfire_choices":[{"data":"Mayhem","floor":6,"key":"SMITH"},{"data":"FollowUp","floor":8,"key":"SMITH"},{"data":"FollowUp+1","floor":12,"key":"SMITH"},{"data":"Doppelganger","floor":15,"key":"SMITH"}],"circlet_count":0,"master_deck":["Strike_G","Strike_G","Strike_G","Strike_G","Strike_G","Defend_G","Defend_G","Defend_G","Defend_G","Defend_G","Survivor","Neutralize","FollowUp+2","Evaluate","Mayhem+1","EmptyBody","hubris:Envy","Flying Knee","Blade Dance","Doppelganger+1"],"relics":["Cursed Key","Darkstone Periapt","Du-Vu Doll","hubris:Teleporter","conspire:InfiniteJournal","Bag of Marbles","Paper Crane","Calipers"],"acts_visited":["Exordium"],"potions_floor_usage":[13],"damage_taken":[{"damage":0.0,"enemies":"2 Louse","floor":1.0,"turns":3.0},{"damage":0,"enemies":"Jaw Worm","floor":7,"turns":5},{"damage":10,"enemies":"Small Slimes","floor":10,"turns":2},{"damage":1,"enemies":"Exordium Wildlife","floor":11,"turns":3},{"damage":35,"enemies":"Gremlin Nob","floor":13,"turns":5},{"damage":1,"enemies":"Looter","floor":14,"turns":2},{"damage":36,"enemies":"The Guardian","floor":16,"turns":12}],"seed_played":"-4692305807027556167","potions_obtained":[{"floor":7,"key":"CultistPotion"},{"floor":10,"key":"FearPotion"}],"is_trial":false,"path_per_floor":["M","?","?","$","R","M","R","T","M","M","R","E","M","R","B"],"character_chosen":"THE_SILENT","items_purchased":["conspire:InfiniteJournal","Mayhem","Bag of Marbles","EmptyBody"],"campfire_rested":0,"item_purchase_floors":[4,4,4,4],"current_hp_per_floor":[70,70,76,76,76,76,76,82,72,71,71,36,35,35,0,0],"gold":754,"neow_bonus":"","is_daily":true,"chose_seed":false,"campfire_upgraded":4,"win_rate":0.0,"timestamp":1611419004,"path_taken":["M","?","?","$","R","M","R","T","?","M","R","?","M","R","BOSS"],"items_purchased_type":["Relic","Card","Relic","Card"],"build_version":"2020-12-22","purchased_purges":1,"victory":false,"max_hp_per_floor":[70,70,76,76,76,76,76,82,82,82,82,82,82,82,82,82],"card_choices":[{"not_picked":["Flying Knee","CrushJoints"],"picked":"FollowUp","floor":1.0},{"not_picked":["Skewer","Calculated Gamble","hubris:SlightOfHand"],"picked":"SKIP","floor":7},{"not_picked":["Underhanded Strike","Meditate"],"picked":"Flying Knee","floor":10},{"not_picked":["Heel Hook","FlyingSleeves","EmptyFist"],"picked":"SKIP","floor":11},{"not_picked":["Expertise","SignatureMove"],"picked":"Blade Dance","floor":13},{"not_picked":["Blade Dance","ClearTheMind"],"picked":"Doppelganger","floor":14}],"player_experience":98408,"relics_obtained":[{"floor":9,"key":"Paper Crane"},{"floor":13,"key":"Calipers"}],"event_choices":[{"damage_healed":0.0,"max_hp_gain":0.0,"max_hp_loss":0.0,"gold_gain":0.0,"event_name":"Big Fish","player_choice":"Box","floor":3.0,"gold_loss":0.0,"damage_taken":0.0,"relics_obtained":["hubris:Teleporter"],"cards_obtained":["Regret"]}],"is_beta":false,"boss_relics":[],"items_purged_floors":[4],"is_endless":false,"potions_floor_spawned":[7,10],"killed_by":"The Guardian","ascension_level":0}}