{"host":"vyjryxuuuxkt43k4","time":1611411559,"event":{"mods":["AchievementEnabler","BaseMod","Colored Map","DeckTracker","Keyboard Shortcuts","Minty Spire (QoL Compilation)","Permanent Neow","Quick Restart","StSLib","SuperFastMode","everything is the same but u backflip on backflip"],"gold_per_floor":[111,61,80,90,107,107,136,136,212,222,222,36,61,61,61,159,159,175,208,219,219,236,262,262,274,274,304,321,33,33,33,33],"floor_reached":31,"language":"KOR","playtime":1432,"items_purged":["Strike_B","Strike_B"],"score":385,"play_id":"e7c2ef4c-a01b-4226-917b-462d34acba03","local_time":"20210123231919","is_ascension_mode":true,"campfire_choices":[{"data":"Dualcast","floor":6,"key":"SMITH"},{"data":"Coolheaded","floor":8,"key":"SMITH"},{"floor":15,"key":"REST"},{"floor":24,"key":"REST"},{"floor":30,"key":"REST"}],"circlet_count":0,"master_deck":["Defend_B","Defend_B","Defend_B","Defend_B","Zap","Dualcast+1","Ball Lightning","Cold Snap","Loop","Coolheaded+1","Compile Driver","Ball Lightning","Self Repair","Sunder","Creative AI+1","Core Surge","Hologram","Conserve Battery+1","Glacier+1","Tempest+1","Capacitor","Ball Lightning","Cold Snap","Melter+1","Apotheosis"],"relics":["Cracked Core","Anchor","Emotion Chip","Question Card","Nunchaku","Busted Crown","Red Mask","Ice Cream","Peace Pipe"],"acts_visited":["Exordium","TheCity"],"potions_floor_usage":[16,16,27,31,31],"damage_taken":[{"damage":0,"enemies":"Jaw Worm","floor":1,"turns":3},{"damage":0,"enemies":"Small Slimes","floor":3,"turns":3},{"damage":0,"enemies":"Cultist","floor":4,"turns":3},{"damage":9,"enemies":"Looter","floor":5,"turns":4},{"damage":23,"enemies":"3 Sentries","floor":7,"turns":8},{"damage":4,"enemies":"Exordium Wildlife","floor":10,"turns":3},{"damage":19,"enemies":"Lagavulin","floor":13,"turns":5},{"damage":22,"enemies":"The Guardian","floor":16,"turns":10},{"damage":10,"enemies":"Spheric Guardian","floor":18,"turns":4},{"damage":37,"enemies":"Masked Bandits","floor":19,"turns":4},{"damage":5,"enemies":"2 Thieves","floor":20,"turns":4},{"damage":6,"enemies":"Sentry and Sphere","floor":22,"turns":6},{"damage":23,"enemies":"Gremlin Leader","floor":23,"turns":6},{"damage":6,"enemies":"Centurion and Healer","floor":25,"turns":8},{"damage":21,"enemies":"Slavers","floor":27,"turns":5},{"damage":8,"enemies":"Snake Plant","floor":28,"turns":4},{"damage":64,"enemies":"Gremlin Leader","floor":31,"turns":10}],"seed_played":"-7596322399579916417","potions_obtained":[{"floor":4,"key":"Dexterity Potion"},{"floor":5,"key":"GamblersBrew"},{"floor":10,"key":"CultistPotion"},{"floor":13,"key":"Swift Potion"},{"floor":16,"key":"Swift Potion"},{"floor":19,"key":"BlessingOfTheForge"},{"floor":23,"key":"PotionOfCapacity"},{"floor":28,"key":"SneckoOil"}],"is_trial":false,"path_per_floor":["M","?","M","M","M","R","E","R","T","M","?","$","E","?","R","B",null,"M","?","M","?","M","E","R","M","T","E","M","$","R","E"],"character_chosen":"DEFECT","items_purchased":["Self Repair","Sunder","Apotheosis"],"campfire_rested":3,"item_purchase_floors":[12,12,29],"current_hp_per_floor":[68,68,68,68,59,59,36,36,36,32,25,25,13,13,35,13,60,57,27,29,29,30,14,36,37,37,23,22,22,44,0,0],"gold":33,"neow_bonus":"RANDOM_COMMON_RELIC","is_daily":false,"chose_seed":false,"campfire_upgraded":2,"win_rate":0.0,"timestamp":1611411559,"path_taken":["M","?","M","M","M","R","E","R","T","M","?","$","E","?","R","BOSS","M","?","M","?","M","E","R","M","T","E","M","$","R","E"],"items_purchased_type":["Card","Card","Card"],"build_version":"2020-12-22","purchased_purges":2,"victory":false,"max_hp_per_floor":[75,75,75,75,75,75,75,75,75,75,75,75,75,75,75,75,75,75,75,75,75,75,75,75,75,75,75,75,75,75,75,75],"card_choices":[{"not_picked":["Compile Driver","Blizzard"],"picked":"Ball Lightning","floor":1},{"not_picked":["Reprogram","Tempest"],"picked":"Cold Snap","floor":3},{"not_picked":["Static Discharge","White Noise"],"picked":"Loop","floor":4},{"not_picked":["Scrape","Leap"],"picked":"Coolheaded","floor":5},{"not_picked":["Skim","Multi-Cast"],"picked":"Compile Driver","floor":7},{"not_picked":["Turbo","Cold Snap","Leap"],"picked":"Ball Lightning","floor":10},{"not_picked":["Undo","Ball Lightning","Heatsinks"],"picked":"Creative AI","floor":13},{"not_picked":["Creative AI","Buffer","Amplify"],"picked":"Core Surge","floor":16},{"not_picked":["Streamline"],"picked":"Hologram","floor":18},{"not_picked":["Steam+1"],"picked":"Conserve Battery+1","floor":19},{"not_picked":["Ball Lightning"],"picked":"Glacier+1","floor":20},{"not_picked":["Force Field+1"],"picked":"Tempest+1","floor":22},{"not_picked":["Defragment"],"picked":"Capacitor","floor":23},{"not_picked":["Hologram"],"picked":"Ball Lightning","floor":25},{"not_picked":["Reprogram"],"picked":"Cold Snap","floor":27},{"not_picked":["Coolheaded"],"picked":"Melter+1","floor":28}],"player_experience":269930,"relics_obtained":[{"floor":7,"key":"Emotion Chip"},{"floor":9,"key":"Question Card"},{"floor":13,"key":"Nunchaku"},{"floor":19,"key":"Red Mask"},{"floor":23,"key":"Ice Cream"},{"floor":27,"key":"Peace Pipe"}],"event_choices":[{"cards_removed":["Strike_B"],"damage_healed":0,"gold_gain":0,"player_choice":"Card Removal","damage_taken":0,"max_hp_gain":0,"max_hp_loss":0,"event_name":"The Cleric","floor":2,"gold_loss":50},{"cards_removed":["Strike_B"],"damage_healed":0,"gold_gain":0,"player_choice":"Card Removal","damage_taken":7,"max_hp_gain":0,"max_hp_loss":0,"event_name":"Golden Wing","floor":11,"gold_loss":0},{"damage_healed":0,"gold_gain":0,"player_choice":"Grow","damage_taken":0,"max_hp_gain":0,"max_hp_loss":0,"event_name":"Living Wall","floor":14,"gold_loss":0,"cards_upgraded":["Creative AI"]},{"damage_healed":0,"gold_gain":0,"player_choice":"Fought Bandits","damage_taken":0,"max_hp_gain":0,"max_hp_loss":0,"event_name":"Masked Bandits","floor":19,"gold_loss":0},{"damage_healed":0,"gold_gain":0,"player_choice":"Ignored","damage_taken":0,"max_hp_gain":0,"max_hp_loss":0,"event_name":"Vampires","floor":21,"gold_loss":0}],"is_beta":false,"boss_relics":[{"not_picked":["Runic Dome","Snecko Eye"],"picked":"Busted Crown"}],"items_purged_floors":[12,29],"is_endless":false,"potions_floor_spawned":[4,5,10,13,16,19,23,28],"killed_by":"Gremlin Leader","ascension_level":7}}