{"host":"hfbeeaxchx6djfso","time":1611432053,"event":{"mods":["AchievementEnabler","Aspiration","BaseMod","Better Third Choice","Colored Map","Downfall","GungeonMod","Hermit","HololiveMod","Infinite Spire","Marisa????????","Minty Spire (QoL Compilation)","Rare Cards Sparkle","StSLib","The Cursed","The Servant 0.9.4","The Wild Card"],"gold_per_floor":[80,12,28,47,47,78,78,96,96,96,106,123,141,159,159,255,255,244,257,270,270,270,270,185,220,220,245,245,245,16,27,27,142,142,160,160,178,194,194,225,225,270,295,323,323,357,371,371,371,371,371,371,333,359,359,359],"floor_reached":55,"language":"ENG","playtime":4654,"items_purged":[],"score":1444,"play_id":"ecf53344-bbc7-4621-944e-4631686a584b","local_time":"20210123170053","is_ascension_mode":true,"campfire_choices":[{"data":"Hololive_CallMurasakiShion","floor":7,"key":"SMITH"},{"floor":15,"key":"RECALL"},{"data":"Hololive_CallUruhaRushia","floor":23,"key":"SMITH"},{"data":"Hololive_CallAmaneKanata","floor":29,"key":"SMITH"},{"data":"Hololive_CallHoushouMarine","floor":32,"key":"SMITH"},{"data":"Hololive_StrengthChampion+1","floor":45,"key":"SMITH"},{"data":"Hololive_CallTokoyamiTowa","floor":49,"key":"SMITH"},{"data":"Hololive_StrengthChampion+2","floor":52,"key":"SMITH"}],"circlet_count":0,"master_deck":["Hololive_Yoholoon+1","Hololive_CallUsadaPekora+1","Hololive_CallDoris+1","Hololive_CallArtia+1","Hololive_CallNakiriAyame+1","Hololive_CallAkaiHaato+1","Hololive_BringToTrial+1","Hololive_CallMurasakiShion+1","Hololive_CallTsunomakiWatame+1","Hololive_CallInugamiKorone+1","Hololive_CallShishiroBotan+1","Hololive_CallHoushouMarine+1","Hololive_OvertimeWork+1","Hololive_CallUruhaRushia+1","Hololive_CallAmaneKanata+1","Hololive_CallYukihanaLamy+1","Hololive_Breathe+1","Hololive_ILoveYou+1","Hololive_OpenUp+1","Hololive_CallFriendA+1","Hololive_CallMomosuzuNene+14","Hololive_CallRosalyn+1","Insight+1","Hololive_DiamondStrike+1","Hololive_CallInugamiKorone+1","Hololive_Drill+1","Hololive_CocoNews+1","Hololive_CallManoAloe+1","Hololive_FlyingPonyTail+1","Hololive_MaximGun+1","Hololive_CallKiryuuCoco+1","Hololive_StrengthChampion+3","Hololive_CallTokoyamiTowa+1","Hololive_HighAtkLowDef","Hololive_Teleport+1","Hololive_CallRoboco"],"relics":["Hololive_TheStar","DemoMod:ClearGuonStone","Toy Ornithopter","Bird Faced Urn","Eternal Feather","DemoMod:MemoryAlloy","aspiration:VileToxins","Ancient Tea Set","Mark of the Bloom","aspiration:DSix","Vajra","CatCart","Orichalcum","DemoMod:Bottle","DemoMod:GlassGuonStoneRelic","Hololive_LightStick","Strawberry"],"acts_visited":["Exordium","TheCity","TheBeyond","TheEnding"],"potions_floor_usage":[55,55],"damage_taken":[{"damage":0,"enemies":"Jaw Worm","floor":1,"turns":3},{"damage":0,"enemies":"Cultist","floor":3,"turns":3},{"damage":0,"enemies":"Small Slimes","floor":4,"turns":3},{"damage":0,"enemies":"3 Sentries","floor":6,"turns":6},{"damage":3,"enemies":"Gremlin Gang","floor":8,"turns":5},{"damage":0,"enemies":"Exordium Thugs","floor":11,"turns":4},{"damage":0,"enemies":"Looter","floor":12,"turns":2},{"damage":0,"enemies":"Blue Slaver","floor":13,"turns":3},{"damage":0,"enemies":"Large Slime","floor":14,"turns":5},{"damage":0,"enemies":"Slime Boss","floor":16,"turns":7},{"damage":0,"enemies":"2 Thieves","floor":18,"turns":4},{"damage":0,"enemies":"Chosen","floor":19,"turns":5},{"damage":0,"enemies":"Sentry and Sphere","floor":20,"turns":5},{"damage":22,"enemies":"Gremlin Leader","floor":25,"turns":6},{"damage":0,"enemies":"Book of Stabbing","floor":27,"turns":5},{"damage":0,"enemies":"Snake Plant","floor":31,"turns":4},{"damage":0,"enemies":"Collector","floor":33,"turns":6},{"damage":0,"enemies":"Orb Walker","floor":35,"turns":3},{"damage":0,"enemies":"3 Darklings","floor":37,"turns":5},{"damage":0,"enemies":"Sphere and 2 Shapes","floor":38,"turns":3},{"damage":0,"enemies":"Nemesis","floor":40,"turns":5},{"damage":0,"enemies":"Orin","floor":42,"turns":8},{"damage":0,"enemies":"Giant Head","floor":44,"turns":5},{"damage":29,"enemies":"Reptomancer","floor":46,"turns":5},{"damage":0,"enemies":"Jaw Worm Horde","floor":47,"turns":3},{"damage":0,"enemies":"Awakened One","floor":50,"turns":7},{"damage":0,"enemies":"Shield and Spear","floor":54,"turns":4},{"damage":32,"enemies":"The Heart","floor":55,"turns":3}],"seed_played":"-957748724975710280","potions_obtained":[{"floor":4,"key":"SpeedPotion"},{"floor":6,"key":"DuplicationPotion"},{"floor":8,"key":"Strength Potion"},{"floor":11,"key":"BlessingOfTheForge"},{"floor":27,"key":"champ:CounterPotion"},{"floor":44,"key":"Strength Potion"}],"is_trial":false,"path_per_floor":["M","$","M","M","?","E","R","M","T","?","M","M","M","M","R","B",null,"M","M","M","?","?","R","?","E","T","E","?","R","$","M","R","B",null,"M","?","M","M","AVR","E","?","?","T","E","R","E","M","?","R","B",null,"R","$","E","B"],"character_chosen":"Hololive_HololiveCharacter","items_purchased":["Hololive_CallTsunomakiWatame","Ancient Tea Set","Hololive_CallManoAloe","Hololive_CallRoboco"],"campfire_rested":0,"item_purchase_floors":[2,30,30,53],"current_hp_per_floor":[32,32,32,32,32,33,33,31,31,31,32,33,34,35,35,36,41,42,43,44,44,44,44,44,23,23,44,44,47,47,47,47,45,45,45,45,45,45,45,45,45,45,45,45,45,16,16,16,16,16,16,16,16,16,0,0],"gold":359,"neow_bonus":"TRANSFORM_CARD","is_daily":false,"chose_seed":false,"campfire_upgraded":7,"win_rate":0.0,"timestamp":1611432053,"path_taken":["M","$","M","M","?","E","R","?","T","?","M","?","M","M","R","BOSS","M","M","M","?","?","R","?","E","T","E","?","R","$","?","R","BOSS","M","?","M","M","AVR","E","?","?","T","E","R","E","M","?","R","BOSS","R","$","E","BOSS"],"items_purchased_type":["Card","Relic","Card","Card"],"build_version":"2020-12-22","purchased_purges":0,"victory":false,"max_hp_per_floor":[35,35,35,35,35,36,36,37,37,37,38,39,40,41,41,42,42,43,44,45,45,45,45,45,46,46,47,47,47,47,47,47,45,45,45,45,45,45,45,45,45,45,45,45,45,45,45,45,45,45,45,45,45,52,52,52],"card_choices":[{"not_picked":["Hololive_OvertimeWork","Hololive_Psychosis","Hololive_StrengthChampion"],"picked":"Hololive_CallMurasakiShion","floor":1},{"not_picked":["Hololive_Breathe","Hololive_CallOkamiMio","Hololive_LuckPotion"],"picked":"Hololive_CallInugamiKorone","floor":3},{"not_picked":["Hololive_Watashimo","Hololive_CallAiraniIofifteen","Hololive_OvertimeWork"],"picked":"Hololive_CallShishiroBotan","floor":4},{"not_picked":["Hololive_HuntDinosaur","Hololive_Psychosis","Hololive_Drill"],"picked":"Hololive_OvertimeWork","floor":6},{"not_picked":["Hololive_Breathe","Hololive_StrengthChampion","Hololive_CocoNews"],"picked":"Hololive_CallUruhaRushia","floor":8},{"not_picked":["Hololive_Breathe","Hololive_CallSpadeEcho","Hololive_StrengthChampion"],"picked":"Hololive_CallYukihanaLamy","floor":11},{"not_picked":["Hololive_CallTsunomakiWatame","Hololive_OvertimeWork","Hololive_HuntDinosaur","Hololive_Trident"],"picked":"SKIP","floor":12},{"not_picked":["Hololive_RevenueBasedLive","Hololive_DiamondStrike","Hololive_BringToTrial"],"picked":"Hololive_Breathe","floor":13},{"not_picked":["Hololive_RevenueBasedLive","Hololive_FlyingPonyTail","Hololive_StrengthChampion"],"picked":"Hololive_ILoveYou","floor":14},{"not_picked":["Hololive_HighAtkLowDef","Hololive_ScarfAndHalo","Hololive_DDD"],"picked":"Hololive_OpenUp","floor":16},{"not_picked":["Hololive_CallAmaneKanata","Hololive_RevenueBasedLive+1","Hololive_Sequa+1"],"picked":"Hololive_CallFriendA","floor":18},{"not_picked":["Hololive_StrengthChampion","Hololive_Psychosis+1","Hololive_HuntDinosaur"],"picked":"Hololive_CallMomosuzuNene","floor":19},{"not_picked":["Hololive_FlyingPonyTail","Hololive_Breathe+1","Hololive_CocoNews+1"],"picked":"Hololive_CallRosalyn+1","floor":20},{"not_picked":["Hololive_CallAkaiHaato","Hololive_RevenueBasedLive","Hololive_OvertimeWork"],"picked":"Hololive_Drill+1","floor":25},{"not_picked":["Hololive_Rebound","Hololive_WolfAndLamb","Hololive_CallMomosuzuNene"],"picked":"Hololive_CocoNews","floor":27},{"not_picked":["Hololive_OvertimeWork","Hololive_Trident","Hololive_LuckPotion"],"picked":"Hololive_FlyingPonyTail","floor":31},{"not_picked":["Hololive_ScarfAndHalo","Hololive_FlareMind","Hololive_DurableLive"],"picked":"Hololive_MaximGun","floor":33},{"not_picked":["Hololive_LuckPotion","Hololive_StrengthChampion+1","Hololive_CallMomosuzuNene+1"],"picked":"Hololive_CallKiryuuCoco+1","floor":35},{"not_picked":["Hololive_Trident+1","DemoMod:Spice+1","Hololive_CallOkamiMio"],"picked":"Hololive_StrengthChampion+1","floor":37},{"not_picked":["Hololive_FlyingPonyTail","Hololive_RevenueBasedLive","Hololive_Breathe"],"picked":"Hololive_CallTokoyamiTowa","floor":38},{"not_picked":["Hololive_CocoNews+1","Hololive_OvertimeWork+1","Hololive_LuckPotion"],"picked":"Hololive_HighAtkLowDef","floor":40},{"not_picked":["Hololive_Rebound+1","Hololive_FlyingPonyTail","Hololive_Breathe"],"picked":"Hololive_Teleport+1","floor":42},{"not_picked":["Hololive_OvertimeWork+1","Hololive_Drill","Hololive_StrengthChampion","Hololive_ILoveYou+1"],"picked":"SKIP","floor":44},{"not_picked":["Hololive_RevenueBasedLive","Hololive_BeCareful","Hololive_LuckPotion","Hololive_ILoveYou"],"picked":"SKIP","floor":46},{"not_picked":["Hololive_CallArtia","Hololive_CocoNews+1","Hololive_Trident+1","Hololive_Sequa"],"picked":"SKIP","floor":47},{"not_picked":["Hololive_CallUsadaPekora+1","Hololive_Sequa","Hololive_CocoNews+1","Hololive_LuckPotion+1"],"picked":"SKIP","floor":54}],"player_experience":151172,"relics_obtained":[{"floor":6,"key":"DemoMod:ClearGuonStone"},{"floor":25,"key":"Bird Faced Urn"},{"floor":26,"key":"Eternal Feather"},{"floor":27,"key":"DemoMod:MemoryAlloy"},{"floor":40,"key":"Vajra"},{"floor":42,"key":"CatCart"},{"floor":43,"key":"Orichalcum"},{"floor":44,"key":"DemoMod:Bottle"},{"floor":46,"key":"Hololive_LightStick"},{"floor":54,"key":"Strawberry"}],"event_choices":[{"damage_healed":0,"gold_gain":0,"player_choice":"2 cards matched","damage_taken":0,"max_hp_gain":0,"max_hp_loss":0,"event_name":"Match and Keep!","floor":5,"gold_loss":0,"cards_obtained":["Hololive_CallHoushouMarine","Hololive_AWSL"]},{"damage_healed":0,"gold_gain":0,"cards_transformed":["Hololive_Strike"],"player_choice":"Transformed","damage_taken":0,"max_hp_gain":0,"max_hp_loss":0,"event_name":"Transmorgrifier","floor":10,"gold_loss":0,"cards_obtained":["Hololive_CallAmaneKanata"]},{"damage_healed":0,"gold_gain":0,"player_choice":"Insight","damage_taken":0,"max_hp_gain":0,"max_hp_loss":0,"event_name":"betterThird:BetterWriting","floor":21,"gold_loss":0,"cards_obtained":["Insight"]},{"damage_healed":0,"gold_gain":0,"cards_transformed":["Hololive_Defend","Hololive_Defend"],"player_choice":"Became Test Subject","damage_taken":0,"max_hp_gain":0,"max_hp_loss":0,"event_name":"Drug Dealer","floor":22,"gold_loss":0,"cards_obtained":["Hololive_DiamondStrike","Hololive_CallInugamiKorone"]},{"damage_healed":0,"gold_gain":0,"player_choice":"Obtained Relic","damage_taken":0,"relics_obtained":["Toy Ornithopter"],"max_hp_gain":0,"max_hp_loss":0,"event_name":"Addict","floor":24,"gold_loss":85},{"cards_removed":["Hololive_AWSL"],"damage_healed":0,"gold_gain":0,"player_choice":"Gave Card","damage_taken":0,"relics_obtained":["aspiration:VileToxins"],"max_hp_gain":0,"max_hp_loss":0,"event_name":"WeMeetAgain","floor":28,"gold_loss":0},{"damage_healed":0,"gold_gain":0,"player_choice":"Upgrade","damage_taken":0,"relics_obtained":["Mark of the Bloom"],"max_hp_gain":0,"max_hp_loss":0,"event_name":"MindBloom","floor":36,"gold_loss":0,"cards_upgraded":["Hololive_Yoholoon","Hololive_CallUsadaPekora","Hololive_CallDoris","Hololive_CallArtia","Hololive_CallNakiriAyame","Hololive_CallAkaiHaato","Hololive_BringToTrial","Hololive_CallTsunomakiWatame","Hololive_CallInugamiKorone","Hololive_CallShishiroBotan","Hololive_OvertimeWork","Hololive_CallYukihanaLamy","Hololive_Breathe","Hololive_ILoveYou","Hololive_OpenUp","Hololive_CallFriendA","Hololive_CallMomosuzuNene","Insight","Hololive_DiamondStrike","Hololive_CallInugamiKorone","Hololive_CocoNews","Hololive_CallManoAloe","Hololive_FlyingPonyTail","Hololive_MaximGun"]},{"damage_healed":0,"gold_gain":0,"player_choice":"Memory 1","damage_taken":0,"max_hp_gain":0,"max_hp_loss":0,"event_name":"SensoryStone","floor":41,"gold_loss":0},{"damage_healed":0,"gold_gain":0,"player_choice":"Fight","damage_taken":0,"max_hp_gain":0,"max_hp_loss":0,"event_name":"OrinTheCat","floor":42,"gold_loss":0},{"damage_healed":0,"gold_gain":0,"player_choice":"Ignored","damage_taken":0,"max_hp_gain":0,"max_hp_loss":0,"event_name":"Duplicator","floor":48,"gold_loss":0}],"is_beta":false,"boss_relics":[{"not_picked":["aspiration:SilentSkillbook","Hololive_ChaosS","Calling Bell"]},{"not_picked":["Velvet Choker","aspiration:FutureDiary","Cursed Key"]}],"items_purged_floors":[],"is_endless":false,"potions_floor_spawned":[4,6,8,11,12,13,18,25,27,38,40,42,44],"killed_by":"The Heart","ascension_level":6}}