{"host":"irwdypew7j0recua","time":1611369642,"event":{"mods":["AchievementEnabler","BaseMod","Better Vampires","Custom Start","DeckTracker","Downfall","Googly Eyes","Gremlin Mod","Hermit","Infinite Spire","Lobotomy","Marisa????????","Minty Spire (QoL Compilation)","Quick Restart","Replay The Spire","Reworked Bosses","Shop Mod","Spicy Shops","StSLib","The Bug Knight","The Cursed","The Jungle","The Necromancer"],"gold_per_floor":[367,382,401,401,401,401,401],"floor_reached":6,"language":"ENG","playtime":272,"items_purged":[],"score":38,"play_id":"f6745d6d-5c5b-4549-9168-a879710abf4e","local_time":"20210123004042","is_ascension_mode":true,"campfire_choices":[],"circlet_count":0,"master_deck":["hermit:Strike_Hermit","hermit:Strike_Hermit","hermit:Strike_Hermit","hermit:Strike_Hermit","hermit:Defend_Hermit","hermit:Defend_Hermit","hermit:Defend_Hermit","hermit:Defend_Hermit","hermit:Snapshot","hermit:Covet","hermit:HighCaliber","hermit:Brawl","hermit:BigShot","Injury"],"relics":["hermit:Momento","Golden Idol"],"acts_visited":["Exordium"],"potions_floor_usage":[],"damage_taken":[{"damage":1,"enemies":"Cultist","floor":1,"turns":3},{"damage":5,"enemies":"2 Louse","floor":2,"turns":2},{"damage":11,"enemies":"Jaw Worm","floor":3,"turns":3},{"damage":38,"enemies":"3 Sentries","floor":6,"turns":10}],"seed_played":"4971733832341938227","potions_obtained":[{"floor":2,"key":"SneckoOil"}],"is_trial":false,"path_per_floor":["M","M","M","?","?","E"],"character_chosen":"HERMIT","items_purchased":[],"campfire_rested":0,"item_purchase_floors":[],"current_hp_per_floor":[53,48,37,37,37,0,0],"gold":401,"neow_bonus":"TWO_FIFTY_GOLD","is_daily":false,"chose_seed":false,"campfire_upgraded":0,"win_rate":0.0,"timestamp":1611369642,"path_taken":["M","?","M","?","?","E"],"items_purchased_type":[],"build_version":"2020-12-22","purchased_purges":0,"victory":false,"max_hp_per_floor":[75,75,75,75,75,75,75],"card_choices":[{"not_picked":["hermit:Showdown","hermit:Malice"],"picked":"hermit:HighCaliber","floor":1},{"not_picked":["hermit:Feint","hermit:Headshot"],"picked":"hermit:Brawl","floor":2},{"not_picked":["hermit:Magnum","hermit:Deadeye"],"picked":"hermit:BigShot","floor":3}],"player_experience":156089,"relics_obtained":[],"event_choices":[{"damage_healed":0,"gold_gain":0,"player_choice":"Take Wound","damage_taken":0,"relics_obtained":["Golden Idol"],"max_hp_gain":0,"max_hp_loss":0,"event_name":"Golden Idol","floor":4,"gold_loss":0,"cards_obtained":["Injury"]}],"is_beta":false,"boss_relics":[],"items_purged_floors":[],"is_endless":false,"potions_floor_spawned":[2],"killed_by":"3 Sentries","ascension_level":1}}