{"host":"gfmw02tnhhvp9jba","time":1611392114,"event":{"mods":["AchievementEnabler","BaseMod","Colored Map","Downfall","Highlight Path","Minty Spire (QoL Compilation)","StSLib"],"gold_per_floor":[99,112,112,129,211,211,234,292,323,336,353,353,369,389,409,511,511,511,524,541,554,554,235,304,304,324,309,109,134,134,234,244,342,342,242,262,537,431,485,533,533,567,578,578,69,81,81,81,100,100,100,125,43,43,43,43,43,43],"floor_reached":56,"language":"ENG","playtime":3705,"items_purged":["Slimebound:Strike_Slimebound","Regret"],"score":747,"play_id":"8a585d6c-0597-4c93-bc02-5d0abb9e8d04","local_time":"20210123095514","is_ascension_mode":false,"campfire_choices":[{"data":"Slimebound:Split","floor":1,"key":"SMITH"},{"data":"Slimebound:LevelUp","floor":6,"key":"SMITH"},{"data":"Slimebound:MassRepurpose","floor":12,"key":"SMITH"},{"floor":18,"key":"RECALL"},{"floor":28,"key":"REST"},{"data":"Slimebound:MinionMaster","floor":35,"key":"SMITH"},{"data":"Slimebound:MassRepurpose","floor":44,"key":"SMITH"},{"data":"Slimebound:Repurpose","floor":47,"key":"SMITH"},{"floor":54,"key":"REST"}],"circlet_count":0,"master_deck":["Slimebound:Strike_Slimebound","Slimebound:Tackle","Slimebound:Defend_Slimebound","Slimebound:Defend_Slimebound","Slimebound:Defend_Slimebound","Slimebound:Split+1","Slimebound:CorrosiveSpit","Slimebound:LevelUp+1","Slimebound:SplitLeeching","Slimebound:MassRepurpose+1","Slimebound:Prepare","Slimebound:SplitBruiser","Slimebound:MassFeed","Slimebound:SplitMire","Slimebound:MassRepurpose+1","Slimebound:FormOfPuddle+1","Slimebound:LeechEnergy+1","Slimebound:LivingWall+1","Slimebound:Repurpose+1","Slimebound:Equalize","Slimebound:SplitAcid","Slimebound:SamplingLick","Slimebound:MinionMaster+1","Slimebound:Nibble+1","Slimebound:Dissolve","Slimebound:SlimeTap","Slimebound:LeadByExample","Slimebound:SlimeTap+1","Slimebound:RallyTheTroops","Slimebound:ViciousTackle"],"relics":["Slimebound:AbsorbEndCombat","Pantograph","Art of War","Boot","Slimebound:AggressiveSlimeRelic","Philosopher\u0027s Stone","Regal Pillow","Anchor","downfall:HeartBlessingRed","downfall:HeartBlessingBlue","StoneCalendar","Sozu","downfall:HeartBlessingGreen","Ornamental Fan","Oddly Smooth Stone","Toy Ornithopter","Kunai","FossilizedHelix","Turnip","Centennial Puzzle","Pocketwatch"],"acts_visited":["Exordium","TheCity","TheBeyond","TheEnding"],"potions_floor_usage":[9,9,9,26,32,32,32,32,46,52,56],"damage_taken":[{"damage":4,"enemies":"2 Louse","floor":2,"turns":4},{"damage":13,"enemies":"Jaw Worm","floor":4,"turns":4},{"damage":26,"enemies":"3 Sentries","floor":8,"turns":6},{"damage":14,"enemies":"3 Sentries","floor":9,"turns":6},{"damage":0,"enemies":"Small Slimes","floor":10,"turns":3},{"damage":0,"enemies":"2 Fungi Beasts","floor":11,"turns":3},{"damage":0,"enemies":"Large Slime","floor":13,"turns":4},{"damage":18,"enemies":"Gremlin Gang","floor":14,"turns":5},{"damage":1,"enemies":"Exordium Wildlife","floor":15,"turns":2},{"damage":30,"enemies":"IC_STATUS_ARCHETYPE","floor":16,"turns":5},{"damage":12,"enemies":"Spheric Guardian","floor":19,"turns":4},{"damage":23,"enemies":"Shell Parasite","floor":20,"turns":5},{"damage":24,"enemies":"Snake Plant","floor":21,"turns":2},{"damage":4,"enemies":"downfall:FleeingMerchant","floor":23,"turns":4},{"damage":23,"enemies":"Sentry and Sphere","floor":26,"turns":6},{"damage":0,"enemies":"downfall:FleeingMerchant","floor":27,"turns":4},{"damage":66,"enemies":"Gremlin Leader","floor":29,"turns":5},{"damage":7,"enemies":"Cultist and Chosen","floor":32,"turns":4},{"damage":51,"enemies":"SI_MIRROR_ARCHETYPE","floor":33,"turns":11},{"damage":0,"enemies":"Orb Walker","floor":36,"turns":4},{"damage":2,"enemies":"downfall:FleeingMerchant","floor":38,"turns":4},{"damage":70,"enemies":"Reptomancer","floor":42,"turns":5},{"damage":0,"enemies":"3 Darklings","floor":43,"turns":3},{"damage":0,"enemies":"Jaw Worm Horde","floor":46,"turns":4},{"damage":0,"enemies":"Jaw Worm Horde","floor":48,"turns":4},{"damage":11,"enemies":"Sphere and 2 Shapes","floor":49,"turns":4},{"damage":18,"enemies":"WA_ARCHETYPE_DIVINITY","floor":50,"turns":9},{"damage":51,"enemies":"downfall:CharBossMerchant","floor":52,"turns":8},{"damage":52,"enemies":"downfall:NeowBoss","floor":55,"turns":17},{"damage":117,"enemies":"downfall:NeowBossFinal","floor":56,"turns":8}],"seed_played":"-6132782725185528745","potions_obtained":[{"floor":4,"key":"EntropicBrew"},{"floor":8,"key":"Fire Potion"},{"floor":13,"key":"SpeedPotion"},{"floor":14,"key":"CultistPotion"},{"floor":19,"key":"champ:CounterPotion"},{"floor":26,"key":"Explosive Potion"},{"floor":29,"key":"EntropicBrew"},{"floor":33,"key":"Fire Potion"}],"is_trial":false,"path_per_floor":["R","M","?","M","T","R","T","?","E","M","M","R","M","M","M","B",null,"R","M","M","M","?","$","T","?","M","$","R","E","?","?","M","B",null,"R","M","?","$","T","?","T","E","M","R","$","M","R","?","M","B",null,"E","$","R","B","B"],"character_chosen":"SLIMEBOUND","items_purchased":["Anchor","Slimebound:Repurpose","Slimebound:Dissolve","Ornamental Fan","Turnip","Centennial Puzzle","Slimebound:LeadByExample","Slimebound:ViciousTackle"],"campfire_rested":2,"item_purchase_floors":[23,23,38,38,45,45,45,53],"current_hp_per_floor":[65,63,63,54,54,54,54,32,18,20,22,22,24,8,13,15,74,74,62,50,28,28,32,32,32,16,30,82,26,26,26,36,22,93,93,96,96,94,94,94,94,26,40,40,40,55,55,64,59,81,99,53,53,97,57,0,0,0],"gold":43,"neow_bonus":"REMOVE_CARD","is_daily":false,"chose_seed":false,"campfire_upgraded":6,"win_rate":0.0,"timestamp":1611392114,"path_taken":["R","M","?","M","?","R","T","?","E","M","M","R","M","M","M","BOSS","R","M","M","M","?","$","T","?","M","$","R","E","?","?","M","BOSS","R","?","?","$","?","?","T","E","M","R","$","?","R","?","M","BOSS","E","$","R","BOSS","BOSS"],"items_purchased_type":["Relic","Card","Card","Relic","Relic","Relic","Card","Card"],"build_version":"2020-12-22","purchased_purges":2,"victory":false,"max_hp_per_floor":[65,65,65,65,65,65,65,65,65,65,65,65,65,65,71,74,74,74,74,77,77,77,77,77,77,80,80,90,90,90,90,93,93,93,93,96,96,96,96,96,96,96,96,96,96,96,96,99,99,99,99,99,99,99,99,99,99,99],"card_choices":[{"not_picked":["Slimebound:SamplingLick","Slimebound:PressTheAttack"],"picked":"Slimebound:LevelUp","floor":2},{"not_picked":["Slimebound:LivingWall","Slimebound:FormOfPuddle"],"picked":"Slimebound:SplitLeeching","floor":4},{"not_picked":["Slimebound:Schlurp","Slimebound:GoopSpray"],"picked":"Slimebound:MassRepurpose","floor":9},{"not_picked":["Slimebound:MegaLick","Slimebound:LeechingTouch","Slimebound:ItLooksTasty"],"picked":"SKIP","floor":10},{"not_picked":["Slimebound:ItLooksTasty","Slimebound:ViciousTackle"],"picked":"Slimebound:Prepare","floor":11},{"not_picked":["Slimebound:GoopTackle","Slimebound:HauntingLick"],"picked":"Slimebound:SplitBruiser","floor":13},{"not_picked":["Slimebound:Schlurp","Slimebound:Dissolve"],"picked":"Slimebound:MassFeed","floor":14},{"not_picked":["Slimebound:Nibble","Slimebound:RollThrough"],"picked":"Slimebound:SplitMire","floor":15},{"not_picked":["Slimebound:OozeBath","Slimebound:Teamwork"],"picked":"Slimebound:MassRepurpose","floor":16},{"not_picked":["Slimebound:FinishingTackle","Slimebound:SplitLeeching"],"picked":"Slimebound:FormOfPuddle+1","floor":19},{"not_picked":["Slimebound:HauntingLick","Slimebound:ComboTackle","Slimebound:MegaLick"],"picked":"SKIP","floor":20},{"not_picked":["Slimebound:ItLooksTasty","Slimebound:ComboTackle"],"picked":"Slimebound:LeechEnergy+1","floor":21},{"not_picked":["Slimebound:HauntingLick","Slimebound:ComboTackle"],"picked":"Slimebound:LivingWall+1","floor":23},{"not_picked":["Slimebound:FlameTackle","Slimebound:ViciousTackle"],"picked":"Slimebound:SplitAcid","floor":26},{"not_picked":["Slimebound:Prepare","Slimebound:ComboTackle+1"],"picked":"Slimebound:SamplingLick","floor":27},{"not_picked":["Slimebound:Grow","Slimebound:LeechingTouch+1","Slimebound:PrepareCrush"],"picked":"SKIP","floor":29},{"not_picked":["Slimebound:RollThrough","Slimebound:GoopTackle","Slimebound:LeechEnergy"],"picked":"SKIP","floor":32},{"not_picked":["Slimebound:DuplicatedForm","Slimebound:MassFeed"],"picked":"Slimebound:MinionMaster","floor":33},{"not_picked":["Slimebound:ItLooksTasty","Slimebound:ServeAndProtect","Slimebound:FinishingTackle"],"picked":"SKIP","floor":36},{"not_picked":["Slimebound:PressTheAttack","Slimebound:Schlurp"],"picked":"Slimebound:Nibble+1","floor":38},{"not_picked":["Slimebound:ForwardTackle","Slimebound:SplitAcid+1"],"picked":"Slimebound:SlimeTap","floor":42},{"not_picked":["Slimebound:BestDefense+1","Slimebound:SplitAcid","Slimebound:GoopTackle"],"picked":"SKIP","floor":43},{"not_picked":["Slimebound:MegaLick+1","Slimebound:SlimeSpikes","Slimebound:GrowthPunch"],"picked":"SKIP","floor":46},{"not_picked":["Slimebound:ServeAndProtect","Slimebound:SplitAcid"],"picked":"Slimebound:SlimeTap+1","floor":49},{"not_picked":["Slimebound:FinishingTackle","Slimebound:Schlurp+1"],"picked":"Slimebound:RallyTheTroops","floor":52}],"player_experience":54934,"relics_obtained":[{"floor":5,"key":"Pantograph"},{"floor":7,"key":"Art of War"},{"floor":8,"key":"Boot"},{"floor":9,"key":"Slimebound:AggressiveSlimeRelic"},{"floor":29,"key":"StoneCalendar"},{"floor":39,"key":"Oddly Smooth Stone"},{"floor":40,"key":"Toy Ornithopter"},{"floor":41,"key":"Kunai"},{"floor":42,"key":"FossilizedHelix"},{"floor":52,"key":"Pocketwatch"}],"event_choices":[{"cards_removed":["Slimebound:Defend_Slimebound"],"damage_healed":0,"gold_gain":0,"player_choice":"Card Removal","damage_taken":0,"max_hp_gain":0,"max_hp_loss":0,"event_name":"The Cleric","floor":3,"gold_loss":0},{"damage_healed":0,"gold_gain":0,"player_choice":"Read","damage_taken":0,"max_hp_gain":0,"max_hp_loss":0,"event_name":"The Library","floor":25,"gold_loss":0,"cards_obtained":["Slimebound:Equalize"]}],"is_beta":false,"boss_relics":[{"not_picked":["Empty Cage","Black Star"],"picked":"Philosopher\u0027s Stone"},{"not_picked":["SacredBark","Coffee Dripper"],"picked":"Sozu"}],"items_purged_floors":[23,38],"is_endless":false,"potions_floor_spawned":[4,8,13,14,19,26,29,33,42,43,46],"killed_by":"downfall:NeowBossFinal","ascension_level":0}}