{"host":"Jedit","time":1611365200,"event":{"mods":["BaseMod","Downfall","Minty Spire (QoL Compilation)","Relic Stats","StSLib"],"gold_per_floor":[112,125,143,52,66,101,119,119,119,119,130,150,150,168,168,168,168,168],"floor_reached":16,"language":"ENG","playtime":746,"items_purged":[],"score":117,"play_id":"e4bb8fc6-a4b5-44ac-a154-5f24dd1b4ac1","local_time":"20210123012640","is_ascension_mode":true,"campfire_choices":[{"data":"bronze:AlphaBuild","floor":8,"key":"SMITH"},{"data":"bronze:Iterate","floor":10,"key":"SMITH"},{"data":"bronze:Optimize","floor":15,"key":"SMITH"}],"circlet_count":0,"master_deck":["bronze:Strike","bronze:Strike","bronze:Strike","bronze:Strike","bronze:Defend","bronze:Defend","bronze:Defend","bronze:Defend","bronze:Replicate","bronze:Goto","bronze:WhirlingStrike","bronze:Repair","bronze:Deprecate","bronze:Overheat","bronze:Iterate+1","bronze:OilSpill","bronze:Overheat","bronze:AlphaBuild+1","bronze:ClassDefault","bronze:Optimize+1","bronze:Repair"],"relics":["bronze:BronzeCore","NeowsBlessing","Slimebound:PreparedRelic","HornCleat"],"acts_visited":["Exordium"],"potions_floor_usage":[7],"damage_taken":[{"damage":0,"enemies":"Cultist","floor":1,"turns":1},{"damage":0,"enemies":"Jaw Worm","floor":2,"turns":1},{"damage":0,"enemies":"2 Louse","floor":3,"turns":2},{"damage":24,"enemies":"Gremlin Gang","floor":5,"turns":6},{"damage":15,"enemies":"3 Sentries","floor":6,"turns":9},{"damage":13,"enemies":"Exordium Thugs","floor":7,"turns":4},{"damage":0,"enemies":"Looter","floor":11,"turns":2},{"damage":13,"enemies":"Blue Slaver","floor":12,"turns":3},{"damage":10,"enemies":"3 Louse","floor":14,"turns":2},{"damage":52,"enemies":"Slime Boss","floor":16,"turns":10}],"seed_played":"-7508659387669623279","potions_obtained":[{"floor":2,"key":"Strength Potion"},{"floor":5,"key":"DuplicationPotion"},{"floor":7,"key":"SneckoOil"},{"floor":11,"key":"SpeedPotion"},{"floor":12,"key":"EssenceOfSteel"}],"is_trial":false,"path_per_floor":["M","M","M","$","M","E","M","R","T","R","M","M","?","M","R","B"],"character_chosen":"THE_AUTOMATON","items_purchased":["bronze:Overheat","bronze:Iterate"],"campfire_rested":0,"item_purchase_floors":[4,4],"current_hp_per_floor":[70,70,70,70,52,44,38,38,38,38,38,32,55,52,52,17,17,17],"gold":168,"neow_bonus":"THREE_ENEMY_KILL","is_daily":false,"chose_seed":false,"campfire_upgraded":3,"win_rate":0.0,"timestamp":1611365200,"path_taken":["M","M","?","?","?","E","?","R","T","R","M","M","?","M","R","BOSS"],"items_purchased_type":["Card","Card"],"build_version":"2020-12-18","purchased_purges":0,"victory":false,"max_hp_per_floor":[70,70,70,70,70,70,70,70,70,70,70,70,70,70,70,70,70,70],"relic_stats":{"counters":[10,40],"obtain_stats":[{"bronze:BronzeCore":0,"HornCleat":9,"NeowsBlessing":0,"Slimebound:PreparedRelic":6},{"bronze:BronzeCore":0,"HornCleat":6,"NeowsBlessing":0,"Slimebound:PreparedRelic":5},{"bronze:BronzeCore":0,"HornCleat":23,"NeowsBlessing":0,"Slimebound:PreparedRelic":19}]},"card_choices":[{"not_picked":["bronze:FollowUp","bronze:Iterate"],"picked":"bronze:WhirlingStrike","floor":1},{"not_picked":["bronze:ItsAFeature","bronze:Turbo"],"picked":"bronze:Repair","floor":2},{"not_picked":["bronze:TinkerersToolbox","bronze:DelayedGuard"],"picked":"bronze:Deprecate","floor":3},{"not_picked":["bronze:WildBeam","bronze:Deprecate"],"picked":"bronze:OilSpill","floor":5},{"not_picked":["bronze:DelayedGuard","bronze:BuggyMess"],"picked":"bronze:Overheat","floor":6},{"not_picked":["bronze:BitShift","bronze:Philosophize"],"picked":"bronze:AlphaBuild","floor":7},{"not_picked":["bronze:Shield","bronze:BitShift"],"picked":"bronze:ClassDefault","floor":11},{"not_picked":["bronze:DelayedSlice","bronze:BugBarrage"],"picked":"bronze:Optimize","floor":12},{"not_picked":["bronze:FineTuning","bronze:ClassDefault"],"picked":"bronze:Repair","floor":14}],"player_experience":3682035,"relics_obtained":[{"floor":6,"key":"Slimebound:PreparedRelic"},{"floor":9,"key":"HornCleat"}],"event_choices":[{"damage_healed":23,"gold_gain":0,"player_choice":"Banana","damage_taken":0,"max_hp_gain":0,"max_hp_loss":0,"event_name":"Big Fish","floor":13,"gold_loss":0}],"is_beta":true,"boss_relics":[],"items_purged_floors":[],"is_endless":false,"potions_floor_spawned":[2,5,7,11,12],"killed_by":"Slime Boss","ascension_level":2}}