{"host":"kpyoctgc7jne3jiy","time":1611428841,"event":{"mods":["AchievementEnabler","BaseMod","Minty Spire (QoL Compilation)","Relic Stats","Slay-I"],"gold_per_floor":[113,124,56,56,56,56,56,69,69,88,116,116,141,157,157,262,262,281,297,7,17,40,40,74,74,101,126,146,146,246,280,280,377,377,389,402,421,472,482,510,510,539,539,9,44,71,91,104,104,104,104,104,4,31,31],"floor_reached":56,"language":"ENG","playtime":2802,"items_purged":["Clumsy","Strike_R"],"score":1700,"play_id":"074534ce-13df-4ec2-b06b-d5d7da6c0f13","local_time":"20210123200721","is_ascension_mode":true,"campfire_choices":[{"data":"Flex","floor":7.0,"key":"SMITH"},{"data":"Immolate","floor":12.0,"key":"SMITH"},{"data":"Shrug It Off","floor":15.0,"key":"SMITH"},{"floor":23.0,"key":"REST"},{"floor":25.0,"key":"REST"},{"data":"Demon Form","floor":32.0,"key":"SMITH"},{"floor":41.0,"key":"RECALL"},{"data":"Rage","floor":49,"key":"SMITH"},{"data":"Impervious","floor":52,"key":"SMITH"}],"circlet_count":0,"master_deck":["Strike_R","Strike_R","Strike_R","Strike_R","Defend_R","Defend_R","Defend_R","Defend_R","Bash","Flex+1","Shockwave+1","Rage+1","Dropkick","Immolate+1","Shrug It Off+1","Reaper","Perfected Strike+1","Shrug It Off","Reaper","Body Slam","Rage+1","Spot Weakness+1","Metallicize","Clothesline","Necronomicurse","Battle Trance","Demon Form+1","Offering","Flex+1","Pommel Strike+1","Shrug It Off+1","Uppercut+1","Infernal Blade+1","Inflame+1","Battle Trance","Impervious+1","Shrug It Off+1"],"relics":["Sozu","Dream Catcher","Strawberry","Bottled Flame","Philosopher\u0027s Stone","Art of War","Nunchaku","Pantograph","PreservedInsect","WingedGreaves","Necronomicon","Mango","Self Forming Clay","Tiny Chest","Cursed Key","Turnip","MealTicket","Pear","Bronze Scales","Lantern","Lee\u0027s Waffle","Blood Vial","Boot","White Beast Statue"],"acts_visited":["Exordium","TheCity","TheBeyond","TheEnding"],"potions_floor_usage":[],"damage_taken":[{"damage":2.0,"enemies":"Jaw Worm","floor":1.0,"turns":3.0},{"damage":1.0,"enemies":"Cultist","floor":2.0,"turns":3.0},{"damage":0.0,"enemies":"2 Louse","floor":8.0,"turns":2.0},{"damage":13.0,"enemies":"Lots of Slimes","floor":10.0,"turns":5.0},{"damage":30.0,"enemies":"3 Sentries","floor":11.0,"turns":9.0},{"damage":0.0,"enemies":"Gremlin Nob","floor":13.0,"turns":3.0},{"damage":0.0,"enemies":"Exordium Thugs","floor":14.0,"turns":4.0},{"damage":16.0,"enemies":"Hexaghost","floor":16.0,"turns":8.0},{"damage":0.0,"enemies":"Chosen","floor":18.0,"turns":3.0},{"damage":21.0,"enemies":"3 Byrds","floor":19.0,"turns":5.0},{"damage":52.0,"enemies":"Shelled Parasite and Fungi","floor":21.0,"turns":6.0},{"damage":40.0,"enemies":"Book of Stabbing","floor":24.0,"turns":5.0},{"damage":9.0,"enemies":"Gremlin Leader","floor":27.0,"turns":6.0},{"damage":8.0,"enemies":"Centurion and Healer","floor":28.0,"turns":5.0},{"damage":21.0,"enemies":"Colosseum Slavers","floor":30.0,"turns":3.0},{"damage":22.0,"enemies":"Colosseum Nobs","floor":30.0,"turns":4.0},{"damage":4.0,"enemies":"Book of Stabbing","floor":31.0,"turns":4.0},{"damage":33.0,"enemies":"Collector","floor":33.0,"turns":7.0},{"damage":0.0,"enemies":"3 Shapes","floor":35.0,"turns":3.0},{"damage":5.0,"enemies":"3 Darklings","floor":36.0,"turns":3.0},{"damage":2.0,"enemies":"Sphere and 2 Shapes","floor":37.0,"turns":3.0},{"damage":23.0,"enemies":"2 Orb Walkers","floor":38.0,"turns":3.0},{"damage":52.0,"enemies":"Transient","floor":39.0,"turns":5.0},{"damage":0.0,"enemies":"Reptomancer","floor":40.0,"turns":3.0},{"damage":24.0,"enemies":"Nemesis","floor":42.0,"turns":3.0},{"damage":30,"enemies":"Reptomancer","floor":45,"turns":3},{"damage":15,"enemies":"Nemesis","floor":46,"turns":3},{"damage":12,"enemies":"4 Shapes","floor":47,"turns":4},{"damage":6,"enemies":"Writhing Mass","floor":48,"turns":4},{"damage":67,"enemies":"Time Eater","floor":50,"turns":8},{"damage":12,"enemies":"Shield and Spear","floor":54,"turns":5},{"damage":88,"enemies":"The Heart","floor":55,"turns":7}],"seed_played":"8521238171657711770","potions_obtained":[],"is_trial":false,"path_per_floor":["M","M","$","?","$","?","R","M","T","M","E","R","E","M","R","B",null,"M","M","$","M","T","R","E","R","T","E","M","?","?","E","R","B",null,"M","M","M","?","M","E","R","E","T","$","E","E","M","M","R","B",null,"R","$","E","B",null],"character_chosen":"IRONCLAD","items_purchased":["Rage","Reaper","Art of War","Bronze Scales","Lantern","Lee\u0027s Waffle"],"campfire_rested":2,"item_purchase_floors":[3,20,20,44,44,44],"current_hp_per_floor":[78,77,77,77,77,77,77,77,77,64,41,41,41,41,41,25,72,72,66,66,23,23,49,23,49,49,68,79,63,58,66,66,75,95,95,101,99,76,66,101,101,87,87,118,88,87,117,112,112,81,109,109,118,118,118],"gold":31,"neow_bonus":"BOSS_RELIC","is_daily":false,"chose_seed":false,"campfire_upgraded":6,"win_rate":0.0,"timestamp":1611428841,"path_taken":["M","M","$","?","?","?","R","M","T","M","E","R","E","M","R","BOSS","M","M","$","?","?","R","E","R","T","E","M","?","?","E","R","BOSS","M","M","M","?","M","E","R","E","T","$","E","E","M","M","R","BOSS","R","$","E","BOSS"],"items_purchased_type":["Card","Card","Relic","Relic","Relic","Relic"],"build_version":"2020-12-22","purchased_purges":2,"victory":true,"max_hp_per_floor":[80,80,80,80,80,80,80,80,80,80,87,87,87,87,87,87,87,87,87,87,87,87,87,87,87,87,87,87,87,101,101,101,101,101,101,101,101,101,101,101,101,111,111,118,118,118,118,118,118,118,118,118,118,118,118],"relic_stats":{"Lee\u0027s Waffle":16,"counters":[32,142],"Self Forming Clay":[150],"PreservedInsect":415,"Cursed Key":1,"Boot":[12],"Sozu":13,"Blood Vial":7,"Dream Catcher":2,"Nunchaku":[23],"Pantograph":29,"Bronze Scales":[180],"Tiny Chest":0,"MealTicket":24,"Turnip":[2],"Art of War":[5],"Necronomicon":[54],"obtain_stats":[{"Lantern":44,"Mango":30,"Cursed Key":34,"Boot":46,"Burning Blood":0,"Sozu":0,"Blood Vial":45,"Dream Catcher":9,"Nunchaku":22,"Strawberry":11,"Pantograph":24,"Philosopher\u0027s Stone":17,"Tiny Chest":31,"MealTicket":40,"WingedGreaves":27,"Necronomicon":29,"Lee\u0027s Waffle":44,"Pear":42,"Self Forming Clay":30,"PreservedInsect":26,"White Beast Statue":54,"Bottled Flame":13,"Bronze Scales":44,"Turnip":38,"Art of War":20},{"Lantern":25,"Mango":16,"Cursed Key":18,"Boot":27,"Burning Blood":0,"Sozu":0,"Blood Vial":26,"Dream Catcher":3,"Nunchaku":11,"Strawberry":5,"Pantograph":12,"Philosopher\u0027s Stone":8,"Tiny Chest":17,"MealTicket":24,"WingedGreaves":13,"Necronomicon":14,"Lee\u0027s Waffle":25,"Pear":25,"Self Forming Clay":16,"PreservedInsect":12,"White Beast Statue":31,"Bottled Flame":6,"Bronze Scales":25,"Turnip":22,"Art of War":10},{"Lantern":108,"Mango":74,"Cursed Key":85,"Boot":114,"Burning Blood":0,"Sozu":0,"Blood Vial":111,"Dream Catcher":8,"Nunchaku":51,"Strawberry":22,"Pantograph":56,"Philosopher\u0027s Stone":37,"Tiny Chest":78,"MealTicket":105,"WingedGreaves":62,"Necronomicon":67,"Lee\u0027s Waffle":108,"Pear":108,"Self Forming Clay":74,"PreservedInsect":56,"White Beast Statue":135,"Bottled Flame":25,"Bronze Scales":108,"Turnip":97,"Art of War":45}]},"card_choices":[{"not_picked":["Iron Wave","Evolve"],"picked":"Flex","floor":1.0},{"not_picked":["Anger","Sword Boomerang"],"picked":"Shockwave","floor":2.0},{"not_picked":["Flex","Twin Strike"],"picked":"Dropkick","floor":8.0},{"not_picked":["Sword Boomerang","Evolve","Thunderclap"],"picked":"SKIP","floor":10.0},{"not_picked":["Anger","Sword Boomerang"],"picked":"Immolate","floor":11.0},{"not_picked":["Barricade","Combust"],"picked":"Shrug It Off","floor":13.0},{"not_picked":["Wild Strike","Flex","Evolve"],"picked":"SKIP","floor":14.0},{"not_picked":["Corruption","Demon Form"],"picked":"Reaper","floor":16.0},{"not_picked":["Reckless Charge+1","Iron Wave"],"picked":"Perfected Strike+1","floor":18.0},{"not_picked":["Armaments","Pummel+1"],"picked":"Shrug It Off","floor":19.0},{"not_picked":["Iron Wave","Havoc"],"picked":"Body Slam","floor":21.0},{"not_picked":["Heavy Blade","Body Slam"],"picked":"Rage","floor":24.0},{"not_picked":["Entrench","Pommel Strike+1"],"picked":"Spot Weakness+1","floor":25.0},{"not_picked":["Fiend Fire","Armaments"],"picked":"Metallicize","floor":27.0},{"not_picked":["Armaments","Body Slam"],"picked":"Clothesline","floor":28.0},{"not_picked":["Armaments","Sword Boomerang+1"],"picked":"Battle Trance","floor":30.0},{"not_picked":["Rupture","Bludgeon"],"picked":"Demon Form","floor":31.0},{"not_picked":["Barricade","Berserk"],"picked":"Offering","floor":33.0},{"not_picked":["Twin Strike","Warcry","Headbutt"],"picked":"SKIP","floor":35.0},{"not_picked":["Anger+1","Havoc"],"picked":"Flex+1","floor":36.0},{"not_picked":["Sword Boomerang+1","Havoc+1"],"picked":"Pommel Strike+1","floor":37.0},{"not_picked":["Rage","Metallicize+1"],"picked":"Shrug It Off+1","floor":38.0},{"not_picked":["Wild Strike+1","Body Slam"],"picked":"Uppercut+1","floor":39.0},{"not_picked":["Shockwave+1","Blood for Blood+1"],"picked":"Infernal Blade+1","floor":40.0},{"not_picked":["Anger+1","Clash+1","Havoc"],"picked":"SKIP","floor":42.0},{"not_picked":["Thunderclap","Brutality"],"picked":"Inflame+1","floor":45},{"not_picked":["Sword Boomerang","Combust+1"],"picked":"Battle Trance","floor":46},{"not_picked":["Clothesline","Flex+1","Reckless Charge"],"picked":"SKIP","floor":47},{"not_picked":["Shrug It Off+1","Havoc"],"picked":"Impervious","floor":48},{"not_picked":["Twin Strike","Clash"],"picked":"Shrug It Off+1","floor":54}],"player_experience":315896,"relics_obtained":[{"floor":9.0,"key":"Dream Catcher"},{"floor":11.0,"key":"Strawberry"},{"floor":13.0,"key":"Bottled Flame"},{"floor":22.0,"key":"Nunchaku"},{"floor":24.0,"key":"Pantograph"},{"floor":26.0,"key":"PreservedInsect"},{"floor":27.0,"key":"WingedGreaves"},{"floor":29.0,"key":"Necronomicon"},{"floor":30.0,"key":"Mango"},{"floor":30.0,"key":"Self Forming Clay"},{"floor":31.0,"key":"Tiny Chest"},{"floor":38.0,"key":"Turnip"},{"floor":40.0,"key":"MealTicket"},{"floor":42.0,"key":"Pear"},{"floor":45,"key":"Blood Vial"},{"floor":46,"key":"Boot"},{"floor":54,"key":"White Beast Statue"}],"event_choices":[{"damage_healed":0.0,"max_hp_gain":0.0,"max_hp_loss":0.0,"gold_gain":0.0,"event_name":"Upgrade Shrine","player_choice":"Upgraded","floor":4.0,"gold_loss":0.0,"damage_taken":0.0,"cards_upgraded":["Rage"]},{"damage_healed":0.0,"max_hp_gain":0.0,"max_hp_loss":0.0,"gold_gain":0.0,"event_name":"Accursed Blacksmith","player_choice":"Forge","floor":6.0,"gold_loss":0.0,"damage_taken":0.0,"cards_upgraded":["Shockwave"]},{"damage_healed":0.0,"max_hp_gain":0.0,"max_hp_loss":0.0,"gold_gain":0.0,"event_name":"Cursed Tome","player_choice":"Obtained Book","floor":29.0,"gold_loss":0.0,"damage_taken":16.0},{"damage_healed":0.0,"max_hp_gain":0.0,"max_hp_loss":0.0,"gold_gain":0.0,"event_name":"Colosseum","player_choice":"Fight","floor":30.0,"gold_loss":0.0,"damage_taken":0.0},{"damage_healed":0.0,"max_hp_gain":0.0,"max_hp_loss":0.0,"gold_gain":0.0,"event_name":"Colosseum","player_choice":"Fought Nobs","floor":30.0,"gold_loss":0.0,"damage_taken":0.0},{"damage_healed":0.0,"max_hp_gain":0.0,"max_hp_loss":0.0,"gold_gain":0.0,"event_name":"Mysterious Sphere","player_choice":"Fight","floor":38.0,"gold_loss":0.0,"damage_taken":0.0}],"is_beta":false,"boss_relics":[{"not_picked":["Velvet Choker","Fusion Hammer"],"picked":"Philosopher\u0027s Stone"},{"not_picked":["Runic Dome","Coffee Dripper"],"picked":"Cursed Key"}],"items_purged_floors":[44,53],"is_endless":false,"potions_floor_spawned":[8,13,16,27,30,30,33,35,38,42,45,46,47,54],"ascension_level":5}}