{"host":"50per11302020","time":1611438948,"event":{"mods":["AchievementEnabler","BaseMod","Colored Map","Minty Spire (QoL Compilation)","Relic Stats","StSLib"],"gold_per_floor":[111,111,130,130,151,186,186,8,8,49,94,38,79,97,97,187,187,203,218,143,103,121,121,135,135,161,286,286,319,319,334,334,429,429,443,443,87,111,111,124,124,165,165,4,35,35,50,86,86,86],"floor_reached":51,"language":"ENG","playtime":4037,"items_purged":["Clumsy"],"score":1413,"play_id":"243b6f84-abdb-41a7-9db3-7c620e6f9f46","local_time":"20210123135548","is_ascension_mode":true,"campfire_choices":[{"data":"Bash","floor":7.0,"key":"SMITH"},{"data":"Mayhem","floor":15.0,"key":"SMITH"},{"floor":23.0,"key":"REST"},{"data":"Limit Break","floor":25.0,"key":"SMITH"},{"data":"Shrug It Off","floor":28.0,"key":"SMITH"},{"data":"Feed","floor":30.0,"key":"SMITH"},{"floor":32.0,"key":"REST"},{"floor":46.0,"key":"RECALL"},{"floor":49.0,"key":"REST"}],"circlet_count":0,"master_deck":["AscendersBane","Strike_R","Strike_R","Strike_R","Strike_R","Defend_R","Defend_R","Defend_R","Defend_R","Bash+1","Shrug It Off+1","Iron Wave","Iron Wave","Spot Weakness","Mayhem+1","Cleave","Headbutt","Shrug It Off","Limit Break+1","Clothesline","Battle Trance+1","Reaper","Feed+1","Reaper","Heavy Blade+1","Headbutt","Injury","Shame","Entrench+1","Uppercut"],"relics":["Cursed Key","Golden Idol","Letter Opener","Bottled Lightning","Nunchaku","Strawberry","Pantograph","Mark of Pain","Bronze Scales","FossilizedHelix","Bottled Flame","Tiny Chest","Fusion Hammer","Shuriken","InkBottle","Pen Nib","Ice Cream","Red Skull","The Courier","Juzu Bracelet"],"acts_visited":["Exordium","TheCity","TheBeyond"],"potions_floor_usage":[50,50],"damage_taken":[{"damage":0.0,"enemies":"2 Louse","floor":1.0,"turns":3.0},{"damage":0.0,"enemies":"Cultist","floor":3.0,"turns":2.0},{"damage":0.0,"enemies":"Jaw Worm","floor":5.0,"turns":3.0},{"damage":17.0,"enemies":"Gremlin Nob","floor":6.0,"turns":4.0},{"damage":10.0,"enemies":"3 Sentries","floor":10.0,"turns":7.0},{"damage":46.0,"enemies":"Gremlin Nob","floor":13.0,"turns":5.0},{"damage":3.0,"enemies":"Gremlin Gang","floor":14.0,"turns":4.0},{"damage":19.0,"enemies":"Slime Boss","floor":16.0,"turns":7.0},{"damage":8.0,"enemies":"3 Byrds","floor":18.0,"turns":6.0},{"damage":22.0,"enemies":"Shell Parasite","floor":19.0,"turns":6.0},{"damage":1.0,"enemies":"Centurion and Healer","floor":22.0,"turns":6.0},{"damage":23.0,"enemies":"Snecko","floor":24.0,"turns":5.0},{"damage":24.0,"enemies":"Colosseum Slavers","floor":27.0,"turns":4.0},{"damage":4.0,"enemies":"Colosseum Nobs","floor":27.0,"turns":4.0},{"damage":23.0,"enemies":"Book of Stabbing","floor":29.0,"turns":4.0},{"damage":22.0,"enemies":"Snake Plant","floor":31.0,"turns":4.0},{"damage":77.0,"enemies":"Automaton","floor":33.0,"turns":9.0},{"damage":0.0,"enemies":"Orb Walker","floor":35.0,"turns":4.0},{"damage":34.0,"enemies":"3 Shapes","floor":38.0,"turns":11.0},{"damage":29.0,"enemies":"Writhing Mass","floor":40.0,"turns":7.0},{"damage":73.0,"enemies":"Giant Head","floor":42.0,"turns":8.0},{"damage":0.0,"enemies":"Reptomancer","floor":45.0,"turns":5.0},{"damage":4.0,"enemies":"3 Darklings","floor":47.0,"turns":5.0},{"damage":14.0,"enemies":"Nemesis","floor":48.0,"turns":3.0},{"damage":42,"enemies":"Donu and Deca","floor":50,"turns":6}],"seed_played":"-6510484141995273992","potions_obtained":[{"floor":6.0,"key":"FearPotion"},{"floor":10.0,"key":"AttackPotion"},{"floor":16.0,"key":"Weak Potion"},{"floor":18.0,"key":"PowerPotion"},{"floor":21.0,"key":"LiquidMemories"},{"floor":24.0,"key":"PowerPotion"},{"floor":27.0,"key":"SpeedPotion"},{"floor":33.0,"key":"ElixirPotion"},{"floor":40.0,"key":"PowerPotion"},{"floor":48.0,"key":"EssenceOfSteel"}],"is_trial":false,"path_per_floor":["M","?","M","?","M","E","R","$","T","E","T","$","E","M","R","B",null,"M","M","?","?","M","R","M","R","T","?","R","E","R","M","R","B",null,"M","?","$","M","?","M","T","E","T","$","E","R","M","E","R","B",null],"character_chosen":"IRONCLAD","items_purchased":["Mayhem","BloodPotion","Shuriken","Red Skull"],"campfire_rested":3,"item_purchase_floors":[8,12,37,44],"current_hp_per_floor":[68,68,68,68,68,51,51,51,51,41,48,48,17,14,14,20,61,53,31,31,31,30,52,48,48,48,60,60,37,37,23,46,8,61,73,73,73,55,83,58,58,25,25,25,95,95,95,81,95,81],"gold":86,"neow_bonus":"BOSS_RELIC","is_daily":false,"chose_seed":false,"campfire_upgraded":5,"win_rate":0.0,"timestamp":1611438948,"path_taken":["M","?","M","?","?","E","R","$","T","E","?","$","E","M","R","BOSS","M","M","?","?","M","R","?","R","T","?","R","E","R","M","R","BOSS","M","?","$","?","?","M","?","E","T","$","E","R","?","E","R","BOSS"],"items_purchased_type":["Card","Potion","Relic","Relic"],"build_version":"2020-12-18","purchased_purges":1,"victory":true,"max_hp_per_floor":[75,68,68,68,68,68,68,68,68,68,75,75,75,75,75,75,75,75,75,75,75,75,75,75,75,75,75,75,75,75,79,79,79,79,79,79,79,83,83,87,87,91,91,91,95,95,95,95,95,99],"relic_stats":{"counters":[25,132],"Golden Idol":174,"Pen Nib":[5],"Juzu Bracelet":0,"Letter Opener":[227],"Cursed Key":5,"Nunchaku":[24],"Shuriken":[16],"Pantograph":50,"Bronze Scales":[198],"Tiny Chest":1,"obtain_stats":[{"Ice Cream":43,"Golden Idol":2,"Pen Nib":42,"The Courier":45,"Juzu Bracelet":48,"Letter Opener":6,"Cursed Key":0,"Burning Blood":0,"Nunchaku":10,"Bottled Flame":27,"Shuriken":37,"Strawberry":11,"Pantograph":13,"Bronze Scales":26,"Tiny Chest":29,"Mark of Pain":17,"Fusion Hammer":34,"Bottled Lightning":9,"FossilizedHelix":27,"InkBottle":41,"Red Skull":44},{"Ice Cream":21,"Golden Idol":1,"Pen Nib":21,"The Courier":22,"Juzu Bracelet":24,"Letter Opener":4,"Cursed Key":0,"Burning Blood":0,"Nunchaku":5,"Bottled Flame":14,"Shuriken":18,"Strawberry":5,"Pantograph":6,"Bronze Scales":12,"Tiny Chest":15,"Mark of Pain":8,"Fusion Hammer":17,"Bottled Lightning":4,"FossilizedHelix":14,"InkBottle":20,"Red Skull":21},{"Ice Cream":113,"Golden Idol":3,"Pen Nib":113,"The Courier":118,"Juzu Bracelet":126,"Letter Opener":12,"Cursed Key":0,"Burning Blood":0,"Nunchaku":19,"Bottled Flame":66,"Shuriken":87,"Strawberry":19,"Pantograph":24,"Bronze Scales":58,"Tiny Chest":70,"Mark of Pain":35,"Fusion Hammer":83,"Bottled Lightning":12,"FossilizedHelix":66,"InkBottle":105,"Red Skull":113}],"InkBottle":[10]},"card_choices":[{"not_picked":["Headbutt","Power Through"],"picked":"Shrug It Off","floor":1.0},{"not_picked":["Wild Strike","Hemokinesis"],"picked":"Iron Wave","floor":3.0},{"not_picked":["Twin Strike","True Grit"],"picked":"Iron Wave","floor":5.0},{"not_picked":["Thunderclap","Berserk"],"picked":"Spot Weakness","floor":6.0},{"not_picked":["Wild Strike","Warcry"],"picked":"Cleave","floor":10.0},{"not_picked":["Rupture","Anger"],"picked":"Headbutt","floor":13.0},{"not_picked":["Reckless Charge","Twin Strike"],"picked":"Shrug It Off","floor":14.0},{"not_picked":["Bludgeon","Juggernaut"],"picked":"Limit Break","floor":16.0},{"not_picked":["Burning Pact","Pommel Strike"],"picked":"Clothesline","floor":18.0},{"not_picked":["Body Slam","Clash"],"picked":"Battle Trance+1","floor":19.0},{"not_picked":["Wild Strike","Shrug It Off"],"picked":"Reaper","floor":22.0},{"not_picked":["Rampage","Cleave","Twin Strike"],"picked":"SKIP","floor":24.0},{"not_picked":["Dark Embrace+1","Warcry"],"picked":"Feed","floor":29.0},{"not_picked":["True Grit","Clothesline","Clash+1"],"picked":"SKIP","floor":31.0},{"not_picked":["Corruption","Berserk"],"picked":"Reaper","floor":33.0},{"not_picked":["Dark Embrace","Iron Wave+1"],"picked":"Battle Trance","floor":35.0},{"not_picked":["Rage","Wild Strike"],"picked":"Heavy Blade+1","floor":38.0},{"not_picked":["Perfected Strike","Sentinel"],"picked":"Headbutt","floor":40.0},{"not_picked":["Second Wind","Clash","Bloodletting"],"picked":"SKIP","floor":42.0},{"not_picked":["Blood for Blood","Second Wind"],"picked":"Entrench+1","floor":45.0},{"not_picked":["Anger+1","Perfected Strike","Iron Wave"],"picked":"SKIP","floor":47.0},{"not_picked":["True Grit+1","Rage"],"picked":"Uppercut","floor":48.0}],"player_experience":340944,"relics_obtained":[{"floor":6.0,"key":"Letter Opener"},{"floor":9.0,"key":"Bottled Lightning"},{"floor":10.0,"key":"Nunchaku"},{"floor":11.0,"key":"Strawberry"},{"floor":13.0,"key":"Pantograph"},{"floor":26.0,"key":"Bronze Scales"},{"floor":27.0,"key":"FossilizedHelix"},{"floor":27.0,"key":"Bottled Flame"},{"floor":29.0,"key":"Tiny Chest"},{"floor":41.0,"key":"InkBottle"},{"floor":42.0,"key":"Pen Nib"},{"floor":43.0,"key":"Ice Cream"},{"floor":45.0,"key":"The Courier"},{"floor":48.0,"key":"Juzu Bracelet"}],"event_choices":[{"damage_healed":0.0,"max_hp_gain":0.0,"max_hp_loss":7.0,"gold_gain":0.0,"event_name":"Golden Idol","player_choice":"Lose Max HP","floor":2.0,"gold_loss":0.0,"damage_taken":0.0,"relics_obtained":["Golden Idol"]},{"cards_removed":["Strike_R"],"damage_healed":0.0,"max_hp_gain":0.0,"max_hp_loss":0.0,"gold_gain":0.0,"event_name":"Purifier","player_choice":"Purged","floor":4.0,"gold_loss":0.0,"damage_taken":0.0},{"cards_removed":["Shame"],"damage_healed":0.0,"max_hp_gain":0.0,"max_hp_loss":0.0,"gold_gain":0.0,"event_name":"Beggar","player_choice":"Gave Gold","floor":20.0,"gold_loss":75.0,"damage_taken":0.0},{"damage_healed":0.0,"max_hp_gain":0.0,"max_hp_loss":0.0,"gold_gain":0.0,"event_name":"The Woman in Blue","player_choice":"Bought 3 Potions","floor":21.0,"gold_loss":0.0,"damage_taken":0.0},{"damage_healed":0.0,"max_hp_gain":0.0,"max_hp_loss":0.0,"gold_gain":0.0,"event_name":"Colosseum","player_choice":"Fight","floor":27.0,"gold_loss":0.0,"damage_taken":0.0},{"damage_healed":0.0,"max_hp_gain":0.0,"max_hp_loss":0.0,"gold_gain":0.0,"event_name":"Colosseum","player_choice":"Fought Nobs","floor":27.0,"gold_loss":0.0,"damage_taken":0.0},{"cards_removed":["Clumsy"],"damage_healed":0.0,"max_hp_gain":0.0,"max_hp_loss":0.0,"gold_gain":0.0,"event_name":"Purifier","player_choice":"Purged","floor":36.0,"gold_loss":0.0,"damage_taken":0.0},{"cards_removed":["Battle Trance"],"damage_healed":28.0,"max_hp_gain":0.0,"max_hp_loss":0.0,"gold_gain":0.0,"event_name":"Bonfire Elementals","player_choice":"Offered Uncommon","floor":39.0,"gold_loss":0.0,"damage_taken":0.0}],"is_beta":true,"boss_relics":[{"not_picked":["Sozu","Empty Cage"],"picked":"Mark of Pain"},{"not_picked":["Black Star","Astrolabe"],"picked":"Fusion Hammer"}],"items_purged_floors":[37],"is_endless":false,"potions_floor_spawned":[6,10,16,18,24,27,27,33,40,48],"ascension_level":16}}