{"host":"g01l53quoe6lrer0","time":1611366237,"event":{"mods":["2.2 Compatiblity","AchievementEnabler","BaseMod","Colored Map","Highlight Path","Keyboard Shortcuts","Minty Spire (QoL Compilation)","Permanent Neow","StSLib","SuperFastMode","everything is the same but u backflip on backflip"],"gold_per_floor":[110,110,185,196,210,210,4,18,44,78,78,91,111,149,149,255,255,279,305,165,192,217,217,240,240,240,165,193,193,227,18,18,122,149,171,196,224,117,135,135,155,234,258,258,258,258,283,310,310,310],"floor_reached":51,"language":"KOR","playtime":5339,"items_purged":["Regret","Strike_G","Strike_G"],"score":1144,"play_id":"fdf11bc6-e67c-44be-b032-ab3ad909efc8","local_time":"20210123104357","is_ascension_mode":true,"campfire_choices":[{"data":"Apotheosis","floor":6.0,"key":"SMITH"},{"floor":11.0,"key":"REST"},{"floor":15.0,"key":"REST"},{"floor":23.0,"key":"REST"},{"floor":25.0,"key":"REST"},{"floor":29.0,"key":"REST"},{"floor":32.0,"key":"REST"},{"floor":40,"key":"REST"},{"floor":46,"key":"REST"},{"floor":49,"key":"REST"}],"circlet_count":0,"master_deck":["AscendersBane","Defend_G","Defend_G","Defend_G","Defend_G","Survivor","Neutralize","Apotheosis+1","Deadly Poison","Dagger Throw","Calculated Gamble","Cloak And Dagger","Underhanded Strike","Backflip","Prepared","Terror","Acrobatics","Tools of the Trade","Prepared","Blade Dance","Acrobatics","Distraction+1","Catalyst","Reflex","Malaise","Cloak And Dagger","Caltrops","Prepared","Envenom","Backstab+1","Reflex+1","Doppelganger+1","Slice+1","Underhanded Strike+1","Underhanded Strike+1","Flechettes","Quick Slash+1","Deflect+1","Outmaneuver+1","Corpse Explosion","Madness","Madness","Backflip+1","Tactician","Burst"],"relics":["Ring of the Snake","Toy Ornithopter","Orichalcum","Tough Bandages","CeramicFish","HoveringKite","Bag of Preparation","Matryoshka","Astrolabe","Orrery","Smiling Mask","Letter Opener","Vajra","Ancient Tea Set"],"acts_visited":["Exordium","TheCity","TheBeyond"],"potions_floor_usage":[50,50],"damage_taken":[{"damage":0.0,"enemies":"Cultist","floor":1.0,"turns":4.0},{"damage":0.0,"enemies":"2 Louse","floor":4.0,"turns":3.0},{"damage":9.0,"enemies":"Small Slimes","floor":5.0,"turns":3.0},{"damage":0.0,"enemies":"Blue Slaver","floor":8.0,"turns":4.0},{"damage":10.0,"enemies":"3 Sentries","floor":10.0,"turns":5.0},{"damage":6.0,"enemies":"Exordium Wildlife","floor":12.0,"turns":5.0},{"damage":3.0,"enemies":"Large Slime","floor":13.0,"turns":5.0},{"damage":1.0,"enemies":"Gremlin Nob","floor":14.0,"turns":3.0},{"damage":0.0,"enemies":"Slime Boss","floor":16.0,"turns":5.0},{"damage":0.0,"enemies":"2 Thieves","floor":18.0,"turns":4.0},{"damage":21.0,"enemies":"Spheric Guardian","floor":19.0,"turns":6.0},{"damage":27.0,"enemies":"Shelled Parasite and Fungi","floor":21.0,"turns":7.0},{"damage":13.0,"enemies":"Snecko","floor":22.0,"turns":6.0},{"damage":0.0,"enemies":"Snake Plant","floor":24.0,"turns":4.0},{"damage":10.0,"enemies":"Sentry and Sphere","floor":28.0,"turns":5.0},{"damage":12.0,"enemies":"Gremlin Leader","floor":30.0,"turns":6.0},{"damage":20.0,"enemies":"Automaton","floor":33.0,"turns":11.0},{"damage":0.0,"enemies":"Orb Walker","floor":35.0,"turns":4.0},{"damage":0.0,"enemies":"3 Darklings","floor":36.0,"turns":4.0},{"damage":0.0,"enemies":"Transient","floor":37.0,"turns":5.0},{"damage":28,"enemies":"Maw","floor":41,"turns":8},{"damage":3,"enemies":"4 Shapes","floor":47,"turns":4},{"damage":10,"enemies":"Spire Growth","floor":48,"turns":5},{"damage":39,"enemies":"Donu and Deca","floor":50,"turns":5}],"seed_played":"1929483154957067578","potions_obtained":[{"floor":4.0,"key":"ColorlessPotion"},{"floor":10.0,"key":"AttackPotion"},{"floor":12.0,"key":"Strength Potion"},{"floor":16.0,"key":"AttackPotion"},{"floor":28.0,"key":"Explosive Potion"},{"floor":30.0,"key":"Fire Potion"},{"floor":37.0,"key":"EssenceOfSteel"},{"floor":41,"key":"Swift Potion"},{"floor":48,"key":"AttackPotion"}],"is_trial":false,"path_per_floor":["M","?","?","M","M","R","$","M","T","E","R","M","M","E","R","B",null,"M","M","$","M","M","R","M","R","T","?","M","R","E","$","R","B",null,"M","M","M","$","?","R","M","T","T","?","?","R","M","M","R","B",null],"character_chosen":"THE_SILENT","items_purchased":["Infinite Blades","Cloak And Dagger","PowerPotion","Acrobatics","Caltrops","Prepared","Orrery"],"campfire_rested":9,"item_purchase_floors":[7,7,7,20,31,31,38],"current_hp_per_floor":[63,56,49,49,40,40,40,40,40,35,56,55,52,51,70,70,70,70,49,49,22,9,30,30,51,51,51,46,67,58,58,70,50,65,65,65,70,70,61,70,42,42,42,42,42,63,60,50,70,31],"gold":310,"neow_bonus":"RANDOM_COLORLESS_2","is_daily":false,"chose_seed":false,"campfire_upgraded":1,"win_rate":0.0,"timestamp":1611366237,"path_taken":["M","?","?","M","M","R","$","M","T","E","R","M","?","E","R","BOSS","M","M","$","M","M","R","M","R","T","?","M","R","E","$","R","BOSS","M","M","M","$","?","R","M","?","T","?","?","R","M","M","R","BOSS"],"items_purchased_type":["Card","Card","Potion","Card","Card","Card","Relic"],"build_version":"2020-12-22","purchased_purges":3,"victory":true,"max_hp_per_floor":[70,70,70,70,70,70,70,70,70,70,70,70,70,70,70,70,70,70,70,70,70,70,70,70,70,70,70,70,70,70,70,70,70,70,70,70,70,70,70,70,70,70,70,70,70,70,70,70,70,70],"card_choices":[{"not_picked":["Sadistic Nature","Master of Strategy"],"picked":"Apotheosis","floor":0.0},{"not_picked":["Deflect","Quick Slash"],"picked":"Deadly Poison","floor":1.0},{"not_picked":["Riddle With Holes","PiercingWail"],"picked":"Dagger Throw","floor":4.0},{"not_picked":["Quick Slash","Dagger Throw"],"picked":"Calculated Gamble","floor":5.0},{"not_picked":["Sucker Punch","Caltrops"],"picked":"Underhanded Strike","floor":8.0},{"not_picked":["Deflect","Backflip","Predator"],"picked":"SKIP","floor":10.0},{"not_picked":["Deflect","Predator"],"picked":"Backflip","floor":10.0},{"not_picked":["Malaise","Dagger Spray"],"picked":"Prepared","floor":12.0},{"not_picked":["PiercingWail","Underhanded Strike"],"picked":"Terror","floor":13.0},{"not_picked":["Well Laid Plans","Cloak And Dagger"],"picked":"Acrobatics","floor":14.0},{"not_picked":["Phantasmal Killer","Adrenaline"],"picked":"Tools of the Trade","floor":16.0},{"not_picked":["Underhanded Strike","Well Laid Plans"],"picked":"Prepared","floor":18.0},{"not_picked":["Outmaneuver+1","Flechettes"],"picked":"Blade Dance","floor":19.0},{"not_picked":["PiercingWail","Poisoned Stab"],"picked":"Distraction+1","floor":21.0},{"not_picked":["Dodge and Roll","Sucker Punch"],"picked":"Catalyst","floor":22.0},{"not_picked":["Escape Plan+1","Dodge and Roll+1"],"picked":"Reflex","floor":24.0},{"not_picked":["Predator+1","Catalyst"],"picked":"Malaise","floor":28.0},{"not_picked":["Prepared","Dagger Spray"],"picked":"Cloak And Dagger","floor":30.0},{"not_picked":["Wraith Form v2","Grand Finale"],"picked":"Envenom","floor":33.0},{"not_picked":["Leg Sweep","Acrobatics"],"picked":"Slice+1","floor":35.0},{"not_picked":["Leg Sweep+1","Blade Dance+1"],"picked":"Underhanded Strike+1","floor":36.0},{"not_picked":["Blade Dance","All Out Attack"],"picked":"Underhanded Strike+1","floor":37.0},{"not_picked":["Leg Sweep+1","Outmaneuver"],"picked":"Flechettes","floor":38},{"not_picked":["Glass Knife","Prepared"],"picked":"Quick Slash+1","floor":38},{"not_picked":["Quick Slash+1","Footwork"],"picked":"Deflect+1","floor":38},{"not_picked":["Heel Hook","Dodge and Roll+1"],"picked":"Outmaneuver+1","floor":38},{"not_picked":["Poisoned Stab+1","Deadly Poison+1"],"picked":"Corpse Explosion","floor":38},{"not_picked":["Dash+1","Deadly Poison+1"],"picked":"Backflip+1","floor":41},{"not_picked":["Dagger Throw+1","Sucker Punch+1"],"picked":"Tactician","floor":47},{"not_picked":["Deflect+1","Bane"],"picked":"Burst","floor":48}],"player_experience":250775,"relics_obtained":[{"floor":9.0,"key":"Orichalcum"},{"floor":10.0,"key":"Tough Bandages"},{"floor":14.0,"key":"CeramicFish"},{"floor":26.0,"key":"Bag of Preparation"},{"floor":30.0,"key":"Matryoshka"},{"floor":42,"key":"Smiling Mask"},{"floor":42,"key":"Letter Opener"},{"floor":43,"key":"Vajra"},{"floor":43,"key":"Ancient Tea Set"}],"event_choices":[{"damage_healed":0.0,"max_hp_gain":0.0,"max_hp_loss":0.0,"gold_gain":0.0,"event_name":"Scrap Ooze","player_choice":"Success","floor":2.0,"gold_loss":0.0,"damage_taken":7.0,"relics_obtained":["Toy Ornithopter"]},{"damage_healed":0.0,"max_hp_gain":0.0,"max_hp_loss":0.0,"gold_gain":75.0,"event_name":"FaceTrader","player_choice":"Touch","floor":3.0,"gold_loss":0.0,"damage_taken":7.0},{"cards_removed":["Strike_G"],"damage_healed":0.0,"max_hp_gain":0.0,"max_hp_loss":0.0,"gold_gain":0.0,"event_name":"Beggar","player_choice":"Gave Gold","floor":27.0,"gold_loss":75.0,"damage_taken":0.0},{"damage_healed":0,"gold_gain":0,"player_choice":"Embrace Madness","damage_taken":9,"max_hp_gain":0,"max_hp_loss":0,"event_name":"Winding Halls","floor":39,"gold_loss":0,"cards_obtained":["Madness","Madness"]},{"damage_healed":0,"gold_gain":0,"player_choice":"Ignored","damage_taken":0,"max_hp_gain":0,"max_hp_loss":0,"event_name":"Tomb of Lord Red Mask","floor":44,"gold_loss":0},{"cards_removed":["Infinite Blades"],"damage_healed":0,"gold_gain":0,"player_choice":"Removed Power","damage_taken":0,"max_hp_gain":0,"max_hp_loss":0,"event_name":"Falling","floor":45,"gold_loss":0}],"is_beta":false,"boss_relics":[{"not_picked":["SlaversCollar","Ring of the Serpent"],"picked":"HoveringKite"},{"not_picked":["Snecko Eye","Philosopher\u0027s Stone"],"picked":"Astrolabe"}],"items_purged_floors":[7,20,31],"is_endless":false,"potions_floor_spawned":[4,10,12,16,18,24,28,30,37,41,47,48],"ascension_level":11}}