{"host":"aukiz5jlacd3g5yc","time":1611364757,"event":{"mods":["2.2 Compatiblity","BaseMod","Bestiary","Colored Map","Colored Powertips","Downfall","GifTheSpireLib","Minty Spire (QoL Compilation)","Permanent Neow","Quick Restart","Random Character Button","Rare Cards Sparkle","Relic Sorter","Relic Stats","StSLib","everything is the same but u backflip on backflip","slay the spire mod where everything is the same but ironclad has a cowboy hat"],"gold_per_floor":[99,119,138,151,165,194,219,246,265,278,290,325,225,47,58,158,158,58,68,78,93,93,93,93,116,116,116,116],"floor_reached":26,"language":"ENG","playtime":1368,"items_purged":[],"score":295,"play_id":"5f61449c-738b-44ba-b014-de1cb097902f","local_time":"20210122191917","is_ascension_mode":true,"campfire_choices":[{"floor":1,"key":"RECALL"},{"data":"Slimebound:Gluttony","floor":13,"key":"SMITH"},{"data":"Slimebound:OozeBath","floor":18,"key":"SMITH"}],"circlet_count":0,"master_deck":["Slimebound:Strike_Slimebound","Slimebound:Strike_Slimebound","Slimebound:Strike_Slimebound","Slimebound:Tackle","Slimebound:Defend_Slimebound","Slimebound:Defend_Slimebound","Slimebound:Defend_Slimebound","Slimebound:Defend_Slimebound","Slimebound:Split+1","Slimebound:CorrosiveSpit","Slimebound:SpikyOuterGoop","Slimebound:LeechingTouch","Slimebound:SpikyOuterGoop","Slimebound:DuplicatedForm","Slimebound:RainOfGoop","Slimebound:GoopSpray","Slimebound:Gluttony+1","Slimebound:SamplingLick","Slimebound:AcidTongue","Slimebound:LeechingTouch","Slimebound:LivingWall","Slimebound:OozeBath+1","Slimebound:ItLooksTasty","Slimebound:LeechLife","Slimebound:Schlurp+1","Slimebound:Schlurp","J.A.X."],"relics":["Slimebound:AbsorbEndCombat","Bag of Marbles","Oddly Smooth Stone","Peace Pipe","downfall:HeartBlessingRed","Sozu","downfall:HeartBlessingBlue","PreservedInsect","Vajra"],"acts_visited":["Exordium","TheCity"],"potions_floor_usage":[6,8,12,12,14,16],"damage_taken":[{"damage":0,"enemies":"2 Louse","floor":2,"turns":2},{"damage":13,"enemies":"Small Slimes","floor":3,"turns":2},{"damage":6,"enemies":"Jaw Worm","floor":4,"turns":4},{"damage":22,"enemies":"Large Slime","floor":5,"turns":5},{"damage":28,"enemies":"Lagavulin","floor":6,"turns":6},{"damage":32,"enemies":"Gremlin Nob","floor":8,"turns":5},{"damage":12,"enemies":"Red Slaver","floor":9,"turns":4},{"damage":3,"enemies":"Blue Slaver","floor":10,"turns":5},{"damage":0,"enemies":"Exordium Wildlife","floor":11,"turns":5},{"damage":0,"enemies":"3 Sentries","floor":12,"turns":5},{"damage":19,"enemies":"downfall:FleeingMerchant","floor":14,"turns":4},{"damage":6,"enemies":"2 Fungi Beasts","floor":15,"turns":3},{"damage":35,"enemies":"WA_ARCHETYPE_RETAIN","floor":16,"turns":8},{"damage":14,"enemies":"Chosen","floor":19,"turns":5},{"damage":31,"enemies":"Snecko","floor":20,"turns":6},{"damage":21,"enemies":"Snake Plant","floor":21,"turns":4},{"damage":70,"enemies":"Gremlin Leader","floor":26,"turns":4}],"seed_played":"3078920509741291327","potions_obtained":[{"floor":3,"key":"Guardian:BlockOnCardUsePotion"},{"floor":4,"key":"hexamod:SoulburnPotion"},{"floor":6,"key":"Ancient Potion"},{"floor":8,"key":"ColorlessPotion"},{"floor":11,"key":"SkillPotion"},{"floor":12,"key":"hexamod:SoulburnPotion"}],"is_trial":false,"path_per_floor":["R","M","M","M","M","E","T","E","M","M","M","E","R","$","M","B",null,"R","M","M","M","?","?","T","T","E"],"character_chosen":"SLIMEBOUND","items_purchased":["Slimebound:OozeBath"],"campfire_rested":0,"item_purchase_floors":[14],"current_hp_per_floor":[65,65,52,50,36,31,31,20,12,15,23,31,31,31,33,6,65,75,68,60,75,75,61,61,61,0,0,0],"gold":116,"neow_bonus":"UPGRADE_CARD","is_daily":false,"chose_seed":false,"campfire_upgraded":2,"win_rate":0.0,"timestamp":1611364757,"path_taken":["R","M","M","M","M","E","T","E","M","M","M","E","R","$","M","BOSS","R","M","M","M","?","?","T","?","E"],"items_purchased_type":["Card"],"build_version":"2020-12-22","purchased_purges":0,"victory":false,"max_hp_per_floor":[65,65,65,65,65,65,65,65,65,65,65,65,65,65,65,65,65,75,75,75,75,75,80,80,80,80,80,80],"relic_stats":{"Peace Pipe":0,"Sozu":0,"counters":[17,76],"PreservedInsect":46,"obtain_stats":[{"Peace Pipe":12,"Sozu":17,"downfall:HeartBlessingRed":13,"downfall:HeartBlessingBlue":18,"Oddly Smooth Stone":8,"Vajra":25,"PreservedInsect":24,"Slimebound:AbsorbEndCombat":0,"Bag of Marbles":6},{"Peace Pipe":10,"Sozu":13,"downfall:HeartBlessingRed":10,"downfall:HeartBlessingBlue":13,"Oddly Smooth Stone":6,"Vajra":16,"PreservedInsect":16,"Slimebound:AbsorbEndCombat":0,"Bag of Marbles":5},{"Peace Pipe":42,"Sozu":57,"downfall:HeartBlessingRed":42,"downfall:HeartBlessingBlue":57,"Oddly Smooth Stone":24,"Vajra":72,"PreservedInsect":72,"Slimebound:AbsorbEndCombat":0,"Bag of Marbles":19}]},"card_choices":[{"not_picked":["Slimebound:ComboTackle","Slimebound:SplitAcid"],"picked":"Slimebound:SpikyOuterGoop","floor":2},{"not_picked":["Slimebound:HauntingLick","Slimebound:Dissolve"],"picked":"Slimebound:LeechingTouch","floor":3},{"not_picked":["Slimebound:SplitBruiser","Slimebound:SlimeSpikes"],"picked":"Slimebound:SpikyOuterGoop","floor":4},{"not_picked":["Slimebound:GoopSpray","Slimebound:Dissolve"],"picked":"Slimebound:DuplicatedForm","floor":5},{"not_picked":["Slimebound:SplitSpecialist","Slimebound:LivingWall"],"picked":"Slimebound:RainOfGoop","floor":6},{"not_picked":["Slimebound:FlameTackle","Slimebound:SplitLeeching"],"picked":"Slimebound:GoopSpray","floor":8},{"not_picked":["Slimebound:SplitBruiser","Slimebound:RollThrough"],"picked":"Slimebound:Gluttony","floor":9},{"not_picked":["Slimebound:SplitAcid","Slimebound:GoopTackle"],"picked":"Slimebound:SamplingLick","floor":10},{"not_picked":["Slimebound:HauntingLick","Slimebound:SplitMire"],"picked":"Slimebound:AcidTongue","floor":11},{"not_picked":["Slimebound:SplitAcid","Slimebound:ProtectTheBoss"],"picked":"Slimebound:LeechingTouch","floor":12},{"not_picked":["Slimebound:RejuvenatingLick","Slimebound:BestDefense"],"picked":"Slimebound:LivingWall","floor":14},{"not_picked":["Slimebound:SplitLeeching","Slimebound:Gluttony"],"picked":"Slimebound:ItLooksTasty","floor":15},{"not_picked":["Slimebound:FirmFortitude","Slimebound:OneTwoCombo"],"picked":"Slimebound:LeechLife","floor":16},{"not_picked":["Slimebound:Prepare","Slimebound:LeechingTouch","Slimebound:SlimeBarrage+1"],"picked":"SKIP","floor":19},{"not_picked":["Slimebound:RollThrough","Slimebound:SlimeSpikes"],"picked":"Slimebound:Schlurp+1","floor":20},{"not_picked":["Slimebound:SlimeSpikes","Slimebound:SlimeBarrage+1"],"picked":"Slimebound:Schlurp","floor":21}],"player_experience":348204,"relics_obtained":[{"floor":6,"key":"Bag of Marbles"},{"floor":8,"key":"Oddly Smooth Stone"},{"floor":12,"key":"Peace Pipe"},{"floor":24,"key":"PreservedInsect"},{"floor":25,"key":"Vajra"}],"event_choices":[{"damage_healed":0,"gold_gain":0,"player_choice":"Obtain J.A.X.","damage_taken":0,"max_hp_gain":0,"max_hp_loss":0,"event_name":"Drug Dealer","floor":22,"gold_loss":0,"cards_obtained":["J.A.X."]}],"is_beta":false,"boss_relics":[{"not_picked":["Velvet Choker","Philosopher\u0027s Stone"],"picked":"Sozu"}],"items_purged_floors":[],"is_endless":false,"potions_floor_spawned":[3,4,6,8,11,12],"killed_by":"Gremlin Leader","ascension_level":1}}