{"host":"zmilr51mkqu4u6kc","time":1611433671,"event":{"mods":["AchievementEnabler","BaseMod","BetterRewards","Card Forge","Colored Map","Colored Powertips","DeckTracker","Downfall","Friendly Minions","Highlight Path","Infinite Spire","KinomotoSakuraMod(????)","Minty Spire (QoL Compilation)","Quick Restart","READ ME - Guardian Mod","Rare Cards Sparkle","Replay The Spire","Shop Mod","StSLib","vexMod"],"gold_per_floor":[99,112,112,22,35,63,88,16,26,57,75,75,93,93,105,105,105,105],"floor_reached":16,"language":"ENG","playtime":1591,"items_purged":[],"score":112,"play_id":"c60fbd27-03b6-46e7-b013-28efabdeec6b","local_time":"20210123212751","is_ascension_mode":false,"campfire_choices":[{"floor":1,"key":"RECALL"},{"floor":12,"key":"REST"}],"circlet_count":0,"master_deck":["Guardian:Strike_Guardian+1","Guardian:Strike_Guardian+1","Guardian:Strike_Guardian+1","Guardian:Strike_Guardian+1","Guardian:Defend_Guardian+1","Guardian:Defend_Guardian+1","Guardian:Defend_Guardian+1","Guardian:Defend_Guardian+1","Guardian:CurlUp+1","Guardian:TwinSlam+1","Guardian:StasisStrike+1","Guardian:TimeCapacitor+1","Guardian:RollAttack+1","Guardian:TimeCapacitor+1","Guardian:PrismaticBeam+1","Guardian:Recover+1","Guardian:Incinerate+1","Guardian:BronzeOrb+1","Guardian:StasisField"],"relics":["Guardian:ModeShifter","Hammer of Thor","Seething Fire","Anvil of the Gods","Centennial Puzzle","Frozen Egg 2"],"acts_visited":["Exordium"],"potions_floor_usage":[6,10,11,16,16],"damage_taken":[{"damage":5,"enemies":"Cultist","floor":2,"turns":4},{"damage":0,"enemies":"downfall:FleeingMerchant","floor":4,"turns":4},{"damage":8,"enemies":"2 Louse","floor":5,"turns":2},{"damage":18,"enemies":"Gremlin Nob","floor":6,"turns":5},{"damage":15,"enemies":"downfall:FleeingMerchant","floor":8,"turns":4},{"damage":18,"enemies":"Jaw Worm","floor":9,"turns":3},{"damage":6,"enemies":"Replay:BlueRogue","floor":10,"turns":6},{"damage":9,"enemies":"3 Louse","floor":11,"turns":4},{"damage":4,"enemies":"2 Fungi Beasts","floor":13,"turns":3},{"damage":5,"enemies":"Exordium Thugs","floor":15,"turns":3},{"damage":44,"enemies":"IC_STATUS_ARCHETYPE","floor":16,"turns":13}],"seed_played":"-3352849931673620603","potions_obtained":[{"floor":2,"key":"Weak Potion"},{"floor":5,"key":"AttackPotion"},{"floor":6,"key":"bronze:BurnAndBuffPotion"},{"floor":9,"key":"ColorlessPotion"},{"floor":15,"key":"BlessingOfTheForge"}],"is_trial":false,"path_per_floor":["R","M","?","$","M","E","T","$","M","E","M","R","M","?","M","B"],"character_chosen":"GUARDIAN","items_purchased":["Guardian:TimeCapacitor","Guardian:Gem_White"],"campfire_rested":1,"item_purchase_floors":[4,8],"current_hp_per_floor":[88,83,83,83,75,57,57,42,24,18,9,35,31,31,26,0,0,0],"gold":105,"neow_bonus":"TEN_PERCENT_HP_BONUS","is_daily":false,"chose_seed":false,"campfire_upgraded":0,"win_rate":0.0,"timestamp":1611433671,"path_taken":["R","M","?","?","M","E","T","$","M","E","?","R","M","?","M","BOSS"],"items_purchased_type":["Card","Card"],"build_version":"2020-12-22","purchased_purges":0,"victory":false,"max_hp_per_floor":[88,88,88,88,88,88,88,88,88,88,88,88,88,88,88,88,88,88],"card_choices":[{"not_picked":["Guardian:ShieldCharger","Guardian:Planning"],"picked":"Guardian:Gem_Lightblue","floor":2},{"not_picked":["Guardian:PrimingBeam","Guardian:Clone"],"picked":"Guardian:StasisStrike","floor":4},{"not_picked":["Guardian:CrystalBeam","Guardian:Suspension"],"picked":"Guardian:RollAttack","floor":5},{"not_picked":["Guardian:BodySlam","Guardian:ChargeCore"],"picked":"Guardian:TimeCapacitor","floor":6},{"not_picked":["Guardian:Clone","Guardian:BronzeArmor"],"picked":"Guardian:PrismaticBeam","floor":8},{"not_picked":["Guardian:Suspension","Guardian:WalkerClaw"],"picked":"Guardian:Recover","floor":9},{"not_picked":["Guardian:Emergency","Guardian:Recover"],"picked":"Guardian:Gem_Synthetic","floor":10},{"not_picked":["Guardian:Gem_Red","Guardian:Suspension"],"picked":"Guardian:Incinerate","floor":11},{"not_picked":["Guardian:Harden","Guardian:Suspension"],"picked":"Guardian:BronzeOrb","floor":13},{"not_picked":["Guardian:Gem_Lightblue","Guardian:PrimingBeam"],"picked":"Guardian:StasisField","floor":15}],"player_experience":122234,"relics_obtained":[{"floor":6,"key":"Centennial Puzzle"},{"floor":10,"key":"Frozen Egg 2"}],"event_choices":[],"is_beta":false,"boss_relics":[],"items_purged_floors":[],"is_endless":false,"potions_floor_spawned":[2,5,6,9,15],"killed_by":"IC_STATUS_ARCHETYPE","ascension_level":0}}