{"host":"zxkjcgzis4pm3za5","time":1611388415,"event":{"mods":["AchievementEnabler","Act Like it!","BaseMod","Colored Map","Colored Powertips","Friendly Minions","GifTheSpireLib","Minty Spire (QoL Compilation)","Quick Restart","RNG Fix","Random Character Button","Relic Sorter","Relic Stats","StSLib"],"gold_per_floor":[359,379,379,389,155,180,193,193,217,231,266,266,266,295,295,369,369,381,397,407,407,407,407,407,44,89,116,116,116,135,164,164,236,236,252,252,115,129,142,174,174,199,199,218,231,106,134,134,134,134,134,134,38,64,64,64],"floor_reached":55,"language":"ENG","playtime":4099,"items_purged":["Shame","Strike_R","Strike_R"],"score":1604,"play_id":"f5cd8594-5df9-4602-9566-036a9f4a55b2","local_time":"20210123132335","is_ascension_mode":true,"campfire_choices":[{"data":"Flame Barrier","floor":8.0,"key":"SMITH"},{"data":"Feed","floor":13.0,"key":"SMITH"},{"data":"Shockwave","floor":15.0,"key":"SMITH"},{"data":"Metallicize","floor":23.0,"key":"SMITH"},{"data":"Dual Wield","floor":28.0,"key":"SMITH"},{"floor":32.0,"key":"REST"},{"floor":41,"key":"REST"},{"floor":49,"key":"RECALL"},{"floor":52,"key":"REST"}],"circlet_count":0,"master_deck":["AscendersBane","Strike_R","Strike_R","Defend_R","Defend_R","Defend_R","Defend_R","Bash","Shrug It Off","Shockwave+1","Sword Boomerang","Feed+1","Clothesline","Flame Barrier+1","Iron Wave","Ghostly Armor","Burning Pact","Anger","Demon Form+1","Metallicize+1","Pummel","Dual Wield+1","Armaments","Offering","Shrug It Off+1","Purity","Enlightenment","Finesse","Dark Embrace","Whirlwind","True Grit","Shrug It Off","Heavy Blade","Pommel Strike+1","Rage","Shrug It Off","Finesse"],"relics":["Burning Blood","Bronze Scales","PreservedInsect","Oddly Smooth Stone","Red Skull","Prayer Wheel","Sozu","Pantograph","Kunai","Blood Vial","Ginger","Fusion Hammer","Nunchaku","Meat on the Bone","Mercury Hourglass","Omamori","Self Forming Clay"],"acts_visited":["Exordium","TheCity","TheBeyond","TheEnding"],"potions_floor_usage":[55],"damage_taken":[{"damage":6.0,"enemies":"Cultist","floor":1.0,"turns":3.0},{"damage":16.0,"enemies":"Jaw Worm","floor":2.0,"turns":6.0},{"damage":0.0,"enemies":"2 Louse","floor":4.0,"turns":4.0},{"damage":26.0,"enemies":"Gremlin Nob","floor":6.0,"turns":5.0},{"damage":14.0,"enemies":"2 Fungi Beasts","floor":7.0,"turns":5.0},{"damage":16.0,"enemies":"3 Louse","floor":10.0,"turns":5.0},{"damage":8.0,"enemies":"3 Sentries","floor":11.0,"turns":7.0},{"damage":9.0,"enemies":"Lagavulin","floor":14.0,"turns":5.0},{"damage":6.0,"enemies":"Hexaghost","floor":16.0,"turns":7.0},{"damage":6.0,"enemies":"Spheric Guardian","floor":18.0,"turns":5.0},{"damage":12.0,"enemies":"Chosen","floor":19.0,"turns":4.0},{"damage":5.0,"enemies":"Shelled Parasite and Fungi","floor":20.0,"turns":6.0},{"damage":4.0,"enemies":"Gremlin Leader","floor":27.0,"turns":7.0},{"damage":33.0,"enemies":"Sentry and Sphere","floor":30.0,"turns":8.0},{"damage":15.0,"enemies":"Book of Stabbing","floor":31.0,"turns":5.0},{"damage":63.0,"enemies":"Collector","floor":33.0,"turns":10.0},{"damage":12.0,"enemies":"3 Darklings","floor":35.0,"turns":6.0},{"damage":21,"enemies":"Orb Walker","floor":38,"turns":6},{"damage":52,"enemies":"4 Shapes","floor":39,"turns":5},{"damage":11,"enemies":"Giant Head","floor":40,"turns":6},{"damage":24,"enemies":"Nemesis","floor":42,"turns":5},{"damage":20,"enemies":"Maw","floor":44,"turns":6},{"damage":18,"enemies":"Transient","floor":45,"turns":6},{"damage":6,"enemies":"Giant Head","floor":47,"turns":4},{"damage":91,"enemies":"Awakened One","floor":50,"turns":12},{"damage":31,"enemies":"Shield and Spear","floor":54,"turns":6},{"damage":113,"enemies":"The Heart","floor":55,"turns":6}],"seed_played":"2042796376604073609","potions_obtained":[{"floor":2.0,"key":"Block Potion"},{"floor":7.0,"key":"Weak Potion"},{"floor":14.0,"key":"Fire Potion"},{"floor":16.0,"key":"LiquidBronze"}],"is_trial":false,"path_per_floor":["M","M","?","M","$","E","M","R","T","M","E","?","R","E","R","B",null,"M","M","M","?","?","R","?","$","T","E","R","?","M","E","R","B",null,"M","?","$","M","M","E","R","E","T","M","M","$","E","?","R","B",null,"R","$","E","B"],"character_chosen":"IRONCLAD","items_purchased":["Feed","Bronze Scales","Kunai","Dark Embrace","Finesse"],"campfire_rested":3,"item_purchase_floors":[5,5,25,37,53],"current_hp_per_floor":[68,58,54,60,60,40,35,35,35,28,29,29,29,26,26,30,68,72,66,71,71,71,71,71,71,71,77,77,77,56,49,78,40,83,83,73,73,60,20,17,48,32,32,32,34,34,52,109,109,40,95,113,113,88,0,0],"gold":64,"neow_bonus":"TWO_FIFTY_GOLD","is_daily":false,"chose_seed":false,"campfire_upgraded":5,"win_rate":0.0,"timestamp":1611388415,"path_taken":["M","?","?","M","$","E","M","R","T","M","E","?","R","E","R","BOSS","M","M","M","?","?","R","?","$","T","E","R","?","M","E","R","BOSS","M","?","$","?","M","E","R","E","T","M","M","$","E","?","R","BOSS","R","$","E","BOSS"],"items_purchased_type":["Card","Relic","Relic","Card","Card"],"build_version":"2020-12-22","purchased_purges":3,"victory":false,"max_hp_per_floor":[68,68,68,68,68,68,71,71,71,74,77,77,77,77,77,81,81,85,85,89,89,89,89,89,89,89,93,93,93,97,97,97,97,97,101,101,101,101,105,105,105,105,105,105,105,105,109,109,109,113,113,113,113,113,113,113],"relic_stats":{"counters":[27,160],"Self Forming Clay":[21],"PreservedInsect":536,"Ginger":[14],"Burning Blood":156,"Mercury Hourglass":[147],"Sozu":5,"Blood Vial":24,"Nunchaku":[8],"Bronze Scales":[497],"Pantograph":40,"Prayer Wheel":9,"Kunai":[25],"obtain_stats":[{"Self Forming Clay":54,"Oddly Smooth Stone":9,"PreservedInsect":6,"Omamori":47,"Ginger":31,"Burning Blood":0,"Mercury Hourglass":43,"Sozu":17,"Blood Vial":27,"Nunchaku":40,"Bronze Scales":5,"Pantograph":24,"Prayer Wheel":14,"Fusion Hammer":34,"Kunai":25,"Red Skull":11,"Meat on the Bone":42},{"Self Forming Clay":26,"Oddly Smooth Stone":5,"PreservedInsect":4,"Omamori":24,"Ginger":15,"Burning Blood":0,"Mercury Hourglass":21,"Sozu":9,"Blood Vial":13,"Nunchaku":20,"Bronze Scales":3,"Pantograph":12,"Prayer Wheel":8,"Fusion Hammer":16,"Kunai":12,"Red Skull":7,"Meat on the Bone":21},{"Self Forming Clay":154,"Oddly Smooth Stone":23,"PreservedInsect":18,"Omamori":136,"Ginger":82,"Burning Blood":0,"Mercury Hourglass":120,"Sozu":47,"Blood Vial":69,"Nunchaku":115,"Bronze Scales":13,"Pantograph":62,"Prayer Wheel":40,"Fusion Hammer":92,"Kunai":62,"Red Skull":35,"Meat on the Bone":120}],"Meat on the Bone":48},"card_choices":[{"not_picked":["Armaments","Bloodletting"],"picked":"Shrug It Off","floor":1.0},{"not_picked":["Perfected Strike","Iron Wave"],"picked":"Shockwave","floor":2.0},{"not_picked":["Sentinel","Flex"],"picked":"Sword Boomerang","floor":4.0},{"not_picked":["Body Slam","Shockwave"],"picked":"Clothesline","floor":6.0},{"not_picked":["Flex","Corruption"],"picked":"Flame Barrier","floor":7.0},{"not_picked":["True Grit","Body Slam"],"picked":"Iron Wave","floor":10.0},{"not_picked":["Flame Barrier","Heavy Blade"],"picked":"Ghostly Armor","floor":11.0},{"not_picked":["True Grit","Uppercut"],"picked":"Anger","floor":14.0},{"not_picked":["Immolate","Brutality"],"picked":"Demon Form","floor":16.0},{"not_picked":["Flex","Evolve"],"picked":"Metallicize","floor":18.0},{"not_picked":["Clothesline","Anger","Havoc"],"picked":"SKIP","floor":18.0},{"not_picked":["Twin Strike","Havoc","Dropkick+1"],"picked":"SKIP","floor":19.0},{"not_picked":["Headbutt+1","Perfected Strike","Clash+1"],"picked":"SKIP","floor":19.0},{"not_picked":["Warcry","Sword Boomerang","Brutality"],"picked":"SKIP","floor":20.0},{"not_picked":["Perfected Strike","Wild Strike","Entrench"],"picked":"SKIP","floor":20.0},{"not_picked":["Shockwave","Evolve"],"picked":"Dual Wield","floor":27.0},{"not_picked":["Spot Weakness","Dual Wield"],"picked":"Armaments","floor":30.0},{"not_picked":["Warcry","Evolve","Reckless Charge"],"picked":"SKIP","floor":30.0},{"not_picked":["Headbutt","Sword Boomerang","Iron Wave"],"picked":"SKIP","floor":31.0},{"not_picked":["Barricade","Bludgeon"],"picked":"Offering","floor":33.0},{"not_picked":["Wild Strike","Armaments+1"],"picked":"Shrug It Off+1","floor":35.0},{"not_picked":["Perfected Strike+1","Body Slam","Blood for Blood"],"picked":"SKIP","floor":35.0},{"not_picked":["Mind Blast","Chrysalis"],"picked":"Purity","floor":36.0},{"not_picked":["Forethought","Jack Of All Trades"],"picked":"Enlightenment","floor":36.0},{"not_picked":["Blind","Thinking Ahead"],"picked":"Finesse","floor":36.0},{"not_picked":["Second Wind","Perfected Strike"],"picked":"Whirlwind","floor":38},{"not_picked":["Headbutt","Flex"],"picked":"True Grit","floor":38},{"not_picked":["Dual Wield","Carnage"],"picked":"Shrug It Off","floor":39},{"not_picked":["Clash","Second Wind"],"picked":"Heavy Blade","floor":39},{"not_picked":["Iron Wave","Twin Strike"],"picked":"Pommel Strike+1","floor":40},{"not_picked":["Cleave+1","True Grit","Clothesline+1"],"picked":"SKIP","floor":42},{"not_picked":["Metallicize","Headbutt+1"],"picked":"Rage","floor":44},{"not_picked":["Seeing Red","Blood for Blood","Uppercut"],"picked":"SKIP","floor":44},{"not_picked":["Body Slam","Twin Strike","Spot Weakness"],"picked":"SKIP","floor":45},{"not_picked":["Twin Strike","Reckless Charge","Metallicize"],"picked":"SKIP","floor":45},{"not_picked":["Metallicize+1","Bludgeon"],"picked":"Shrug It Off","floor":47},{"not_picked":["Anger","Headbutt","Rage"],"picked":"SKIP","floor":54}],"player_experience":256015,"relics_obtained":[{"floor":6.0,"key":"PreservedInsect"},{"floor":9.0,"key":"Oddly Smooth Stone"},{"floor":11.0,"key":"Red Skull"},{"floor":14.0,"key":"Prayer Wheel"},{"floor":27.0,"key":"Blood Vial"},{"floor":31.0,"key":"Ginger"},{"floor":40,"key":"Nunchaku"},{"floor":42,"key":"Meat on the Bone"},{"floor":43,"key":"Mercury Hourglass"},{"floor":47,"key":"Omamori"},{"floor":54,"key":"Self Forming Clay"}],"event_choices":[{"damage_healed":0.0,"max_hp_gain":0.0,"max_hp_loss":0.0,"gold_gain":0.0,"event_name":"The Woman in Blue","player_choice":"Bought 0 Potions","floor":3.0,"gold_loss":0.0,"damage_taken":0.0},{"damage_healed":0.0,"max_hp_gain":0.0,"max_hp_loss":0.0,"gold_gain":0.0,"cards_transformed":["Strike_R"],"event_name":"Transmorgrifier","player_choice":"Transformed","floor":12.0,"gold_loss":0.0,"damage_taken":0.0,"cards_obtained":["Burning Pact"]},{"damage_healed":0.0,"max_hp_gain":0.0,"max_hp_loss":0.0,"gold_gain":0.0,"event_name":"The Library","player_choice":"Read","floor":21.0,"gold_loss":0.0,"damage_taken":0.0,"cards_obtained":["Pummel"]},{"damage_healed":0.0,"max_hp_gain":0.0,"max_hp_loss":0.0,"gold_gain":0.0,"event_name":"Upgrade Shrine","player_choice":"Upgraded","floor":22.0,"gold_loss":0.0,"damage_taken":0.0,"cards_upgraded":["Demon Form"]},{"damage_healed":0.0,"max_hp_gain":0.0,"max_hp_loss":0.0,"gold_gain":0.0,"event_name":"Addict","player_choice":"Stole Relic","floor":24.0,"gold_loss":0.0,"damage_taken":0.0,"relics_obtained":["Pantograph"],"cards_obtained":["Shame"]},{"damage_healed":0.0,"max_hp_gain":0.0,"max_hp_loss":0.0,"gold_gain":0.0,"event_name":"The Mausoleum","player_choice":"Ignored","floor":29.0,"gold_loss":0.0,"damage_taken":0.0},{"damage_healed":0.0,"max_hp_gain":0.0,"max_hp_loss":0.0,"gold_gain":0.0,"event_name":"SensoryStone","player_choice":"Memory 3","floor":36.0,"gold_loss":0.0,"damage_taken":10.0},{"damage_healed":57,"gold_gain":0,"player_choice":"Heal","damage_taken":0,"max_hp_gain":0,"max_hp_loss":0,"event_name":"MindBloom","floor":48,"gold_loss":0,"cards_obtained":["Doubt"]}],"is_beta":false,"boss_relics":[{"not_picked":["Runic Pyramid","Busted Crown"],"picked":"Sozu"},{"not_picked":["SlaversCollar","Philosopher\u0027s Stone"],"picked":"Fusion Hammer"}],"items_purged_floors":[25,37,46],"is_endless":false,"potions_floor_spawned":[2,7,14,16,18,30,33,35,42],"killed_by":"The Heart","ascension_level":17}}