{"host":"aqym1xxr3lb31d9m","time":1611441636,"event":{"mods":["BaseMod","Block Reminder","Colored Map","Colored Powertips","DeckTracker","Highlight Path","Minty Spire (QoL Compilation)","Quick Restart","Random Character Button","StSLib","SuperFastMode","UnlockEverythingMod"],"gold_per_floor":[213,226,151,166,140,166,166,166,166,199,212,212,162,196,196,196,196],"floor_reached":16,"language":"JPN","playtime":3606,"items_purged":[],"score":236,"play_id":"8eea48aa-e241-4048-95a6-e9773d6c8070","local_time":"20210124074036","is_ascension_mode":true,"campfire_choices":[{"data":"Whirlwind","floor":7,"key":"SMITH"},{"data":"Immolate","floor":12,"key":"SMITH"},{"floor":15,"key":"REST"}],"circlet_count":0,"master_deck":["AscendersBane","Strike_R","Strike_R","Strike_R","Strike_R","Strike_R+1","Defend_R","Defend_R","Defend_R","Bash","Perfected Strike","Pommel Strike+1","Wild Strike","Pommel Strike","Whirlwind+1","Pain","Immolate+1","True Grit","Armaments","Havoc"],"relics":["Burning Blood","Singing Bowl","WarpedTongs","Frozen Egg 2","Strawberry","Whetstone"],"acts_visited":["Exordium"],"potions_floor_usage":[14],"damage_taken":[{"damage":15,"enemies":"Small Slimes","floor":1,"turns":4},{"damage":4,"enemies":"Jaw Worm","floor":2,"turns":4},{"damage":0,"enemies":"Cultist","floor":4,"turns":2},{"damage":40,"enemies":"3 Sentries","floor":6,"turns":8},{"damage":11,"enemies":"Gremlin Nob","floor":10,"turns":3},{"damage":5,"enemies":"Blue Slaver","floor":11,"turns":2},{"damage":22,"enemies":"Lagavulin","floor":14,"turns":3},{"damage":47,"enemies":"The Guardian","floor":16,"turns":4}],"seed_played":"-3356091255211983756","potions_obtained":[{"floor":10,"key":"Swift Potion"},{"floor":11,"key":"Explosive Potion"}],"is_trial":false,"path_per_floor":["M","M","?","M","$","E","R","?","T","E","M","R","$","E","R","B"],"character_chosen":"IRONCLAD","items_purchased":["Pommel Strike","Armaments"],"campfire_rested":1,"item_purchase_floors":[5,13],"current_hp_per_floor":[59,61,61,67,67,33,33,33,33,35,36,36,36,20,44,0,0],"gold":196,"neow_bonus":"HUNDRED_GOLD","is_daily":false,"chose_seed":false,"campfire_upgraded":2,"win_rate":0.0,"timestamp":1611441636,"path_taken":["M","M","?","M","$","E","R","?","T","E","M","R","$","E","R","BOSS"],"items_purchased_type":["Card","Card"],"build_version":"2020-12-22","purchased_purges":0,"victory":false,"max_hp_per_floor":[75,75,75,75,75,75,75,75,75,82,82,82,82,82,82,82,82],"card_choices":[{"not_picked":["Iron Wave","Warcry"],"picked":"Perfected Strike","floor":1},{"not_picked":["Feel No Pain","Rupture"],"picked":"Pommel Strike","floor":2},{"not_picked":["Barricade","Ghostly Armor"],"picked":"Wild Strike","floor":4},{"not_picked":["Battle Trance","Headbutt"],"picked":"Whirlwind","floor":6},{"not_picked":["Dropkick","Second Wind"],"picked":"Immolate","floor":10},{"not_picked":["Flex","Rupture+1"],"picked":"True Grit","floor":11},{"not_picked":["Pommel Strike","Searing Blow"],"picked":"Havoc","floor":14}],"player_experience":3994007,"relics_obtained":[{"floor":6,"key":"Singing Bowl"},{"floor":9,"key":"Frozen Egg 2"},{"floor":10,"key":"Strawberry"},{"floor":14,"key":"Whetstone"}],"event_choices":[{"cards_removed":["Defend_R"],"damage_healed":0,"gold_gain":0,"player_choice":"Card Removal","damage_taken":0,"max_hp_gain":0,"max_hp_loss":0,"event_name":"The Cleric","floor":3,"gold_loss":75},{"damage_healed":0,"gold_gain":0,"player_choice":"Rummage","damage_taken":0,"relics_obtained":["WarpedTongs"],"max_hp_gain":0,"max_hp_loss":0,"event_name":"Accursed Blacksmith","floor":8,"gold_loss":0,"cards_obtained":["Pain"]}],"is_beta":false,"boss_relics":[],"items_purged_floors":[],"is_endless":false,"potions_floor_spawned":[10,11],"killed_by":"The Guardian","ascension_level":20}}