{"host":"4np54w3ai1r5lqo1","time":1611360754,"event":{"mods":["BaseMod","Colored Map","Minty Spire (QoL Compilation)","Quick Restart"],"gold_per_floor":[110,110,110,130,130,158,173,18,18,18,50,68,18,33,33,131,131,147,147,246,264,60,60,85,85,109,142,142,142,142],"floor_reached":29,"language":"ENG","playtime":779,"items_purged":["Strike_G","Strike_G","Outmaneuver"],"score":470,"play_id":"da4805c4-778c-467f-a535-6ddf6f4db14d","local_time":"20210122221234","is_ascension_mode":true,"campfire_choices":[{"data":"Crippling Poison","floor":10,"key":"SMITH"},{"data":"Catalyst","floor":15,"key":"SMITH"},{"data":"PiercingWail","floor":23,"key":"SMITH"},{"data":"Night Terror","floor":25,"key":"SMITH"}],"circlet_count":0,"master_deck":["AscendersBane","Strike_G+1","Defend_G+1","Defend_G","Defend_G","Defend_G","Survivor","Neutralize","Deadly Poison","Footwork","Dash","Deadly Poison","Crippling Poison+1","Catalyst+1","Escape Plan","Night Terror+1","PiercingWail+1","Unload","Tools of the Trade"],"relics":["Ring of the Snake","NeowsBlessing","Bottled Tornado","Sundial","Smiling Mask","Philosopher\u0027s Stone","TwistedFunnel","Tiny Chest","Bronze Scales","Oddly Smooth Stone","NlothsMask"],"acts_visited":["Exordium","TheCity"],"potions_floor_usage":[11,16,24],"damage_taken":[{"damage":0,"enemies":"2 Louse","floor":1,"turns":1},{"damage":0,"enemies":"Small Slimes","floor":4,"turns":1},{"damage":0,"enemies":"3 Sentries","floor":6,"turns":1},{"damage":0,"enemies":"Jaw Worm","floor":7,"turns":4},{"damage":28,"enemies":"Gremlin Nob","floor":11,"turns":5},{"damage":3,"enemies":"Red Slaver","floor":12,"turns":4},{"damage":8,"enemies":"Exordium Wildlife","floor":14,"turns":4},{"damage":1,"enemies":"Hexaghost","floor":16,"turns":7},{"damage":0,"enemies":"Shell Parasite","floor":18,"turns":4},{"damage":3,"enemies":"Chosen","floor":21,"turns":6},{"damage":16,"enemies":"Slavers","floor":24,"turns":6},{"damage":17,"enemies":"Book of Stabbing","floor":27,"turns":7},{"damage":24,"enemies":"Slavers","floor":29,"turns":1}],"seed_played":"4191955510167694208","potions_obtained":[{"floor":1,"key":"SneckoOil"},{"floor":4,"key":"Explosive Potion"},{"floor":7,"key":"Poison Potion"},{"floor":12,"key":"BlessingOfTheForge"},{"floor":21,"key":"GhostInAJar"}],"is_trial":false,"path_per_floor":["M","?","?","M","?","E","M","$","T","R","E","M","$","M","R","B",null,"M","?","?","M","$","R","E","R","T","E","?","E"],"character_chosen":"THE_SILENT","items_purchased":["Crippling Poison","TwistedFunnel"],"campfire_rested":0,"item_purchase_floors":[8,22],"current_hp_per_floor":[63,49,70,70,63,63,63,63,63,63,35,32,32,24,24,23,58,58,58,58,55,55,55,39,39,39,22,22,0,0],"gold":142,"neow_bonus":"THREE_ENEMY_KILL","is_daily":false,"chose_seed":false,"campfire_upgraded":4,"win_rate":0.0,"timestamp":1611360754,"path_taken":["M","?","?","M","?","E","M","$","T","R","E","M","$","M","R","BOSS","M","?","?","M","$","R","E","R","T","E","?","E"],"items_purchased_type":["Card","Relic"],"build_version":"2020-12-22","purchased_purges":3,"victory":false,"max_hp_per_floor":[70,70,70,70,70,70,70,70,70,70,70,70,70,70,70,70,70,70,70,70,70,70,70,70,70,70,70,70,70,70],"card_choices":[{"not_picked":["Riddle With Holes","Concentrate"],"picked":"Deadly Poison","floor":1},{"not_picked":["Backflip","Eviscerate"],"picked":"Footwork","floor":4},{"not_picked":["All Out Attack","Flying Knee"],"picked":"Dash","floor":6},{"not_picked":["Tactician","Reflex"],"picked":"Deadly Poison","floor":7},{"not_picked":["Cloak And Dagger","Dash"],"picked":"Catalyst","floor":11},{"not_picked":["Dagger Spray","Blade Dance","Quick Slash"],"picked":"SKIP","floor":12},{"not_picked":["Outmaneuver","Slice"],"picked":"Escape Plan","floor":14},{"not_picked":["Grand Finale","Bullet Time"],"picked":"Night Terror","floor":16},{"not_picked":["Cloak And Dagger+1","Sucker Punch"],"picked":"PiercingWail","floor":18},{"not_picked":["Infinite Blades","Dagger Throw+1","Flying Knee"],"picked":"SKIP","floor":21},{"not_picked":["Flying Knee","Riddle With Holes+1"],"picked":"Tools of the Trade","floor":24},{"not_picked":["Underhanded Strike","Flying Knee","Poisoned Stab"],"picked":"SKIP","floor":27}],"player_experience":492168,"relics_obtained":[{"floor":6,"key":"Bottled Tornado"},{"floor":9,"key":"Sundial"},{"floor":11,"key":"Smiling Mask"},{"floor":24,"key":"Tiny Chest"},{"floor":26,"key":"Bronze Scales"},{"floor":27,"key":"Oddly Smooth Stone"}],"event_choices":[{"damage_healed":0,"gold_gain":0,"player_choice":"Entered Light","damage_taken":14,"max_hp_gain":0,"max_hp_loss":0,"event_name":"Shining Light","floor":2,"gold_loss":0,"cards_upgraded":["Strike_G","Defend_G"]},{"damage_healed":23,"gold_gain":0,"player_choice":"Banana","damage_taken":0,"max_hp_gain":0,"max_hp_loss":0,"event_name":"Big Fish","floor":3,"gold_loss":0},{"cards_removed":["Defend_G"],"damage_healed":0,"gold_gain":0,"player_choice":"Card Removal","damage_taken":7,"max_hp_gain":0,"max_hp_loss":0,"event_name":"Golden Wing","floor":5,"gold_loss":0},{"damage_healed":0,"gold_gain":0,"cards_transformed":["Strike_G","Strike_G"],"player_choice":"Became Test Subject","damage_taken":0,"max_hp_gain":0,"max_hp_loss":0,"event_name":"Drug Dealer","floor":19,"gold_loss":0,"cards_obtained":["Unload","Outmaneuver"]},{"damage_healed":0,"gold_gain":99,"player_choice":"Stole From Cult","damage_taken":0,"max_hp_gain":0,"max_hp_loss":0,"event_name":"Nest","floor":20,"gold_loss":0},{"damage_healed":0,"gold_gain":0,"player_choice":"Trade","damage_taken":0,"relics_obtained":["NlothsMask"],"max_hp_gain":0,"max_hp_loss":0,"event_name":"FaceTrader","floor":28,"gold_loss":0}],"is_beta":false,"boss_relics":[{"not_picked":["Runic Dome","Empty Cage"],"picked":"Philosopher\u0027s Stone"}],"items_purged_floors":[8,13,22],"is_endless":false,"potions_floor_spawned":[1,4,7,12,14,21],"killed_by":"Slavers","ascension_level":12}}