{"host":"aewhn2fld106mlky","time":1611366971,"event":{"mods":["Act Like it!","BaseMod","Downfall","Koishi","KomeijiMod","Minty Spire (QoL Compilation)","Quick Restart","Relic Stats","Spicy Shops","StSLib","The Jungle","The Mystic"],"gold_per_floor":[300,310,323,77,94,94,162,14,189,205,205,305,305,319,333,333,333,333],"floor_reached":16,"language":"ZHS","playtime":779,"items_purged":["bronze:Strike"],"score":92,"play_id":"216a83d8-41f8-4a83-a6a4-3b93ea10509c","local_time":"20210123095611","is_ascension_mode":false,"campfire_choices":[{"data":"bronze:Goto","floor":1,"key":"SMITH"},{"data":"bronze:Shell","floor":6,"key":"SMITH"},{"data":"bronze:Repulsor","floor":11,"key":"SMITH"},{"floor":13,"key":"REST"}],"circlet_count":0,"master_deck":["bronze:Strike","bronze:Strike","bronze:Strike","bronze:Defend","bronze:Defend","bronze:Defend","bronze:Defend","bronze:Replicate","bronze:Goto+1","bronze:GetLatest","bronze:Return","bronze:Shell+1","bronze:Repair","bronze:Iterate","bronze:Repulsor+1","Doubt","bronze:ThunderWave","bronze:Optimize","bronze:Philosophize"],"relics":["bronze:BronzeCore","Old Coin","Chemical X","Mummified Hand","Membership Card","White Beast Statue"],"acts_visited":["Exordium"],"potions_floor_usage":[12,12,14,16],"damage_taken":[{"damage":1,"enemies":"Cultist","floor":2,"turns":4},{"damage":0,"enemies":"2 Louse","floor":3,"turns":2},{"damage":0,"enemies":"downfall:FleeingMerchant","floor":4,"turns":4},{"damage":1,"enemies":"Jaw Worm","floor":5,"turns":2},{"damage":15,"enemies":"downfall:FleeingMerchant","floor":8,"turns":4},{"damage":33,"enemies":"Gremlin Gang","floor":10,"turns":6},{"damage":26,"enemies":"downfall:LadyInBlue","floor":12,"turns":9},{"damage":12,"enemies":"3 Louse","floor":14,"turns":4},{"damage":9,"enemies":"Exordium Wildlife","floor":15,"turns":5},{"damage":35,"enemies":"SI_SHIV_ARCHETYPE","floor":16,"turns":5}],"seed_played":"-1701634558200368372","potions_obtained":[{"floor":5,"key":"Strength Potion"},{"floor":10,"key":"Fire Potion"},{"floor":12,"key":"SteroidPotion"},{"floor":12,"key":"bronze:FreeFunctionsPotion"},{"floor":12,"key":"SneckoOil"},{"floor":12,"key":"Fire Potion"},{"floor":14,"key":"FearPotion"}],"is_trial":false,"path_per_floor":["R","M","M","$","M","R","T","$","?","M","R","?","R","M","M","B"],"character_chosen":"THE_AUTOMATON","items_purchased":["Chemical X","Membership Card","bronze:Iterate","bronze:Repulsor"],"campfire_rested":1,"item_purchase_floors":[4,8,8,8],"current_hp_per_floor":[70,69,69,69,68,68,68,53,53,27,27,8,29,24,25,0,0,0],"gold":333,"neow_bonus":"ONE_RARE_RELIC","is_daily":false,"chose_seed":false,"campfire_upgraded":3,"win_rate":0.0,"timestamp":1611366971,"path_taken":["R","M","M","$","?","R","T","$","?","M","R","?","R","M","M","BOSS"],"items_purchased_type":["Relic","Relic","Card","Card"],"build_version":"2020-12-22","purchased_purges":1,"victory":false,"max_hp_per_floor":[70,70,70,70,70,70,70,70,70,70,70,70,70,70,70,70,70,70],"relic_stats":{"counters":[10,45],"Mummified Hand":[9],"Chemical X":[7],"obtain_stats":[{"bronze:BronzeCore":0,"Mummified Hand":7,"Chemical X":4,"Membership Card":8,"White Beast Statue":12,"Old Coin":0},{"bronze:BronzeCore":0,"Mummified Hand":4,"Chemical X":3,"Membership Card":5,"White Beast Statue":7,"Old Coin":0},{"bronze:BronzeCore":0,"Mummified Hand":12,"Chemical X":10,"Membership Card":16,"White Beast Statue":31,"Old Coin":0}]},"card_choices":[{"not_picked":["bronze:Frontload","bronze:Overheat"],"picked":"bronze:GetLatest","floor":2},{"not_picked":["bronze:OilSpill","bronze:WhirlingStrike"],"picked":"bronze:Return","floor":3},{"not_picked":["bronze:Frontload","bronze:ShipIt","bronze:Shield"],"picked":"SKIP","floor":4},{"not_picked":["bronze:BugBarrage","bronze:DelayedGuard"],"picked":"bronze:Shell","floor":5},{"not_picked":["bronze:Overheat","bronze:BitShift"],"picked":"bronze:Repair","floor":8},{"not_picked":["bronze:Shell","bronze:BitShift"],"picked":"bronze:ThunderWave","floor":10},{"not_picked":["bronze:GetLatest","bronze:BuggyMess"],"picked":"bronze:Optimize","floor":14},{"not_picked":["bronze:ForceShield","bronze:Overheat"],"picked":"bronze:Philosophize","floor":15}],"player_experience":47862,"relics_obtained":[{"floor":7,"key":"Mummified Hand"},{"floor":12,"key":"White Beast Statue"}],"event_choices":[],"is_beta":false,"boss_relics":[],"items_purged_floors":[4],"is_endless":false,"potions_floor_spawned":[5,10,12,14,15],"killed_by":"SI_SHIV_ARCHETYPE","ascension_level":0}}