{"host":"15dd7v8o90xso62x","time":1611373888,"event":{"mods":["BaseMod","Minty Spire (QoL Compilation)","Quick Restart","StSLib","SuperFastMode"],"gold_per_floor":[119,119,119,119,144,175,194,91,91,106,106,139,162,201,201,291,291,309,11,11,24,44,44,44],"floor_reached":23,"language":"KOR","playtime":956,"items_purged":["Strike_G","Strike_G"],"score":522,"play_id":"bf925fb8-5961-47ab-9b70-1ad329cd1b50","local_time":"20210123125128","is_ascension_mode":true,"campfire_choices":[{"data":"Blade Dance","floor":11.0,"key":"SMITH"},{"data":"1","floor":15.0,"key":"LIFT"}],"circlet_count":0,"master_deck":["AscendersBane","Strike_G","Strike_G","Strike_G","Defend_G","Defend_G","Defend_G","Defend_G","Survivor","Neutralize","Predator","Prepared","Dagger Spray","Backstab","Blade Dance+1","Blade Dance","Storm of Steel","Burst","Cloak And Dagger","Adrenaline","Necronomicurse","Die Die Die"],"relics":["Ring of the Snake","NeowsBlessing","Golden Idol","InkBottle","Strawberry","Girya","Bronze Scales","Cursed Key","Membership Card","Necronomicon"],"acts_visited":["Exordium","TheCity"],"potions_floor_usage":[23,23],"damage_taken":[{"damage":0.0,"enemies":"Small Slimes","floor":1.0,"turns":1.0},{"damage":0.0,"enemies":"Jaw Worm","floor":5.0,"turns":1.0},{"damage":0.0,"enemies":"Lagavulin","floor":6.0,"turns":1.0},{"damage":1.0,"enemies":"2 Louse","floor":7.0,"turns":2.0},{"damage":0.0,"enemies":"Exordium Thugs","floor":10.0,"turns":4.0},{"damage":9.0,"enemies":"3 Sentries","floor":12.0,"turns":8.0},{"damage":9.0,"enemies":"3 Louse","floor":13.0,"turns":2.0},{"damage":0.0,"enemies":"Gremlin Nob","floor":14.0,"turns":2.0},{"damage":15.0,"enemies":"Slime Boss","floor":16.0,"turns":7.0},{"damage":10.0,"enemies":"Shell Parasite","floor":18.0,"turns":2.0},{"damage":3,"enemies":"Spheric Guardian","floor":21,"turns":3},{"damage":18,"enemies":"Snake Plant","floor":22,"turns":2},{"damage":21,"enemies":"Gremlin Leader","floor":23,"turns":3}],"seed_played":"-5495060207066098771","potions_obtained":[{"floor":1.0,"key":"FearPotion"},{"floor":6.0,"key":"CunningPotion"},{"floor":13.0,"key":"Swift Potion"},{"floor":21,"key":"Explosive Potion"},{"floor":22,"key":"Regen Potion"}],"is_trial":false,"path_per_floor":["M","?","?","?","M","E","M","$","T","M","R","E","M","E","R","B",null,"M","$","?","M","M","E"],"character_chosen":"THE_SILENT","items_purchased":["Blade Dance","Membership Card","Adrenaline"],"campfire_rested":0,"item_purchase_floors":[8,19,19],"current_hp_per_floor":[59,36,36,36,36,36,35,35,42,42,42,33,24,24,24,9,57,47,47,26,23,5,0,0],"gold":44,"neow_bonus":"THREE_ENEMY_KILL","is_daily":false,"chose_seed":false,"campfire_upgraded":1,"win_rate":0.0,"timestamp":1611373888,"path_taken":["M","?","?","?","?","E","M","$","T","M","R","E","M","E","R","BOSS","M","$","?","M","M","E"],"items_purchased_type":["Card","Relic","Card"],"build_version":"2020-12-22","purchased_purges":2,"victory":false,"max_hp_per_floor":[66,66,66,66,66,66,66,66,73,73,73,73,73,73,73,73,73,73,73,73,73,73,73,73],"card_choices":[{"not_picked":["Poisoned Stab","Expertise"],"picked":"Predator","floor":1.0},{"not_picked":["Sucker Punch","Distraction"],"picked":"Dagger Spray","floor":5.0},{"not_picked":["Finisher","Backflip"],"picked":"Backstab","floor":6.0},{"not_picked":["Outmaneuver","Deadly Poison","Poisoned Stab"],"picked":"SKIP","floor":7.0},{"not_picked":["Slice","Skewer"],"picked":"Blade Dance","floor":10.0},{"not_picked":["Skewer","Dodge and Roll","Deadly Poison"],"picked":"SKIP","floor":12.0},{"not_picked":["Doppelganger","Setup","All Out Attack"],"picked":"SKIP","floor":13.0},{"not_picked":["Blur","Bouncing Flask"],"picked":"Storm of Steel","floor":14.0},{"not_picked":["Grand Finale","Malaise"],"picked":"Burst","floor":16.0},{"not_picked":["Flying Knee","Dagger Spray"],"picked":"Cloak And Dagger","floor":18.0},{"not_picked":["All Out Attack+1","Deadly Poison+1"],"picked":"Die Die Die","floor":21},{"not_picked":["Concentrate","Dagger Spray","Prepared"],"picked":"SKIP","floor":22}],"player_experience":1067592,"relics_obtained":[{"floor":6.0,"key":"InkBottle"},{"floor":9.0,"key":"Strawberry"},{"floor":12.0,"key":"Girya"},{"floor":14.0,"key":"Bronze Scales"},{"floor":20,"key":"Necronomicon"}],"event_choices":[{"damage_healed":0.0,"max_hp_gain":0.0,"max_hp_loss":0.0,"gold_gain":0.0,"event_name":"Golden Idol","player_choice":"Take Damage","floor":2.0,"gold_loss":0.0,"damage_taken":23.0,"relics_obtained":["Golden Idol"]},{"damage_healed":0.0,"max_hp_gain":0.0,"max_hp_loss":0.0,"gold_gain":0.0,"cards_transformed":["Defend_G"],"event_name":"Living Wall","player_choice":"Change","floor":3.0,"gold_loss":0.0,"damage_taken":0.0,"cards_obtained":["Prepared"]},{"damage_healed":0.0,"max_hp_gain":0.0,"max_hp_loss":0.0,"gold_gain":0.0,"event_name":"Liars Game","player_choice":"Ignored","floor":4.0,"gold_loss":0.0,"damage_taken":0.0},{"damage_healed":0,"gold_gain":0,"player_choice":"Obtained Book","damage_taken":21,"max_hp_gain":0,"max_hp_loss":0,"event_name":"Cursed Tome","floor":20,"gold_loss":0}],"is_beta":false,"boss_relics":[{"not_picked":["Fusion Hammer","Busted Crown"],"picked":"Cursed Key"}],"items_purged_floors":[8,19],"is_endless":false,"potions_floor_spawned":[1,6,7,13,21,22],"killed_by":"Gremlin Leader","ascension_level":20}}