{"host":"zhec3g4cvsmevugl","time":1611416663,"event":{"mods":["BaseMod","BetterRewards","Curses Come First","Minty Spire (QoL Compilation)","Relic Stats","Slay-I","StSLib"],"gold_per_floor":[116,116,34,34,34,67,67,82,82,82,106,106,106,145,145,268,268,289,303,303,303,318,318,343,343,367,282,282,294,307,339,339,441,441,451,70,70,26,44,44,71,71,97,127,137,137,154,166,166,166,166],"floor_reached":50,"language":"ENG","playtime":2361,"items_purged":["Injury"],"score":706,"play_id":"ae8b4d1d-5ad3-4ec4-87a8-109b0756af1a","local_time":"20210123234423","is_ascension_mode":true,"campfire_choices":[{"data":"Dramatic Entrance","floor":7,"key":"SMITH"},{"floor":10,"key":"RECALL"},{"data":"Riddle With Holes","floor":12,"key":"SMITH"},{"data":"Neutralize","floor":15,"key":"SMITH"},{"data":"Unload","floor":23,"key":"SMITH"},{"data":"Die Die Die","floor":25,"key":"SMITH"},{"data":"Strike_G","floor":28,"key":"SMITH"},{"data":"Infinite Blades","floor":32,"key":"SMITH"},{"data":"Strike_G","floor":40,"key":"SMITH"},{"data":"Strike_G","floor":42,"key":"SMITH"},{"data":"Skewer","floor":49,"key":"SMITH"}],"circlet_count":0,"master_deck":["Strike_G","Strike_G","Strike_G+1","Strike_G+1","Strike_G+1","Defend_G","Defend_G+1","Defend_G+1","Defend_G","Defend_G","Survivor+1","Neutralize+1","Cloak And Dagger+1","Dramatic Entrance+1","Blur+1","Dodge and Roll+1","Riddle With Holes+1","Tactician+1","Unload+1","Noxious Fumes+1","Blade Dance+1","Outmaneuver+1","Die Die Die+1","Escape Plan+1","Slice+1","Infinite Blades+1","Bullet Time+1","Eviscerate+1","Blade Dance+1","Dodge and Roll+1","Regret","Dagger Spray+1","Deflect+1","Writhe","Venomology+1","Skewer+1","Impatience+1","Bouncing Flask+1","Bane+1"],"relics":["Ring of the Snake","NeowsBlessing","Eternal Feather","Bloody Idol","Toxic Egg 2","Lizard Tail","Bag of Preparation","WristBlade","War Paint","PreservedInsect","Meat on the Bone","Thread and Needle","Cursed Key","Membership Card","Bag of Marbles","Oddly Smooth Stone","Bronze Scales","Snake Skull"],"acts_visited":["Exordium","TheCity","TheBeyond"],"potions_floor_usage":[16,29,30,33,33,33,45,45,48,48,48,50],"damage_taken":[{"damage":0,"enemies":"2 Louse","floor":1,"turns":1},{"damage":0,"enemies":"Lagavulin","floor":6,"turns":1},{"damage":0,"enemies":"Jaw Worm","floor":8,"turns":1},{"damage":0,"enemies":"Small Slimes","floor":11,"turns":1},{"damage":9,"enemies":"Gremlin Nob","floor":14,"turns":5},{"damage":59,"enemies":"The Guardian","floor":16,"turns":21},{"damage":0,"enemies":"Spheric Guardian","floor":18,"turns":3},{"damage":1,"enemies":"Shell Parasite","floor":19,"turns":4},{"damage":30,"enemies":"Centurion and Healer","floor":22,"turns":4},{"damage":23,"enemies":"Book of Stabbing","floor":24,"turns":6},{"damage":0,"enemies":"Snecko","floor":29,"turns":2},{"damage":12,"enemies":"Snake Plant","floor":30,"turns":4},{"damage":0,"enemies":"Gremlin Leader","floor":31,"turns":3},{"damage":53,"enemies":"Collector","floor":33,"turns":7},{"damage":0,"enemies":"3 Darklings","floor":35,"turns":3},{"damage":35,"enemies":"3 Shapes","floor":39,"turns":3},{"damage":5,"enemies":"Nemesis","floor":41,"turns":5},{"damage":11,"enemies":"Giant Head","floor":44,"turns":6},{"damage":11,"enemies":"Maw","floor":45,"turns":7},{"damage":0,"enemies":"Spire Growth","floor":47,"turns":2},{"damage":22,"enemies":"Transient","floor":48,"turns":5},{"damage":113,"enemies":"Awakened One","floor":50,"turns":8}],"seed_played":"-6532027443504420457","potions_obtained":[{"floor":6,"key":"Poison Potion"},{"floor":8,"key":"Explosive Potion"},{"floor":11,"key":"BlessingOfTheForge"},{"floor":22,"key":"SteroidPotion"},{"floor":24,"key":"DistilledChaos"},{"floor":29,"key":"Block Potion"},{"floor":30,"key":"Block Potion"},{"floor":44,"key":"Regen Potion"},{"floor":48,"key":"Strength Potion"}],"is_trial":false,"path_per_floor":["M","?","$","?","?","E","R","M","T","R","M","R","?","E","R","B",null,"M","M","?","?","M","R","E","R","T","?","R","M","M","E","R","B",null,"M","$","T","$","M","R","E","R","T","E","M","?","M","M","R","B"],"character_chosen":"THE_SILENT","items_purchased":["Dramatic Entrance","Membership Card","Bag of Marbles","GhostInAJar","Blade Dance+1","Dodge and Roll+1","DuplicationPotion","Forethought+1"],"campfire_rested":0,"item_purchase_floors":[3,36,36,36,36,36,36,38],"current_hp_per_floor":[70,70,70,63,63,63,70,70,70,70,70,70,70,61,70,11,70,70,69,69,69,44,56,38,50,55,55,67,70,63,68,70,34,70,70,70,70,70,52,70,70,70,70,64,58,58,63,46,67,0,0],"gold":166,"neow_bonus":"THREE_ENEMY_KILL","is_daily":false,"chose_seed":false,"campfire_upgraded":10,"win_rate":0.0,"timestamp":1611416663,"path_taken":["M","?","$","?","?","E","R","M","T","R","?","R","?","E","R","BOSS","M","?","?","?","M","R","E","R","T","?","R","?","?","E","R","BOSS","M","$","?","?","?","R","E","R","T","E","M","?","M","M","R","BOSS"],"items_purchased_type":["Card","Relic","Relic","Potion","Card","Card","Potion","Card"],"build_version":"2020-12-22","purchased_purges":1,"victory":false,"max_hp_per_floor":[70,70,70,70,70,70,70,70,70,70,70,70,70,70,70,70,70,70,70,70,70,70,70,70,70,70,70,70,70,70,70,70,70,70,70,70,70,70,70,70,70,70,70,70,70,70,70,70,70,70,70],"relic_stats":{"counters":[32,149],"Eternal Feather":93,"PreservedInsect":219,"Snake Skull":[19],"Bag of Preparation":[34],"War Paint":["Defend_G","Defend_G"],"Cursed Key":2,"Lizard Tail":35,"Bloody Idol":63,"Bronze Scales":[75],"obtain_stats":[{"Snake Skull":44,"Bag of Preparation":14,"Smiling Mask":9,"Cursed Key":34,"Lizard Tail":9,"WristBlade":17,"Prayer Wheel":0,"Toxic Egg 2":6,"Ring of the Snake":0,"The Specimen":7,"NeowsBlessing":0,"Golden Idol":2,"Oddly Smooth Stone":0,"Eternal Feather":4,"Thread and Needle":31,"Pen Nib":12,"PreservedInsect":26,"War Paint":24,"Strange Spoon":0,"Ornamental Fan":0,"Bronze Scales":0,"Bloody Idol":20,"Snecko Eye":0,"Bag of Marbles":36,"Membership Card":0,"Meat on the Bone":27},{"Snake Skull":28,"Bag of Preparation":15,"Smiling Mask":3,"Cursed Key":24,"Lizard Tail":13,"WristBlade":16,"Prayer Wheel":0,"Toxic Egg 2":12,"Ring of the Snake":0,"The Specimen":3,"NeowsBlessing":10,"Golden Idol":1,"Oddly Smooth Stone":0,"Eternal Feather":11,"Thread and Needle":23,"Pen Nib":5,"PreservedInsect":20,"War Paint":20,"Strange Spoon":0,"Ornamental Fan":0,"Bronze Scales":0,"Bloody Idol":18,"Snecko Eye":7,"Bag of Marbles":25,"Membership Card":0,"Meat on the Bone":20},{"Snake Skull":127,"Bag of Preparation":56,"Smiling Mask":13,"Cursed Key":110,"Lizard Tail":50,"WristBlade":77,"Prayer Wheel":0,"Toxic Egg 2":49,"Ring of the Snake":0,"The Specimen":13,"NeowsBlessing":47,"Golden Idol":5,"Oddly Smooth Stone":0,"Eternal Feather":48,"Thread and Needle":103,"Pen Nib":21,"PreservedInsect":94,"War Paint":94,"Strange Spoon":0,"Ornamental Fan":0,"Bronze Scales":0,"Bloody Idol":84,"Snecko Eye":35,"Bag of Marbles":113,"Membership Card":0,"Meat on the Bone":94}],"Ring of the Snake":[44],"Meat on the Bone":24},"card_choices":[{"not_picked":["Deadly Poison","Underhanded Strike"],"picked":"Cloak And Dagger","floor":1},{"not_picked":["Backstab","Sucker Punch"],"picked":"Blur+1","floor":6},{"not_picked":["Flechettes","Prepared+1"],"picked":"Dodge and Roll+1","floor":8},{"not_picked":["Dodge and Roll+1","Slice"],"picked":"Riddle With Holes","floor":11},{"not_picked":["Well Laid Plans","Sucker Punch"],"picked":"Tactician+1","floor":14},{"not_picked":["Storm of Steel+1","Grand Finale"],"picked":"Unload","floor":16},{"not_picked":["Deadly Poison+1","Riddle With Holes+1"],"picked":"Noxious Fumes+1","floor":18},{"not_picked":["Backstab","Crippling Poison+1"],"picked":"Blade Dance+1","floor":19},{"not_picked":["Accuracy+1","Underhanded Strike"],"picked":"Outmaneuver+1","floor":22},{"not_picked":["Dagger Throw","Flechettes+1"],"picked":"Die Die Die","floor":24},{"not_picked":["Distraction+1","Sucker Punch"],"picked":"Escape Plan+1","floor":29},{"not_picked":["Prepared+1","Underhanded Strike+1"],"picked":"Slice+1","floor":30},{"not_picked":["Blur+1","Quick Slash"],"picked":"Infinite Blades","floor":31},{"not_picked":["Doppelganger+1","Phantasmal Killer+1"],"picked":"Bullet Time+1","floor":33},{"not_picked":["Setup+1","Distraction+1"],"picked":"Eviscerate+1","floor":35},{"not_picked":["Deflect+1","Masterful Stab"],"picked":"Dagger Spray+1","floor":39},{"not_picked":["Outmaneuver+1","Sucker Punch"],"picked":"Deflect+1","floor":41},{"not_picked":["Reflex+1","Dagger Throw+1"],"picked":"Venomology+1","floor":44},{"not_picked":["Deflect+1","Heel Hook+1"],"picked":"Skewer","floor":45},{"not_picked":["Infinite Blades+1","Outmaneuver+1"],"picked":"Bouncing Flask+1","floor":47},{"not_picked":["Expertise+1","Noxious Fumes"],"picked":"Bane+1","floor":48}],"player_experience":216900,"relics_obtained":[{"floor":6,"key":"Toxic Egg 2"},{"floor":9,"key":"Lizard Tail"},{"floor":14,"key":"Bag of Preparation"},{"floor":24,"key":"War Paint"},{"floor":26,"key":"PreservedInsect"},{"floor":31,"key":"Thread and Needle"},{"floor":41,"key":"Oddly Smooth Stone"},{"floor":43,"key":"Bronze Scales"},{"floor":44,"key":"Snake Skull"}],"event_choices":[{"damage_healed":0,"gold_gain":0,"player_choice":"Grow","damage_taken":0,"max_hp_gain":0,"max_hp_loss":0,"event_name":"Living Wall","floor":2,"gold_loss":0,"cards_upgraded":["Cloak And Dagger"]},{"damage_healed":0,"gold_gain":0,"player_choice":"Success","damage_taken":7,"relics_obtained":["Eternal Feather"],"max_hp_gain":0,"max_hp_loss":0,"event_name":"Scrap Ooze","floor":4,"gold_loss":0},{"damage_healed":0,"gold_gain":0,"player_choice":"Take Wound","damage_taken":0,"relics_obtained":["Golden Idol"],"max_hp_gain":0,"max_hp_loss":0,"event_name":"Golden Idol","floor":5,"gold_loss":0,"cards_obtained":["Injury"]},{"damage_healed":0,"gold_gain":0,"player_choice":"Upgraded","damage_taken":0,"max_hp_gain":0,"max_hp_loss":0,"event_name":"Upgrade Shrine","floor":13,"gold_loss":0,"cards_upgraded":["Survivor"]},{"damage_healed":0,"gold_gain":0,"player_choice":"Gave Idol","damage_taken":0,"relics_obtained":["Bloody Idol"],"max_hp_gain":0,"max_hp_loss":0,"event_name":"Forgotten Altar","floor":20,"relics_lost":["Golden Idol"],"gold_loss":0},{"damage_healed":0,"gold_gain":0,"player_choice":"Ignored","damage_taken":0,"max_hp_gain":0,"max_hp_loss":0,"event_name":"Ghosts","floor":21,"gold_loss":0},{"damage_healed":0,"gold_gain":0,"player_choice":"Obtained Relic","damage_taken":0,"relics_obtained":["Meat on the Bone"],"max_hp_gain":0,"max_hp_loss":0,"event_name":"Addict","floor":27,"gold_loss":85},{"damage_healed":0,"gold_gain":0,"cards_transformed":["Forethought"],"player_choice":"Transformed","damage_taken":0,"max_hp_gain":0,"max_hp_loss":0,"event_name":"Transmorgrifier","floor":46,"gold_loss":0,"cards_obtained":["Impatience"]}],"is_beta":false,"boss_relics":[{"not_picked":["Runic Pyramid","Tiny House"],"picked":"WristBlade"},{"not_picked":["Busted Crown","SacredBark"],"picked":"Cursed Key"}],"items_purged_floors":[36],"is_endless":false,"potions_floor_spawned":[6,8,11,22,24,29,30,44,48],"killed_by":"Awakened One","ascension_level":2}}