{"host":"xrbutm0tzv4qwo7u","time":1611423526,"event":{"mods":["AchievementEnabler","BaseMod","Better Altar","Better Match","Better Note","Better Sensory Stone","Better Skull","Better Third Choice","Colored Map","Colored Powertips","Curses Come First","Dark Map","Hermit","Minty Spire (QoL Compilation)","Quick Restart","Rare Cards Sparkle","Relic Stats","StSLib","The Cursed","The Marked"],"gold_per_floor":[113,128,128,142,317,352,352,302,302,318,318,333,19,19,19,119,119,131,131,150,169,169,169],"floor_reached":22,"language":"ENG","playtime":680,"items_purged":[],"score":260,"play_id":"20f3bf7b-b447-4b78-8d0d-900edec21c67","local_time":"20210123113846","is_ascension_mode":true,"campfire_choices":[{"data":"Apotheosis","floor":7,"key":"SMITH"},{"data":"Searing Blow+1","floor":15,"key":"SMITH"}],"circlet_count":0,"master_deck":["Strike_R","Strike_R","Strike_R","Strike_R","Strike_R","Defend_R","Defend_R","Defend_R","Defend_R","Bash+1","Searing Blow+3","Uppercut","Apotheosis+1","Headbutt","Headbutt","Pommel Strike","Heavy Blade","Spot Weakness","Blind","Limit Break","Pommel Strike","Heavy Blade","Pummel+1"],"relics":["Black Blood","Shuriken","Medical Kit"],"acts_visited":["Exordium","TheCity"],"potions_floor_usage":[16,16,22],"damage_taken":[{"damage":7,"enemies":"Jaw Worm","floor":1,"turns":3},{"damage":3,"enemies":"2 Louse","floor":2,"turns":3},{"damage":6,"enemies":"Cultist","floor":4,"turns":3},{"damage":24,"enemies":"3 Sentries","floor":6,"turns":10},{"damage":3,"enemies":"Looter","floor":10,"turns":3},{"damage":14,"enemies":"3 Louse","floor":12,"turns":3},{"damage":0,"enemies":"Slime Boss","floor":16,"turns":5},{"damage":28,"enemies":"3 Byrds","floor":18,"turns":7},{"damage":7,"enemies":"Chosen","floor":20,"turns":4},{"damage":60,"enemies":"Shelled Parasite and Fungi","floor":21,"turns":7},{"damage":22,"enemies":"Snake Plant","floor":22,"turns":2}],"seed_played":"7505679042912481451","potions_obtained":[{"floor":1,"key":"SpeedPotion"},{"floor":4,"key":"LiquidMemories"},{"floor":12,"key":"Fire Potion"}],"is_trial":false,"path_per_floor":["M","M","?","M","?","E","R","?","T","M","?","M","$","?","R","B",null,"M","?","M","M","M"],"character_chosen":"IRONCLAD","items_purchased":["Spot Weakness","Blind","Medical Kit"],"campfire_rested":0,"item_purchase_floors":[13,13,13],"current_hp_per_floor":[79,80,80,80,80,62,62,62,62,65,80,72,72,72,72,78,80,64,64,69,21,0,0],"gold":169,"neow_bonus":"UPGRADE_CARD","is_daily":false,"chose_seed":false,"campfire_upgraded":2,"win_rate":0.0,"timestamp":1611423526,"path_taken":["M","M","?","M","?","E","R","?","T","M","?","?","$","?","R","BOSS","M","?","M","M","M"],"items_purchased_type":["Card","Card","Relic"],"build_version":"2020-12-22","purchased_purges":0,"victory":false,"max_hp_per_floor":[80,80,80,80,80,80,80,80,80,80,80,80,80,80,80,80,80,80,80,80,80,80,80],"relic_stats":{"counters":[11,50],"Shuriken":[2],"Black Blood":76,"Medical Kit":[0],"obtain_stats":[{"Shuriken":6,"Black Blood":17,"Medical Kit":13,"Burning Blood":0},{"Shuriken":4,"Black Blood":7,"Medical Kit":6,"Burning Blood":0},{"Shuriken":19,"Black Blood":30,"Medical Kit":25,"Burning Blood":0}]},"card_choices":[{"not_picked":["Sever Soul","Dark Embrace"],"picked":"Searing Blow","floor":1},{"not_picked":["Anger","Sword Boomerang"],"picked":"Uppercut","floor":2},{"not_picked":["Good Instincts","Finesse"],"picked":"Apotheosis","floor":3},{"not_picked":["Sentinel","Shrug It Off"],"picked":"Headbutt","floor":4},{"not_picked":["True Grit","Spot Weakness"],"picked":"Headbutt","floor":6},{"not_picked":["Metallicize","Flex"],"picked":"Pommel Strike","floor":10},{"not_picked":["Twin Strike","Warcry"],"picked":"Heavy Blade","floor":12},{"not_picked":["Bludgeon","Reaper"],"picked":"Limit Break","floor":16},{"not_picked":["Body Slam","Feel No Pain+1"],"picked":"Pommel Strike","floor":18},{"not_picked":["Sentinel","Searing Blow"],"picked":"Heavy Blade","floor":20},{"not_picked":["Dual Wield","Cleave+1"],"picked":"Pummel+1","floor":21}],"player_experience":63673,"relics_obtained":[{"floor":6,"key":"Shuriken"}],"event_choices":[{"damage_healed":0,"gold_gain":1,"player_choice":"1","damage_taken":0,"max_hp_gain":0,"max_hp_loss":0,"event_name":"betterStone:BetterStone","floor":3,"gold_loss":0},{"damage_healed":0,"gold_gain":175,"player_choice":"AGREE","damage_taken":142,"max_hp_gain":0,"max_hp_loss":0,"event_name":"betterThird:BetterSerpent","floor":5,"gold_loss":0},{"cards_removed":["Doubt"],"damage_healed":0,"gold_gain":0,"player_choice":"Card Removal","damage_taken":0,"max_hp_gain":0,"max_hp_loss":0,"event_name":"The Cleric","floor":8,"gold_loss":50},{"damage_healed":15,"gold_gain":0,"player_choice":"Full Heal","damage_taken":0,"max_hp_gain":0,"max_hp_loss":0,"event_name":"Wheel of Change","floor":11,"gold_loss":0},{"damage_healed":0,"gold_gain":0,"player_choice":"Grow","damage_taken":0,"max_hp_gain":0,"max_hp_loss":0,"event_name":"Living Wall","floor":14,"gold_loss":0,"cards_upgraded":["Searing Blow"]},{"damage_healed":0,"gold_gain":0,"player_choice":"Forge","damage_taken":0,"max_hp_gain":0,"max_hp_loss":0,"event_name":"Accursed Blacksmith","floor":19,"gold_loss":0,"cards_upgraded":["Searing Blow"]}],"is_beta":false,"boss_relics":[{"not_picked":["Sozu","Mark of Pain"],"picked":"Black Blood"}],"items_purged_floors":[],"is_endless":false,"potions_floor_spawned":[1,4,12],"killed_by":"Snake Plant","ascension_level":2}}