{"host":"9slw7l0ws16384qq","time":1611435041,"event":{"mods":["A Penny For Your Troubles","BaseMod","Clockwork Mod","Colored Map","Evolution","Hubris","Minty Spire (QoL Compilation)","Replay The Spire","Shedinja","StS++","StSLib","The Dragon Tamer","The Marked"],"gold_per_floor":[119,134,134,59,59,59,90,90,113,113,13,13,27,37,37,133,133,147,147,147,147,160,160,12,12,36,76,111,137,137,137,137,242,242,274,301,301,301,301,301,71,96,123,123,123,123,147,99,99,118],"floor_reached":51,"language":"FRA","playtime":2634,"items_purged":["Clockwork:Shield","Clockwork:ChargingShield"],"score":684,"play_id":"5a56c068-9655-413d-af1e-9ef841ae6465","local_time":"20210123215041","is_ascension_mode":false,"campfire_choices":[{"data":"Clockwork:Tinker","floor":6.0,"key":"SMITH"},{"data":"Clockwork:ChargingShield","floor":8.0,"key":"SMITH"},{"data":"Clockwork:Pluck","floor":10.0,"key":"SMITH"},{"floor":15.0,"key":"DIG"},{"data":"Shedinja:Absorb","floor":23.0,"key":"SMITH"},{"data":"Clockwork:Pluck","floor":25.0,"key":"SMITH"},{"data":"Clockwork:DefectiveParts","floor":30.0,"key":"SMITH"},{"data":"Clockwork:Pluck","floor":32.0,"key":"SMITH"},{"data":"Clockwork:TimeWalk","floor":40,"key":"SMITH"},{"data":"ReplayUltimateDefense","floor":44,"key":"SMITH"},{"data":"Clockwork:RevUp","floor":46,"key":"SMITH"},{"data":"Clockwork:AssemblyLine","floor":49,"key":"SMITH"}],"circlet_count":0,"master_deck":["Clockwork:Pluck+1","Clockwork:Pluck+1","Clockwork:Pluck+1","Clockwork:ChargingShield+1","Clockwork:Tinker+1","Clockwork:WarmUp","Clockwork:OccamsRazor+1","Shedinja:Absorb+1","Clockwork:RevUp+1","Clockwork:DefectiveParts+1","Clockwork:TimeWalk+1","ReplayUltimateDefense+1","Clockwork:AssemblyLine+1","Clockwork:AssemblyLine"],"relics":["Clockwork:MomentumEngine","EVO:Axolotl","hubris:Towel","hubris:MedicalManual","StSpp:BrokenTotem","Orichalcum","Clockwork:Varja","Clockwork:SomewhatSmoothStone","Coffee Dripper","Replay:Bandana","Snack Pack","SlaversCollar","Blue Doll","hubris:TinFlute"],"acts_visited":["Exordium","TheCity","TheBeyond"],"potions_floor_usage":[50,50,50],"damage_taken":[{"damage":5.0,"enemies":"Small Slimes","floor":1.0,"turns":4.0},{"damage":2.0,"enemies":"Jaw Worm","floor":2.0,"turns":5.0},{"damage":19.0,"enemies":"3 Sentries","floor":7.0,"turns":14.0},{"damage":0.0,"enemies":"Cultist","floor":13.0,"turns":5.0},{"damage":0.0,"enemies":"Large Slime","floor":14.0,"turns":6.0},{"damage":40.0,"enemies":"Hexaghost","floor":16.0,"turns":14.0},{"damage":4.0,"enemies":"2 Thieves","floor":18.0,"turns":5.0},{"damage":5.0,"enemies":"Chosen","floor":22.0,"turns":6.0},{"damage":4.0,"enemies":"Shelled Parasite and Fungi","floor":27.0,"turns":7.0},{"damage":32.0,"enemies":"Gremlin Leader","floor":28.0,"turns":8.0},{"damage":0.0,"enemies":"Snecko","floor":29.0,"turns":14.0},{"damage":25,"enemies":"Collector","floor":33,"turns":7},{"damage":0,"enemies":"Orb Walker","floor":35,"turns":4},{"damage":1,"enemies":"3 Shapes","floor":36,"turns":5},{"damage":0,"enemies":"Jaw Worm Horde","floor":42,"turns":2},{"damage":0,"enemies":"Writhing Mass","floor":47,"turns":4},{"damage":22,"enemies":"hubris:GrandSnecko","floor":50,"turns":3}],"seed_played":"2856190432249277489","potions_obtained":[{"floor":2.0,"key":"SteroidPotion"},{"floor":13.0,"key":"ColorlessPotion"},{"floor":29.0,"key":"LiquidBronze"},{"floor":36,"key":"StSpp:ScatteredPotion"}],"is_trial":false,"path_per_floor":["M","M","?","$","?","R","E","R","T","R","$","?","M","M","R_BF","B",null,"M","?","?","?","M","R","$","R","T","M","E","M","R","?","R","B",null,"M","M","?","$","?","R","$","M","T","R","T","R","M","$","R","B",null],"character_chosen":"CLOCKWORK","items_purchased":["Clockwork:RevUp","Clockwork:CraftVarja","ReplayUltimateDefense","PowerPotion","Clockwork:AssemblyLine"],"campfire_rested":0,"item_purchase_floors":[24,24,41,41,48],"current_hp_per_floor":[88,86,86,86,86,86,67,67,67,67,67,67,67,67,67,27,93,89,89,89,89,84,84,84,84,84,80,48,52,52,34,34,11,98,98,97,97,97,93,93,93,93,93,93,93,93,93,93,93,75],"gold":118,"neow_bonus":"TEN_PERCENT_HP_BONUS","is_daily":false,"chose_seed":false,"campfire_upgraded":11,"win_rate":0.0,"timestamp":1611435041,"path_taken":["M","M","?","$","?","R","E","R","T","R","?","?","?","M","R_BF","BOSS","M","?","?","?","M","R","$","R","T","M","E","?","R","?","R","BOSS","M","M","?","$","?","R","$","M","T","R","?","R","M","?","R","BOSS"],"items_purchased_type":["Card","Card","Card","Potion","Card"],"build_version":"2020-12-22","purchased_purges":2,"victory":true,"max_hp_per_floor":[93,93,93,93,93,93,93,93,93,93,93,93,93,93,93,93,93,93,93,93,93,93,93,93,93,93,93,93,93,93,98,98,98,98,98,98,98,98,93,93,93,93,93,93,93,93,93,93,93,93],"card_choices":[{"not_picked":["Clockwork:Minimalism","Clockwork:TimeOut","Clockwork:Friction"],"picked":"SKIP","floor":1.0},{"not_picked":["Clockwork:FalseStart","Clockwork:ForgeStrike"],"picked":"Clockwork:CraftVarja","floor":2.0},{"not_picked":["Clockwork:Minimalism","Clockwork:Friction","Clockwork:CogBarrier"],"picked":"SKIP","floor":7.0},{"not_picked":["Clockwork:HeadStart","Clockwork:SystemScan"],"picked":"Clockwork:OccamsRazor","floor":13.0},{"not_picked":["Clockwork:Scour","Clockwork:LogisticRegression","Clockwork:ChargingBlade"],"picked":"SKIP","floor":14.0},{"not_picked":["Clockwork:Halt","Clockwork:PerfectForm"],"picked":"Clockwork:CraftMomentumEngine","floor":16.0},{"not_picked":["Clockwork:FalseStart","Clockwork:MechanicalBulk","Clockwork:Redundancy"],"picked":"SKIP","floor":18.0},{"not_picked":["Clockwork:MechanicalMass","Clockwork:Inspiration","Clockwork:Friction"],"picked":"SKIP","floor":22.0},{"not_picked":["Clockwork:SystemHardening","Clockwork:Roundhouse","Clockwork:StasisBreak"],"picked":"SKIP","floor":27.0},{"not_picked":["Clockwork:SiegeStrike","Clockwork:ReserveSystems"],"picked":"Clockwork:DefectiveParts","floor":28.0},{"not_picked":["Clockwork:KaliMa","Clockwork:SpringShield"],"picked":"Clockwork:CraftVarja","floor":29.0},{"not_picked":["Clockwork:UnlimitedCogworks","Clockwork:PerfectForm"],"picked":"Clockwork:TimeWalk","floor":33},{"not_picked":["Clockwork:SpringShield+1","Clockwork:Enhance+1","Clockwork:Friction"],"picked":"SKIP","floor":35},{"not_picked":["Clockwork:SnapKeep","Clockwork:Enhance","Clockwork:CogShield+1"],"picked":"SKIP","floor":36},{"not_picked":["Clockwork:HoardingStrike","Clockwork:SmithsMallet+1","Clockwork:TimeOut+1"],"picked":"SKIP","floor":42},{"not_picked":["Clockwork:AdaptiveCannon","Clockwork:HeadStart","Clockwork:AdaptiveShield"],"picked":"SKIP","floor":47}],"player_experience":1782395,"relics_obtained":[{"floor":7.0,"key":"hubris:MedicalManual"},{"floor":9.0,"key":"StSpp:BrokenTotem"},{"floor":15.0,"key":"Orichalcum"},{"floor":26.0,"key":"Replay:Bandana"},{"floor":28.0,"key":"Snack Pack"},{"floor":43,"key":"Blue Doll"},{"floor":45,"key":"hubris:TinFlute"}],"event_choices":[{"damage_healed":0.0,"max_hp_gain":0.0,"max_hp_loss":0.0,"gold_gain":0.0,"cards_transformed":["Clockwork:Pluck"],"event_name":"Transmorgrifier","player_choice":"Transformed","floor":12.0,"gold_loss":0.0,"damage_taken":0.0,"cards_obtained":["Clockwork:CraftSomewhatSmoothStone"]},{"cards_removed":["Clockwork:ChargingShield"],"damage_healed":0.0,"max_hp_gain":0.0,"max_hp_loss":0.0,"gold_gain":0.0,"event_name":"Back to Basics","player_choice":"Elegance","floor":20.0,"gold_loss":0.0,"damage_taken":0.0},{"damage_healed":0.0,"max_hp_gain":0.0,"max_hp_loss":0.0,"gold_gain":0.0,"event_name":"The Library","player_choice":"Read","floor":21.0,"gold_loss":0.0,"damage_taken":0.0,"cards_obtained":["Shedinja:Absorb"]},{"damage_healed":0.0,"max_hp_gain":5.0,"max_hp_loss":0.0,"gold_gain":0.0,"event_name":"Forgotten Altar","player_choice":"Shed Blood","floor":31.0,"gold_loss":0.0,"damage_taken":23.0},{"damage_healed":0,"gold_gain":0,"player_choice":"Ignored","damage_taken":0,"max_hp_gain":0,"max_hp_loss":0,"event_name":"Tomb of Lord Red Mask","floor":37,"gold_loss":0},{"damage_healed":0,"gold_gain":0,"player_choice":"Max HP","damage_taken":0,"max_hp_gain":0,"max_hp_loss":5,"event_name":"Winding Halls","floor":39,"gold_loss":0}],"is_beta":false,"boss_relics":[{"not_picked":["Empty Cage","hubris:ScarierMask"],"picked":"Coffee Dripper"},{"not_picked":["hubris:BlackHole","Replay:Drink Me"],"picked":"SlaversCollar"}],"items_purged_floors":[4,11],"is_endless":false,"potions_floor_spawned":[2,13,29,36,47],"ascension_level":0}}