{"host":"takgv9cv6xf64vhq","time":1611383517,"event":{"mods":["BaseMod","Colored Powertips","Downfall","Marisa£®ÏF”Í°°ƒß¿Ì…≥£©","Minty Spire (QoL Compilation)","Replay The Spire","StSLib","The Cursed"],"gold_per_floor":[110,125,140,140,151,151,167,187,187,187,187,217,217,217,217,217,217],"floor_reached":16,"language":"ZHS","playtime":972,"items_purged":[],"score":102,"play_id":"b29072b5-aa1e-4c11-a195-578efdcc4792","local_time":"20210123143157","is_ascension_mode":false,"campfire_choices":[{"data":"Infernal Blade","floor":6.0,"key":"SMITH"},{"data":"ReplayTheSpireMod:LeadingStrike","floor":10.0,"key":"SMITH"},{"data":"ReplayTheSpireMod:Corrosion Curse","floor":15,"key":"SMITH"}],"circlet_count":0,"master_deck":["Strike_R","Strike_R","Strike_R","Strike_R","Defend_R","Defend_R+1","Defend_R","Bash","ReplayTheSpireMod:LeadingStrike+1","Infernal Blade+1","Battle Trance","Run Through","ReplayTheSpireMod:Corrosion Curse+1","Flame Barrier","Rupture+1","Juggernaut+1","Replay:Undeath\u0027s Touch","Bash"],"relics":["Empty Cage","Replay:Accelerometer","Pen Nib","Golden Egg"],"acts_visited":["Exordium"],"potions_floor_usage":[16],"damage_taken":[{"damage":1.0,"enemies":"2 Louse","floor":1.0,"turns":3.0},{"damage":8.0,"enemies":"Jaw Worm","floor":2.0,"turns":3.0},{"damage":0.0,"enemies":"Cultist","floor":3.0,"turns":2.0},{"damage":13.0,"enemies":"Lots of Slimes","floor":5.0,"turns":5.0},{"damage":2.0,"enemies":"3 Louse","floor":7.0,"turns":4.0},{"damage":0.0,"enemies":"Red Slaver","floor":8.0,"turns":4.0},{"damage":16.0,"enemies":"Lagavulin","floor":12.0,"turns":5.0},{"damage":33,"enemies":"Fading Forest","floor":16,"turns":9}],"seed_played":"-8852961225614109139","potions_obtained":[{"floor":1.0,"key":"Strength Potion"},{"floor":8.0,"key":"Weak Potion"},{"floor":12.0,"key":"EssenceOfSteel"}],"is_trial":false,"path_per_floor":["M","M","M","?","M","R","M","M","T","R","?","E","?","?","R","B"],"character_chosen":"IRONCLAD","items_purchased":[],"campfire_rested":0,"item_purchase_floors":[],"current_hp_per_floor":[79,71,71,71,58,58,56,56,56,56,49,33,33,33,33,0,0],"gold":217,"neow_bonus":"BOSS_RELIC","is_daily":false,"chose_seed":false,"campfire_upgraded":3,"win_rate":0.0,"timestamp":1611383517,"path_taken":["M","M","M","?","M","R","M","M","T","R","?","E","?","?","R","BOSS"],"items_purchased_type":[],"build_version":"2020-12-22","purchased_purges":0,"victory":false,"max_hp_per_floor":[80,80,80,80,80,80,80,80,80,80,80,80,80,80,80,80,80],"card_choices":[{"not_picked":["Whirlwind","Anger"],"picked":"ReplayTheSpireMod:LeadingStrike","floor":1.0},{"not_picked":["Intimidate","Clothesline"],"picked":"Infernal Blade","floor":2.0},{"not_picked":["Body Slam","Combust"],"picked":"Battle Trance","floor":3.0},{"not_picked":["Clash","Dropkick"],"picked":"Iron Wave","floor":5.0},{"not_picked":["Iron Wave","Sword Boomerang"],"picked":"Run Through","floor":7.0},{"not_picked":["Run Through","True Grit"],"picked":"ReplayTheSpireMod:Corrosion Curse","floor":8.0},{"not_picked":["Cleave","Eclipse"],"picked":"Flame Barrier","floor":12.0}],"player_experience":2560,"relics_obtained":[{"floor":9.0,"key":"Replay:Accelerometer"},{"floor":12.0,"key":"Golden Egg"}],"event_choices":[{"damage_healed":0.0,"max_hp_gain":0.0,"max_hp_loss":0.0,"gold_gain":0.0,"event_name":"Scrap Ooze","player_choice":"Success","floor":11.0,"gold_loss":0.0,"damage_taken":7.0,"relics_obtained":["Pen Nib"]},{"damage_healed":0,"gold_gain":0,"player_choice":"3 cards matched","damage_taken":0,"max_hp_gain":0,"max_hp_loss":0,"event_name":"Match and Keep!","floor":14,"gold_loss":0,"cards_obtained":["Juggernaut","Replay:Undeath\u0027s Touch","Bash"]}],"is_beta":false,"boss_relics":[],"items_purged_floors":[],"is_endless":false,"potions_floor_spawned":[1,8,12],"killed_by":"Fading Forest","ascension_level":0}}