{"host":"qsusua7l529r8z9k","time":1611394199,"event":{"mods":["Aspiration","BaseMod","Minty Spire (QoL Compilation)","Spicy Shops","StSLib"],"gold_per_floor":[117,132,149,163,163,163,163,163,163,38,38,71,85,105,105,177,177,193,205,205,217,227,227,227,227,297,323,323,356,6,38,38,109,109,126,348,348,368,388,388,420,438,438,438,55,71,71,18,18,18],"floor_reached":51,"language":"ZHS","playtime":1915,"items_purged":["Strike_G","Strike_G"],"score":1317,"play_id":"1ea7f279-a509-44c6-8558-e27934d2e0bb","local_time":"20210123172959","is_ascension_mode":true,"campfire_choices":[{"data":"Neutralize","floor":6.0,"key":"SMITH"},{"floor":11.0,"key":"REST"},{"data":"Blade Dance","floor":15.0,"key":"SMITH"},{"data":"Phantasmal Killer","floor":23.0,"key":"SMITH"},{"floor":25.0,"key":"REST"},{"data":"Expertise","floor":32.0,"key":"SMITH"},{"data":"Adrenaline","floor":40.0,"key":"SMITH"},{"data":"PiercingWail","floor":44,"key":"SMITH"},{"data":"1","floor":47,"key":"LIFT"},{"data":"2","floor":49,"key":"LIFT"}],"circlet_count":0,"master_deck":["AscendersBane","Strike_G","Strike_G","Strike_G","Defend_G","Defend_G","Defend_G","Defend_G","Defend_G","Survivor","Neutralize+1","Backflip+1","Crippling Poison+1","Footwork+1","Infinite Blades+1","Phantasmal Killer+1","Blade Dance+1","A Thousand Cuts+1","Expertise+1","Prepared+1","PiercingWail+1","Endless Agony+1","Finisher+1","Well Laid Plans+1","Adrenaline+1","Flash of Steel+1","Flash of Steel+1","Accuracy+1","Acrobatics"],"relics":["Ring of the Snake","aspiration:Nostalgia","Burning Blood","Vajra","Calipers","Frozen Egg 2","PreservedInsect","WristBlade","Molten Egg 2","Potion Belt","Red Mask","Meat on the Bone","Tingsha","aspiration:FutureDiary","Bag of Preparation","aspiration:SeaSaltIceCream","WristBlade","Girya"],"acts_visited":["Exordium","TheCity","TheBeyond"],"potions_floor_usage":[50,50],"damage_taken":[{"damage":0.0,"enemies":"Cultist","floor":1.0,"turns":4.0},{"damage":4.0,"enemies":"2 Louse","floor":2.0,"turns":5.0},{"damage":8.0,"enemies":"Jaw Worm","floor":3.0,"turns":5.0},{"damage":16.0,"enemies":"Looter","floor":4.0,"turns":4.0},{"damage":39.0,"enemies":"Gremlin Nob","floor":12.0,"turns":5.0},{"damage":7.0,"enemies":"Lots of Slimes","floor":13.0,"turns":2.0},{"damage":6.0,"enemies":"Exordium Wildlife","floor":14.0,"turns":7.0},{"damage":1.0,"enemies":"The Guardian","floor":16.0,"turns":10.0},{"damage":1.0,"enemies":"Chosen","floor":18.0,"turns":6.0},{"damage":2.0,"enemies":"Shell Parasite","floor":19.0,"turns":3.0},{"damage":12.0,"enemies":"3 Cultists","floor":21.0,"turns":5.0},{"damage":30.0,"enemies":"Shelled Parasite and Fungi","floor":22.0,"turns":6.0},{"damage":10.0,"enemies":"Slavers","floor":27.0,"turns":4.0},{"damage":17.0,"enemies":"Masked Bandits","floor":29.0,"turns":4.0},{"damage":0.0,"enemies":"Gremlin Leader","floor":31.0,"turns":5.0},{"damage":36.0,"enemies":"Automaton","floor":33.0,"turns":8.0},{"damage":10.0,"enemies":"Orb Walker","floor":35.0,"turns":4.0},{"damage":7.0,"enemies":"3 Shapes","floor":38.0,"turns":4.0},{"damage":12.0,"enemies":"Maw","floor":39.0,"turns":6.0},{"damage":18.0,"enemies":"Reptomancer","floor":41.0,"turns":4.0},{"damage":14.0,"enemies":"Writhing Mass","floor":42.0,"turns":5.0},{"damage":0,"enemies":"Transient","floor":46,"turns":5},{"damage":19,"enemies":"Donu and Deca","floor":50,"turns":6}],"seed_played":"-2556847787568009987","potions_obtained":[{"floor":12.0,"key":"Fruit Juice"},{"floor":13.0,"key":"FearPotion"},{"floor":14.0,"key":"GamblersBrew"},{"floor":16.0,"key":"FearPotion"},{"floor":18.0,"key":"Dexterity Potion"},{"floor":22.0,"key":"LiquidMemories"},{"floor":31.0,"key":"CultistPotion"},{"floor":33.0,"key":"SteroidPotion"},{"floor":41.0,"key":"AttackPotion"},{"floor":46,"key":"Poison Potion"}],"is_trial":false,"path_per_floor":["M","M","M","M","?","R","?","?","T","$","R","E","M","M","R","B",null,"M","M","?","M","M","R","?","R","T","E","?","?","$","E","R","B",null,"M","?","?","M","M","R","E","M","T","R","$","M","R","$","R","B",null],"character_chosen":"THE_SILENT","items_purchased":["Footwork+1","Meat on the Bone","Girya","Accuracy+1","AttackPotion"],"campfire_rested":2,"item_purchase_floors":[10,30,45,45,48],"current_hp_per_floor":[65,66,64,54,43,43,23,23,23,23,42,14,13,13,13,18,58,63,67,67,61,37,37,17,39,39,35,35,24,24,42,42,24,63,59,59,54,53,47,47,47,51,51,51,51,57,57,57,57,56],"gold":18,"neow_bonus":"NOSTALGIA","is_daily":false,"chose_seed":false,"campfire_upgraded":6,"win_rate":0.0,"timestamp":1611394199,"path_taken":["M","?","M","?","?","R","?","?","T","$","R","E","M","M","R","BOSS","M","?","?","?","M","R","?","R","T","E","?","?","?","E","R","BOSS","BOSS","M","?","?","M","M","R","E","?","T","R","$","M","R","?","R","BOSS"],"items_purchased_type":["Card","Relic","Relic","Card","Potion"],"build_version":"2020-12-22","purchased_purges":2,"victory":true,"max_hp_per_floor":[66,66,66,66,66,66,66,66,66,66,66,71,71,71,71,71,71,71,71,71,71,71,71,76,76,76,76,76,76,76,76,76,76,76,76,76,76,76,76,76,76,76,76,76,76,76,76,76,76,76],"card_choices":[{"not_picked":["Slice","PiercingWail"],"picked":"Backflip","floor":1.0},{"not_picked":["Catalyst","Dagger Throw"],"picked":"Crippling Poison","floor":2.0},{"not_picked":["Outmaneuver","Sucker Punch","Bane"],"picked":"SKIP","floor":3.0},{"not_picked":["Accuracy","Quick Slash"],"picked":"Terror","floor":4.0},{"not_picked":["Flying Knee","Dagger Throw"],"picked":"Infinite Blades+1","floor":12.0},{"not_picked":["Poisoned Stab","Reflex"],"picked":"Phantasmal Killer","floor":13.0},{"not_picked":["PiercingWail","Deflect"],"picked":"Blade Dance","floor":14.0},{"not_picked":["Malaise","Tools of the Trade+1"],"picked":"A Thousand Cuts+1","floor":16.0},{"not_picked":["Bouncing Flask","Quick Slash"],"picked":"Expertise","floor":18.0},{"not_picked":["Reflex","Blade Dance"],"picked":"Prepared","floor":19.0},{"not_picked":["Flying Knee+1","Heel Hook"],"picked":"PiercingWail","floor":21.0},{"not_picked":["Noxious Fumes+1","Leg Sweep"],"picked":"Endless Agony+1","floor":22.0},{"not_picked":["Deadly Poison","Expertise"],"picked":"Finisher+1","floor":27.0},{"not_picked":["Phantasmal Killer","Reflex"],"picked":"Well Laid Plans+1","floor":31.0},{"not_picked":["Malaise","aspiration:Lunge+1"],"picked":"Adrenaline","floor":33.0},{"not_picked":["Sucker Punch+1","Backstab+1","PiercingWail"],"picked":"SKIP","floor":35.0},{"not_picked":["Dark Shackles","Deep Breath"],"picked":"Flash of Steel+1","floor":37.0},{"not_picked":["Secret Technique","Sadistic Nature+1"],"picked":"Flash of Steel+1","floor":37.0},{"not_picked":["All Out Attack+1","Choke+1","Flying Knee+1"],"picked":"SKIP","floor":38.0},{"not_picked":["Poisoned Stab+1","Bane+1","Catalyst"],"picked":"SKIP","floor":39.0},{"not_picked":["Eviscerate+1","Blade Dance","Infinite Blades+1"],"picked":"SKIP","floor":41.0},{"not_picked":["Setup+1","Blade Dance","Poisoned Stab+1"],"picked":"SKIP","floor":42.0},{"not_picked":["Accuracy+1","Doppelganger"],"picked":"Acrobatics","floor":46}],"player_experience":478054,"relics_obtained":[{"floor":9.0,"key":"Frozen Egg 2"},{"floor":12.0,"key":"PreservedInsect"},{"floor":26.0,"key":"Molten Egg 2"},{"floor":27.0,"key":"Potion Belt"},{"floor":29.0,"key":"Red Mask"},{"floor":31.0,"key":"Tingsha"},{"floor":41.0,"key":"Bag of Preparation"},{"floor":43,"key":"aspiration:SeaSaltIceCream"}],"event_choices":[{"damage_healed":0.0,"max_hp_gain":0.0,"max_hp_loss":0.0,"gold_gain":0.0,"event_name":"Scrap Ooze","player_choice":"Success","floor":5.0,"gold_loss":0.0,"damage_taken":11.0,"relics_obtained":["Vajra"]},{"damage_healed":0.0,"max_hp_gain":0.0,"max_hp_loss":0.0,"gold_gain":0.0,"event_name":"Shining Light","player_choice":"Entered Light","floor":7.0,"gold_loss":0.0,"damage_taken":20.0,"cards_upgraded":["Crippling Poison","Backflip"]},{"cards_removed":["Terror"],"damage_healed":0.0,"max_hp_gain":0.0,"max_hp_loss":0.0,"gold_gain":0.0,"event_name":"WeMeetAgain","player_choice":"Gave Card","floor":8.0,"gold_loss":0.0,"damage_taken":0.0,"relics_obtained":["Calipers"]},{"damage_healed":0.0,"max_hp_gain":0.0,"max_hp_loss":0.0,"gold_gain":0.0,"event_name":"Upgrade Shrine","player_choice":"Upgraded","floor":20.0,"gold_loss":0.0,"damage_taken":0.0,"cards_upgraded":["Prepared"]},{"damage_healed":0.0,"max_hp_gain":5.0,"max_hp_loss":0.0,"gold_gain":0.0,"event_name":"Forgotten Altar","player_choice":"Shed Blood","floor":24.0,"gold_loss":0.0,"damage_taken":25.0},{"damage_healed":0.0,"max_hp_gain":0.0,"max_hp_loss":0.0,"gold_gain":0.0,"event_name":"Ghosts","player_choice":"Ignored","floor":28.0,"gold_loss":0.0,"damage_taken":0.0},{"damage_healed":0.0,"max_hp_gain":0.0,"max_hp_loss":0.0,"gold_gain":0.0,"event_name":"Masked Bandits","player_choice":"Fought Bandits","floor":29.0,"gold_loss":0.0,"damage_taken":0.0},{"damage_healed":0.0,"max_hp_gain":0.0,"max_hp_loss":0.0,"gold_gain":222.0,"event_name":"Tomb of Lord Red Mask","player_choice":"Wore Mask","floor":36.0,"gold_loss":0.0,"damage_taken":0.0},{"damage_healed":0.0,"max_hp_gain":0.0,"max_hp_loss":0.0,"gold_gain":0.0,"event_name":"SensoryStone","player_choice":"Memory 2","floor":37.0,"gold_loss":0.0,"damage_taken":5.0}],"is_beta":false,"boss_relics":[{"not_picked":["Sozu","Busted Crown"],"picked":"WristBlade"},{"not_picked":["Fusion Hammer","aspiration:WatcherSkillbook"],"picked":"aspiration:FutureDiary"}],"items_purged_floors":[30,45],"is_endless":false,"potions_floor_spawned":[12,13,14,16,18,22,31,33,41,46],"ascension_level":16}}