{"host":"bf9sa99gaumonoeu","time":1611427026,"event":{"mods":["AchievementEnabler","Act Like it!","Aspiration","BaseMod","Bestiary","Block Reminder","Colored Map","Colored Powertips","Friendly Minions","Gensokyo","GifTheSpireLib","Googly Eyes","Hallownest","Hermit","Highlight Path","Jorbs\u0027s Wanderer Trilogy","KinomotoSakuraMod(????)","Koishi","Marisa????????","Minty Spire (QoL Compilation)","Rare Cards Sparkle","Relic Stats","Spire Arcade","StSLib","The Administrix","The Animator","The Bug Knight","The Construct","The Cursed","The Hierophant","The Mystic","The Necromancer","The Poker Player","The Runesmith","The Senshi","The Servant 0.9.4","ojb\u0027s Info Mod"],"gold_per_floor":[119,38,50,63,63,63,94,104,104,133,133,161,175,200,200,276,326,338,349,369,294,136,136,175,175,199,243,243,265,292,292,292,372,372,399,425,25,44,80,110,110,154,190,233,233,260,282,308,308,308,308,308,308,40,65,65,65],"floor_reached":56,"language":"ENG","playtime":6640,"items_purged":["Strike_G","Strike_G","Strike_G"],"score":2118,"play_id":"eef8040e-1ffd-49eb-936e-846c86a94048","local_time":"20210123163706","is_ascension_mode":true,"campfire_choices":[{"data":"Neutralize","floor":6,"key":"SMITH"},{"floor":11,"key":"REST"},{"data":"Bouncing Flask","floor":15,"key":"SMITH"},{"data":"Prepared","floor":23,"key":"SMITH"},{"data":"Acrobatics","floor":25,"key":"SMITH"},{"data":"Crippling Poison","floor":28,"key":"SMITH"},{"data":"Calculated Gamble","floor":32,"key":"SMITH"},{"data":"Night Terror","floor":41,"key":"SMITH"},{"data":"Apotheosis","floor":45,"key":"SMITH"},{"floor":49,"key":"RECALL"},{"floor":53,"key":"REST"}],"circlet_count":0,"master_deck":["AscendersBane","Strike_G+1","Defend_G","Defend_G","Defend_G","Defend_G","Defend_G","Survivor","Neutralize+1","Dagger Spray","Bane","Dagger Throw","Slice","Deadly Poison","Dodge and Roll","Deadly Poison","Dagger Throw","Bouncing Flask+1","Unload","Crippling Poison+1","Escape Plan+1","Prepared+1","Acrobatics+1","Underhanded Strike","Venomology","Underhanded Strike","Calculated Gamble+1","Backflip","Night Terror+1","Prepared","PiercingWail","Footwork","Reflex","Apotheosis+1","Parasite","Well Laid Plans","Calculated Gamble+1","animator:Curse_GriefSeed","Quick Slash+1","PiercingWail","Riddle With Holes","Phantasmal Killer","Footwork"],"relics":["HoveringKite","aspiration:AnachronicSnailShell","aspiration:HummingbirdHeart","Anchor","Oddly Smooth Stone","theSenshi:FeatherClipsRelic","Tiny House","CeramicFish","aspiration:Lifesprig","Orichalcum","aspiration:Stabinomicon","Cursed Key","Bronze Scales","Centennial Puzzle","InkBottle","Strawberry"],"acts_visited":["Exordium","TheCity","TheBeyond","TheEnding"],"potions_floor_usage":[7,7,10,14,18,27,27,33,36,39,39,40,40,42,46,48,50,51,51,55,56,56,56,56,56],"damage_taken":[{"damage":1.0,"enemies":"Small Slimes","floor":1.0,"turns":6.0},{"damage":3.0,"enemies":"Cultist","floor":3.0,"turns":5.0},{"damage":2,"enemies":"2 Louse","floor":4,"turns":2},{"damage":10,"enemies":"3 Sentries","floor":7,"turns":6},{"damage":3,"enemies":"Blue Slaver","floor":8,"turns":4},{"damage":19,"enemies":"Gremlin Nob","floor":10,"turns":5},{"damage":21,"enemies":"Lagavulin","floor":12,"turns":6},{"damage":0,"enemies":"2 Fungi Beasts","floor":13,"turns":2},{"damage":0,"enemies":"3 Sentries","floor":14,"turns":5},{"damage":15,"enemies":"The Guardian","floor":16,"turns":9},{"damage":0,"enemies":"Chosen","floor":18,"turns":3},{"damage":2,"enemies":"2 Thieves","floor":19,"turns":3},{"damage":0,"enemies":"Snake Plant","floor":20,"turns":4},{"damage":24,"enemies":"Gremlin Leader","floor":24,"turns":8},{"damage":12,"enemies":"Book of Stabbing","floor":27,"turns":4},{"damage":0,"enemies":"Centurion and Healer","floor":29,"turns":5},{"damage":5,"enemies":"3 Cultists","floor":30,"turns":4},{"damage":21,"enemies":"Collector","floor":33,"turns":8},{"damage":0,"enemies":"Orb Walker","floor":35,"turns":2},{"damage":0,"enemies":"3 Shapes","floor":36,"turns":6},{"damage":17,"enemies":"Sphere and 2 Shapes","floor":38,"turns":6},{"damage":11,"enemies":"Writhing Mass","floor":39,"turns":8},{"damage":5,"enemies":"Reptomancer","floor":40,"turns":7},{"damage":2,"enemies":"Giant Head","floor":42,"turns":5},{"damage":8,"enemies":"Nemesis","floor":44,"turns":6},{"damage":6,"enemies":"Maw","floor":46,"turns":6},{"damage":2,"enemies":"Sphere and 2 Shapes","floor":47,"turns":5},{"damage":2,"enemies":"4 Shapes","floor":48,"turns":5},{"damage":35,"enemies":"Time Eater","floor":50,"turns":12},{"damage":30,"enemies":"Awakened One","floor":51,"turns":10},{"damage":0,"enemies":"Shield and Spear","floor":55,"turns":11},{"damage":80,"enemies":"The Heart","floor":56,"turns":7}],"seed_played":"7230397710196215483","potions_obtained":[{"floor":1.0,"key":"Block Potion"},{"floor":3,"key":"PowerPotion"},{"floor":5,"key":"CunningPotion"},{"floor":7,"key":"Ancient Potion"},{"floor":12,"key":"Fire Potion"},{"floor":16,"key":"DuplicationPotion"},{"floor":17,"key":"Fire Potion"},{"floor":18,"key":"LiquidBronze"},{"floor":29,"key":"DuplicationPotion"},{"floor":33,"key":"Fire Potion"},{"floor":46,"key":"SmokeBomb"},{"floor":47,"key":"Energy Potion"},{"floor":55,"key":"Block Potion"}],"is_trial":false,"path_per_floor":["M","$","M","M","?","R","E","M","T","E","R","E","M","E","R","B",null,"M","M","M","?","$","R","E","R","T","E","R","M","M","?","R","B",null,"M","M","$","M","M","E","R","E","T","E","R","M","M","M","R","B","B",null,"R","$","E","B"],"character_chosen":"THE_SILENT","items_purchased":["FearPotion","Bane","Acrobatics","Underhanded Strike","Footwork","Reflex","Apotheosis","CultistPotion","Footwork"],"campfire_rested":2,"item_purchase_floors":[2,2,22,22,37,37,37,54,54],"current_hp_per_floor":[58,58,55,53,53,53,43,40,40,21,40,19,19,19,19,10,57,63,67,71,71,71,71,53,53,53,47,47,53,54,33,33,18,58,64,70,70,59,66,67,67,71,71,69,69,69,71,71,71,42,18,58,71,71,78,0,0],"gold":65,"neow_bonus":"BOSS_RELIC","is_daily":false,"chose_seed":false,"campfire_upgraded":8,"win_rate":0.0,"timestamp":1611427026,"path_taken":["M","$","M","M","?","R","E","M","T","E","R","E","M","E","R","BOSS","M","?","M","?","$","R","E","R","T","E","R","M","M","?","R","BOSS","M","M","$","M","M","E","R","E","T","E","R","M","M","M","R","BOSS","BOSS","R","$","E","BOSS"],"items_purchased_type":["Potion","Card","Card","Card","Card","Card","Card","Potion","Card"],"build_version":"2020-12-22","purchased_purges":3,"victory":false,"max_hp_per_floor":[66,66,66,66,66,66,66,66,66,66,66,66,66,66,66,66,71,71,71,71,71,71,71,71,71,71,71,71,71,71,71,71,71,71,71,71,71,71,71,71,71,71,71,71,71,71,71,71,71,71,71,71,71,71,78,78,78],"relic_stats":{"Centennial Puzzle":[21],"counters":[32,185],"CeramicFish":171,"Bronze Scales":[297],"HoveringKite":[116],"Orichalcum":[174],"Cursed Key":1,"obtain_stats":[{"aspiration:Lifesprig":26,"Tiny House":17,"CeramicFish":24,"HoveringKite":0,"Oddly Smooth Stone":12,"aspiration:HummingbirdHeart":9,"theSenshi:FeatherClipsRelic":14,"aspiration:Stabinomicon":31,"Orichalcum":27,"Cursed Key":34,"Anchor":10,"Centennial Puzzle":42,"aspiration:AnachronicSnailShell":7,"Bronze Scales":40,"Strawberry":55,"InkBottle":44,"Ring of the Snake":0},{"aspiration:Lifesprig":14,"Tiny House":10,"CeramicFish":14,"HoveringKite":0,"Oddly Smooth Stone":7,"aspiration:HummingbirdHeart":5,"theSenshi:FeatherClipsRelic":9,"aspiration:Stabinomicon":17,"Orichalcum":15,"Cursed Key":18,"Anchor":6,"Centennial Puzzle":24,"aspiration:AnachronicSnailShell":4,"Bronze Scales":23,"Strawberry":31,"InkBottle":25,"Ring of the Snake":0},{"aspiration:Lifesprig":68,"Tiny House":50,"CeramicFish":68,"HoveringKite":0,"Oddly Smooth Stone":34,"aspiration:HummingbirdHeart":23,"theSenshi:FeatherClipsRelic":41,"aspiration:Stabinomicon":81,"Orichalcum":72,"Cursed Key":89,"Anchor":28,"Centennial Puzzle":123,"aspiration:AnachronicSnailShell":19,"Bronze Scales":118,"Strawberry":178,"InkBottle":129,"Ring of the Snake":0}],"InkBottle":[27]},"card_choices":[{"not_picked":["Well Laid Plans","Dodge and Roll"],"picked":"Dagger Spray","floor":1.0},{"not_picked":["Eviscerate","Prepared"],"picked":"Dagger Throw","floor":3},{"not_picked":["PiercingWail","Cloak And Dagger"],"picked":"Slice","floor":4},{"not_picked":["Caltrops","Blade Dance"],"picked":"Deadly Poison","floor":7},{"not_picked":["Sucker Punch","Blade Dance"],"picked":"Dodge and Roll","floor":8},{"not_picked":["PiercingWail","Flechettes"],"picked":"Deadly Poison","floor":10},{"not_picked":["Terror","Cloak And Dagger"],"picked":"Dagger Throw","floor":12},{"not_picked":["Bane","Deadly Poison"],"picked":"Bouncing Flask","floor":13},{"not_picked":["Sucker Punch","Slice","Setup"],"picked":"SKIP","floor":14},{"not_picked":["Storm of Steel","Grand Finale"],"picked":"Unload","floor":16},{"not_picked":["Heel Hook","Deadly Poison"],"picked":"Crippling Poison","floor":17},{"not_picked":["Deflect","Flying Knee","Finisher"],"picked":"SKIP","floor":18},{"not_picked":["Cloak And Dagger","Quick Slash"],"picked":"Escape Plan+1","floor":19},{"not_picked":["Deadly Poison+1","Masterful Stab+1"],"picked":"Prepared","floor":20},{"not_picked":["Blade Dance+1","Setup"],"picked":"Venomology","floor":24},{"not_picked":["Dagger Spray","Deflect"],"picked":"Underhanded Strike","floor":27},{"not_picked":["Blade Dance","Infinite Blades"],"picked":"Calculated Gamble","floor":29},{"not_picked":["Crippling Poison","Poisoned Stab"],"picked":"Backflip","floor":30},{"not_picked":["Phantasmal Killer","Storm of Steel"],"picked":"Night Terror","floor":33},{"not_picked":["Slice","Underhanded Strike+1"],"picked":"Prepared","floor":35},{"not_picked":["Flying Knee","Poisoned Stab"],"picked":"PiercingWail","floor":36},{"not_picked":["Poisoned Stab","Distraction","Dagger Throw"],"picked":"SKIP","floor":38},{"not_picked":["Poisoned Stab","Distraction","Dagger Throw"],"picked":"SKIP","floor":38},{"not_picked":["Bullet Time","Dagger Throw"],"picked":"Well Laid Plans","floor":39},{"not_picked":["Caltrops+1","Outmaneuver","Distraction"],"picked":"SKIP","floor":40},{"not_picked":["Blur","Dodge and Roll"],"picked":"Calculated Gamble+1","floor":42},{"not_picked":["PiercingWail","Bouncing Flask"],"picked":"Quick Slash+1","floor":44},{"not_picked":["Outmaneuver+1","Prepared"],"picked":"PiercingWail","floor":46},{"not_picked":["Poisoned Stab","Flying Knee+1"],"picked":"Riddle With Holes","floor":47},{"not_picked":["Outmaneuver","Deadly Poison"],"picked":"Phantasmal Killer","floor":48},{"not_picked":["Quick Slash","Bane+1","Dash"],"picked":"SKIP","floor":55}],"player_experience":1135921,"relics_obtained":[{"floor":7,"key":"aspiration:AnachronicSnailShell"},{"floor":9,"key":"aspiration:HummingbirdHeart"},{"floor":10,"key":"Anchor"},{"floor":12,"key":"Oddly Smooth Stone"},{"floor":14,"key":"theSenshi:FeatherClipsRelic"},{"floor":24,"key":"CeramicFish"},{"floor":26,"key":"aspiration:Lifesprig"},{"floor":27,"key":"Orichalcum"},{"floor":31,"key":"aspiration:Stabinomicon"},{"floor":40,"key":"Bronze Scales"},{"floor":42,"key":"Centennial Puzzle"},{"floor":44,"key":"InkBottle"},{"floor":55,"key":"Strawberry"}],"event_choices":[{"damage_healed":0,"gold_gain":0,"player_choice":"Got Potions","damage_taken":0,"max_hp_gain":0,"max_hp_loss":0,"event_name":"Lab","floor":5,"gold_loss":0},{"cards_removed":["Strike_G"],"damage_healed":0,"gold_gain":0,"player_choice":"Gave Gold","damage_taken":0,"max_hp_gain":0,"max_hp_loss":0,"event_name":"Beggar","floor":21,"gold_loss":75},{"damage_healed":0,"gold_gain":0,"player_choice":"Obtained Book","damage_taken":21,"max_hp_gain":0,"max_hp_loss":0,"event_name":"Cursed Tome","floor":31,"gold_loss":0}],"is_beta":false,"boss_relics":[{"not_picked":["aspiration:RunesmithSkillbook","Runic Dome"],"picked":"Tiny House"},{"not_picked":["aspiration:RitualDagger","aspiration:PoetsPen_weak"],"picked":"Cursed Key"}],"items_purged_floors":[22,37,54],"is_endless":false,"potions_floor_spawned":[1,3,7,12,16,18,29,33,38,46,47,48,55],"killed_by":"The Heart","ascension_level":20}}