{"host":"njo8qgvy2a57fcny","time":1611403282,"event":{"mods":["Ascension Unlocker","Aspiration","BaseMod","BetterRewards","CCEM","Colored Map","Colored Powertips","Conspire","Custom Start","Downfall","GifTheSpireLib","Halation","Hermit","Hubris","Infinite Spire","Jedi Mod","Mimic Mod","Minty Spire (QoL Compilation)","Quick Restart","Random Character Button","Random Character Mod","Rare Cards Sparkle","Relic Sorter","Replay The Spire","Shop Mod","StSLib","Stuff the Spire","The Animator","The Jungle","The Runesmith","The Servant 0.9.4","vexMod"],"gold_per_floor":[116,37,51,51,61,61,61,61],"floor_reached":7,"language":"ENG","playtime":204,"items_purged":[],"score":82,"play_id":"4f61e5b0-c1bc-4732-9f26-d829b937c06e","local_time":"20210123230122","is_ascension_mode":true,"campfire_choices":[{"data":"Luminosity","floor":6,"key":"SMITH"}],"circlet_count":0,"master_deck":["AscendersBane","Strike_S","Strike_S","Strike_S","Defend_S","Defend_S","Defend_S","Defend_S","KidneyShot","Exchange","FanOfKnives","Luminosity+1","Potential","Reset","PendulumOfEternity"],"relics":["Uniform","NeowsBlessing"],"acts_visited":["Exordium"],"potions_floor_usage":[7,7],"damage_taken":[{"damage":0,"enemies":"Cultist","floor":1,"turns":1},{"damage":0,"enemies":"Small Slimes","floor":3,"turns":1},{"damage":0,"enemies":"2 Louse","floor":5,"turns":1},{"damage":56,"enemies":"Gremlin Nob","floor":7,"turns":5}],"seed_played":"-5510239012326283206","potions_obtained":[{"floor":1,"key":"Venom Potion"},{"floor":5,"key":"Elixir"}],"is_trial":false,"path_per_floor":["M","$","M","?","M","R","E"],"character_chosen":"THE_SERVANT","items_purchased":["Luminosity"],"campfire_rested":0,"item_purchase_floors":[2],"current_hp_per_floor":[54,54,54,54,54,54,0,0],"gold":61,"neow_bonus":"THREE_ENEMY_KILL","is_daily":false,"chose_seed":false,"campfire_upgraded":1,"win_rate":0.0,"timestamp":1611403282,"path_taken":["M","$","M","?","?","R","E"],"items_purchased_type":["Card"],"build_version":"2020-12-22","purchased_purges":0,"victory":false,"max_hp_per_floor":[60,60,60,60,60,60,60,60],"card_choices":[{"not_picked":["Rewind","Collapse"],"picked":"FanOfKnives","floor":1},{"not_picked":["Unruled","FastForward"],"picked":"Potential","floor":3},{"not_picked":["Shuttle","Desolation"],"picked":"PendulumOfEternity","floor":5}],"player_experience":665806,"relics_obtained":[],"event_choices":[{"damage_healed":0,"gold_gain":0,"cards_transformed":["Strike_S"],"player_choice":"Transformed","damage_taken":0,"max_hp_gain":0,"max_hp_loss":0,"event_name":"Transmorgrifier","floor":4,"gold_loss":0,"cards_obtained":["Reset"]}],"is_beta":false,"boss_relics":[],"items_purged_floors":[],"is_endless":false,"potions_floor_spawned":[1,5],"killed_by":"Gremlin Nob","ascension_level":20}}