{"host":"t5h83eruwt5lxl3o","time":1611406530,"event":{"mods":["AchievementEnabler","Act Like it!","BaseMod","CapriCore","Colored Map","DeckTracker","Hermit","Highlight Path","Koishi","Marisa£¨Ùöéë¡¡Øª×âÞÞ£©","Minty Spire (QoL Compilation)","Permanent Neow","Quick Restart","StSLib","SuperFastMode","The Cursed","The Immortal","everything is the same but u backflip on backflip"],"gold_per_floor":[116,126,126,141,155,189,189,223,223,223,240,240,256,286,286,286,286],"floor_reached":16,"language":"KOR","playtime":471,"items_purged":[],"score":244,"play_id":"0bdc0929-22b4-4e8c-bfe5-13dacda0b0d5","local_time":"20210123215530","is_ascension_mode":true,"campfire_choices":[{"data":"Carnage","floor":7.0,"key":"SMITH"},{"data":"Exhume","floor":10.0,"key":"SMITH"},{"data":"Shrug It Off","floor":15.0,"key":"SMITH"}],"circlet_count":0,"master_deck":["AscendersBane","Strike_R","Strike_R","Strike_R","Strike_R","Strike_R","Defend_R","Defend_R","Defend_R","Defend_R","Bash","Bludgeon+1","Power Through","Carnage+1","Exhume+1","Exhume","Shrug It Off+1"],"relics":["Burning Blood","Bottled Flame","Oddly Smooth Stone","Ancient Tea Set","Matryoshka","Anchor"],"acts_visited":["Exordium"],"potions_floor_usage":[16],"damage_taken":[{"damage":0.0,"enemies":"Small Slimes","floor":1.0,"turns":2.0},{"damage":0.0,"enemies":"Cultist","floor":2.0,"turns":2.0},{"damage":0.0,"enemies":"Jaw Worm","floor":4.0,"turns":2.0},{"damage":7.0,"enemies":"Exordium Thugs","floor":5.0,"turns":4.0},{"damage":8.0,"enemies":"Gremlin Nob","floor":6.0,"turns":3.0},{"damage":25.0,"enemies":"Lagavulin","floor":8.0,"turns":4.0},{"damage":13.0,"enemies":"3 Louse","floor":11.0,"turns":3.0},{"damage":8.0,"enemies":"Blue Slaver","floor":13.0,"turns":2.0},{"damage":10.0,"enemies":"3 Sentries","floor":14.0,"turns":6.0},{"damage":25,"enemies":"Hexaghost","floor":16,"turns":9}],"seed_played":"-5240166659381238793","potions_obtained":[{"floor":1.0,"key":"SteroidPotion"},{"floor":6.0,"key":"DistilledChaos"},{"floor":13.0,"key":"SneckoOil"},{"floor":14.0,"key":"HeartOfIron"}],"is_trial":false,"path_per_floor":["M","M","?","M","M","E","R","E","T","R","M","?","M","E","R","B"],"character_chosen":"IRONCLAD","items_purchased":[],"campfire_rested":0,"item_purchase_floors":[],"current_hp_per_floor":[68,68,68,68,67,65,65,46,46,46,39,28,26,22,22,0,0],"gold":286,"neow_bonus":"THREE_RARE_CARDS","is_daily":false,"chose_seed":false,"campfire_upgraded":3,"win_rate":0.0,"timestamp":1611406530,"path_taken":["M","M","?","M","?","E","R","E","T","R","M","?","?","E","R","BOSS"],"items_purchased_type":[],"build_version":"2020-12-22","purchased_purges":0,"victory":false,"max_hp_per_floor":[68,68,68,68,68,68,68,68,68,68,68,68,68,68,68,68,68],"card_choices":[{"not_picked":["Barricade","Exhume"],"picked":"Bludgeon","floor":0.0},{"not_picked":["Heavy Blade","True Grit"],"picked":"Power Through","floor":1.0},{"not_picked":["Iron Wave","Hemokinesis"],"picked":"Carnage","floor":2.0},{"not_picked":["Pommel Strike","Clash","Dark Embrace"],"picked":"SKIP","floor":4.0},{"not_picked":["Twin Strike","Carnage"],"picked":"Exhume","floor":5.0},{"not_picked":["Rupture","Thunderclap"],"picked":"Exhume","floor":6.0},{"not_picked":["Armaments","Dual Wield","Wild Strike"],"picked":"SKIP","floor":8.0},{"not_picked":["Clash","Rampage","Iron Wave"],"picked":"SKIP","floor":11.0},{"not_picked":["Headbutt","Perfected Strike"],"picked":"Shrug It Off","floor":13.0},{"not_picked":["Combust","Twin Strike","Wild Strike"],"picked":"SKIP","floor":14.0}],"player_experience":655228,"relics_obtained":[{"floor":6.0,"key":"Bottled Flame"},{"floor":8.0,"key":"Oddly Smooth Stone"},{"floor":9.0,"key":"Ancient Tea Set"},{"floor":14.0,"key":"Anchor"}],"event_choices":[{"damage_healed":0.0,"max_hp_gain":0.0,"max_hp_loss":0.0,"gold_gain":0.0,"event_name":"Upgrade Shrine","player_choice":"Upgraded","floor":3.0,"gold_loss":0.0,"damage_taken":0.0,"cards_upgraded":["Bludgeon"]},{"damage_healed":0.0,"max_hp_gain":0.0,"max_hp_loss":0.0,"gold_gain":0.0,"event_name":"Scrap Ooze","player_choice":"Success","floor":12.0,"gold_loss":0.0,"damage_taken":11.0,"relics_obtained":["Matryoshka"]}],"is_beta":false,"boss_relics":[],"items_purged_floors":[],"is_endless":false,"potions_floor_spawned":[1,6,13,14],"killed_by":"Hexaghost","ascension_level":20}}