{"host":"9viy3memdfgcf4vy","time":1611427913,"event":{"mods":["BaseMod","Colored Map","Downfall","Minty Spire (QoL Compilation)","StSLib"],"gold_per_floor":[99,113,123,298,309,326,349,365,203,203,232,249,249,276,289,289,289,289],"floor_reached":16,"language":"ENG","playtime":1872,"items_purged":["Doubt"],"score":160,"play_id":"be7f5e32-9241-4130-ad36-8aec6914bb21","local_time":"20210123205153","is_ascension_mode":true,"campfire_choices":[{"data":"Slimebound:Split","floor":1,"key":"SMITH"},{"floor":13,"key":"RECALL"}],"circlet_count":0,"master_deck":["Slimebound:Strike_Slimebound","Slimebound:Strike_Slimebound","Slimebound:Strike_Slimebound","Slimebound:Tackle","Slimebound:Defend_Slimebound","Slimebound:Defend_Slimebound","Slimebound:Defend_Slimebound","Slimebound:Defend_Slimebound","Slimebound:Split+1","Slimebound:CorrosiveSpit","Slimebound:LeadByExample","Slimebound:FormOfPuddle","Slimebound:SpikyOuterGoop","Slimebound:SlimeSpikes","Slimebound:SamplingLick","Slimebound:LeadByExample","Slimebound:GoopSpray","Slimebound:MassFeed","Slimebound:SplitLeeching","Slimebound:SamplingLick"],"relics":["Slimebound:AbsorbEndCombat","FossilizedHelix","Anchor","downfall:ShatteredFragment","Bag of Preparation","Letter Opener"],"acts_visited":["Exordium"],"potions_floor_usage":[11,14,14,16],"damage_taken":[{"damage":3,"enemies":"Small Slimes","floor":2,"turns":4},{"damage":0,"enemies":"Jaw Worm","floor":3,"turns":5},{"damage":0,"enemies":"2 Louse","floor":5,"turns":4},{"damage":8,"enemies":"Red Slaver","floor":6,"turns":7},{"damage":7,"enemies":"Gremlin Gang","floor":8,"turns":7},{"damage":4,"enemies":"downfall:FleeingMerchant","floor":9,"turns":4},{"damage":20,"enemies":"Gremlin Nob","floor":11,"turns":4},{"damage":0,"enemies":"2 Fungi Beasts","floor":12,"turns":3},{"damage":14,"enemies":"3 Sentries","floor":14,"turns":7},{"damage":0,"enemies":"Large Slime","floor":15,"turns":4},{"damage":51,"enemies":"SI_SHIV_ARCHETYPE","floor":16,"turns":11}],"seed_played":"5450838321184256043","potions_obtained":[{"floor":3,"key":"PowerPotion"},{"floor":5,"key":"AttackPotion"},{"floor":11,"key":"SpeedPotion"},{"floor":12,"key":"Explosive Potion"}],"is_trial":false,"path_per_floor":["R","M","M","?","M","M","T","M","$","?","E","M","R","E","M","B"],"character_chosen":"SLIMEBOUND","items_purchased":["Slimebound:LeadByExample"],"campfire_rested":0,"item_purchase_floors":[9],"current_hp_per_floor":[44,47,55,55,59,57,57,56,58,40,28,34,34,28,42,0,0,0],"gold":289,"neow_bonus":"ONE_RARE_RELIC","is_daily":false,"chose_seed":false,"campfire_upgraded":1,"win_rate":0.0,"timestamp":1611427913,"path_taken":["R","M","M","?","M","M","T","M","$","?","E","M","R","E","M","BOSS"],"items_purchased_type":["Card"],"build_version":"2020-12-22","purchased_purges":1,"victory":false,"max_hp_per_floor":[65,65,65,65,65,65,65,65,65,65,65,65,65,65,71,71,71,71],"card_choices":[{"not_picked":["Slimebound:SlimeSpikes","Slimebound:SplitAcid"],"picked":"Slimebound:LeadByExample","floor":2},{"not_picked":["Slimebound:HauntingLick","Slimebound:LeechingTouch"],"picked":"Slimebound:FormOfPuddle","floor":3},{"not_picked":["Slimebound:ComboTackle","Slimebound:ServeAndProtect"],"picked":"Slimebound:SpikyOuterGoop","floor":5},{"not_picked":["Slimebound:SamplingLick","Slimebound:LivingWall"],"picked":"Slimebound:SlimeSpikes","floor":6},{"not_picked":["Slimebound:Prepare","Slimebound:FinishingTackle","Slimebound:ComboTackle"],"picked":"SKIP","floor":8},{"not_picked":["Slimebound:FinishingTackle","Slimebound:GoopTackle"],"picked":"Slimebound:SamplingLick","floor":9},{"not_picked":["Slimebound:SpikyOuterGoop","Slimebound:Grow"],"picked":"Slimebound:GoopSpray","floor":11},{"not_picked":["Slimebound:ViciousTackle","Slimebound:HauntingLick"],"picked":"Slimebound:MassFeed","floor":12},{"not_picked":["Slimebound:ItLooksTasty","Slimebound:RainOfGoop"],"picked":"Slimebound:SplitLeeching","floor":14},{"not_picked":["Slimebound:ItLooksTasty","Slimebound:PressTheAttack"],"picked":"Slimebound:SamplingLick","floor":15}],"player_experience":370154,"relics_obtained":[{"floor":7,"key":"Anchor"},{"floor":11,"key":"Bag of Preparation"},{"floor":14,"key":"Letter Opener"}],"event_choices":[],"is_beta":false,"boss_relics":[],"items_purged_floors":[9],"is_endless":false,"potions_floor_spawned":[3,5,11,12],"killed_by":"SI_SHIV_ARCHETYPE","ascension_level":8}}