{"host":"sc0o2qwpf9j16a4i","time":1611362483,"event":{"mods":["AchievementEnabler","BaseMod","BetterRewards","Block Reminder","Colored Map","Colored Powertips","Custom Start","Highlight Path","Minty Spire (QoL Compilation)","Relic Stats"],"gold_per_floor":[147,147,147,201,90,90,183,231,284,249,249,354,106,136,136,373,373,415,85,127,27,27,117,117,216,216,216,300,333,333,333],"floor_reached":30,"language":"ENG","playtime":765,"items_purged":["Strike_G","Strike_G"],"score":738,"play_id":"9adaad89-32d3-44f2-8750-afd54ace77f2","local_time":"20210123024123","daily_mods":["Cursed Run","Red Cards","Midas"],"is_ascension_mode":true,"campfire_choices":[{"floor":6,"key":"REST"},{"floor":11,"key":"REST"},{"floor":15,"key":"REST"},{"floor":24,"key":"REST"},{"floor":27,"key":"REST"}],"circlet_count":0,"master_deck":["AscendersBane","Strike_G","Strike_G+1","Strike_G","Defend_G","Defend_G","Defend_G","Defend_G","Defend_G+1","Survivor","Neutralize","Searing Blow","Decay","Bouncing Flask","Noxious Fumes","Armaments","Pommel Strike","Warcry","Shame","Shockwave","Footwork","Shame","Burst","Shrug It Off","Dual Wield","Bane+1","PiercingWail","Regret","Poisoned Stab+1"],"relics":["Cursed Key","Darkstone Periapt","Du-Vu Doll","PreservedInsect","Art of War","Snake Skull","Lantern","Fusion Hammer","Blue Candle","HornCleat","Bottled Tornado","Torii","Sundial"],"acts_visited":["Exordium","TheCity"],"potions_floor_usage":[12,16,18,20,25,30,30],"damage_taken":[{"damage":0,"enemies":"Cultist","floor":1,"turns":4},{"damage":0,"enemies":"2 Louse","floor":4,"turns":2},{"damage":14,"enemies":"3 Sentries","floor":7,"turns":8},{"damage":0,"enemies":"Small Slimes","floor":8,"turns":4},{"damage":10,"enemies":"Gremlin Nob","floor":12,"turns":3},{"damage":0,"enemies":"3 Louse","floor":14,"turns":2},{"damage":11,"enemies":"The Guardian","floor":16,"turns":8},{"damage":4,"enemies":"Spheric Guardian","floor":18,"turns":3},{"damage":17,"enemies":"Shell Parasite","floor":20,"turns":5},{"damage":28,"enemies":"Book of Stabbing","floor":23,"turns":5},{"damage":31,"enemies":"Gremlin Leader","floor":25,"turns":5},{"damage":15,"enemies":"Book of Stabbing","floor":28,"turns":4},{"damage":39,"enemies":"Shelled Parasite and Fungi","floor":29,"turns":5},{"damage":20,"enemies":"Slavers","floor":30,"turns":4}],"seed_played":"4842046791783358156","potions_obtained":[{"floor":8,"key":"AttackPotion"},{"floor":12,"key":"Regen Potion"},{"floor":14,"key":"DistilledChaos"},{"floor":16,"key":"Swift Potion"},{"floor":20,"key":"Dexterity Potion"},{"floor":23,"key":"Strength Potion"},{"floor":29,"key":"SteroidPotion"}],"is_trial":true,"path_per_floor":["M","?","?","M","$","R","E","M","T","?","R","E","$","M","R","B",null,"M","$","M","$","$","E","R","E","T","R","E","M","E"],"character_chosen":"THE_SILENT","items_purchased":["Noxious Fumes","Armaments","Lantern","Blue Candle","Dual Wield"],"campfire_rested":5,"item_purchase_floors":[5,5,13,19,19],"current_hp_per_floor":[59,39,45,45,45,66,52,52,58,77,78,68,68,68,78,73,81,77,77,75,75,75,47,72,41,47,74,59,20,0,0],"gold":333,"neow_bonus":"","is_daily":false,"chose_seed":false,"campfire_upgraded":0,"win_rate":0.0,"timestamp":1611362483,"path_taken":["M","?","?","?","?","R","E","M","T","?","R","E","$","?","R","BOSS","M","?","M","?","$","E","R","E","T","R","E","M","E"],"items_purchased_type":["Card","Card","Relic","Relic","Card"],"build_version":"2020-12-22","purchased_purges":2,"victory":false,"max_hp_per_floor":[66,66,72,72,72,72,72,72,78,78,78,78,78,78,78,84,84,84,84,84,84,84,84,84,84,90,90,90,90,90,90],"relic_stats":{"Darkstone Periapt":24,"Torii":14,"counters":[14,62],"Sundial":[0],"Blue Candle":[11],"PreservedInsect":195,"Snake Skull":[67],"Art of War":[5],"Cursed Key":2,"obtain_stats":[{"Darkstone Periapt":0,"Lantern":13,"Torii":26,"Blue Candle":19,"PreservedInsect":7,"Snake Skull":12,"Bottled Tornado":25,"Cursed Key":0,"Du-Vu Doll":0,"HornCleat":23,"Sundial":28,"Fusion Hammer":17,"Art of War":9},{"Darkstone Periapt":0,"Lantern":5,"Torii":11,"Blue Candle":8,"PreservedInsect":3,"Snake Skull":5,"Bottled Tornado":11,"Cursed Key":0,"Du-Vu Doll":0,"HornCleat":10,"Sundial":12,"Fusion Hammer":7,"Art of War":4},{"Darkstone Periapt":0,"Lantern":21,"Torii":49,"Blue Candle":34,"PreservedInsect":14,"Snake Skull":21,"Bottled Tornado":49,"Cursed Key":0,"Du-Vu Doll":0,"HornCleat":44,"Sundial":53,"Fusion Hammer":31,"Art of War":18}]},"card_choices":[{"not_picked":["Clash","PiercingWail"],"picked":"Searing Blow","floor":1},{"not_picked":["PiercingWail","Shrug It Off"],"picked":"Bouncing Flask","floor":4},{"not_picked":["Concentrate","Riddle With Holes"],"picked":"Pommel Strike","floor":7},{"not_picked":["Accuracy","Reflex"],"picked":"Warcry","floor":8},{"not_picked":["Power Through","Clash"],"picked":"Shockwave","floor":12},{"not_picked":["Deflect","Spot Weakness"],"picked":"Footwork","floor":14},{"not_picked":["Juggernaut","Tools of the Trade"],"picked":"Burst","floor":16},{"not_picked":["Noxious Fumes","Outmaneuver"],"picked":"Shrug It Off","floor":18},{"not_picked":["Cloak And Dagger+1","Sword Boomerang"],"picked":"Bane+1","floor":20},{"not_picked":["Pommel Strike","Clash","Rampage"],"picked":"SKIP","floor":23},{"not_picked":["Bloodletting","Sever Soul"],"picked":"PiercingWail","floor":25},{"not_picked":["Clash","Slice"],"picked":"Poisoned Stab+1","floor":28},{"not_picked":["Sword Boomerang","Poisoned Stab","Body Slam"],"picked":"SKIP","floor":29}],"player_experience":921191,"relics_obtained":[{"floor":7,"key":"PreservedInsect"},{"floor":9,"key":"Art of War"},{"floor":12,"key":"Snake Skull"},{"floor":23,"key":"HornCleat"},{"floor":25,"key":"Bottled Tornado"},{"floor":26,"key":"Torii"},{"floor":28,"key":"Sundial"}],"event_choices":[{"damage_healed":0,"gold_gain":0,"player_choice":"Entered Light","damage_taken":20,"max_hp_gain":0,"max_hp_loss":0,"event_name":"Shining Light","floor":2,"gold_loss":0,"cards_upgraded":["Defend_G","Strike_G"]},{"damage_healed":0,"gold_gain":0,"player_choice":"Cursed","damage_taken":0,"max_hp_gain":0,"max_hp_loss":0,"event_name":"Wheel of Change","floor":3,"gold_loss":0,"cards_obtained":["Decay"]},{"damage_healed":19,"gold_gain":0,"player_choice":"Healed","damage_taken":0,"max_hp_gain":0,"max_hp_loss":0,"event_name":"The Cleric","floor":10,"gold_loss":35}],"is_beta":false,"boss_relics":[{"not_picked":["Tiny House","Busted Crown"],"picked":"Fusion Hammer"}],"items_purged_floors":[13,21],"is_endless":false,"potions_floor_spawned":[8,12,14,16,20,23,29],"killed_by":"Slavers","ascension_level":20}}