{"host":"co1ulnwz1h4zjs22","time":1611416833,"event":{"mods":["Arknights The Spire","BaseMod","Bestiary","Colored Powertips","Curses Come First","Energized Spire","GifTheSpireLib","Googly Eyes","Hubris","Minty Spire (QoL Compilation)","Rare Cards Sparkle","Replay The Spire","Reworked Bosses","Shop Mod","Spicy Shops","StSLib"],"gold_per_floor":[109,125,50,61,61,90,90,103,103,103,103],"floor_reached":10,"language":"ENG","playtime":535,"items_purged":["Strike_B"],"score":71,"play_id":"ef8d2000-d1ec-4fa7-8805-44fc3ed420b4","local_time":"20210123104713","is_ascension_mode":true,"campfire_choices":[{"data":"Zap","floor":7,"key":"SMITH"}],"circlet_count":0,"master_deck":["Strike_B","Strike_B","Defend_B","Defend_B","Defend_B","Defend_B","Zap+1","Dualcast","FIFO Queue","Ball Lightning","Ball Lightning","Coolheaded"],"relics":["Cracked Core","Pet Ghost","Letter Opener","Singing Bowl"],"acts_visited":["Exordium"],"potions_floor_usage":[10],"damage_taken":[{"damage":1,"enemies":"Cultist","floor":1,"turns":3},{"damage":3,"enemies":"Small Slimes","floor":2,"turns":3},{"damage":13,"enemies":"Jaw Worm","floor":4,"turns":3},{"damage":26,"enemies":"Lagavulin","floor":6,"turns":6},{"damage":11,"enemies":"Large Slime","floor":8,"turns":4},{"damage":27,"enemies":"3 Sentries","floor":10,"turns":3}],"seed_played":"1258953726092038914","potions_obtained":[{"floor":4,"key":"SkillPotion"}],"is_trial":false,"path_per_floor":["M","M","$","M","T","E","R","M","T","E"],"character_chosen":"DEFECT","items_purchased":[],"campfire_rested":0,"item_purchase_floors":[],"current_hp_per_floor":[74,71,71,58,58,32,32,21,21,0,0],"gold":103,"neow_bonus":"REMOVE_CARD","is_daily":false,"chose_seed":false,"campfire_upgraded":1,"win_rate":0.0,"timestamp":1611416833,"path_taken":["M","M","$","M","?","E","R","M","T","E"],"items_purchased_type":[],"build_version":"2020-12-22","purchased_purges":1,"victory":false,"max_hp_per_floor":[75,75,75,75,75,75,75,75,75,75,75],"card_choices":[{"not_picked":["Panic Button","Redo"],"picked":"FIFO Queue","floor":1},{"not_picked":["ReplaySort","Conserve Battery"],"picked":"Ball Lightning","floor":2},{"not_picked":["Hologram","Self Repair","Auto Shields"],"picked":"SKIP","floor":4},{"not_picked":["Panic Button","Sweeping Beam"],"picked":"Ball Lightning","floor":6},{"not_picked":["Panic Button","Chill"],"picked":"Coolheaded","floor":8}],"player_experience":378765,"relics_obtained":[{"floor":5,"key":"Pet Ghost"},{"floor":6,"key":"Letter Opener"},{"floor":9,"key":"Singing Bowl"}],"event_choices":[],"is_beta":false,"boss_relics":[],"items_purged_floors":[3],"is_endless":false,"potions_floor_spawned":[4],"killed_by":"3 Sentries","ascension_level":1}}