{"host":"j4g6ia6asvpyu2b0","time":1611424175,"event":{"mods":["BaseMod","Colored Map","Minty Spire (QoL Compilation)","Permanent Neow","Quick Restart","Relic Stats","StSLib","Unceasing Turn Reminder"],"gold_per_floor":[117,82,99,110,110,151,151,195,240,260,304,229,273,311,311,311,311],"floor_reached":16,"language":"ENG","playtime":369,"items_purged":["Writhe"],"score":230,"play_id":"c274787b-47c2-4349-9dff-0134f9260c56","local_time":"20210123104935","is_ascension_mode":true,"campfire_choices":[{"data":"Whirlwind","floor":7,"key":"SMITH"},{"data":"Feel No Pain","floor":15,"key":"SMITH"}],"circlet_count":0,"master_deck":["AscendersBane","Strike_R","Strike_R","Strike_R","Strike_R","Strike_R","Defend_R","Defend_R","Defend_R","Defend_R","Bash","Whirlwind+1","Sword Boomerang","Feel No Pain+1","Cleave","Thunderclap","Fiend Fire","Reaper","Corruption","Sword Boomerang"],"relics":["Cursed Key","Golden Idol","Self Forming Clay","Bag of Preparation","Oddly Smooth Stone","Darkstone Periapt","Calipers","Odd Mushroom"],"acts_visited":["Exordium"],"potions_floor_usage":[8,11,16],"damage_taken":[{"damage":7.0,"enemies":"2 Louse","floor":1.0,"turns":3.0},{"damage":7.0,"enemies":"Jaw Worm","floor":3.0,"turns":3.0},{"damage":3,"enemies":"Small Slimes","floor":4,"turns":2},{"damage":27,"enemies":"3 Sentries","floor":6,"turns":7},{"damage":2,"enemies":"Gremlin Nob","floor":8,"turns":3},{"damage":5,"enemies":"Looter","floor":10,"turns":3},{"damage":31,"enemies":"Lagavulin","floor":11,"turns":6},{"damage":18,"enemies":"3 Sentries","floor":13,"turns":4},{"damage":17,"enemies":"The Mushroom Lair","floor":14,"turns":4},{"damage":10,"enemies":"The Guardian","floor":16,"turns":3}],"seed_played":"-2512551867946035875","potions_obtained":[{"floor":1.0,"key":"Strength Potion"},{"floor":8,"key":"BloodPotion"},{"floor":11,"key":"Dexterity Potion"}],"is_trial":false,"path_per_floor":["M","?","M","M","?","E","R","E","T","M","E","$","E","?","R","B"],"character_chosen":"IRONCLAD","items_purchased":[],"campfire_rested":0,"item_purchase_floors":[],"current_hp_per_floor":[61,75,68,65,65,38,38,36,36,31,13,13,7,2,2,0,0],"gold":311,"neow_bonus":"BOSS_RELIC","is_daily":false,"chose_seed":false,"campfire_upgraded":2,"win_rate":0.0,"timestamp":1611424175,"path_taken":["M","?","M","M","?","E","R","E","T","M","E","$","E","?","R","BOSS"],"items_purchased_type":[],"build_version":"2020-12-22","purchased_purges":1,"victory":false,"max_hp_per_floor":[75,75,75,75,68,68,68,68,68,68,68,68,68,68,68,68,68],"relic_stats":{"Darkstone Periapt":0,"counters":[10,38],"Golden Idol":47,"Self Forming Clay":[27],"Bag of Preparation":[10],"Cursed Key":1,"obtain_stats":[{"Darkstone Periapt":11,"Calipers":13,"Golden Idol":5,"Self Forming Clay":6,"Oddly Smooth Stone":9,"Bag of Preparation":8,"Odd Mushroom":14,"Cursed Key":0,"Burning Blood":0},{"Darkstone Periapt":7,"Calipers":8,"Golden Idol":3,"Self Forming Clay":4,"Oddly Smooth Stone":5,"Bag of Preparation":5,"Odd Mushroom":9,"Cursed Key":0,"Burning Blood":0},{"Darkstone Periapt":27,"Calipers":31,"Golden Idol":8,"Self Forming Clay":15,"Oddly Smooth Stone":18,"Bag of Preparation":18,"Odd Mushroom":35,"Cursed Key":0,"Burning Blood":0}]},"card_choices":[{"not_picked":["Sentinel","Flame Barrier"],"picked":"Whirlwind","floor":1.0},{"not_picked":["Perfected Strike","Power Through"],"picked":"Sword Boomerang","floor":3.0},{"not_picked":["Cleave","Clash"],"picked":"Feel No Pain","floor":4},{"not_picked":["Whirlwind","Reckless Charge"],"picked":"Cleave","floor":6},{"not_picked":["True Grit","Flex"],"picked":"Thunderclap","floor":8},{"not_picked":["Anger","Carnage"],"picked":"Fiend Fire","floor":10},{"not_picked":["Havoc","Rupture"],"picked":"Reaper","floor":11},{"not_picked":["Fiend Fire","Fire Breathing"],"picked":"Corruption","floor":13},{"not_picked":["Dual Wield","Rupture"],"picked":"Sword Boomerang","floor":14}],"player_experience":955830,"relics_obtained":[{"floor":6,"key":"Self Forming Clay"},{"floor":8,"key":"Bag of Preparation"},{"floor":9,"key":"Oddly Smooth Stone"},{"floor":11,"key":"Darkstone Periapt"},{"floor":13,"key":"Calipers"},{"floor":14,"key":"Odd Mushroom"}],"event_choices":[{"damage_healed":18.0,"max_hp_gain":0.0,"max_hp_loss":0.0,"gold_gain":0.0,"event_name":"The Cleric","player_choice":"Healed","floor":2.0,"gold_loss":35.0,"damage_taken":0.0},{"damage_healed":0,"gold_gain":0,"player_choice":"Lose Max HP","damage_taken":0,"relics_obtained":["Golden Idol"],"max_hp_gain":0,"max_hp_loss":7,"event_name":"Golden Idol","floor":5,"gold_loss":0},{"damage_healed":0,"gold_gain":0,"player_choice":"Fought Mushrooms","damage_taken":0,"max_hp_gain":0,"max_hp_loss":0,"event_name":"Mushrooms","floor":14,"gold_loss":0}],"is_beta":false,"boss_relics":[],"items_purged_floors":[12],"is_endless":false,"potions_floor_spawned":[1,8,11],"killed_by":"The Guardian","ascension_level":16}}