{"host":"f0gpob8hq9vgebej","time":1611400736,"event":{"mods":["AchievementEnabler","BaseMod","Minty Spire (QoL Compilation)","Quick Restart","SuperFastMode"],"gold_per_floor":[275,119,133,146,159,170,170,187,187,187,202,202,202,217,233,233,335,335,345,359,359,359],"floor_reached":20,"language":"KOR","playtime":620,"items_purged":[],"score":267,"play_id":"8da94a59-2bc6-49a2-8ad3-316a9ec95af2","local_time":"20210123201856","is_ascension_mode":true,"campfire_choices":[{"data":"Deadly Poison","floor":6,"key":"SMITH"},{"data":"Bouncing Flask","floor":8,"key":"SMITH"},{"floor":11,"key":"REST"},{"floor":15,"key":"REST"}],"circlet_count":0,"master_deck":["AscendersBane","Strike_G","Strike_G","Strike_G","Defend_G","Defend_G","Defend_G","Defend_G","Defend_G","Survivor","Neutralize","Sadistic Nature","Deadly Poison+1","Escape Plan","Catalyst","Poisoned Stab","Bouncing Flask+1","Leg Sweep","Acrobatics","Burst","Backflip","Catalyst"],"relics":["Ring of the Snake","Question Card","Empty Cage"],"acts_visited":["Exordium","TheCity"],"potions_floor_usage":[5,14,14],"damage_taken":[{"damage":1,"enemies":"2 Louse","floor":1,"turns":5},{"damage":7,"enemies":"Small Slimes","floor":2,"turns":4},{"damage":7,"enemies":"Cultist","floor":3,"turns":5},{"damage":8,"enemies":"Exordium Wildlife","floor":4,"turns":5},{"damage":5,"enemies":"Exordium Thugs","floor":5,"turns":7},{"damage":0,"enemies":"Red Slaver","floor":7,"turns":3},{"damage":16,"enemies":"3 Louse","floor":10,"turns":3},{"damage":10,"enemies":"Exordium Thugs","floor":13,"turns":4},{"damage":5,"enemies":"Lots of Slimes","floor":14,"turns":4},{"damage":17,"enemies":"The Guardian","floor":16,"turns":9},{"damage":11,"enemies":"3 Byrds","floor":18,"turns":4},{"damage":2,"enemies":"Chosen","floor":19,"turns":4},{"damage":44,"enemies":"Sentry and Sphere","floor":20,"turns":5}],"seed_played":"2953004404117286189","potions_obtained":[{"floor":1,"key":"Block Potion"},{"floor":10,"key":"LiquidMemories"},{"floor":13,"key":"SkillPotion"}],"is_trial":false,"path_per_floor":["M","M","M","M","M","R","M","R","T","M","R","?","M","M","R","B",null,"M","M","M"],"character_chosen":"THE_SILENT","items_purchased":[],"campfire_rested":2,"item_purchase_floors":[],"current_hp_per_floor":[21,44,37,30,22,17,17,17,17,17,1,22,22,12,7,28,11,55,44,42,0,0],"gold":359,"neow_bonus":"RANDOM_COLORLESS_2","is_daily":false,"chose_seed":false,"campfire_upgraded":2,"win_rate":0.0,"timestamp":1611400736,"path_taken":["M","M","M","M","M","R","M","R","T","M","R","?","M","M","R","BOSS","M","M","M"],"items_purchased_type":[],"build_version":"2020-12-22","purchased_purges":0,"victory":false,"max_hp_per_floor":[63,70,70,70,70,70,70,70,70,70,70,70,70,70,70,70,70,70,70,70,70,70],"card_choices":[{"not_picked":["The Bomb","Magnetism"],"picked":"Sadistic Nature","floor":0},{"not_picked":["Deflect","Blade Dance"],"picked":"Deadly Poison","floor":1},{"not_picked":["Setup","Skewer"],"picked":"Escape Plan","floor":2},{"not_picked":["Concentrate","Escape Plan"],"picked":"Catalyst","floor":3},{"not_picked":["Flying Knee","All Out Attack","Outmaneuver"],"picked":"SKIP","floor":4},{"not_picked":["Underhanded Strike","Calculated Gamble"],"picked":"Poisoned Stab","floor":5},{"not_picked":["Wraith Form v2","Blur"],"picked":"Bouncing Flask","floor":7},{"not_picked":["Dagger Throw","Slice","Underhanded Strike"],"picked":"Leg Sweep","floor":10},{"not_picked":["Quick Slash","Bane","Predator"],"picked":"Acrobatics","floor":13},{"not_picked":["Bane","Choke","Finisher","Expertise"],"picked":"SKIP","floor":14},{"not_picked":["Phantasmal Killer","Glass Knife","Bullet Time"],"picked":"Burst","floor":16},{"not_picked":["Bane+1","Infinite Blades","Masterful Stab"],"picked":"Backflip","floor":18},{"not_picked":["PiercingWail","Caltrops","Heel Hook"],"picked":"Catalyst","floor":19}],"player_experience":236421,"relics_obtained":[{"floor":9,"key":"Question Card"}],"event_choices":[{"damage_healed":0,"gold_gain":0,"player_choice":"Ignored","damage_taken":0,"max_hp_gain":0,"max_hp_loss":0,"event_name":"Golden Idol","floor":12,"gold_loss":0}],"is_beta":false,"boss_relics":[{"not_picked":["Calling Bell","Pandora\u0027s Box"],"picked":"Empty Cage"}],"items_purged_floors":[],"is_endless":false,"potions_floor_spawned":[1,10,13],"killed_by":"Sentry and Sphere","ascension_level":11}}