{"host":"0ulgfg5uyx5zlmwg","time":1611401905,"event":{"mods":["Act Like it!","BaseMod","BetterRewards","Challenge The Spire","Grow up Mod","Marked Mod","Minty Spire (QoL Compilation)","RumiaBox-露米娅的神秘盒子","Shop Mod","Spicy Shops","StSLib","TestMod","Transform Curses","vexMod","【功能Mod】混沌之环修复补丁","【遗物卡牌】REMEMod","篝火指南"],"gold_per_floor":[210,210,190,204,221,248,262,273,323,323,346,361,39,71,71,167,167,182,182,182,193,193],"floor_reached":21,"language":"ZHS","playtime":1317,"items_purged":[],"score":434,"play_id":"551fdd48-cc7b-4121-a237-ae424e5b8e6d","local_time":"20210123193825","is_ascension_mode":true,"campfire_choices":[{"floor":10,"key":"RECALL"},{"data":"CrushJoints","floor":15,"key":"SMITH"}],"circlet_count":0,"master_deck":["Strike_P","Strike_P","Strike_P","Strike_P","Defend_P","Defend_P","Defend_P","Defend_P","Eruption","Vigilance","REME_FirmDetermination+1","Consecrate+1","Prostrate+1","Prostrate+1","CutThroughFate+1","JustLucky+1","CrushJoints+1","testmod-RepeatForm+1","SashWhip","MarkedMod:ChiBlock+1","J.A.X.+1","MarkedMod:PinPointDefense"],"relics":["PureWater","testmod-TestBox","REME_ComplimentaryCards","testmod-BloodSacrificeSpiritualization","AddBug","SecretRecord","SecretRecord","SecretRecord"],"acts_visited":["Exordium","TheCity"],"potions_floor_usage":[6,8,13],"damage_taken":[{"damage":8,"enemies":"Small Slimes","floor":1,"turns":4},{"damage":11,"enemies":"2 Louse","floor":4,"turns":1},{"damage":12,"enemies":"Cultist","floor":5,"turns":2},{"damage":25,"enemies":"Gremlin Nob","floor":6,"turns":3},{"damage":14,"enemies":"Lots of Slimes","floor":7,"turns":3},{"damage":15,"enemies":"Exordium Thugs","floor":8,"turns":2},{"damage":19,"enemies":"Looter","floor":12,"turns":1},{"damage":21,"enemies":"Lagavulin","floor":14,"turns":4},{"damage":0,"enemies":"Slime Boss","floor":16,"turns":3},{"damage":32,"enemies":"Shell Parasite","floor":18,"turns":3},{"damage":31,"enemies":"Spheric Guardian","floor":21,"turns":2}],"seed_played":"-2122092990392395354","potions_obtained":[{"floor":3,"key":"testmod-TimePotion"},{"floor":4,"key":"ColorlessPotion"},{"floor":6,"key":"SteroidPotion"},{"floor":7,"key":"StancePotion"}],"is_trial":false,"path_per_floor":["M","?","?","M","M","E","M","M","T","R","T","M","R","E","R","B",null,"M","?","?","M"],"character_chosen":"WATCHER","items_purchased":["Membership Card","testmod-SpacePotion","testmod-RepeatForm"],"campfire_rested":0,"item_purchase_floors":[13,13,13],"current_hp_per_floor":[84,94,104,103,101,86,82,77,87,97,107,98,108,97,107,117,252,230,240,250,219,219],"gold":193,"neow_bonus":"HUNDRED_GOLD","is_daily":false,"chose_seed":false,"campfire_upgraded":1,"win_rate":0.0,"timestamp":1611401905,"path_taken":["M","?","?","M","?","E","M","?","T","R","?","M","R","E","R","BOSS","M","?","?","?"],"items_purchased_type":["Relic","Potion","Card"],"build_version":"2020-12-22","purchased_purges":0,"victory":false,"max_hp_per_floor":[92,102,112,122,132,142,152,162,172,182,192,202,212,222,232,242,252,262,272,282,282,282],"card_choices":[{"not_picked":["Fasting2","REME_Repentance"],"picked":"Consecrate","floor":1},{"not_picked":["Adaptation","InnerPeace","SignatureMove"],"picked":"SKIP","floor":4},{"not_picked":["EmptyFist","CutThroughFate"],"picked":"Prostrate","floor":5},{"not_picked":["MarkedMod:GentlePulse","WaveOfTheHand"],"picked":"Prostrate","floor":6},{"not_picked":["Worship","PathToVictory"],"picked":"CutThroughFate","floor":7},{"not_picked":["Halt","Omniscience"],"picked":"JustLucky","floor":8},{"not_picked":["Perseverance","Prostrate"],"picked":"CrushJoints","floor":12},{"not_picked":["WindmillStrike","Wireheading"],"picked":"SashWhip","floor":14},{"not_picked":["Alpha","Blasphemy"],"picked":"MarkedMod:ChiBlock","floor":16},{"not_picked":["Halt","Worship+1","Prostrate"],"picked":"SKIP","floor":18},{"not_picked":["Halt+1","Evaluate"],"picked":"MarkedMod:PinPointDefense","floor":21}],"player_experience":503422,"relics_obtained":[{"floor":1,"key":"AddBug"},{"floor":6,"key":"Yang"},{"floor":11,"key":"Tiny Chest"},{"floor":14,"key":"SecretRecord"},{"floor":14,"key":"MagicDraw4"},{"floor":18,"key":"SecretRecord"}],"event_choices":[{"damage_healed":0,"gold_gain":0,"player_choice":"Ignored","damage_taken":0,"max_hp_gain":0,"max_hp_loss":0,"event_name":"Golden Wing","floor":2,"gold_loss":0},{"damage_healed":0,"gold_gain":0,"player_choice":"Bought 1 Potion","damage_taken":0,"max_hp_gain":0,"max_hp_loss":0,"event_name":"The Woman in Blue","floor":3,"gold_loss":0},{"damage_healed":0,"gold_gain":0,"player_choice":"Obtain J.A.X.","damage_taken":0,"max_hp_gain":0,"max_hp_loss":0,"event_name":"Drug Dealer","floor":19,"gold_loss":0,"cards_obtained":["J.A.X."]},{"damage_healed":0,"gold_gain":0,"player_choice":"Ignored","damage_taken":0,"max_hp_gain":0,"max_hp_loss":0,"event_name":"WeMeetAgain","floor":20,"gold_loss":0}],"is_beta":false,"boss_relics":[{"not_picked":["vexMod:TanglingVine","Philosopher\u0027s Stone"],"picked":"EasyGame_NEW"}],"items_purged_floors":[],"is_endless":false,"potions_floor_spawned":[4,6,7],"killed_by":"Spheric Guardian","ascension_level":1}}