{"host":"lnt5dzsuhru0aonl","time":1611374801,"event":{"mods":["2.2 Compatiblity","BaseMod","Colored Map","Colored Powertips","DeckTracker","Keyboard Shortcuts","Minty Spire (QoL Compilation)","Permanent Neow","Rare Cards Sparkle","StSLib","SuperFastMode","everything is the same but u backflip on backflip"],"gold_per_floor":[19,30,30,30,180,180,199,212,212,212,6,81,93,10,10,81,81,99,116,116,116],"floor_reached":20,"language":"KOR","playtime":471,"items_purged":["Doubt"],"score":328,"play_id":"50be21f8-30a0-415d-82ef-aa036f9d728b","local_time":"20210123130641","is_ascension_mode":true,"campfire_choices":[{"data":"Cloak And Dagger","floor":6,"key":"SMITH"},{"data":"Blade Dance","floor":15,"key":"SMITH"}],"circlet_count":0,"master_deck":["AscendersBane","Strike_G","Strike_G","Strike_G","Strike_G","Defend_G","Defend_G","Defend_G","Defend_G","Defend_G","Survivor","Neutralize","Finisher","Cloak And Dagger+1","Blur","Blade Dance+1","Accuracy","Blade Dance","Flechettes+1","Adrenaline","CurseOfTheBell","Sucker Punch+1"],"relics":["Ring of the Snake","Unceasing Top","Potion Belt","Molten Egg 2","Calling Bell","Tiny Chest","Matryoshka","Calipers"],"acts_visited":["Exordium","TheCity"],"potions_floor_usage":[8,16,20],"damage_taken":[{"damage":0,"enemies":"Small Slimes","floor":1,"turns":5},{"damage":11,"enemies":"Jaw Worm","floor":2,"turns":7},{"damage":6,"enemies":"Cultist","floor":7,"turns":4},{"damage":5,"enemies":"2 Fungi Beasts","floor":8,"turns":5},{"damage":0,"enemies":"Exordium Thugs","floor":13,"turns":3},{"damage":23,"enemies":"Slime Boss","floor":16,"turns":11},{"damage":19,"enemies":"Spheric Guardian","floor":18,"turns":4},{"damage":8,"enemies":"2 Thieves","floor":19,"turns":3},{"damage":33,"enemies":"Snake Plant","floor":20,"turns":4}],"seed_played":"-7577826912015070002","potions_obtained":[{"floor":2,"key":"PowerPotion"},{"floor":7,"key":"Regen Potion"},{"floor":18,"key":"CunningPotion"},{"floor":19,"key":"ColorlessPotion"}],"is_trial":false,"path_per_floor":["M","M","?","?","?","R","M","M","T","T","$","?","M","$","R","B",null,"M","M","M"],"character_chosen":"THE_SILENT","items_purchased":["Accuracy","Blade Dance","Flechettes+1"],"campfire_rested":0,"item_purchase_floors":[11,11,14],"current_hp_per_floor":[59,48,48,53,53,53,47,56,56,56,56,45,45,45,45,22,59,40,32,0,0],"gold":116,"neow_bonus":"ONE_RARE_RELIC","is_daily":false,"chose_seed":false,"campfire_upgraded":2,"win_rate":0.0,"timestamp":1611374801,"path_taken":["M","M","?","?","?","R","M","?","T","?","$","?","M","$","R","BOSS","M","M","M"],"items_purchased_type":["Card","Card","Card"],"build_version":"2020-12-22","purchased_purges":1,"victory":false,"max_hp_per_floor":[66,66,66,71,71,71,71,71,71,71,71,71,71,71,71,71,71,71,71,71,71],"card_choices":[{"not_picked":["Underhanded Strike","Masterful Stab"],"picked":"Finisher","floor":1},{"not_picked":["Dodge and Roll","Catalyst"],"picked":"Cloak And Dagger","floor":2},{"not_picked":["Tactician","Flying Knee"],"picked":"Blur","floor":7},{"not_picked":["Reflex","Terror"],"picked":"Blade Dance","floor":8},{"not_picked":["Dodge and Roll","Eviscerate+1","Deadly Poison"],"picked":"SKIP","floor":13},{"not_picked":["Envenom","A Thousand Cuts"],"picked":"Adrenaline","floor":16},{"not_picked":["Caltrops","Bane+1","Setup"],"picked":"SKIP","floor":18},{"not_picked":["Outmaneuver","Flying Knee+1"],"picked":"Sucker Punch+1","floor":19}],"player_experience":733840,"relics_obtained":[{"floor":9,"key":"Potion Belt"},{"floor":10,"key":"Molten Egg 2"},{"floor":17,"key":"Tiny Chest"},{"floor":17,"key":"Matryoshka"},{"floor":17,"key":"Calipers"}],"event_choices":[{"cards_removed":["Strike_G"],"damage_healed":0,"gold_gain":0,"player_choice":"Forget","damage_taken":0,"max_hp_gain":0,"max_hp_loss":0,"event_name":"Living Wall","floor":3,"gold_loss":0},{"damage_healed":0,"gold_gain":0,"player_choice":"Donut","damage_taken":0,"max_hp_gain":5,"max_hp_loss":0,"event_name":"Big Fish","floor":4,"gold_loss":0},{"damage_healed":0,"gold_gain":150,"player_choice":"AGREE","damage_taken":0,"max_hp_gain":0,"max_hp_loss":0,"event_name":"Liars Game","floor":5,"gold_loss":0,"cards_obtained":["Doubt"]},{"damage_healed":0,"gold_gain":75,"player_choice":"Gather Gold","damage_taken":11,"max_hp_gain":0,"max_hp_loss":0,"event_name":"World of Goop","floor":12,"gold_loss":0}],"is_beta":false,"boss_relics":[{"not_picked":["Fusion Hammer","Velvet Choker"],"picked":"Calling Bell"}],"items_purged_floors":[11],"is_endless":false,"potions_floor_spawned":[2,7,18,19],"killed_by":"Snake Plant","ascension_level":20}}