{"host":"l0i0y1oyvm6rmxxu","time":1611385738,"event":{"mods":["BaseMod","Minty Spire (QoL Compilation)","Quick Restart","Replay The Spire","RumiaBox-露米娅的神秘盒子","StSLib","TestMod","vexMod"],"gold_per_floor":[110,35,35,35,35,71,85,99,99,99,132,132,150,164,164,292,292,317,335,85,485,509,509,543,543,543,558,574,489,58,81,81,205,205,219,552,527,547,567,578,592,206,206,206,216,216,216,242,242,242],"floor_reached":51,"language":"ZHS","playtime":3938,"items_purged":["Strike_P","Strike_P","Strike_P","Strike_P"],"score":884,"play_id":"dce52fe1-8fb5-473c-91a4-33fc4e089888","local_time":"20210123150858","is_ascension_mode":false,"campfire_choices":[{"data":"Eruption","floor":10.0,"key":"SMITH"},{"data":"Meditate","floor":12.0,"key":"SMITH"},{"data":"Replay:AllIn","floor":23.0,"key":"SMITH"},{"data":"Scrawl","floor":25.0,"key":"SMITH"},{"floor":32.0,"key":"DIG"},{"floor":44.0,"key":"REST"},{"floor":46.0,"key":"REST"}],"circlet_count":0,"master_deck":["Defend_P","Defend_P+1","Defend_P","Defend_P","Eruption+1","Vigilance+1","FlyingSleeves","Meditate+1","FearNoEvil","Replay:AllIn+1","FlurryOfBlows","Scrawl+1","CutThroughFate+1","Adaptation","TalkToTheHand","TalkToTheHand","Vault+1","Wallop","Fasting2","InnerPeace+1"],"relics":["PureWater","testmod-TestBox","testmod-Muramasa","Incense Burner","Replay:Accelerometer","testmod-LifeArmor","vexMod:CursedCompass","Toolbox","Toy Ornithopter","Replay:Bottled Steam","Ancient Tea Set","Membership Card","Shovel","Pet Ghost","Painkiller Herb","Dream Catcher","Bag of Marbles","testmod-MagicalMallet","testmod-IndustrialRevolution","Meat on the Bone"],"acts_visited":["Exordium","TheCity","TheBeyond"],"potions_floor_usage":[50,50,50,50],"damage_taken":[{"damage":0.0,"enemies":"Jaw Worm","floor":1.0,"turns":1.0},{"damage":0.0,"enemies":"Lagavulin","floor":6.0,"turns":1.0},{"damage":0.0,"enemies":"Small Slimes","floor":7.0,"turns":1.0},{"damage":1.0,"enemies":"2 Louse","floor":8.0,"turns":4.0},{"damage":0.0,"enemies":"Replay:BlueRogue","floor":11.0,"turns":3.0},{"damage":2.0,"enemies":"2 Fungi Beasts","floor":13.0,"turns":5.0},{"damage":0.0,"enemies":"Blue Slaver","floor":14.0,"turns":4.0},{"damage":37.0,"enemies":"Fading Forest","floor":16.0,"turns":11.0},{"damage":0.0,"enemies":"3 Byrds","floor":18.0,"turns":3.0},{"damage":0.0,"enemies":"Chosen","floor":19.0,"turns":2.0},{"damage":0.0,"enemies":"Snake Plant","floor":22.0,"turns":3.0},{"damage":12.0,"enemies":"Book of Stabbing","floor":24.0,"turns":7.0},{"damage":0.0,"enemies":"Chosen and Byrds","floor":27.0,"turns":2.0},{"damage":0.0,"enemies":"Centurion and Healer","floor":28.0,"turns":3.0},{"damage":3.0,"enemies":"Snecko","floor":31.0,"turns":3.0},{"damage":0.0,"enemies":"Pondfish","floor":33.0,"turns":3.0},{"damage":0.0,"enemies":"3 Darklings","floor":35.0,"turns":3.0},{"damage":1.0,"enemies":"Orb Walker","floor":38.0,"turns":3.0},{"damage":0.0,"enemies":"Maw","floor":39.0,"turns":7.0},{"damage":5.0,"enemies":"Writhing Mass","floor":40.0,"turns":5.0},{"damage":0.0,"enemies":"Transient","floor":41.0,"turns":6.0},{"damage":0.0,"enemies":"Sphere and 2 Shapes","floor":45.0,"turns":3.0},{"damage":43.0,"enemies":"Nemesis","floor":48.0,"turns":3.0},{"damage":0,"enemies":"Donu and Deca","floor":50,"turns":5}],"seed_played":"-7768631073293618168","potions_obtained":[{"floor":1.0,"key":"Explosive Potion"},{"floor":13.0,"key":"BlessingOfTheForge"},{"floor":16.0,"key":"Weak Potion"},{"floor":24.0,"key":"CultistPotion"},{"floor":27.0,"key":"SneckoOil"},{"floor":33.0,"key":"Fire Potion"},{"floor":35.0,"key":"FearPotion"},{"floor":38.0,"key":"testmod-SpacePotion"}],"is_trial":false,"path_per_floor":["M","$","?","?","?","E","M","M","T","R","E","R","M","M","R","B",null,"M","M","$","?","M","R","E","R","T","M","M","?","$","M","R","B",null,"?","?","?","?","?","?","?","T","T","T","?","T","?","E","T","B",null],"character_chosen":"WATCHER","items_purchased":["Toolbox","Membership Card","Shovel","Adaptation","TalkToTheHand","Bag of Marbles","testmod-MagicalMallet","testmod-IndustrialRevolution","PowerPotion","FearPotion","Fasting2"],"campfire_rested":2,"item_purchase_floors":[20,30,30,30,30,42,42,42,42,42,42],"current_hp_per_floor":[72,72,72,72,67,67,67,66,66,66,66,66,64,64,51,24,67,67,67,67,67,67,67,55,55,55,55,55,55,55,52,52,52,67,67,67,67,67,67,62,62,62,62,67,67,67,67,36,56,67],"gold":242,"neow_bonus":"THREE_ENEMY_KILL","is_daily":false,"chose_seed":false,"campfire_upgraded":4,"win_rate":0.0,"timestamp":1611385738,"path_taken":["M","$","?","?","?","E","M","M","T","R","E","R","M","M","R","BOSS","M","M","$","?","M","R","E","R","T","M","M","?","?","M","R","BOSS","?","?","?","?","?","?","?","T","T","T","?","T","?","E","T","BOSS"],"items_purchased_type":["Relic","Relic","Relic","Card","Card","Relic","Relic","Relic","Potion","Potion","Card"],"build_version":"2020-12-22","purchased_purges":4,"victory":true,"max_hp_per_floor":[72,72,72,72,67,67,67,67,67,67,67,67,67,67,67,67,67,67,67,67,67,67,67,67,67,67,67,67,67,67,67,67,67,67,67,67,67,67,67,67,67,67,67,67,67,67,67,67,67,67],"card_choices":[{"not_picked":["Replay:Cycle","Worship","Replay:Vibes"],"picked":"SKIP","floor":1.0},{"not_picked":["ClearTheMind","Consecrate"],"picked":"FlyingSleeves","floor":6.0},{"not_picked":["Nirvana","Perseverance","Replay:Vibes"],"picked":"SKIP","floor":7.0},{"not_picked":["ReachHeaven","Protect"],"picked":"Meditate","floor":8.0},{"not_picked":["CrushJoints","WheelKick","Protect"],"picked":"SKIP","floor":11.0},{"not_picked":["Weave","ThirdEye"],"picked":"FearNoEvil","floor":13.0},{"not_picked":["EmptyFist","WindmillStrike","Replay:BluntJabs"],"picked":"SKIP","floor":14.0},{"not_picked":["MasterReality","Blasphemy"],"picked":"Replay:AllIn","floor":16.0},{"not_picked":["PathToVictory+1","ThirdEye+1"],"picked":"FlurryOfBlows","floor":18.0},{"not_picked":["ThirdEye","Indignation","ClearTheMind+1"],"picked":"SKIP","floor":19.0},{"not_picked":["Crescendo","Consecrate+1","JustLucky"],"picked":"SKIP","floor":22.0},{"not_picked":["ThirdEye","Replay:ManipulateFuture"],"picked":"Scrawl","floor":24.0},{"not_picked":["CrushJoints","Replay:DivineShield"],"picked":"CutThroughFate+1","floor":27.0},{"not_picked":["Evaluate","CrushJoints","ThirdEye+1"],"picked":"SKIP","floor":28.0},{"not_picked":["ThirdEye","EmptyFist","Replay:AtTheReady"],"picked":"SKIP","floor":31.0},{"not_picked":["ConjureBlade","Judgement"],"picked":"Vault","floor":33.0},{"not_picked":["Halt","Swivel"],"picked":"Wallop","floor":35.0},{"not_picked":["Prostrate+1","FollowUp+1","Replay:BluntJabs+1"],"picked":"SKIP","floor":38.0},{"not_picked":["Study+1","ClearTheMind","Wallop"],"picked":"SKIP","floor":39.0},{"not_picked":["Wireheading+1","Meditate+1","Perseverance+1"],"picked":"SKIP","floor":40.0},{"not_picked":["ThirdEye","SandsOfTime","Swivel"],"picked":"SKIP","floor":41.0},{"not_picked":["EmptyBody+1","ReachHeaven","Replay:BluntJabs+1"],"picked":"SKIP","floor":45.0},{"not_picked":["Halt+1","FlurryOfBlows"],"picked":"InnerPeace+1","floor":46.0},{"not_picked":["Pray","Study+1","JustLucky+1"],"picked":"SKIP","floor":48.0}],"player_experience":511203,"relics_obtained":[{"floor":6.0,"key":"Incense Burner"},{"floor":9.0,"key":"Replay:Accelerometer"},{"floor":11.0,"key":"testmod-LifeArmor"},{"floor":24.0,"key":"Toy Ornithopter"},{"floor":26.0,"key":"Replay:Bottled Steam"},{"floor":32.0,"key":"Pet Ghost"},{"floor":43.0,"key":"Meat on the Bone"}],"event_choices":[{"damage_healed":0.0,"max_hp_gain":0.0,"max_hp_loss":0.0,"gold_gain":0.0,"event_name":"The Cleric","player_choice":"Leave","floor":3.0,"gold_loss":0.0,"damage_taken":0.0},{"damage_healed":0.0,"max_hp_gain":0.0,"max_hp_loss":5.0,"gold_gain":0.0,"event_name":"Golden Idol","player_choice":"Lose Max HP","floor":5.0,"gold_loss":0.0,"damage_taken":0.0,"relics_obtained":["Golden Idol"]},{"damage_healed":0.0,"max_hp_gain":0.0,"max_hp_loss":0.0,"gold_gain":0.0,"event_name":"Shining Light","player_choice":"Entered Light","floor":15.0,"gold_loss":0.0,"damage_taken":13.0,"cards_upgraded":["Defend_P","Vigilance"]},{"damage_healed":0.0,"max_hp_gain":0.0,"max_hp_loss":0.0,"gold_gain":400.0,"event_name":"恩洛斯的盘子","player_choice":"Sell","floor":21.0,"relics_lost":["NeowsBlessing"],"gold_loss":0.0,"damage_taken":0.0},{"damage_healed":0.0,"max_hp_gain":0.0,"max_hp_loss":0.0,"gold_gain":0.0,"event_name":"Addict","player_choice":"Obtained Relic","floor":29.0,"gold_loss":85.0,"damage_taken":0.0,"relics_obtained":["Ancient Tea Set"]},{"damage_healed":0.0,"max_hp_gain":0.0,"max_hp_loss":0.0,"gold_gain":333.0,"event_name":"The Moai Head","player_choice":"Gave Idol","floor":36.0,"relics_lost":["Golden Idol"],"gold_loss":0.0,"damage_taken":0.0},{"damage_healed":0.0,"max_hp_gain":0.0,"max_hp_loss":0.0,"gold_gain":0.0,"event_name":"SensoryStone","player_choice":"Memory 1","floor":47.0,"gold_loss":0.0,"damage_taken":0.0}],"is_beta":false,"boss_relics":[{"not_picked":["testmod-SaigiyounoYou","testmod-EnergyCheck"],"picked":"vexMod:CursedCompass"},{"not_picked":["testmod-BatchProcessingSystem","Snecko Heart"],"picked":"Painkiller Herb"}],"items_purged_floors":[2,20,30,42],"is_endless":false,"potions_floor_spawned":[1,13,16,24,27,33,35,38,45,48],"ascension_level":0}}