{"host":"oq0u6q7bjztc2jwc","time":1611441191,"event":{"mods":["AchievementEnabler","BaseMod","Colored Map","Downfall","Highlight Path","Minty Spire (QoL Compilation)","Permanent Neow","StSLib","The Marked"],"gold_per_floor":[99,99,99,99,99,99,99,99,117,102,2,2,22,73,86,184,184,184,199,199,399,399,205,282,307,307,207,157,257,276,291,291,386,386,386,402,190,203,217,217,264,275,308,308,336,236,34,34,44,44,44,44],"floor_reached":50,"language":"ENG","playtime":5776,"items_purged":["downfall:Haunted","Guardian:Strike_Guardian","Guardian:Defend_Guardian"],"score":581,"play_id":"6984c075-a01a-4379-9058-99ea65a0d00e","local_time":"20210123173311","is_ascension_mode":false,"campfire_choices":[{"floor":1.0,"key":"RECALL"},{"data":"Guardian:SentryBeam","floor":6.0,"key":"SMITH"},{"data":"Guardian:RollAttack","floor":8.0,"key":"SMITH"},{"data":"Guardian:BronzeArmor","floor":11.0,"key":"SMITH"},{"data":"Guardian:PiercingHide","floor":18.0,"key":"SMITH"},{"floor":27.0,"key":"REST"},{"data":"Guardian:TimeCapacitor","floor":35.0,"key":"SMITH"},{"data":"Guardian:Orbwalk","floor":40.0,"key":"SMITH"},{"data":"Guardian:AncientConstruct","floor":46.0,"key":"SMITH"}],"circlet_count":0,"master_deck":["Guardian:Strike_Guardian","Guardian:Strike_Guardian","Guardian:Strike_Guardian","Guardian:Defend_Guardian","Guardian:Defend_Guardian","Guardian:Defend_Guardian","Guardian:CurlUp","Guardian:TwinSlam+1","Guardian:RollAttack+1","Guardian:SentryBeam+1","Guardian:TimeCapacitor+1","Guardian:BronzeArmor+1","Guardian:ShieldCharger","Guardian:PiercingHide+1","Guardian:AncientConstruct+1","CurseOfTheBell","Guardian:FastForward","Guardian:SpikerProtocol","Guardian:Suspension","Guardian:ConstructionForm","Guardian:Recover+1","Guardian:Orbwalk+1","Guardian:TimeBomb+1","Guardian:TemporalShield+1","Guardian:PiercingHide"],"relics":["Guardian:ModeShifter","downfall:HeartsMalice","Mummified Hand","downfall:HeartBlessingRed","Anchor","Calling Bell","Happy Flower","Incense Burner","Bottled Lightning","Bag of Marbles","downfall:HeartBlessingGreen","Guardian:StasisSlotReductionRelic","Membership Card","PreservedInsect","Potion Belt","downfall:HeartBlessingBlue","Pantograph","Darkstone Periapt"],"acts_visited":[],"potions_floor_usage":[50,50,50],"damage_taken":[{"damage":0.0,"enemies":"Jaw Worm","floor":2.0,"turns":1.0},{"damage":0.0,"enemies":"downfall:FleeingMerchant","floor":4.0,"turns":1.0},{"damage":0.0,"enemies":"Cultist","floor":5.0,"turns":1.0},{"damage":2.0,"enemies":"Small Slimes","floor":9.0,"turns":3.0},{"damage":0.0,"enemies":"downfall:FleeingMerchant","floor":10.0,"turns":4.0},{"damage":5.0,"enemies":"Exordium Thugs","floor":13.0,"turns":4.0},{"damage":1.0,"enemies":"Large Slime","floor":15.0,"turns":5.0},{"damage":1.0,"enemies":"SI_SHIV_ARCHETYPE","floor":16.0,"turns":6.0},{"damage":8.0,"enemies":"3 Byrds","floor":19.0,"turns":4.0},{"damage":0.0,"enemies":"downfall:FleeingMerchant","floor":23.0,"turns":4.0},{"damage":51.0,"enemies":"Gremlin Leader","floor":25.0,"turns":10.0},{"damage":2.0,"enemies":"Cultist and Chosen","floor":26.0,"turns":8.0},{"damage":6.0,"enemies":"Snake Plant","floor":30.0,"turns":4.0},{"damage":1.0,"enemies":"Centurion and Healer","floor":31.0,"turns":9.0},{"damage":0.0,"enemies":"Shelled Parasite and Fungi","floor":32.0,"turns":1.0},{"damage":35.0,"enemies":"IC_MUSHROOM_ARCHETYPE","floor":33.0,"turns":14.0},{"damage":7.0,"enemies":"3 Darklings","floor":36.0,"turns":6.0},{"damage":6.0,"enemies":"downfall:FleeingMerchant","floor":37.0,"turns":4.0},{"damage":0.0,"enemies":"3 Shapes","floor":38.0,"turns":8.0},{"damage":10.0,"enemies":"3 Darklings","floor":39.0,"turns":7.0},{"damage":0.0,"enemies":"Maw","floor":42.0,"turns":10.0},{"damage":3.0,"enemies":"Nemesis","floor":43.0,"turns":11.0},{"damage":0.0,"enemies":"Giant Head","floor":45.0,"turns":9.0},{"damage":6.0,"enemies":"downfall:FleeingMerchant","floor":47.0,"turns":4.0},{"damage":0.0,"enemies":"4 Shapes","floor":49.0,"turns":5.0},{"damage":131,"enemies":"WA_ARCHETYPE_DIVINITY","floor":50,"turns":15}],"seed_played":"-7148617081290284377","potions_obtained":[{"floor":3.0,"key":"SteroidPotion"},{"floor":3.0,"key":"Fruit Juice"},{"floor":3.0,"key":"hexamod:SoulburnPotion"},{"floor":13.0,"key":"SmokeBomb"},{"floor":15.0,"key":"GamblersBrew"},{"floor":16.0,"key":"hexamod:SoulburnPotion"},{"floor":19.0,"key":"PowerPotion"},{"floor":30.0,"key":"Guardian:StasisDiscoveryPotion"},{"floor":31.0,"key":"SmokeBomb"},{"floor":36.0,"key":"EssenceOfSteel"},{"floor":39.0,"key":"Weak Potion"},{"floor":45.0,"key":"EntropicBrew"},{"floor":49.0,"key":"Strength Potion"}],"is_trial":false,"path_per_floor":["R","M","?","$","M","R","T","R","M","$","R","?","M","T","M","B",null,"R","M","?","?","?","$","T","E","M","R","?","?","M","M","M","B",null,"R","M","?","M","M","R","T","M","E","?","E","R","$","T","M","B"],"character_chosen":"GUARDIAN","items_purchased":["Guardian:SpikerProtocol","Guardian:Suspension","Membership Card","Pantograph"],"campfire_rested":1,"item_purchase_floors":[23,23,37,47],"current_hp_per_floor":[80,80,85,85,85,85,85,85,83,83,83,83,78,78,77,76,85,85,77,77,77,77,77,77,26,24,49,80,80,74,73,73,38,85,85,78,72,72,62,62,62,62,59,59,59,69,77,77,77,0,0,0],"gold":44,"neow_bonus":"THREE_ENEMY_KILL","is_daily":false,"chose_seed":false,"campfire_upgraded":7,"win_rate":0.0,"timestamp":1611441191,"path_taken":["R","M","?","?","?","R","T","R","M","$","R","?","?","?","M","BOSS","R","M","?","?","?","$","T","E","?","R","?","?","M","?","M","BOSS","R","M","?","M","M","R","T","M","E","?","E","R","$","?","M","BOSS"],"items_purchased_type":["Card","Card","Relic","Relic"],"build_version":"2020-12-22","purchased_purges":3,"victory":false,"max_hp_per_floor":[80,80,85,85,85,85,85,85,85,85,85,85,85,85,85,85,85,85,85,85,85,85,85,85,85,85,85,85,85,85,85,85,85,85,85,85,85,85,85,85,85,85,85,85,85,95,95,95,95,95,95,95],"card_choices":[{"not_picked":["Guardian:PrimingBeam","Guardian:VentSteam"],"picked":"Guardian:RollAttack","floor":2.0},{"not_picked":["Guardian:MultiBeam","Guardian:Recover"],"picked":"Guardian:Gem_Blue","floor":4.0},{"not_picked":["Guardian:RollAttack","Guardian:VentSteam"],"picked":"Guardian:SentryBeam","floor":5.0},{"not_picked":["Guardian:PolyBeam","Guardian:Recover"],"picked":"Guardian:TimeCapacitor","floor":9.0},{"not_picked":["Guardian:Repulse","Guardian:TimeBomb"],"picked":"Guardian:BronzeArmor","floor":10.0},{"not_picked":["Guardian:PrismaticBarrier","Guardian:Gem_Purple"],"picked":"Guardian:ShieldCharger","floor":13.0},{"not_picked":["Guardian:PrismaticBarrier","Guardian:Suspension"],"picked":"Guardian:PiercingHide","floor":15.0},{"not_picked":["Guardian:SphericShield","Guardian:ConstructionForm"],"picked":"Guardian:AncientConstruct","floor":16.0},{"not_picked":["Guardian:Preprogram","Guardian:Gem_Cyan"],"picked":"Guardian:Gem_Green","floor":19.0},{"not_picked":["Guardian:TemporalStrike","Guardian:RefractedBeam"],"picked":"Guardian:Gem_Blue","floor":23.0},{"not_picked":["Guardian:Incinerate","Guardian:EvasiveProtocol"],"picked":"Guardian:Gem_Lightblue","floor":25.0},{"not_picked":["Guardian:Gem_Lightblue","Guardian:RollAttack"],"picked":"Guardian:Gem_Green","floor":30.0},{"not_picked":["Guardian:FastForward","Guardian:Planning","Guardian:Gem_Cyan"],"picked":"SKIP","floor":31.0},{"not_picked":["Guardian:Gem_Orange","Guardian:GemFire"],"picked":"Guardian:ConstructionForm","floor":33.0},{"not_picked":["Guardian:ShieldCharger","Guardian:TemporalStrike+1"],"picked":"Guardian:ChargeCore+1","floor":36.0},{"not_picked":["Guardian:Gem_Fragmented","Guardian:BaubleBeam","Guardian:Gem_Green"],"picked":"SKIP","floor":37.0},{"not_picked":["Guardian:Gem_Cyan","Guardian:Gem_Purple"],"picked":"Guardian:Recover+1","floor":38.0},{"not_picked":["Guardian:Clone+1","Guardian:Recover+1"],"picked":"Guardian:Orbwalk","floor":39.0},{"not_picked":["Guardian:Gem_White","Guardian:Recover+1","Guardian:Incinerate+1"],"picked":"SKIP","floor":42.0},{"not_picked":["Guardian:Gem_Lightblue","Guardian:Gem_Green"],"picked":"Guardian:TimeBomb+1","floor":43.0},{"not_picked":["Guardian:WalkerClaw+1","Guardian:Planning","Guardian:BaubleBeam"],"picked":"SKIP","floor":45.0},{"not_picked":["Guardian:Gem_Cyan","Guardian:BronzeOrb+1"],"picked":"Guardian:TemporalShield+1","floor":47.0},{"not_picked":["Guardian:VentSteam+1","Guardian:TemporalStrike"],"picked":"Guardian:PiercingHide","floor":49.0}],"player_experience":541798,"relics_obtained":[{"floor":7.0,"key":"Mummified Hand"},{"floor":14.0,"key":"Anchor"},{"floor":17.0,"key":"Happy Flower"},{"floor":17.0,"key":"White Beast Statue"},{"floor":17.0,"key":"Incense Burner"},{"floor":24.0,"key":"Bottled Lightning"},{"floor":25.0,"key":"Bag of Marbles"},{"floor":43.0,"key":"PreservedInsect"},{"floor":45.0,"key":"Potion Belt"},{"floor":48.0,"key":"Darkstone Periapt"}],"event_choices":[{"damage_healed":0.0,"max_hp_gain":0.0,"max_hp_loss":0.0,"gold_gain":0.0,"event_name":"Lab","player_choice":"Got Potions","floor":3.0,"gold_loss":0.0,"damage_taken":0.0},{"damage_healed":0.0,"max_hp_gain":0.0,"max_hp_loss":0.0,"gold_gain":0.0,"event_name":"Ghosts","player_choice":"Ignored","floor":20.0,"gold_loss":0.0,"damage_taken":0.0},{"cards_removed":["Guardian:ChargeCore"],"damage_healed":0.0,"max_hp_gain":0.0,"max_hp_loss":0.0,"gold_gain":0.0,"event_name":"Falling","player_choice":"Removed Attack","floor":44.0,"gold_loss":0.0,"damage_taken":0.0}],"is_beta":false,"boss_relics":[{"not_picked":["Runic Dome","Tiny House"],"picked":"Calling Bell"},{"not_picked":["Snecko Eye","SacredBark"],"picked":"Guardian:StasisSlotReductionRelic"}],"items_purged_floors":[23,37,47],"is_endless":false,"potions_floor_spawned":[13,15,16,19,30,31,36,39,45,49],"killed_by":"WA_ARCHETYPE_DIVINITY","ascension_level":0}}