{"host":"kvo7eymyd21g9abd","time":1611423249,"event":{"mods":["AchievementEnabler","BaseMod","Bestiary","Colored Map","Minty Spire (QoL Compilation)","StSLib"],"gold_per_floor":[114,114,133,133,147,147,163,177,228,262,262,280,294,100,100,195,195,206,16,30,30,41,66,66,83,83,102,116,56,56,56],"floor_reached":30,"language":"ENG","playtime":1134,"items_purged":["Armaments"],"score":396,"play_id":"116f01d6-a6bb-4b86-8c97-6340fd42fc4f","local_time":"20210123123409","is_ascension_mode":true,"campfire_choices":[{"floor":6,"key":"RECALL"},{"floor":11,"key":"REST"},{"floor":15,"key":"REST"},{"floor":24,"key":"REST"}],"circlet_count":0,"master_deck":["Strike_R","Strike_R","Strike_R","Strike_R","Strike_R","Defend_R","Defend_R","Defend_R","Defend_R","Bash","Double Tap","Pommel Strike","Uppercut","Shockwave","Pommel Strike","Feed","Demon Form","Heavy Blade","Apotheosis","Perfected Strike","Reaper","Flame Barrier","Shrug It Off+1","Whirlwind"],"relics":["Burning Blood","Pear","Centennial Puzzle","HandDrill","Sozu","Oddly Smooth Stone","Du-Vu Doll","The Courier"],"acts_visited":["Exordium","TheCity"],"potions_floor_usage":[10,16,30,30],"damage_taken":[{"damage":12,"enemies":"Jaw Worm","floor":1,"turns":3},{"damage":7,"enemies":"Small Slimes","floor":3,"turns":3},{"damage":11,"enemies":"Cultist","floor":5,"turns":4},{"damage":15,"enemies":"Exordium Thugs","floor":7,"turns":6},{"damage":21,"enemies":"Exordium Wildlife","floor":8,"turns":4},{"damage":57,"enemies":"Lagavulin","floor":10,"turns":7},{"damage":26,"enemies":"Gremlin Gang","floor":12,"turns":6},{"damage":0,"enemies":"Large Slime","floor":13,"turns":6},{"damage":36,"enemies":"Slime Boss","floor":16,"turns":13},{"damage":14,"enemies":"Chosen","floor":18,"turns":5},{"damage":6,"enemies":"3 Byrds","floor":20,"turns":5},{"damage":53,"enemies":"Centurion and Healer","floor":22,"turns":5},{"damage":38,"enemies":"Book of Stabbing","floor":23,"turns":5},{"damage":24,"enemies":"Snake Plant","floor":25,"turns":2},{"damage":42,"enemies":"3 Cultists","floor":27,"turns":6},{"damage":7,"enemies":"Snecko","floor":28,"turns":3},{"damage":20,"enemies":"Snake Plant","floor":30,"turns":1}],"seed_played":"-5678201723615980073","potions_obtained":[{"floor":5,"key":"BloodPotion"},{"floor":10,"key":"EssenceOfSteel"},{"floor":12,"key":"ColorlessPotion"},{"floor":16,"key":"Explosive Potion"}],"is_trial":false,"path_per_floor":["M","?","M","?","M","R","M","M","T","E","R","M","M","$","R","B",null,"M","$","M","T","M","E","R","M","T","M","M","$","M"],"character_chosen":"IRONCLAD","items_purchased":["HandDrill","Fire Potion","Apotheosis"],"campfire_rested":3,"item_purchase_floors":[14,14,19],"current_hp_per_floor":[66,71,70,80,75,75,66,51,51,19,47,27,33,33,61,35,83,78,78,82,82,39,7,40,22,22,7,10,10,0,0],"gold":56,"neow_bonus":"ONE_RANDOM_RARE_CARD","is_daily":false,"chose_seed":false,"campfire_upgraded":0,"win_rate":0.0,"timestamp":1611423249,"path_taken":["M","?","M","?","M","R","M","M","T","E","R","M","M","$","R","BOSS","M","?","M","?","M","E","R","M","T","M","M","$","?"],"items_purchased_type":["Relic","Potion","Card"],"build_version":"2020-12-22","purchased_purges":1,"victory":false,"max_hp_per_floor":[80,85,85,95,95,95,95,95,95,95,95,95,95,95,95,99,99,102,102,106,106,110,110,110,110,110,113,113,113,113,113],"card_choices":[{"not_picked":["Warcry","Twin Strike"],"picked":"Pommel Strike","floor":1},{"not_picked":["Pommel Strike","Clash"],"picked":"Headbutt","floor":3},{"not_picked":["Thunderclap","Wild Strike"],"picked":"Uppercut","floor":5},{"not_picked":["Juggernaut","Pummel"],"picked":"Shockwave","floor":7},{"not_picked":["Pommel Strike","Headbutt","Thunderclap"],"picked":"SKIP","floor":8},{"not_picked":["Second Wind","Anger"],"picked":"Pommel Strike","floor":10},{"not_picked":["Heavy Blade","Sword Boomerang"],"picked":"Armaments","floor":12},{"not_picked":["Pommel Strike","Warcry"],"picked":"Feed","floor":13},{"not_picked":["Impervious","Corruption"],"picked":"Demon Form","floor":16},{"not_picked":["Headbutt","Clash"],"picked":"Heavy Blade","floor":18},{"not_picked":["Warcry","Havoc+1","Armaments"],"picked":"SKIP","floor":20},{"not_picked":["Pommel Strike","Twin Strike"],"picked":"Perfected Strike","floor":22},{"not_picked":["Clash","Seeing Red"],"picked":"Reaper","floor":23},{"not_picked":["Spot Weakness","Dark Embrace+1"],"picked":"Flame Barrier","floor":25},{"not_picked":["Clothesline","Heavy Blade"],"picked":"Shrug It Off+1","floor":27},{"not_picked":["Iron Wave+1","Wild Strike+1"],"picked":"Whirlwind","floor":28}],"player_experience":415815,"relics_obtained":[{"floor":10,"key":"Centennial Puzzle"},{"floor":21,"key":"Oddly Smooth Stone"},{"floor":23,"key":"Du-Vu Doll"},{"floor":26,"key":"The Courier"}],"event_choices":[{"damage_healed":0,"gold_gain":0,"player_choice":"Donut","damage_taken":0,"max_hp_gain":5,"max_hp_loss":0,"event_name":"Big Fish","floor":2,"gold_loss":0},{"cards_removed":["Headbutt"],"damage_healed":0,"gold_gain":0,"player_choice":"Gave Card","damage_taken":0,"relics_obtained":["Pear"],"max_hp_gain":0,"max_hp_loss":0,"event_name":"WeMeetAgain","floor":4,"gold_loss":0}],"is_beta":false,"boss_relics":[{"not_picked":["Runic Cube","Tiny House"],"picked":"Sozu"}],"items_purged_floors":[29],"is_endless":false,"potions_floor_spawned":[5,10,12,16,20,23,28],"killed_by":"Snake Plant","ascension_level":7}}