{"host":"4amcrcg6ktw8dbzk","time":1611383978,"event":{"mods":["ATMod(°¢èªMod)","BaseMod","Dota2Spire","Minty Spire (QoL Compilation)","MostiFishMod","Spicy Shops","StSLib","Waifu the Spire"],"gold_per_floor":[112,112,123,84,84,114,124,124,124,149,74,74,108,121,121,197,197,208,220,246,257,275,301,226,244,244,257,257,291,291,318,318,394,394,411,426,326,336,336,361,375,406,406,172,222,239,250,280,280,280,280,280,280,63,90,90],"floor_reached":57,"language":"ZHS","playtime":2272,"items_purged":["Defend_R","Strike_R","Strike_R","Cleave"],"score":3794,"play_id":"f394358b-1269-4654-8e7d-e933277e85e0","local_time":"20210123143938","is_ascension_mode":true,"campfire_choices":[{"data":"Bash","floor":8.0,"key":"SMITH"},{"data":"Disarm","floor":15.0,"key":"SMITH"},{"data":"MostiFishMod:RacingGame","floor":30.0,"key":"SMITH"},{"data":"Corruption","floor":32.0,"key":"SMITH"},{"floor":49.0,"key":"RECALL"},{"data":"True Grit","floor":53,"key":"SMITH"}],"circlet_count":0,"master_deck":["AscendersBane","Strike_R","Strike_R","Defend_R+1","Defend_R","Defend_R+1","Bash+1","Evolve","Disarm+1","Shrug It Off","MostiFishMod:RacingGame+1","Corruption+1","Pommel Strike","Thunderclap","Pommel Strike","Offering","Dark Embrace+1","Fiend Fire","MostiFishMod:ButterFly","Rage","Anger+1","True Grit+1"],"relics":["DaveBox","AT_ATBox","OneHitWonderSystem","FeatherPendant","SynthV:TestCard","Kunai","Dota2Spire:EtherealBlade","Strawberry","Dota2Spire:Bloodstone","Red Mask","Dota2Spire:PowerTreads","Dota2Spire:MantaStyle","Bottled Lightning","Dota2Spire:MonkeyKingBar","Dota2Spire:RefresherOrb","AT_ForceNature","Sundial","Self Forming Clay","Membership Card","Dota2Spire:EyeOfSkadi","Paper Frog","AT_SilvercatRing","Pen Nib"],"acts_visited":["Exordium","TheCity","TheBeyond","TheEnding"],"potions_floor_usage":[56],"damage_taken":[{"damage":0.0,"enemies":"2 Louse","floor":1.0,"turns":2.0},{"damage":0.0,"enemies":"Jaw Worm","floor":3.0,"turns":2.0},{"damage":0.0,"enemies":"3 Sentries","floor":6.0,"turns":6.0},{"damage":0.0,"enemies":"Small Slimes","floor":7.0,"turns":3.0},{"damage":0.0,"enemies":"Lagavulin","floor":10.0,"turns":4.0},{"damage":0.0,"enemies":"3 Sentries","floor":13.0,"turns":6.0},{"damage":0.0,"enemies":"2 Fungi Beasts","floor":14.0,"turns":3.0},{"damage":0.0,"enemies":"The Guardian","floor":16.0,"turns":8.0},{"damage":0.0,"enemies":"3 Byrds","floor":18.0,"turns":3.0},{"damage":0.0,"enemies":"Chosen","floor":19.0,"turns":1.0},{"damage":0.0,"enemies":"Masked Bandits","floor":20.0,"turns":3.0},{"damage":0.0,"enemies":"Sentry and Sphere","floor":21.0,"turns":3.0},{"damage":0.0,"enemies":"Cultist and Chosen","floor":22.0,"turns":5.0},{"damage":0.0,"enemies":"Gremlin Leader","floor":23.0,"turns":5.0},{"damage":0.0,"enemies":"Shelled Parasite and Fungi","floor":25.0,"turns":1.0},{"damage":0.0,"enemies":"Centurion and Healer","floor":27.0,"turns":2.0},{"damage":0.0,"enemies":"Book of Stabbing","floor":29.0,"turns":2.0},{"damage":0.0,"enemies":"Slavers","floor":31.0,"turns":1.0},{"damage":0.0,"enemies":"Collector","floor":33.0,"turns":2.0},{"damage":0.0,"enemies":"3 Shapes","floor":35.0,"turns":1.0},{"damage":0.0,"enemies":"3 Darklings","floor":36.0,"turns":1.0},{"damage":0.0,"enemies":"Sphere and 2 Shapes","floor":38.0,"turns":1.0},{"damage":0.0,"enemies":"Giant Head","floor":40.0,"turns":2.0},{"damage":0.0,"enemies":"Writhing Mass","floor":41.0,"turns":1.0},{"damage":0.0,"enemies":"Nemesis","floor":42.0,"turns":3.0},{"damage":0.0,"enemies":"2 Orb Walkers","floor":45.0,"turns":1.0},{"damage":0.0,"enemies":"Maw","floor":46.0,"turns":1.0},{"damage":0.0,"enemies":"Sphere and 2 Shapes","floor":47.0,"turns":1.0},{"damage":0.0,"enemies":"Reptomancer","floor":48.0,"turns":1.0},{"damage":0.0,"enemies":"Awakened One","floor":50.0,"turns":2.0},{"damage":0.0,"enemies":"Donu and Deca","floor":51.0,"turns":1.0},{"damage":0,"enemies":"Shield and Spear","floor":55,"turns":1},{"damage":0,"enemies":"The Heart","floor":56,"turns":4}],"seed_played":"3304449608467945535","potions_obtained":[{"floor":1.0,"key":"SpeedPotion"},{"floor":10.0,"key":"FearPotion"},{"floor":22.0,"key":"BlessingOfTheForge"}],"is_trial":false,"path_per_floor":["M","?","M","?","$","E","M","R","T","E","?","?","E","M","R","B",null,"M","M","?","M","M","E","$","M","T","M","?","E","R","E","R","B",null,"M","M","$","M","?","E","M","E","T","$","?","M","M","E","R","B","B",null,"R","$","E","B",null],"character_chosen":"IRONCLAD","items_purchased":["Membership Card","AT_SilvercatRing"],"campfire_rested":0,"item_purchase_floors":[44,54],"current_hp_per_floor":[1,1,1,1,1,1,1,1,1,1,1,1,8,1,1,1,1,1,1,1,1,1,1,1,1,1,1,1,1,1,1,1,1,1,1,1,1,1,1,1,1,1,1,1,6,1,1,1,1,1,1,1,1,1,1,1],"gold":90,"neow_bonus":"BOSS_RELIC","is_daily":false,"chose_seed":false,"campfire_upgraded":5,"win_rate":0.0,"timestamp":1611383978,"path_taken":["M","?","M","?","$","E","M","R","T","E","?","?","E","M","R","BOSS","M","M","?","M","M","E","?","?","T","M","?","E","R","E","R","BOSS","M","M","$","M","?","E","M","E","T","$","?","M","M","E","R","BOSS","BOSS","R","$","E","BOSS"],"items_purchased_type":["Relic","Relic"],"build_version":"2020-12-22","purchased_purges":4,"victory":true,"max_hp_per_floor":[1,1,1,1,1,1,1,1,1,1,1,1,8,1,1,1,1,1,1,1,1,1,1,1,1,1,1,1,1,1,1,1,1,1,1,1,1,1,1,1,1,1,1,1,6,1,1,1,1,1,1,1,1,1,1,1],"card_choices":[{"not_picked":["AT_BodySlamDance","Anger","Rampage"],"picked":"SKIP","floor":1.0},{"not_picked":["Body Slam","Headbutt","Clothesline","Wild Strike"],"picked":"Evolve","floor":3.0},{"not_picked":["Headbutt","Whirlwind","Fire Breathing","MostiFishMod:BrandingRite","AT_BodySlamDance"],"picked":"SKIP","floor":6.0},{"not_picked":["AT_DrawKnifeCut","Rupture","Clash","Whirlwind","Armaments"],"picked":"SKIP","floor":7.0},{"not_picked":["Battle Trance","Fire Breathing","Wild Strike","AT_ManFootWork","Havoc"],"picked":"SKIP","floor":10.0},{"not_picked":["Flame Barrier","Bloodletting","Infernal Blade","Sword Boomerang"],"picked":"Disarm","floor":13.0},{"not_picked":["Perfected Strike","Armaments","Intimidate","Pummel"],"picked":"Shrug It Off","floor":14.0},{"not_picked":["Reaper","Berserk","MostiFishMod:RainCloud","MostiFishMod:ChineseTea"],"picked":"MostiFishMod:RacingGame","floor":16.0},{"not_picked":["Wild Strike","Warcry","Perfected Strike","Entrench"],"picked":"Cleave","floor":18.0},{"not_picked":["Dual Wield+1","Flame Barrier","Anger","Headbutt+1","Carnage+1"],"picked":"SKIP","floor":19.0},{"not_picked":["Clothesline","Shrug It Off","Clash","Cleave+1"],"picked":"Corruption","floor":20.0},{"not_picked":["Clothesline","Armaments","Clash","Headbutt","Second Wind"],"picked":"SKIP","floor":21.0},{"not_picked":["Twin Strike","Clash","Body Slam","AT_CaressingTears"],"picked":"Pommel Strike","floor":22.0},{"not_picked":["Blood for Blood","Battle Trance+1","Impervious","Pummel","Thunderclap"],"picked":"SKIP","floor":23.0},{"not_picked":["Blood for Blood","Battle Trance+1","Impervious","Pummel"],"picked":"Thunderclap","floor":23.0},{"not_picked":["Clothesline","Heavy Blade","Havoc","Anger","Pommel Strike"],"picked":"SKIP","floor":25.0},{"not_picked":["Clothesline","Heavy Blade","Havoc","Anger"],"picked":"Pommel Strike","floor":25.0},{"not_picked":["Havoc","Armaments","Anger+1","Twin Strike","Flex"],"picked":"SKIP","floor":27.0},{"not_picked":["Iron Wave","Body Slam","MostiFishMod:NewArrival","Battle Trance"],"picked":"Dark Embrace","floor":29.0},{"not_picked":["Iron Wave+1","Second Wind","Shrug It Off","Perfected Strike","AT_ManFootWork"],"picked":"SKIP","floor":31.0},{"not_picked":["MostiFishMod:HellRitual","Juggernaut","MostiFishMod:DarkDeal","Barricade"],"picked":"Fiend Fire","floor":33.0},{"not_picked":["Hemokinesis","Warcry","AT_IchimonjiDouble","Thunderclap","Wild Strike"],"picked":"SKIP","floor":35.0},{"not_picked":["AT_CaressingTears+1","Iron Wave","Perfected Strike","Feel No Pain","Thunderclap"],"picked":"SKIP","floor":36.0},{"not_picked":["Twin Strike+1","Pommel Strike","Evolve","Ghostly Armor","Battle Trance+1"],"picked":"SKIP","floor":38.0},{"not_picked":["PanicButton","The Bomb","Mind Blast","AT_Homeward"],"picked":"MostiFishMod:ButterFly","floor":39.0},{"not_picked":["Havoc","Carnage","MostiFishMod:BrandingRite","Clash"],"picked":"Rage","floor":40.0},{"not_picked":["Headbutt","Clash+1","Body Slam","Thunderclap","Heavy Blade+1"],"picked":"SKIP","floor":41.0},{"not_picked":["MostiFishMod:NewArrival","Flame Barrier+1","Warcry+1","Sever Soul"],"picked":"Anger+1","floor":42.0},{"not_picked":["AT_DiedThrough","Shrug It Off","Anger","Heavy Blade+1"],"picked":"True Grit","floor":46.0},{"not_picked":["Pummel+1","Fire Breathing","MostiFishMod:BrandingRite","AT_DiedThrough","Sever Soul"],"picked":"SKIP","floor":47.0},{"not_picked":["AT_IchimonjiDouble+1","Headbutt","Perfected Strike","Heavy Blade","Shockwave"],"picked":"SKIP","floor":48.0},{"not_picked":["Warcry","Wild Strike","Flex","Havoc+1","Heavy Blade"],"picked":"SKIP","floor":55}],"player_experience":367515,"relics_obtained":[{"floor":1.0,"key":"SynthV:TestCard"},{"floor":6.0,"key":"Kunai"},{"floor":10.0,"key":"Dota2Spire:EtherealBlade"},{"floor":13.0,"key":"Strawberry"},{"floor":20.0,"key":"Red Mask"},{"floor":23.0,"key":"Dota2Spire:PowerTreads"},{"floor":26.0,"key":"Dota2Spire:MantaStyle"},{"floor":29.0,"key":"Bottled Lightning"},{"floor":31.0,"key":"Dota2Spire:MonkeyKingBar"},{"floor":40.0,"key":"AT_ForceNature"},{"floor":42.0,"key":"Sundial"},{"floor":43.0,"key":"Self Forming Clay"},{"floor":45.0,"key":"Dota2Spire:EyeOfSkadi"},{"floor":48.0,"key":"Paper Frog"},{"floor":55,"key":"Pen Nib"}],"event_choices":[{"damage_healed":0.0,"max_hp_gain":0.0,"max_hp_loss":0.0,"gold_gain":0.0,"event_name":"Shining Light","player_choice":"Entered Light","floor":2.0,"gold_loss":0.0,"damage_taken":0.0,"cards_upgraded":["Defend_R","Defend_R"]},{"damage_healed":0.0,"max_hp_gain":0.0,"max_hp_loss":0.0,"gold_gain":0.0,"event_name":"World of Goop","player_choice":"Left Gold","floor":4.0,"gold_loss":39.0,"damage_taken":0.0},{"cards_removed":["Strike_R"],"damage_healed":0.0,"max_hp_gain":0.0,"max_hp_loss":0.0,"gold_gain":0.0,"event_name":"The Cleric","player_choice":"Card Removal","floor":11.0,"gold_loss":75.0,"damage_taken":0.0},{"damage_healed":0.0,"max_hp_gain":0.0,"max_hp_loss":0.0,"gold_gain":0.0,"event_name":"Liars Game","player_choice":"Ignored","floor":12.0,"gold_loss":0.0,"damage_taken":0.0},{"damage_healed":0.0,"max_hp_gain":0.0,"max_hp_loss":0.0,"gold_gain":0.0,"event_name":"Masked Bandits","player_choice":"Fought Bandits","floor":20.0,"gold_loss":0.0,"damage_taken":0.0},{"damage_healed":0.0,"max_hp_gain":0.0,"max_hp_loss":0.0,"gold_gain":0.0,"event_name":"The Library","player_choice":"Read","floor":28.0,"gold_loss":0.0,"damage_taken":0.0,"cards_obtained":["Offering"]},{"damage_healed":0.0,"max_hp_gain":0.0,"max_hp_loss":0.0,"gold_gain":0.0,"event_name":"SensoryStone","player_choice":"Memory 1","floor":39.0,"gold_loss":0.0,"damage_taken":0.0},{"damage_healed":0.0,"max_hp_gain":0.0,"max_hp_loss":0.0,"gold_gain":0.0,"event_name":"Mysterious Sphere","player_choice":"Fight","floor":45.0,"gold_loss":0.0,"damage_taken":0.0}],"is_beta":false,"boss_relics":[{"not_picked":["TimeKeys","Transparent"],"picked":"Dota2Spire:Bloodstone"},{"not_picked":["Runic Dome","TakeMeEscape"],"picked":"Dota2Spire:RefresherOrb"}],"items_purged_floors":[24,37,44,54],"is_endless":false,"potions_floor_spawned":[1,10,14,19,20,22,31,33,35,36,42,46,47,55],"ascension_level":20}}