{"host":"y24pqu7jih1n8m3t","time":1611384795,"event":{"mods":["AchievementEnabler","BaseMod","Bestiary","Block Reminder","Colored Map","Colored Powertips","DeckTracker","Highlight Path","Minty Spire (QoL Compilation)","Permanent Neow","Quick Restart","Rare Cards Sparkle","Relic Stats"],"gold_per_floor":[16,26,41,60,80,80,80],"floor_reached":6,"language":"ENG","playtime":232,"items_purged":[],"score":44,"play_id":"113ea866-d2c8-404d-91cb-13059f3218da","local_time":"20210123015315","is_ascension_mode":true,"campfire_choices":[],"circlet_count":0,"master_deck":["Strike_B","Strike_B","Strike_B","Strike_B","Defend_B","Defend_B","Defend_B","Defend_B","Zap","Dualcast","Hyperbeam","Leap","Conserve Battery","Melter","Undo","Conserve Battery"],"relics":["Cracked Core"],"acts_visited":["Exordium"],"potions_floor_usage":[],"damage_taken":[{"damage":2,"enemies":"Jaw Worm","floor":1,"turns":2},{"damage":0,"enemies":"Small Slimes","floor":2,"turns":1},{"damage":0,"enemies":"2 Louse","floor":3,"turns":2},{"damage":9,"enemies":"Lots of Slimes","floor":4,"turns":3},{"damage":0,"enemies":"Blue Slaver","floor":5,"turns":3},{"damage":32,"enemies":"Gremlin Nob","floor":6,"turns":5}],"seed_played":"7231382599575338494","potions_obtained":[{"floor":2,"key":"LiquidBronze"},{"floor":5,"key":"DuplicationPotion"}],"is_trial":false,"path_per_floor":["M","M","M","M","M","E"],"character_chosen":"DEFECT","items_purchased":[],"campfire_rested":0,"item_purchase_floors":[],"current_hp_per_floor":[73,73,73,64,64,32,32],"gold":80,"neow_bonus":"THREE_RARE_CARDS","is_daily":false,"chose_seed":false,"campfire_upgraded":0,"win_rate":0.0,"timestamp":1611384795,"path_taken":["M","M","M","M","M","E"],"items_purchased_type":[],"build_version":"2020-12-22","purchased_purges":0,"victory":false,"max_hp_per_floor":[75,75,75,75,75,75,75],"relic_stats":{"counters":[6,16],"obtain_stats":[{"Cracked Core":0},{"Cracked Core":0},{"Cracked Core":0}]},"card_choices":[{"not_picked":["Meteor Strike","Reboot"],"picked":"Hyperbeam","floor":0},{"not_picked":["Stack","Coolheaded"],"picked":"Leap","floor":1},{"not_picked":["Doom and Gloom","Auto Shields"],"picked":"Conserve Battery","floor":2},{"not_picked":["Auto Shields","Barrage"],"picked":"Melter","floor":3},{"not_picked":["Glacier","Genetic Algorithm"],"picked":"Undo","floor":4},{"not_picked":["Genetic Algorithm","Cold Snap"],"picked":"Conserve Battery","floor":5}],"player_experience":147097,"relics_obtained":[],"event_choices":[],"is_beta":false,"boss_relics":[],"items_purged_floors":[],"is_endless":false,"potions_floor_spawned":[2,5],"killed_by":"Gremlin Nob","ascension_level":2}}