{"host":"t4jsb5tuksjmo64s","time":1611381391,"event":{"mods":["AchievementEnabler","BaseMod","Block Reminder","Colored Map","Colored Powertips","Dark Map","Highlight Path","Minty Spire (QoL Compilation)","Quick Restart","Random Character Button","Rare Cards Sparkle","Relic Stats"],"gold_per_floor":[115,125,135,155,168,168,179,204,251,270,45,64,76,95,95,200,200,220,220,234,247,90,118,118,137,164,18,18,36,64,64,64,162,162,175,185,185,185,197,215,247,247,327,71,85,85,110,120,120,120],"floor_reached":51,"language":"ENG","playtime":2591,"items_purged":["Defend_R","Defend_R"],"score":832,"play_id":"3458572e-6576-440e-af14-e57b7c0384f6","local_time":"20210123005631","is_ascension_mode":false,"campfire_choices":[{"data":"Heavy Blade","floor":6,"key":"SMITH"},{"floor":15,"key":"REST"},{"floor":24,"key":"REST"},{"floor":32,"key":"REST"},{"floor":42,"key":"REST"},{"data":"Rampage","floor":46,"key":"SMITH"},{"data":"Demon Form","floor":49,"key":"SMITH"}],"circlet_count":0,"master_deck":["Strike_R","Strike_R","Strike_R","Strike_R","Strike_R","Defend_R","Defend_R","Bash","Fire Breathing","Rampage+1","Heavy Blade+1","Spot Weakness","Spot Weakness","Perfected Strike","Ghostly Armor","Bludgeon","Evolve","Demon Form+1","Carnage+1","Perfected Strike","Cleave","Heavy Blade+1","Perfected Strike","Reaper","Uppercut+1","Perfected Strike+1","Apotheosis+1","Cleave","Whirlwind+1","Barricade","Limit Break+1","Spot Weakness+1","Spot Weakness+1"],"relics":["Snecko Eye","Sundial","Strawberry","Philosopher\u0027s Stone","Brimstone","Tiny Chest","Regal Pillow","Lantern","Toxic Egg 2","Omamori","Mark of Pain","Bottled Flame","Singing Bowl","Paper Frog","Unceasing Top"],"acts_visited":["Exordium","TheCity","TheBeyond"],"potions_floor_usage":[8,8,16,29,30,35,50,50],"damage_taken":[{"damage":0,"enemies":"Cultist","floor":1,"turns":3},{"damage":0,"enemies":"2 Louse","floor":2,"turns":3},{"damage":0,"enemies":"Small Slimes","floor":3,"turns":2},{"damage":14,"enemies":"Exordium Thugs","floor":4,"turns":4},{"damage":15,"enemies":"Exordium Wildlife","floor":5,"turns":4},{"damage":7,"enemies":"Blue Slaver","floor":7,"turns":3},{"damage":6,"enemies":"Gremlin Nob","floor":8,"turns":3},{"damage":10,"enemies":"Looter","floor":10,"turns":2},{"damage":8,"enemies":"Red Slaver","floor":12,"turns":2},{"damage":4,"enemies":"2 Fungi Beasts","floor":13,"turns":2},{"damage":8,"enemies":"Gremlin Gang","floor":14,"turns":3},{"damage":35,"enemies":"Slime Boss","floor":16,"turns":7},{"damage":3,"enemies":"Chosen","floor":18,"turns":4},{"damage":15,"enemies":"Shell Parasite","floor":20,"turns":4},{"damage":10,"enemies":"Centurion and Healer","floor":21,"turns":4},{"damage":39,"enemies":"Slavers","floor":23,"turns":3},{"damage":0,"enemies":"Snake Plant","floor":25,"turns":1},{"damage":9,"enemies":"Cultist and Chosen","floor":29,"turns":2},{"damage":1,"enemies":"Book of Stabbing","floor":30,"turns":2},{"damage":25,"enemies":"Collector","floor":33,"turns":5},{"damage":20,"enemies":"3 Shapes","floor":35,"turns":2},{"damage":2,"enemies":"3 Darklings","floor":36,"turns":3},{"damage":14,"enemies":"4 Shapes","floor":39,"turns":3},{"damage":0,"enemies":"Jaw Worm Horde","floor":40,"turns":2},{"damage":97,"enemies":"Nemesis","floor":41,"turns":5},{"damage":12,"enemies":"3 Darklings","floor":45,"turns":2},{"damage":22,"enemies":"Reptomancer","floor":47,"turns":2},{"damage":6,"enemies":"Maw","floor":48,"turns":4},{"damage":48,"enemies":"Donu and Deca","floor":50,"turns":3}],"seed_played":"850575286952178155","potions_obtained":[{"floor":1,"key":"AttackPotion"},{"floor":2,"key":"Swift Potion"},{"floor":5,"key":"ColorlessPotion"},{"floor":8,"key":"SpeedPotion"},{"floor":12,"key":"LiquidBronze"},{"floor":18,"key":"FairyPotion"},{"floor":20,"key":"SteroidPotion"},{"floor":35,"key":"EntropicBrew"},{"floor":36,"key":"CultistPotion"},{"floor":40,"key":"Swift Potion"}],"is_trial":false,"path_per_floor":["M","M","M","M","M","R","M","E","T","M","$","M","M","M","R","B",null,"M","?","M","M","$","E","R","M","T","$","?","M","E","$","R","B",null,"M","M","?","T","M","M","E","R","T","$","M","R","E","M","R","B",null],"character_chosen":"IRONCLAD","items_purchased":["Bludgeon","Brimstone","Lantern","Limit Break+1"],"campfire_rested":4,"item_purchase_floors":[11,22,27,44],"current_hp_per_floor":[80,80,80,66,51,51,44,38,45,35,35,27,23,15,41,6,87,84,84,69,59,59,20,46,46,46,46,46,37,36,36,77,52,87,67,65,65,65,51,51,15,56,56,56,44,44,65,61,61,13],"gold":120,"neow_bonus":"BOSS_RELIC","is_daily":false,"chose_seed":false,"campfire_upgraded":3,"win_rate":0.0,"timestamp":1611381391,"path_taken":["M","M","M","M","M","R","M","E","T","M","$","?","M","M","R","BOSS","M","?","M","?","$","E","R","M","T","$","?","M","E","?","R","BOSS","M","M","?","?","M","M","E","R","T","$","M","R","E","M","R","BOSS"],"items_purchased_type":["Card","Relic","Relic","Card"],"build_version":"2020-12-22","purchased_purges":2,"victory":true,"max_hp_per_floor":[80,80,80,80,80,80,80,80,87,87,87,87,87,87,87,87,87,87,87,87,87,87,87,87,87,87,87,87,87,87,87,87,87,87,87,87,87,87,87,87,87,87,87,87,87,87,87,89,89,89],"relic_stats":{"Regal Pillow":30,"Singing Bowl":2,"counters":[29,89],"Sundial":[6],"Snecko Eye":[160,158,155,150],"Tiny Chest":1,"obtain_stats":[{"Regal Pillow":26,"Lantern":27,"Singing Bowl":41,"Omamori":30,"Burning Blood":0,"Bottled Flame":38,"Sundial":8,"Brimstone":22,"Strawberry":9,"Snecko Eye":0,"Philosopher\u0027s Stone":17,"Tiny Chest":23,"Mark of Pain":34,"Toxic Egg 2":28,"Unceasing Top":47,"Paper Frog":43},{"Regal Pillow":17,"Lantern":17,"Singing Bowl":25,"Omamori":19,"Burning Blood":0,"Bottled Flame":22,"Sundial":7,"Brimstone":15,"Strawberry":7,"Snecko Eye":0,"Philosopher\u0027s Stone":12,"Tiny Chest":16,"Mark of Pain":20,"Toxic Egg 2":17,"Unceasing Top":27,"Paper Frog":25},{"Regal Pillow":54,"Lantern":54,"Singing Bowl":78,"Omamori":58,"Burning Blood":0,"Bottled Flame":68,"Sundial":22,"Brimstone":50,"Strawberry":22,"Snecko Eye":0,"Philosopher\u0027s Stone":38,"Tiny Chest":53,"Mark of Pain":63,"Toxic Egg 2":54,"Unceasing Top":82,"Paper Frog":78}],"Unceasing Top":[0]},"card_choices":[{"not_picked":["Feel No Pain","Second Wind"],"picked":"Fire Breathing","floor":1},{"not_picked":["Wild Strike","Anger","Intimidate"],"picked":"SKIP","floor":2},{"not_picked":["Searing Blow","Clash"],"picked":"Rampage","floor":3},{"not_picked":["Anger","Clothesline"],"picked":"Heavy Blade","floor":4},{"not_picked":["Fire Breathing","Seeing Red"],"picked":"Spot Weakness","floor":5},{"not_picked":["Wild Strike","Clothesline"],"picked":"Spot Weakness","floor":7},{"not_picked":["Disarm","Headbutt"],"picked":"Perfected Strike","floor":8},{"not_picked":["True Grit","Shrug It Off"],"picked":"Ghostly Armor","floor":10},{"not_picked":["Twin Strike","Wild Strike","Hemokinesis"],"picked":"SKIP","floor":12},{"not_picked":["Burning Pact","Immolate"],"picked":"Evolve","floor":13},{"not_picked":["Flex","True Grit"],"picked":"Heavy Blade","floor":14},{"not_picked":["Offering","Corruption"],"picked":"Demon Form","floor":16},{"not_picked":["Evolve","Sever Soul"],"picked":"Carnage+1","floor":18},{"not_picked":["Searing Blow+1","Clash"],"picked":"Perfected Strike","floor":20},{"not_picked":["Ghostly Armor","Thunderclap"],"picked":"Cleave","floor":21},{"not_picked":["Reckless Charge","Sever Soul","Exhume"],"picked":"SKIP","floor":23},{"not_picked":["Rage","Battle Trance"],"picked":"Heavy Blade+1","floor":25},{"not_picked":["Sword Boomerang","Twin Strike+1","Body Slam"],"picked":"SKIP","floor":29},{"not_picked":["Wild Strike+1","Body Slam+1"],"picked":"Perfected Strike","floor":30},{"not_picked":["Brutality","Corruption"],"picked":"Reaper","floor":33},{"not_picked":["Shrug It Off+1","Evolve+1"],"picked":"Uppercut+1","floor":35},{"not_picked":["True Grit+1","Pommel Strike"],"picked":"Perfected Strike+1","floor":36},{"not_picked":["Dark Shackles+1","Flash of Steel"],"picked":"Apotheosis+1","floor":37},{"not_picked":["Reckless Charge","Fire Breathing"],"picked":"Cleave","floor":39},{"not_picked":["Havoc+1","Metallicize+1"],"picked":"Whirlwind+1","floor":40},{"not_picked":["Burning Pact+1","Rampage+1"],"picked":"Barricade","floor":41},{"not_picked":["Bloodletting+1","Pummel+1"],"picked":"Spot Weakness+1","floor":45},{"not_picked":["Twin Strike+1","Pommel Strike"],"picked":"Spot Weakness+1","floor":47},{"not_picked":["Carnage","True Grit+1","Flex+1"],"picked":"Singing Bowl","floor":48}],"player_experience":219397,"relics_obtained":[{"floor":8,"key":"Sundial"},{"floor":9,"key":"Strawberry"},{"floor":23,"key":"Tiny Chest"},{"floor":26,"key":"Regal Pillow"},{"floor":30,"key":"Omamori"},{"floor":38,"key":"Bottled Flame"},{"floor":41,"key":"Singing Bowl"},{"floor":43,"key":"Paper Frog"},{"floor":47,"key":"Unceasing Top"}],"event_choices":[{"damage_healed":0,"gold_gain":0,"player_choice":"Ignored","damage_taken":0,"max_hp_gain":0,"max_hp_loss":0,"event_name":"NoteForYourself","floor":19,"gold_loss":0},{"cards_removed":["Heavy Blade"],"damage_healed":0,"gold_gain":0,"player_choice":"Gave Card","damage_taken":0,"relics_obtained":["Toxic Egg 2"],"max_hp_gain":0,"max_hp_loss":0,"event_name":"WeMeetAgain","floor":28,"gold_loss":0},{"damage_healed":0,"gold_gain":0,"player_choice":"Memory 1","damage_taken":0,"max_hp_gain":0,"max_hp_loss":0,"event_name":"SensoryStone","floor":37,"gold_loss":0}],"is_beta":false,"boss_relics":[{"not_picked":["Runic Cube","SlaversCollar"],"picked":"Philosopher\u0027s Stone"},{"not_picked":["Velvet Choker","Pandora\u0027s Box"],"picked":"Mark of Pain"}],"items_purged_floors":[11,44],"is_endless":false,"potions_floor_spawned":[1,2,5,8,12,18,20,23,35,36,40],"ascension_level":0}}