{"host":"7gewg82ormp6yt4e","time":1611407362,"event":{"mods":["BaseMod","Block Reminder","Colored Map","DeckTracker","Highlight Path","Minty Spire (QoL Compilation)","Relic Stats","StSLib","ojb\u0027s Info Mod"],"gold_per_floor":[113,125,125,141,152,152,152,152,152],"floor_reached":8,"language":"JPN","playtime":259,"items_purged":[],"score":96,"play_id":"ddde0cb8-e989-48bd-a799-90a192dfc7e3","local_time":"20210123220922","is_ascension_mode":true,"campfire_choices":[{"data":"Melter","floor":6,"key":"SMITH"}],"circlet_count":0,"master_deck":["AscendersBane","Strike_B","Strike_B","Strike_B","Strike_B","Defend_B","Defend_B","Defend_B","Zap","Dualcast","Melter+1","Reinforced Body","Redo","Coolheaded"],"relics":["Nuclear Battery"],"acts_visited":["Exordium"],"potions_floor_usage":[5,5],"damage_taken":[{"damage":1,"enemies":"2 Louse","floor":1,"turns":3},{"damage":0,"enemies":"Cultist","floor":2,"turns":3},{"damage":0,"enemies":"Small Slimes","floor":4,"turns":3},{"damage":21,"enemies":"Exordium Thugs","floor":5,"turns":6},{"damage":46,"enemies":"Gremlin Nob","floor":8,"turns":3}],"seed_played":"484233917620020594","potions_obtained":[{"floor":2,"key":"PotionOfCapacity"},{"floor":3,"key":"Block Potion"},{"floor":4,"key":"Ancient Potion"}],"is_trial":false,"path_per_floor":["M","M","?","M","M","R","?","E"],"character_chosen":"DEFECT","items_purchased":[],"campfire_rested":0,"item_purchase_floors":[],"current_hp_per_floor":[63,63,63,63,42,42,42,0,0],"gold":152,"neow_bonus":"BOSS_RELIC","is_daily":false,"chose_seed":false,"campfire_upgraded":1,"win_rate":0.0,"timestamp":1611407362,"path_taken":["M","M","?","M","?","R","?","E"],"items_purchased_type":[],"build_version":"2020-12-22","purchased_purges":0,"victory":false,"max_hp_per_floor":[71,71,71,71,71,71,71,71,71],"relic_stats":{"counters":[5,18],"obtain_stats":[{"Cracked Core":0,"Nuclear Battery":0},{"Cracked Core":0,"Nuclear Battery":0},{"Cracked Core":0,"Nuclear Battery":0}]},"card_choices":[{"not_picked":["Leap","Hologram"],"picked":"Melter","floor":1},{"not_picked":["Genetic Algorithm","Turbo"],"picked":"Reinforced Body","floor":2},{"not_picked":["Darkness","Coolheaded"],"picked":"Redo","floor":4},{"not_picked":["Beam Cell","Gash"],"picked":"Coolheaded","floor":5}],"player_experience":2669916,"relics_obtained":[],"event_choices":[{"damage_healed":0,"gold_gain":0,"player_choice":"Got Potions","damage_taken":0,"max_hp_gain":0,"max_hp_loss":0,"event_name":"Lab","floor":3,"gold_loss":0},{"cards_removed":["Defend_B"],"damage_healed":0,"gold_gain":0,"player_choice":"Purged","damage_taken":0,"max_hp_gain":0,"max_hp_loss":0,"event_name":"Purifier","floor":7,"gold_loss":0}],"is_beta":false,"boss_relics":[],"items_purged_floors":[],"is_endless":false,"potions_floor_spawned":[2,4],"killed_by":"Gremlin Nob","ascension_level":20}}