{"host":"adm2q5bvgv1mb6tu","time":1611429216,"event":{"mods":["AchievementEnabler","BaseMod","Bestiary","BetterRewards","Block Reminder","Colored Map","Colored Powertips","DeckTracker","Downfall","Highlight Path","Jorbs\u0027s Wanderer Trilogy","Minty Spire (QoL Compilation)","Quick Restart","Random Character Button","Random Character Mod","Rare Cards Sparkle","Relic Stats","Shop Mod","StSLib","Transform Curses"],"gold_per_floor":[109,109,129,148,160,160,232,232,259,274,241,241,261,261,261,363,363,375,95,105,105,115,115,125,145,145,145,160,160,172,190,190,190,190],"floor_reached":33,"language":"ENG","playtime":2681,"items_purged":[],"score":343,"play_id":"3af8444a-94a2-498c-b2f5-0e32a6e0c77d","local_time":"20210123131336","is_ascension_mode":false,"campfire_choices":[{"floor":6.0,"key":"REST"},{"data":"Rainbow","floor":8.0,"key":"SMITH"},{"data":"Defragment","floor":12.0,"key":"SMITH"},{"floor":15.0,"key":"REST"},{"floor":23.0,"key":"REST"},{"floor":29.0,"key":"REST"},{"floor":32.0,"key":"REST"}],"circlet_count":0,"master_deck":["Strike_B+1","Strike_B","Strike_B","Strike_B","Defend_B","Defend_B","Defend_B","Defend_B","Zap","Dualcast","Loop","Go for the Eyes","Conserve Battery","Rainbow+1","Turbo","Go for the Eyes","Defragment+1","Seek","Capacitor","Fission","Consume","Lockon","Genetic Algorithm+1","Streamline","Cold Snap+1","FTL+1","Writhe","Multi-Cast","Darkness+1","Ball Lightning+1","Hologram","Biased Cognition"],"relics":["Cracked Core","Bag of Marbles","Dream Catcher","Gremlin Horn","Anchor","Regal Pillow","Snecko Eye","Mercury Hourglass","Enchiridion","Whetstone","Tiny Chest"],"acts_visited":["Exordium","TheCity"],"potions_floor_usage":[33,33,33],"damage_taken":[{"damage":9.0,"enemies":"2 Louse","floor":1.0,"turns":3.0},{"damage":0.0,"enemies":"Cultist","floor":3.0,"turns":3.0},{"damage":3.0,"enemies":"Small Slimes","floor":4.0,"turns":3.0},{"damage":16.0,"enemies":"Exordium Wildlife","floor":5.0,"turns":5.0},{"damage":6.0,"enemies":"Large Slime","floor":10.0,"turns":5.0},{"damage":9.0,"enemies":"2 Fungi Beasts","floor":13.0,"turns":3.0},{"damage":22.0,"enemies":"The Guardian","floor":16.0,"turns":11.0},{"damage":0.0,"enemies":"3 Byrds","floor":18.0,"turns":6.0},{"damage":25.0,"enemies":"2 Thieves","floor":20.0,"turns":3.0},{"damage":5.0,"enemies":"Centurion and Healer","floor":22.0,"turns":8.0},{"damage":21.0,"enemies":"Sentry and Sphere","floor":24.0,"turns":5.0},{"damage":5.0,"enemies":"3 Cultists","floor":25.0,"turns":4.0},{"damage":26.0,"enemies":"Cultist and Chosen","floor":28.0,"turns":5.0},{"damage":10.0,"enemies":"Centurion and Healer","floor":30.0,"turns":7.0},{"damage":13.0,"enemies":"3 Cultists","floor":31.0,"turns":4.0},{"damage":66,"enemies":"Automaton","floor":33,"turns":6}],"seed_played":"2405852556017826812","potions_obtained":[{"floor":1.0,"key":"SteroidPotion"},{"floor":3.0,"key":"SkillPotion"},{"floor":10.0,"key":"Explosive Potion"},{"floor":25.0,"key":"LiquidMemories"},{"floor":30.0,"key":"champ:CounterPotion"}],"is_trial":false,"path_per_floor":["M","?","M","M","M","R","T","R","T","M","?","R","M","?","R","B",null,"M","$","M","?","M","R","M","M","T","?","M","R","M","M","R","B"],"character_chosen":"DEFECT","items_purchased":["Bag of Marbles","Lockon","Mercury Hourglass"],"campfire_rested":5,"item_purchase_floors":[0,19,19],"current_hp_per_floor":[66,66,66,63,47,69,69,69,69,63,63,63,54,51,75,53,75,75,75,50,34,29,66,45,40,40,40,14,51,41,28,65,0,0],"gold":190,"neow_bonus":"","is_daily":false,"chose_seed":false,"campfire_upgraded":2,"win_rate":0.0,"timestamp":1611429216,"path_taken":["M","?","M","M","?","R","?","R","T","M","?","R","?","?","R","BOSS","M","$","M","?","M","R","M","M","T","?","M","R","M","M","R","BOSS"],"items_purchased_type":["Relic","Card","Relic"],"build_version":"2020-12-22","purchased_purges":0,"victory":false,"max_hp_per_floor":[75,75,75,75,75,75,75,75,75,75,75,75,75,75,75,75,75,75,75,75,75,75,75,75,75,75,75,75,75,75,75,75,75,75],"relic_stats":{"Dream Catcher":5,"Regal Pillow":74,"Gremlin Horn":[15,15],"counters":[47,252],"Snecko Eye":[85,90,84,91],"Tiny Chest":0,"Whetstone":["Strike_B","Cold Snap"],"obtain_stats":[{"Regal Pillow":17,"Gremlin Horn":7,"Black Blood":17,"Enchiridion":21,"GremlinMask":11,"Whetstone":26,"Burning Blood":0,"Dream Catcher":2,"Sundial":26,"Tiny Chest":27,"Toxic Egg 2":9,"Cracked Core":0,"Pear":6,"Pen Nib":4,"PreservedInsect":30,"MawBank":9,"Mercury Hourglass":19,"Calling Bell":17,"Strange Spoon":29,"Anchor":9,"Snecko Eye":17,"Bag of Marbles":6,"Membership Card":0,"Champion Belt":17,"Bottled Lightning":19,"TungstenRod":25,"Meat on the Bone":12},{"Regal Pillow":23,"Gremlin Horn":35,"Black Blood":9,"Enchiridion":40,"GremlinMask":5,"Whetstone":43,"Burning Blood":0,"Dream Catcher":32,"Sundial":27,"Tiny Chest":43,"Toxic Egg 2":5,"Cracked Core":0,"Pear":4,"Pen Nib":16,"PreservedInsect":29,"MawBank":19,"Mercury Hourglass":39,"Calling Bell":23,"Strange Spoon":28,"Anchor":35,"Snecko Eye":38,"Bag of Marbles":18,"Membership Card":14,"Champion Belt":23,"Bottled Lightning":24,"TungstenRod":27,"Meat on the Bone":20},{"Regal Pillow":117,"Gremlin Horn":185,"Black Blood":47,"Enchiridion":213,"GremlinMask":21,"Whetstone":230,"Burning Blood":0,"Dream Catcher":174,"Sundial":140,"Tiny Chest":230,"Toxic Egg 2":21,"Cracked Core":0,"Pear":16,"Pen Nib":87,"PreservedInsect":149,"MawBank":99,"Mercury Hourglass":210,"Calling Bell":117,"Strange Spoon":144,"Anchor":185,"Snecko Eye":204,"Bag of Marbles":97,"Membership Card":81,"Champion Belt":117,"Bottled Lightning":122,"TungstenRod":140,"Meat on the Bone":101}],"Mercury Hourglass":[211]},"card_choices":[{"not_picked":["Stack","Rip and Tear"],"picked":"Go for the Eyes","floor":1.0},{"not_picked":["Skim","Sweeping Beam"],"picked":"Conserve Battery","floor":3.0},{"not_picked":["Ball Lightning","Compile Driver"],"picked":"Rainbow","floor":4.0},{"not_picked":["Reprogram","Rebound"],"picked":"Turbo","floor":5.0},{"not_picked":["Turbo","Steam"],"picked":"Go for the Eyes","floor":6.0},{"not_picked":["Steam Power","Consume"],"picked":"Defragment","floor":10.0},{"not_picked":["Hologram","Sweeping Beam"],"picked":"Seek","floor":13.0},{"not_picked":["Rebound","Heatsinks"],"picked":"Capacitor","floor":15.0},{"not_picked":["Reboot","All For One"],"picked":"Fission","floor":16.0},{"not_picked":["Leap","Compile Driver"],"picked":"Consume","floor":18.0},{"not_picked":["Melter","Go for the Eyes"],"picked":"Genetic Algorithm+1","floor":20.0},{"not_picked":["Stack","Coolheaded"],"picked":"Streamline","floor":22.0},{"not_picked":["Doom and Gloom","Ball Lightning+1"],"picked":"Cold Snap","floor":23.0},{"not_picked":["Go for the Eyes","Gash+1"],"picked":"FTL+1","floor":24.0},{"not_picked":["Sweeping Beam","Fusion","Genetic Algorithm"],"picked":"SKIP","floor":25.0},{"not_picked":["Chaos+1","Barrage"],"picked":"Multi-Cast","floor":28.0},{"not_picked":["Doom and Gloom","Compile Driver"],"picked":"Darkness+1","floor":29.0},{"not_picked":["Loop","Blizzard"],"picked":"Ball Lightning+1","floor":30.0},{"not_picked":["Cold Snap","Compile Driver"],"picked":"Hologram","floor":31.0},{"not_picked":["FTL","Streamline"],"picked":"Biased Cognition","floor":32.0}],"player_experience":125323,"relics_obtained":[{"floor":2.0,"key":"Dream Catcher"},{"floor":7.0,"key":"Gremlin Horn"},{"floor":9.0,"key":"Anchor"},{"floor":21.0,"key":"Enchiridion"},{"floor":26.0,"key":"Whetstone"}],"event_choices":[{"damage_healed":0.0,"max_hp_gain":0.0,"max_hp_loss":0.0,"gold_gain":0.0,"event_name":"Wheel of Change","player_choice":"Relic","floor":2.0,"gold_loss":0.0,"damage_taken":0.0},{"damage_healed":0.0,"max_hp_gain":0.0,"max_hp_loss":0.0,"gold_gain":0.0,"event_name":"World of Goop","player_choice":"Left Gold","floor":11.0,"gold_loss":33.0,"damage_taken":0.0},{"damage_healed":0.0,"max_hp_gain":0.0,"max_hp_loss":0.0,"gold_gain":0.0,"event_name":"Scrap Ooze","player_choice":"Success","floor":14.0,"gold_loss":0.0,"damage_taken":3.0,"relics_obtained":["Regal Pillow"]},{"damage_healed":0.0,"max_hp_gain":0.0,"max_hp_loss":0.0,"gold_gain":0.0,"event_name":"Cursed Tome","player_choice":"Obtained Book","floor":21.0,"gold_loss":0.0,"damage_taken":16.0},{"damage_healed":0.0,"max_hp_gain":0.0,"max_hp_loss":0.0,"gold_gain":0.0,"event_name":"The Mausoleum","player_choice":"Opened","floor":27.0,"gold_loss":0.0,"damage_taken":0.0,"relics_obtained":["Tiny Chest"],"cards_obtained":["Writhe"]}],"is_beta":false,"boss_relics":[{"not_picked":["Runic Dome","Inserter"],"picked":"Snecko Eye"}],"items_purged_floors":[],"is_endless":false,"potions_floor_spawned":[1,3,10,22,25,30],"killed_by":"Automaton","ascension_level":0}}