{"host":"n91kx4xj3dn3811n","time":1611369449,"event":{"mods":["Act Like it!","BaseMod","Colored Powertips","Highlight Path","Minty Spire (QoL Compilation)","MostiFishMod","Quick Restart","RumiaBox-露米娅的神秘盒子","Spicy Shops","StSLib","TestMod","Waifu the Spire","[IsaacMod]以撒尖塔"],"gold_per_floor":[213,223,236,256,331,331,331],"floor_reached":6,"language":"ZHS","playtime":525,"items_purged":[],"score":44,"play_id":"64ece256-1209-4126-9362-6889e0cdb85a","local_time":"20210123103729","is_ascension_mode":true,"campfire_choices":[],"circlet_count":0,"master_deck":["Strike_P","Strike_P","Strike_P","Strike_P","Defend_P","Defend_P","Defend_P","Defend_P","Eruption","Vigilance","Pray","Halt","Halt","FollowUp"],"relics":["PureWater","DaveBox","testmod-TestBox","HushsDoor","Medical Kit","testmod-Fanaticism","Damocles","Ornamental Fan","SynthV:TestCard","testmod-Motorcycle","testmod-Justice","StoneCalendar"],"acts_visited":["Exordium"],"potions_floor_usage":[],"damage_taken":[{"damage":20,"enemies":"Small Slimes","floor":1,"turns":3},{"damage":0,"enemies":"2 Louse","floor":2,"turns":2},{"damage":2,"enemies":"Jaw Worm","floor":3,"turns":4},{"damage":16,"enemies":"Large Slime","floor":4,"turns":6},{"damage":0,"enemies":"Gremlin Nob","floor":6,"turns":2}],"seed_played":"4767918417080186168","potions_obtained":[{"floor":3,"key":"Fire Potion"}],"is_trial":false,"path_per_floor":["M","M","M","M","?","E"],"character_chosen":"WATCHER","items_purchased":[],"campfire_rested":0,"item_purchase_floors":[],"current_hp_per_floor":[59,59,57,49,38,0,0],"gold":331,"neow_bonus":"ONE_RANDOM_RARE_CARD","is_daily":false,"chose_seed":false,"campfire_upgraded":0,"win_rate":0.0,"timestamp":1611369449,"path_taken":["M","M","M","M","?","E"],"items_purchased_type":[],"build_version":"2020-12-22","purchased_purges":0,"victory":false,"max_hp_per_floor":[72,72,72,72,72,72,72],"card_choices":[{"not_picked":["Evaluate","EmptyBody"],"picked":"Pray","floor":1},{"not_picked":["Protect","WreathOfFlame","EmptyFist","Crescendo"],"picked":"Halt","floor":2},{"not_picked":["Crescendo","ConjureBlade","ForeignInfluence","JustLucky"],"picked":"Halt","floor":3},{"not_picked":["MostiFishMod:Clarity","SandsOfTime","DeceiveReality","Adaptation"],"picked":"FollowUp","floor":4}],"player_experience":165519,"relics_obtained":[{"floor":1,"key":"Ornamental Fan"},{"floor":1,"key":"SynthV:TestCard"},{"floor":2,"key":"testmod-Motorcycle"},{"floor":3,"key":"testmod-Justice"},{"floor":4,"key":"StoneCalendar"}],"event_choices":[{"damage_healed":0,"gold_gain":75,"player_choice":"Gather Gold","damage_taken":11,"max_hp_gain":0,"max_hp_loss":0,"event_name":"World of Goop","floor":5,"gold_loss":0}],"is_beta":false,"boss_relics":[],"items_purged_floors":[],"is_endless":false,"potions_floor_spawned":[3],"killed_by":"Gremlin Nob","ascension_level":3}}