{"host":"22s5scuj7mu87reg","time":1611431254,"event":{"mods":["BaseMod","Better Third Choice","CapriCore","Colored Powertips","Dota2Spire","Downfall","Duelist Mod","GungeonMod","Halation","Hubris","Infinite Spire","Koishi","KomeijiMod","Minty Spire (QoL Compilation)","Quick Restart","Replay The Spire","Shop Mod","StSLib","SuperFastMode","The Jungle","The Mystic","The Necromancer","Wandering Minibosses"],"gold_per_floor":[117,117,151,151,151,151,177,197,273,273,273,284,295,306,306,306,306],"floor_reached":16,"language":"POL","playtime":463,"items_purged":[],"score":178,"play_id":"68cb2f15-b650-45e4-a7d7-304ddab49d5c","local_time":"20210123204734","is_ascension_mode":true,"campfire_choices":[{"data":"Barrage","floor":6,"key":"SMITH"},{"data":"Buffer","floor":10,"key":"SMITH"},{"floor":15,"key":"REST"}],"circlet_count":0,"master_deck":["Strike_B","Strike_B","Strike_B","Strike_B","Defend_B","Defend_B","Defend_B","Defend_B","Zap","Dualcast","Tempest+1","Barrage+1","Buffer+1","Compile Driver","Conserve Battery","Defragment","Self Repair"],"relics":["Cracked Core","NeowsBlessing","halation:EternalFortune","hubris:BundleOfHerbs","Omamori","halation:BottledLove","Odd Mushroom","Matryoshka","infinitespire:Freezer","Onion Ring"],"acts_visited":["Exordium"],"potions_floor_usage":[],"damage_taken":[{"damage":0,"enemies":"2 Louse","floor":1,"turns":1},{"damage":0,"enemies":"3 Sentries","floor":7,"turns":1},{"damage":0,"enemies":"The Mushroom Lair","floor":8,"turns":1},{"damage":0,"enemies":"Small Slimes","floor":12,"turns":2},{"damage":0,"enemies":"Cultist","floor":13,"turns":3},{"damage":24,"enemies":"Exordium Wildlife","floor":14,"turns":6},{"damage":73,"enemies":"Fading Forest","floor":16,"turns":11}],"seed_played":"-72750832417323597","potions_obtained":[{"floor":1,"key":"BlessingOfTheForge"},{"floor":8,"key":"PotionOfCapacity"}],"is_trial":false,"path_per_floor":["M","?","?","?","?","R","E","?","T","R","T","M","M","M","R","B"],"character_chosen":"DEFECT","items_purchased":[],"campfire_rested":1,"item_purchase_floors":[],"current_hp_per_floor":[68,71,71,71,64,64,64,67,67,67,67,67,67,43,67,0,0],"gold":306,"neow_bonus":"THREE_ENEMY_KILL","is_daily":false,"chose_seed":false,"campfire_upgraded":2,"win_rate":0.0,"timestamp":1611431254,"path_taken":["M","?","?","?","?","R","E","?","T","R","?","?","M","M","R","BOSS"],"items_purchased_type":[],"build_version":"2020-12-13","purchased_purges":0,"victory":false,"max_hp_per_floor":[75,78,78,78,78,78,78,81,81,81,81,81,81,81,81,81,81],"card_choices":[{"not_picked":["Skim","Turbo"],"picked":"Tempest","floor":1},{"not_picked":["Recycle","Steam"],"picked":"Barrage","floor":3},{"not_picked":["Go for the Eyes","ReplayTheSpireMod:System Scan"],"picked":"Buffer","floor":7},{"not_picked":["Blizzard","Recycle"],"picked":"Compile Driver","floor":8},{"not_picked":["Compile Driver","Aggregate"],"picked":"Conserve Battery","floor":12},{"not_picked":["Panic Button","Barrage"],"picked":"Defragment","floor":13},{"not_picked":["Panic Button","ReplayGash"],"picked":"Self Repair","floor":14}],"player_experience":178448,"relics_obtained":[{"floor":3,"key":"hubris:BundleOfHerbs"},{"floor":7,"key":"halation:BottledLove"},{"floor":8,"key":"Odd Mushroom"},{"floor":8,"key":"halation:EternalFortune"},{"floor":9,"key":"Matryoshka"},{"floor":11,"key":"infinitespire:Freezer"},{"floor":11,"key":"Onion Ring"}],"event_choices":[{"damage_healed":0,"gold_gain":0,"player_choice":"Relic ","damage_taken":7,"max_hp_gain":0,"max_hp_loss":0,"event_name":"betterThird:BetterScrap","floor":5,"gold_loss":0,"cards_obtained":["Replay:Anticipation"]},{"damage_healed":0,"gold_gain":0,"player_choice":"Fought Mushrooms","damage_taken":0,"max_hp_gain":0,"max_hp_loss":0,"event_name":"Mushrooms","floor":8,"gold_loss":0}],"is_beta":false,"boss_relics":[],"items_purged_floors":[],"is_endless":false,"potions_floor_spawned":[1,8],"killed_by":"Fading Forest","ascension_level":9}}