{"host":"gfmw02tnhhvp9jba","time":1611397835,"event":{"mods":["AchievementEnabler","BaseMod","Colored Map","Conspire","Highlight Path","Infinite Spire","Marisa????????","Minty Spire (QoL Compilation)","Replay The Spire","StSLib"],"gold_per_floor":[369,386,404,404,420,452,452,484,484,484,484,499,525,541,541,646,646,657,657,932,480,494,519,519,536,561,596,611,625,625,644,644,744,744,760,810,823,487,487,516,516,551,551,570,581,592,592,137,137,242,342,353,353,359,434,464,464,418,418],"floor_reached":58,"language":"ENG","playtime":3602,"items_purged":["Regret","Strike_R","Delirium"],"score":908,"play_id":"96316662-753f-4cdc-afc2-8da6dbe5f1d0","local_time":"20210123113035","is_ascension_mode":false,"campfire_choices":[{"data":"Metallicize","floor":7,"key":"SMITH"},{"data":"infinitespire:OneForAll","floor":11,"key":"SMITH"},{"data":"Metallicize","floor":15,"key":"SMITH"},{"data":"ReplayTheSpireMod:Chaos Vortex","floor":24,"key":"SMITH"},{"data":"Feed","floor":30,"key":"SMITH"},{"data":"Strike_R","floor":32,"key":"PURGE"},{"data":"Replay:Dark Deal","floor":49,"key":"SMITH"},{"data":"Inflame","floor":49,"key":"SMITH"},{"data":"Disarm","floor":57,"key":"SMITH"},{"data":"Pommel Strike","floor":57,"key":"SMITH"}],"circlet_count":0,"master_deck":["Strike_R","Strike_R","Strike_R","Defend_R","Defend_R","Defend_R","Bash","Survivor","infinitespire:OneForAll+1","Iron Wave","Armaments","Pommel Strike+1","Metallicize+1","Battle Trance","Metallicize+1","Feed+1","ReplayTheSpireMod:Chaos Vortex+1","Shrug It Off","ReplayTheSpireMod:Stacked+1","Bloodletting","Replay:Dark Deal+1","Inflame+1","Headbutt+1","Disarm+1","conspire:Purge","Infernal Blade+1","Inflame+1","Spot Weakness","Double Tap+1"],"relics":["Burning Blood","Counterbalance","Another Sword","infinitespire:Golems Mask","Calling Bell","MealTicket","Meat on the Bone","Du-Vu Doll","Membership Card","infinitespire:PuzzleCube","conspire:BottledYoYo","Replay:Kaleidoscope","Lantern","Gremlin Food","Black Star","Unceasing Top","ReplayTheSpireMod:TigerMarble","Orrery","Replay:Arrowhead","infinitespire:Eraser","Letter Opener","Juzu Bracelet","Frozen Egg 2","ReplayTheSpireMod:Ring of Exchange","ReplayTheSpireMod:Ring of Addiction","SacredBark","White Beast Statue","CaptainsWheel","Mirror","conspire:TreasureMap","Replay:Wanted Poster"],"acts_visited":["Exordium","TheCity","TheBeyond","Exordium"],"potions_floor_usage":[8,16,23,23,33,40,44,44,46,50,50,50,58,58,58],"damage_taken":[{"damage":1,"enemies":"Cultist","floor":1,"turns":4},{"damage":7,"enemies":"Jaw Worm","floor":2,"turns":5},{"damage":2,"enemies":"2 Louse","floor":3,"turns":4},{"damage":1,"enemies":"conspire:2 RoseBushes","floor":5,"turns":7},{"damage":19,"enemies":"Gremlin Nob","floor":6,"turns":5},{"damage":1,"enemies":"3 Sentries","floor":8,"turns":12},{"damage":12,"enemies":"Exordium Thugs","floor":12,"turns":7},{"damage":6,"enemies":"Gremlin Nob","floor":13,"turns":4},{"damage":0,"enemies":"Looter","floor":14,"turns":2},{"damage":30,"enemies":"Fading Forest","floor":16,"turns":11},{"damage":9,"enemies":"Spheric Guardian","floor":18,"turns":5},{"damage":8,"enemies":"conspire:FuzzyDice","floor":22,"turns":5},{"damage":10,"enemies":"conspire:SneckoGhost","floor":23,"turns":7},{"damage":2,"enemies":"Centurion and Healer","floor":25,"turns":6},{"damage":58,"enemies":"Nightmare","floor":27,"turns":12},{"damage":3,"enemies":"conspire:HollyBat","floor":28,"turns":7},{"damage":0,"enemies":"3 Cultists","floor":29,"turns":6},{"damage":0,"enemies":"Shelled Parasite and Fungi","floor":31,"turns":5},{"damage":53,"enemies":"Automaton","floor":33,"turns":12},{"damage":0,"enemies":"3 Shapes","floor":35,"turns":3},{"damage":3,"enemies":"Mind Bloom Boss Battle","floor":36,"turns":6},{"damage":3,"enemies":"Orb Walker","floor":37,"turns":4},{"damage":111,"enemies":"Giant Head","floor":40,"turns":12},{"damage":0,"enemies":"Reptomancer","floor":42,"turns":1},{"damage":30,"enemies":"Spire Growth","floor":44,"turns":5},{"damage":12,"enemies":"4 Shapes","floor":45,"turns":6},{"damage":0,"enemies":"Writhing Mass","floor":46,"turns":7},{"damage":96,"enemies":"Awakened One","floor":50,"turns":14},{"damage":0,"enemies":"infinitespire:Voidling","floor":52,"turns":2},{"damage":0,"enemies":"Cultist","floor":54,"turns":2},{"damage":138,"enemies":"Nightmare","floor":58,"turns":7}],"seed_played":"-5531584297421682323","potions_obtained":[{"floor":1,"key":"Block Potion"},{"floor":2,"key":"Explosive Potion"},{"floor":5,"key":"HeartOfIron"},{"floor":13,"key":"Strength Potion"},{"floor":23,"key":"GamblersBrew"},{"floor":25,"key":"ColorlessPotion"},{"floor":28,"key":"SteroidPotion"},{"floor":29,"key":"Dexterity Potion"},{"floor":42,"key":"Venom Potion"},{"floor":44,"key":"Adrenaline Potion"},{"floor":45,"key":"Languid Potion"},{"floor":47,"key":"DistilledChaos"},{"floor":47,"key":"BlessingOfTheForge"},{"floor":47,"key":"BloodPotion"},{"floor":50,"key":"Languid Potion"},{"floor":52,"key":"conspire:TimeTravelPotion"},{"floor":54,"key":"DistilledChaos"}],"is_trial":false,"path_per_floor":["M","M","M","?","M","E","R","E","T","?","R","M","E","M","R","B",null,"M","AVR","?","$","M","E","R","M","T","NM","M","M","R","M","R_BF","B",null,"M","?","M","$","?","E","?","E","T","M","M","M","?","$","R","B",null,"M","?","M","?","?","R","NM"],"character_chosen":"IRONCLAD","items_purchased":["Membership Card","infinitespire:PuzzleCube","conspire:BottledYoYo","Shrug It Off","ReplayTheSpireMod:TigerMarble","Replay:Dark Deal","Inflame","Orrery","CaptainsWheel","Mirror","Spot Weakness","conspire:TreasureMap"],"campfire_rested":0,"item_purchase_floors":[21,21,21,21,38,38,38,38,48,48,48,48],"current_hp_per_floor":[80,79,80,80,80,67,67,72,72,77,77,71,71,77,77,63,85,86,86,86,89,87,87,87,94,94,54,65,71,71,77,77,42,104,108,108,112,112,112,21,21,39,39,31,41,60,60,75,75,21,120,120,120,118,107,107,107,0,0],"gold":418,"neow_bonus":"TWO_FIFTY_GOLD","is_daily":false,"chose_seed":false,"campfire_upgraded":9,"win_rate":0.0,"timestamp":1611397835,"path_taken":["M","M","?","?","M","E","R","E","T","?","R","M","E","M","R","BOSS","M","AVR","?","$","M","E","R","M","T","NM","M","M","R","?","R_BF","BOSS","M","?","M","$","?","E","?","E","T","M","M","M","?","$","R","BOSS","M","?","M","?","?","R","NM"],"items_purchased_type":["Relic","Relic","Relic","Card","Relic","Card","Card","Relic","Relic","Relic","Card","Relic"],"build_version":"2020-12-22","purchased_purges":3,"victory":false,"max_hp_per_floor":[80,80,80,80,80,80,80,80,80,85,85,85,85,85,85,85,85,89,89,89,89,89,93,93,96,96,96,104,104,104,104,104,104,104,108,108,112,112,112,114,114,114,114,118,122,123,123,123,123,120,120,120,120,118,118,118,116,116,116],"card_choices":[{"not_picked":["Armaments","Power Through"],"picked":"infinitespire:OneForAll","floor":1},{"not_picked":["Warcry","Combust"],"picked":"Iron Wave","floor":2},{"not_picked":["Warcry","Havoc"],"picked":"Armaments","floor":3},{"not_picked":["Armaments","ReplayTheSpireMod:Strike From Hell"],"picked":"Pommel Strike","floor":5},{"not_picked":["conspire:Charge","Corruption"],"picked":"Metallicize","floor":6},{"not_picked":["Pummel","Pommel Strike"],"picked":"Battle Trance","floor":8},{"not_picked":["Iron Wave","Body Slam"],"picked":"Metallicize","floor":12},{"not_picked":["Pommel Strike","Thunderclap","Rupture"],"picked":"SKIP","floor":13},{"not_picked":["Sword Boomerang","Rage","Massacre"],"picked":"SKIP","floor":14},{"not_picked":["Corruption","Bludgeon"],"picked":"Feed","floor":16},{"not_picked":["Clothesline+1","Pommel Strike","Heavy Blade"],"picked":"SKIP","floor":18},{"not_picked":["Replay:Undeath\u0027s Touch+1","Wild Strike","Heavy Blade"],"picked":"SKIP","floor":22},{"not_picked":["Clash","Clothesline","Warcry"],"picked":"SKIP","floor":23},{"not_picked":["Rage+1","True Grit+1","Rampage"],"picked":"SKIP","floor":25},{"not_picked":["Wild Strike","Rage","Dual Wield"],"picked":"SKIP","floor":27},{"not_picked":["Run Through","Clothesline"],"picked":"ReplayTheSpireMod:Stacked+1","floor":28},{"not_picked":["Fire Breathing","Thunderclap","conspire:Charge"],"picked":"SKIP","floor":29},{"not_picked":["Pommel Strike+1","Cleave"],"picked":"Bloodletting","floor":31},{"not_picked":["Cleave+1","Uppercut+1","Wild Strike"],"picked":"SKIP","floor":35},{"not_picked":["Blood for Blood","Sword Boomerang+1"],"picked":"Cleave+1","floor":36},{"not_picked":["Flex","Shrug It Off+1","Sever Soul+1"],"picked":"SKIP","floor":37},{"not_picked":["Cleave","Havoc"],"picked":"Headbutt+1","floor":38},{"not_picked":["Run Through+1","Rampage+1"],"picked":"Disarm","floor":38},{"not_picked":["Dark Embrace+1","Twin Strike+1"],"picked":"conspire:Purge","floor":38},{"not_picked":["Ghostly Armor","Seeing Red+1"],"picked":"Infernal Blade+1","floor":40},{"not_picked":["Blood for Blood","Body Slam","Clothesline"],"picked":"SKIP","floor":42},{"not_picked":["Rage","Uppercut+1","True Grit"],"picked":"SKIP","floor":44},{"not_picked":["ReplayTheSpireMod:Muscle Training","Body Slam+1","Wild Strike"],"picked":"SKIP","floor":45},{"not_picked":["ReplayTheSpireMod:LeadingStrike+1","True Grit"],"picked":"Inflame+1","floor":46},{"not_picked":["Bludgeon","Replay:Many Hands"],"picked":"Double Tap","floor":50},{"not_picked":["Heavy Blade","Bloodletting","Sever Soul"],"picked":"SKIP","floor":52},{"not_picked":["Headbutt","Rage","True Grit"],"picked":"SKIP","floor":54},{"not_picked":["Headbutt","Rage","True Grit"],"picked":"SKIP","floor":54}],"player_experience":46157,"relics_obtained":[{"floor":6,"key":"Counterbalance"},{"floor":8,"key":"Another Sword"},{"floor":13,"key":"infinitespire:Golems Mask"},{"floor":17,"key":"MealTicket"},{"floor":17,"key":"Meat on the Bone"},{"floor":17,"key":"Du-Vu Doll"},{"floor":23,"key":"Replay:Kaleidoscope"},{"floor":26,"key":"Lantern"},{"floor":27,"key":"Gremlin Food"},{"floor":36,"key":"Unceasing Top"},{"floor":40,"key":"Replay:Arrowhead"},{"floor":40,"key":"infinitespire:Eraser"},{"floor":42,"key":"Letter Opener"},{"floor":42,"key":"Juzu Bracelet"},{"floor":43,"key":"Frozen Egg 2"},{"floor":47,"key":"ReplayTheSpireMod:Ring of Exchange"},{"floor":47,"key":"ReplayTheSpireMod:Ring of Addiction"},{"floor":47,"key":"SacredBark"},{"floor":47,"key":"White Beast Statue"}],"event_choices":[{"cards_removed":["Strike_MRS"],"damage_healed":0,"gold_gain":0,"player_choice":"Forget","damage_taken":0,"max_hp_gain":0,"max_hp_loss":0,"event_name":"Living Wall","floor":4,"gold_loss":0},{"damage_healed":0,"gold_gain":0,"player_choice":"Donut","damage_taken":0,"max_hp_gain":5,"max_hp_loss":0,"event_name":"Big Fish","floor":10,"gold_loss":0},{"damage_healed":0,"gold_gain":275,"player_choice":"Desecrate","damage_taken":0,"max_hp_gain":0,"max_hp_loss":0,"event_name":"Golden Shrine","floor":20,"gold_loss":0,"cards_obtained":["Regret"]},{"damage_healed":0,"gold_gain":0,"player_choice":"Fight","damage_taken":0,"max_hp_gain":0,"max_hp_loss":0,"event_name":"MindBloom","floor":36,"gold_loss":0},{"damage_healed":0,"gold_gain":0,"player_choice":"Leave","damage_taken":0,"max_hp_gain":0,"max_hp_loss":0,"event_name":"conspire:Investor","floor":39,"gold_loss":0},{"cards_removed":["Cleave"],"damage_healed":0,"gold_gain":0,"player_choice":"Removed Attack","damage_taken":0,"max_hp_gain":0,"max_hp_loss":0,"event_name":"Falling","floor":41,"gold_loss":0},{"damage_healed":0,"gold_gain":75,"player_choice":"Touch","damage_taken":11,"max_hp_gain":0,"max_hp_loss":0,"event_name":"FaceTrader","floor":55,"gold_loss":0},{"damage_healed":0,"gold_gain":30,"player_choice":"Searched \u00272\u0027 times","damage_taken":0,"max_hp_gain":0,"max_hp_loss":0,"event_name":"Dead Adventurer","floor":56,"gold_loss":0}],"is_beta":false,"boss_relics":[{"not_picked":["conspire:RunicOctahedron","Runic Cube"],"picked":"Calling Bell"},{"not_picked":["conspire:SeveredTorchhead","Ooze Armor"],"picked":"Black Star"},{"not_picked":["ReplayTheSpireMod:SealedPack","Brimstone"],"picked":"Replay:Wanted Poster"}],"items_purged_floors":[21,38,48],"is_endless":true,"potions_floor_spawned":[1,2,5,13,23,25,28,29,42,44,45,50,52,54],"killed_by":"Nightmare","ascension_level":0}}