{"host":"4amcrcg6ktw8dbzk","time":1611408732,"event":{"mods":["ATMod(°¢èªMod)","Act Like it!","BaseMod","Dota2Spire","Gensokyo","Hallownest","Minty Spire (QoL Compilation)","MostiFishMod","Spicy Shops","StSLib","Waifu the Spire"],"gold_per_floor":[116,134,144,144,175,207,207,240,240,320,349,373,385,418,418,491,491,505,58,71,85,99,316,316,343,343,355,372,372,399,399,399,473,473,492,198,218,234,49,77,77,94,94,129,20,20,35,35,35,35,35,35,35,35,66,66],"floor_reached":57,"language":"ZHS","playtime":3538,"items_purged":["Strike_B","Defend_B"],"score":3684,"play_id":"226e4b69-fd8a-494c-a24e-2af0b43f3e79","local_time":"20210123213212","is_ascension_mode":true,"campfire_choices":[{"data":"Coolheaded","floor":7.0,"key":"SMITH"},{"data":"Fusion","floor":15.0,"key":"SMITH"},{"data":"Coolheaded","floor":24.0,"key":"SMITH"},{"data":"Coolheaded","floor":29.0,"key":"SMITH"},{"data":"Recycle","floor":32.0,"key":"SMITH"},{"floor":49,"key":"RECALL"},{"data":"Capacitor","floor":53,"key":"SMITH"}],"circlet_count":0,"master_deck":["AscendersBane","Strike_B","Strike_B","Defend_B","Defend_B","Defend_B","Zap","AT_FamilyPortrait","Defragment","Coolheaded+1","Coolheaded+1","Glacier","Self Repair","Core Surge","Turbo","Conserve Battery","Fusion+1","Meteor Strike","Recycle+1","Coolheaded+1","Cold Snap","Undo","MostiFishMod:GatherIntelligence","Capacitor+1","Skim+1","MostiFishMod:StrandedSiren","Defragment"],"relics":["Cracked Core","DaveBox","AT_ATBox","BirthdayGift-Tetrahedron","SynthV:TestCard","Gensokyo:NagashiBinaDoll","Blood Vial","AT_ChloranthyRing","AT_BellDemon","Dota2Spire:DivineRapier","Smiling Mask","Orichalcum","SlaversCollar","Civilization","Medical Kit","Anchor","Dota2Spire:LotusOrb","Bottled Flame","AT_Manta","Busted Crown","Toy Ornithopter","Juzu Bracelet","Matryoshka","CeramicFish","Dota2Spire:Dagon","Dota2Spire:UrnOfShadows","Mercury Hourglass","DataDisk","HornCleat","FossilizedHelix","Dota2Spire:Desolator"],"acts_visited":["Exordium","Gensokyo:Gensokyo","Gensokyo:Gensokyoer","TheEnding"],"potions_floor_usage":[51,56,56],"damage_taken":[{"damage":2.0,"enemies":"Gensokyo:Python","floor":1.0,"turns":2.0},{"damage":8.0,"enemies":"Gensokyo:2_Kodama","floor":2.0,"turns":2.0},{"damage":4.0,"enemies":"Gensokyo:Gryphon","floor":3.0,"turns":3.0},{"damage":6.0,"enemies":"Gensokyo:Mamizou","floor":5.0,"turns":4.0},{"damage":4.0,"enemies":"Gensokyo:Aya","floor":6.0,"turns":3.0},{"damage":7.0,"enemies":"Gensokyo:Cirno","floor":8.0,"turns":4.0},{"damage":6.0,"enemies":"Gensokyo:Mamizou","floor":11.0,"turns":4.0},{"damage":2.0,"enemies":"Gensokyo:VengefulSpirit","floor":13.0,"turns":2.0},{"damage":7.0,"enemies":"Gensokyo:Cirno","floor":14.0,"turns":4.0},{"damage":20.0,"enemies":"Gensokyo:Kokoro","floor":16.0,"turns":5.0},{"damage":8.0,"enemies":"Gensokyo:CosmicMonolith","floor":18.0,"turns":2.0},{"damage":1.0,"enemies":"Gensokyo:AngelMirror","floor":20.0,"turns":1.0},{"damage":8.0,"enemies":"Gensokyo:3_Gloops","floor":21.0,"turns":4.0},{"damage":10.0,"enemies":"Gensokyo:Mirror_and_Dog","floor":22.0,"turns":3.0},{"damage":6.0,"enemies":"Gensokyo:Chomper_and_Gloop","floor":23.0,"turns":4.0},{"damage":2.0,"enemies":"Gensokyo:Reisen","floor":25.0,"turns":2.0},{"damage":5.0,"enemies":"Gensokyo:Wraith","floor":27.0,"turns":3.0},{"damage":21.0,"enemies":"Gensokyo:Swordslinger","floor":28.0,"turns":2.0},{"damage":4.0,"enemies":"Gensokyo:Koishi","floor":30.0,"turns":3.0},{"damage":10.0,"enemies":"Gensokyo:Eternal_Rivals","floor":33.0,"turns":6.0},{"damage":2.0,"enemies":"Gensokyo:AncientGuardian","floor":35.0,"turns":2.0},{"damage":4.0,"enemies":"Gensokyo:3_Bats","floor":37.0,"turns":3.0},{"damage":6.0,"enemies":"Gensokyo:Sharpion","floor":38.0,"turns":4.0},{"damage":4.0,"enemies":"Gensokyo:Doremy","floor":40.0,"turns":3.0},{"damage":4.0,"enemies":"Gensokyo:3_Boulders","floor":42.0,"turns":3.0},{"damage":6.0,"enemies":"Gensokyo:Kasen","floor":44.0,"turns":4.0},{"damage":4,"enemies":"Gensokyo:Dusk_and_Dawn","floor":47,"turns":3},{"damage":18,"enemies":"Gensokyo:Shinki","floor":50,"turns":7},{"damage":2,"enemies":"Gensokyo:Scarlet_Devils","floor":51,"turns":5},{"damage":4,"enemies":"Shield and Spear","floor":55,"turns":3},{"damage":7,"enemies":"The Heart","floor":56,"turns":5}],"seed_played":"-5791916746854067240","potions_obtained":[{"floor":2.0,"key":"Block Potion"},{"floor":8.0,"key":"Energy Potion"},{"floor":14.0,"key":"CultistPotion"},{"floor":23.0,"key":"Swift Potion"},{"floor":28.0,"key":"Strength Potion"}],"is_trial":false,"path_per_floor":["M","M","M","?","?","E","R","E","T","?","E","T","M","E","R","B",null,"M","COS","M","M","M","M","R","E","T","M","M","R","E","?","R","B",null,"M","$","M","M","$","E","?","M","T","E","COS","?","M","?","R","B","B",null,"R","$","E","B",null],"character_chosen":"DEFECT","items_purchased":["Toy Ornithopter","Juzu Bracelet","Matryoshka"],"campfire_rested":0,"item_purchase_floors":[36,36,39],"current_hp_per_floor":[69,61,57,57,51,49,49,51,51,51,54,54,61,63,63,65,75,69,69,71,76,73,81,81,86,86,95,88,88,98,98,98,102,114,119,119,122,130,130,138,138,143,143,148,148,148,153,153,153,147,163,163,163,163,168,173],"gold":66,"neow_bonus":"TEN_PERCENT_HP_BONUS","is_daily":false,"chose_seed":false,"campfire_upgraded":6,"win_rate":0.0,"timestamp":1611408732,"path_taken":["M","M","M","?","?","E","R","E","T","?","E","?","M","E","R","BOSS","M","COS","M","M","?","M","R","E","T","M","M","R","E","?","R","BOSS","M","$","M","M","$","E","?","M","T","E","COS","?","M","?","R","BOSS","BOSS","R","$","E","BOSS"],"items_purchased_type":["Relic","Relic","Relic"],"build_version":"2020-12-22","purchased_purges":2,"victory":true,"max_hp_per_floor":[78,78,78,78,78,78,78,78,78,78,78,78,78,78,78,78,78,78,78,79,83,88,93,93,98,98,103,108,108,113,113,113,118,118,123,123,128,133,133,138,138,143,143,148,148,148,153,153,153,158,163,163,163,163,168,173],"card_choices":[{"not_picked":["Stack","Hologram"],"picked":"Defragment","floor":1.0},{"not_picked":["Rebound","Ball Lightning","Steam","AT_RobotInSpace"],"picked":"Coolheaded","floor":2.0},{"not_picked":["BootSequence","Rebound","Stack","MostiFishMod:PushDownKick"],"picked":"Coolheaded","floor":3.0},{"not_picked":["Aggregate","Stack","Blizzard","Scrape"],"picked":"Glacier","floor":5.0},{"not_picked":["Coolheaded","Meteor Strike","Steam","MostiFishMod:LinkProtocol"],"picked":"Self Repair","floor":6.0},{"not_picked":["Reprogram","AT_StudyProgram","Multi-Cast","Gash"],"picked":"Core Surge","floor":8.0},{"not_picked":["MostiFishMod:ReprogramOld","Scrape","Fusion","Rebound"],"picked":"Turbo","floor":11.0},{"not_picked":["Turbo","Leap","Go for the Eyes","Loop"],"picked":"Conserve Battery","floor":13.0},{"not_picked":["Sweeping Beam","Go for the Eyes","Double Energy","MostiFishMod:StarOceanB"],"picked":"Fusion","floor":14.0},{"not_picked":["Rainbow","Machine Learning","Biased Cognition","MostiFishMod:GoodWordForIt"],"picked":"Meteor Strike","floor":16.0},{"not_picked":["MostiFishMod:GatherIntelligence","Melter","AT_ThreeBodyProblem+1","Gash"],"picked":"Recycle","floor":18.0},{"not_picked":["Ball Lightning","Stack","Leap","AT_WarpDrive","Compile Driver"],"picked":"SKIP","floor":20.0},{"not_picked":["Gash","Turbo","Tempest","Barrage"],"picked":"Coolheaded","floor":21.0},{"not_picked":["Go for the Eyes","Barrage","AT_WarpDrive","Sweeping Beam"],"picked":"Cold Snap","floor":22.0},{"not_picked":["Turbo","Ball Lightning","Glacier","Rip and Tear"],"picked":"Undo","floor":23.0},{"not_picked":["MostiFishMod:IceShield","Stack","AT_HeatAcrobatics","MostiFishMod:GatherIntelligence","Sweeping Beam+1"],"picked":"SKIP","floor":25.0},{"not_picked":["MostiFishMod:IceShield","Stack","AT_HeatAcrobatics","Sweeping Beam+1"],"picked":"MostiFishMod:GatherIntelligence","floor":25.0},{"not_picked":["Glacier","Conserve Battery","Sweeping Beam","Auto Shields+1","Barrage"],"picked":"SKIP","floor":27.0},{"not_picked":["AT_EMC2","Leap","Static Discharge","Auto Shields"],"picked":"Capacitor","floor":28.0},{"not_picked":["MostiFishMod:ATRI","Gash+1","Undo","Leap"],"picked":"Skim","floor":30.0},{"not_picked":["Echo Form","MostiFishMod:SeaWaves","Buffer","Fission"],"picked":"MostiFishMod:StrandedSiren","floor":33.0},{"not_picked":["Gash","Rebound+1","AT_HeatAcrobatics"],"picked":"SKIP","floor":35.0},{"not_picked":["Redo+1","MostiFishMod:Distribution","Storm"],"picked":"SKIP","floor":37.0},{"not_picked":["Cold Snap","Coolheaded"],"picked":"Defragment","floor":38.0},{"not_picked":["Go for the Eyes+1","Rebound","Gash"],"picked":"SKIP","floor":40.0},{"not_picked":["Steam","MostiFishMod:Impulse","Streamline"],"picked":"SKIP","floor":42.0},{"not_picked":["AT_ThunderBolt","Loop+1","AT_RobotInSpace"],"picked":"SKIP","floor":44.0},{"not_picked":["Cold Snap+1","Stack","Gash"],"picked":"SKIP","floor":47},{"not_picked":["MostiFishMod:Distribution","Sweeping Beam","MostiFishMod:Overload"],"picked":"SKIP","floor":55}],"player_experience":375171,"relics_obtained":[{"floor":1.0,"key":"SynthV:TestCard"},{"floor":5.0,"key":"Blood Vial"},{"floor":6.0,"key":"AT_ChloranthyRing"},{"floor":8.0,"key":"Pantograph"},{"floor":9.0,"key":"AT_BellDemon"},{"floor":11.0,"key":"Dota2Spire:DivineRapier"},{"floor":12.0,"key":"Smiling Mask"},{"floor":14.0,"key":"Orichalcum"},{"floor":25.0,"key":"Bottled Flame"},{"floor":30.0,"key":"AT_Manta"},{"floor":40.0,"key":"CeramicFish"},{"floor":43.0,"key":"Dota2Spire:Dagon"},{"floor":43.0,"key":"Dota2Spire:UrnOfShadows"},{"floor":44.0,"key":"Mercury Hourglass"},{"floor":55,"key":"Dota2Spire:Desolator"}],"event_choices":[],"is_beta":false,"boss_relics":[{"not_picked":["RhineFirstAidKit","TimeKeys"],"picked":"SlaversCollar"},{"not_picked":["Tiny House","Velvet Choker"],"picked":"Busted Crown"}],"items_purged_floors":[36,39],"is_endless":false,"potions_floor_spawned":[2,8,13,14,16,20,21,23,28,35,40,42,44,47],"ascension_level":20}}