{"host":"l99crexq2sc8megk","time":1611405854,"event":{"mods":["BaseMod","Hermit","Minty Spire (QoL Compilation)","Quick Restart","StSLib","The Cursed"],"gold_per_floor":[115,115,115,190,190,190,234,73,73,116,134,134,155,188,188,286,286,307,330,330,255,268,299,299,299,299,309,339,339,358,373,373,373,373],"floor_reached":33,"language":"ZHS","playtime":857,"items_purged":["Bash"],"score":635,"play_id":"433075a3-d03d-453a-ba8a-14899a6bf5fe","local_time":"20210123204414","is_ascension_mode":true,"campfire_choices":[{"data":"Second Wind","floor":6.0,"key":"SMITH"},{"data":"Disarm","floor":15.0,"key":"SMITH"},{"floor":25.0,"key":"REST"},{"floor":29,"key":"REST"},{"data":"Body Slam","floor":32,"key":"SMITH"}],"circlet_count":0,"master_deck":["AscendersBane","Strike_R","Strike_R","Strike_R+1","Strike_R","Strike_R","Defend_R","Defend_R+1","Defend_R+1","Defend_R+1","Second Wind+1","Immolate+1","Disarm+1","Corruption+1","Headbutt","Second Wind+1","Flame Barrier","Battle Trance","Body Slam+1"],"relics":["Burning Blood","NeowsBlessing","Bloody Idol","Bag of Preparation","PreservedInsect","Frozen Egg 2","Singing Bowl","Turnip","Velvet Choker","Happy Flower","Enchiridion","War Paint","Art of War"],"acts_visited":["Exordium","TheCity"],"potions_floor_usage":[30],"damage_taken":[{"damage":0.0,"enemies":"Jaw Worm","floor":1.0,"turns":1.0},{"damage":0.0,"enemies":"3 Sentries","floor":7.0,"turns":2.0},{"damage":0.0,"enemies":"Gremlin Nob","floor":10.0,"turns":1.0},{"damage":0.0,"enemies":"2 Louse","floor":11.0,"turns":1.0},{"damage":0.0,"enemies":"Small Slimes","floor":13.0,"turns":2.0},{"damage":5.0,"enemies":"3 Sentries","floor":14.0,"turns":3.0},{"damage":32.0,"enemies":"Slime Boss","floor":16.0,"turns":8.0},{"damage":9.0,"enemies":"Spheric Guardian","floor":18.0,"turns":4.0},{"damage":19.0,"enemies":"2 Thieves","floor":19.0,"turns":2.0},{"damage":23.0,"enemies":"Shelled Parasite and Fungi","floor":22.0,"turns":5.0},{"damage":49.0,"enemies":"Book of Stabbing","floor":23.0,"turns":6.0},{"damage":5.0,"enemies":"Centurion and Healer","floor":27.0,"turns":5.0},{"damage":28,"enemies":"Slavers","floor":28,"turns":4},{"damage":6,"enemies":"Sentry and Sphere","floor":30,"turns":3},{"damage":15,"enemies":"Snake Plant","floor":31,"turns":4},{"damage":36,"enemies":"Collector","floor":33,"turns":6}],"seed_played":"8273309088070558378","potions_obtained":[{"floor":7.0,"key":"Energy Potion"},{"floor":10.0,"key":"Block Potion"},{"floor":14.0,"key":"BloodPotion"},{"floor":16.0,"key":"Weak Potion"},{"floor":19.0,"key":"BloodPotion"},{"floor":22.0,"key":"AttackPotion"},{"floor":27.0,"key":"LiquidBronze"}],"is_trial":false,"path_per_floor":["M","?","?","?","?","R","E","$","T","E","M","?","M","E","R","B",null,"M","M","?","$","M","E","?","R","T","M","E","R","M","M","R","B"],"character_chosen":"IRONCLAD","items_purchased":["PreservedInsect"],"campfire_rested":2,"item_purchase_floors":[8],"current_hp_per_floor":[74,68,48,37,59,59,65,65,65,70,72,72,74,74,74,48,68,65,68,68,68,71,35,14,37,37,43,26,49,56,52,52,16,16],"gold":373,"neow_bonus":"THREE_ENEMY_KILL","is_daily":false,"chose_seed":false,"campfire_upgraded":3,"win_rate":0.0,"timestamp":1611405854,"path_taken":["M","?","?","?","?","R","E","?","T","E","M","?","?","E","R","BOSS","M","M","?","$","M","E","?","R","T","M","E","R","?","M","R","BOSS"],"items_purchased_type":["Relic"],"build_version":"2020-12-22","purchased_purges":1,"victory":false,"max_hp_per_floor":[75,68,68,68,68,68,68,68,68,70,72,72,74,74,74,74,74,74,76,76,76,76,78,78,78,78,78,78,78,80,80,80,80,80],"card_choices":[{"not_picked":["Anger","Battle Trance"],"picked":"Second Wind","floor":1.0},{"not_picked":["Rampage","Havoc"],"picked":"Immolate","floor":7.0},{"not_picked":["Sever Soul","Flex","Anger"],"picked":"Singing Bowl","floor":10.0},{"not_picked":["Shockwave","Heavy Blade","Wild Strike"],"picked":"Singing Bowl","floor":11.0},{"not_picked":["Ghostly Armor","Twin Strike","Metallicize+1"],"picked":"Singing Bowl","floor":13.0},{"not_picked":["Bludgeon","Wild Strike"],"picked":"Disarm","floor":14.0},{"not_picked":["Immolate","Berserk+1"],"picked":"Corruption+1","floor":16.0},{"not_picked":["Body Slam+1","Flame Barrier"],"picked":"Headbutt","floor":18.0},{"not_picked":["Havoc","Thunderclap","Metallicize+1"],"picked":"Singing Bowl","floor":19.0},{"not_picked":["Havoc","Shrug It Off"],"picked":"Second Wind+1","floor":22.0},{"not_picked":["Clash+1","Anger+1","Headbutt"],"picked":"Singing Bowl","floor":23.0},{"not_picked":["Clash+1","Shrug It Off"],"picked":"Flame Barrier","floor":27.0},{"not_picked":["Rampage","Perfected Strike"],"picked":"Battle Trance","floor":28},{"not_picked":["Cleave","Feed","Heavy Blade"],"picked":"Singing Bowl","floor":30},{"not_picked":["Second Wind","Searing Blow"],"picked":"Body Slam","floor":31}],"player_experience":366437,"relics_obtained":[{"floor":7.0,"key":"Bag of Preparation"},{"floor":9.0,"key":"Frozen Egg 2"},{"floor":10.0,"key":"Singing Bowl"},{"floor":14.0,"key":"Turnip"},{"floor":23.0,"key":"Happy Flower"},{"floor":24.0,"key":"Enchiridion"},{"floor":26.0,"key":"War Paint"},{"floor":28,"key":"Art of War"}],"event_choices":[{"damage_healed":0.0,"max_hp_gain":0.0,"max_hp_loss":7.0,"gold_gain":0.0,"event_name":"Golden Idol","player_choice":"Lose Max HP","floor":2.0,"gold_loss":0.0,"damage_taken":0.0,"relics_obtained":["Golden Idol"]},{"damage_healed":0.0,"max_hp_gain":0.0,"max_hp_loss":0.0,"gold_gain":0.0,"event_name":"Shining Light","player_choice":"Entered Light","floor":3.0,"gold_loss":0.0,"damage_taken":20.0,"cards_upgraded":["Defend_R","Strike_R"]},{"damage_healed":0.0,"max_hp_gain":0.0,"max_hp_loss":0.0,"gold_gain":75.0,"event_name":"World of Goop","player_choice":"Gather Gold","floor":4.0,"gold_loss":0.0,"damage_taken":11.0},{"damage_healed":22.0,"max_hp_gain":0.0,"max_hp_loss":0.0,"gold_gain":0.0,"event_name":"Big Fish","player_choice":"Banana","floor":5.0,"gold_loss":0.0,"damage_taken":0.0},{"damage_healed":0.0,"max_hp_gain":0.0,"max_hp_loss":0.0,"gold_gain":0.0,"event_name":"Living Wall","player_choice":"Grow","floor":12.0,"gold_loss":0.0,"damage_taken":0.0,"cards_upgraded":["Immolate"]},{"damage_healed":0.0,"max_hp_gain":0.0,"max_hp_loss":0.0,"gold_gain":0.0,"event_name":"Forgotten Altar","player_choice":"Gave Idol","floor":20.0,"relics_lost":["Golden Idol"],"gold_loss":0.0,"damage_taken":0.0,"relics_obtained":["Bloody Idol"]},{"damage_healed":0.0,"max_hp_gain":0.0,"max_hp_loss":0.0,"gold_gain":0.0,"event_name":"Cursed Tome","player_choice":"Obtained Book","floor":24.0,"gold_loss":0.0,"damage_taken":21.0}],"is_beta":false,"boss_relics":[{"not_picked":["Busted Crown","Runic Pyramid"],"picked":"Velvet Choker"}],"items_purged_floors":[21],"is_endless":false,"potions_floor_spawned":[7,10,14,16,19,22,27,28],"killed_by":"Collector","ascension_level":16}}