{"host":"h3bgw7p7cb1roykn","time":1611440487,"event":{"mods":["AchievementEnabler","BaseMod","Colored Map","Minty Spire (QoL Compilation)","StSLib"],"gold_per_floor":[119,131,142,110,110,110,140,150,202,19,44,59,79,29,29,131,131,147,158,177,177,177,206,206,206,206],"floor_reached":25,"language":"ENG","playtime":1087,"items_purged":[],"score":245,"play_id":"2633a5a8-b09e-4743-bf6a-2af75566974c","local_time":"20210123232127","is_ascension_mode":true,"campfire_choices":[{"data":"Night Terror","floor":6,"key":"SMITH"},{"floor":15,"key":"REST"},{"floor":24,"key":"REST"}],"circlet_count":0,"master_deck":["Survivor","Neutralize","Infinite Blades","Blade Dance","Night Terror+1","Quick Slash","Dagger Spray","Glass Knife","Poisoned Stab","Choke","Outmaneuver","Slice","Masterful Stab","Crippling Poison","Sucker Punch","Dagger Throw","Calculated Gamble","Footwork+1","Blade Dance+1","Cloak And Dagger+1"],"relics":["Ring of the Snake","Dead Branch","The Courier","Boot","Pen Nib","Frozen Egg 2","Pandora\u0027s Box","Gremlin Horn"],"acts_visited":["Exordium","TheCity"],"potions_floor_usage":[7,23],"damage_taken":[{"damage":7,"enemies":"Cultist","floor":1,"turns":5},{"damage":0,"enemies":"Jaw Worm","floor":2,"turns":4},{"damage":0,"enemies":"2 Louse","floor":3,"turns":3},{"damage":14,"enemies":"Lagavulin","floor":7,"turns":4},{"damage":0,"enemies":"Looter","floor":8,"turns":3},{"damage":19,"enemies":"Gremlin Nob","floor":11,"turns":4},{"damage":13,"enemies":"Red Slaver","floor":12,"turns":2},{"damage":0,"enemies":"Large Slime","floor":13,"turns":5},{"damage":36,"enemies":"Slime Boss","floor":16,"turns":9},{"damage":17,"enemies":"2 Thieves","floor":18,"turns":4},{"damage":0,"enemies":"Spheric Guardian","floor":19,"turns":2},{"damage":16,"enemies":"Centurion and Healer","floor":20,"turns":5},{"damage":22,"enemies":"Gremlin Leader","floor":23,"turns":6},{"damage":53,"enemies":"Book of Stabbing","floor":25,"turns":5}],"seed_played":"1170948489650184679","potions_obtained":[{"floor":1,"key":"AttackPotion"},{"floor":8,"key":"LiquidBronze"},{"floor":13,"key":"SpeedPotion"},{"floor":20,"key":"CunningPotion"}],"is_trial":false,"path_per_floor":["M","M","M","?","T","R","E","M","T","$","E","M","M","?","R","B",null,"M","M","M","?","?","E","R","E"],"character_chosen":"THE_SILENT","items_purchased":["Pen Nib","Glass Knife"],"campfire_rested":2,"item_purchase_floors":[10,10],"current_hp_per_floor":[70,70,70,70,70,70,56,56,56,56,37,24,24,24,47,11,77,60,60,44,44,44,22,45,0,0],"gold":206,"neow_bonus":"TEN_PERCENT_HP_BONUS","is_daily":false,"chose_seed":false,"campfire_upgraded":1,"win_rate":0.0,"timestamp":1611440487,"path_taken":["M","?","M","?","?","R","E","M","T","?","E","M","M","?","R","BOSS","M","M","M","?","?","E","R","E"],"items_purchased_type":["Relic","Card"],"build_version":"2020-12-22","purchased_purges":0,"victory":false,"max_hp_per_floor":[77,77,77,77,77,77,77,77,77,77,77,77,77,77,77,77,77,77,77,77,77,77,77,77,77,77],"card_choices":[{"not_picked":["Catalyst","Slice"],"picked":"Infinite Blades","floor":1},{"not_picked":["Dagger Throw","Backflip"],"picked":"Blade Dance","floor":2},{"not_picked":["Outmaneuver","Dagger Throw"],"picked":"Night Terror","floor":3},{"not_picked":["Backflip","Flying Knee"],"picked":"Quick Slash","floor":7},{"not_picked":["Dodge and Roll","Outmaneuver"],"picked":"Dagger Spray","floor":8},{"not_picked":["Slice","Setup","Bane"],"picked":"SKIP","floor":11},{"not_picked":["Burst","Slice","Sucker Punch"],"picked":"SKIP","floor":12},{"not_picked":["Flechettes","Bouncing Flask"],"picked":"Poisoned Stab","floor":13},{"not_picked":["Bane","Riddle With Holes","Dodge and Roll+1"],"picked":"SKIP","floor":18},{"not_picked":["Bane","Sucker Punch"],"picked":"Footwork+1","floor":19},{"not_picked":["Predator+1","Masterful Stab+1"],"picked":"Blade Dance+1","floor":20},{"not_picked":["Concentrate+1","Skewer"],"picked":"Cloak And Dagger+1","floor":23}],"player_experience":221961,"relics_obtained":[{"floor":5,"key":"Dead Branch"},{"floor":7,"key":"The Courier"},{"floor":9,"key":"Boot"},{"floor":11,"key":"Frozen Egg 2"},{"floor":23,"key":"Gremlin Horn"}],"event_choices":[{"damage_healed":0,"gold_gain":0,"player_choice":"Left Gold","damage_taken":0,"max_hp_gain":0,"max_hp_loss":0,"event_name":"World of Goop","floor":4,"gold_loss":32},{"cards_removed":["Strike_G"],"damage_healed":0,"gold_gain":0,"player_choice":"Card Removal","damage_taken":0,"max_hp_gain":0,"max_hp_loss":0,"event_name":"The Cleric","floor":14,"gold_loss":50},{"damage_healed":0,"gold_gain":0,"player_choice":"Ignored","damage_taken":0,"max_hp_gain":0,"max_hp_loss":0,"event_name":"Vampires","floor":21,"gold_loss":0},{"cards_removed":["Grand Finale"],"damage_healed":0,"gold_gain":0,"player_choice":"Purged","damage_taken":0,"max_hp_gain":0,"max_hp_loss":0,"event_name":"Purifier","floor":22,"gold_loss":0}],"is_beta":false,"boss_relics":[{"not_picked":["SacredBark","Fusion Hammer"],"picked":"Pandora\u0027s Box"}],"items_purged_floors":[],"is_endless":false,"potions_floor_spawned":[1,8,13,20],"killed_by":"Book of Stabbing","ascension_level":1}}