{"host":"p11r1vg7ld7z2n97","time":1611426665,"event":{"mods":["BaseMod","Better Note","Colored Map","Downfall","Minty Spire (QoL Compilation)","Rare Cards Sparkle","StSLib","Waifu the Spire"],"gold_per_floor":[99,113,113,128,228,328,328,357,387,402,84,96,96,121,134,232,232,132,146,146,146,53,53,78,78,88,88,73,83,68,153,171,268,268,68,84,50,69,88,88,88,100,125,142,155,155,165,218,238,238,238,264,164,164,164,164,164,164],"floor_reached":56,"language":"ENG","playtime":7213,"items_purged":["champ:HeavySlash","champ:Defend"],"score":789,"play_id":"44bae626-5447-43c1-9ca0-76469deb480c","local_time":"20210123113105","is_ascension_mode":false,"campfire_choices":[{"data":"champ:Taunt","floor":1.0,"key":"SMITH"},{"data":"champ:PerfectedStrike","floor":13.0,"key":"SMITH"},{"floor":18.0,"key":"RECALL"},{"data":"champ:ShieldWall","floor":23.0,"key":"SMITH"},{"data":"champ:Improvising","floor":27.0,"key":"SMITH"},{"data":"champ:TripleStrike","floor":35.0,"key":"SMITH"},{"data":"champ:Lariat","floor":46,"key":"SMITH"},{"data":"champ:EnragedBash","floor":54,"key":"SMITH"}],"circlet_count":0,"master_deck":["champ:Strike","champ:Strike","champ:Strike","champ:Strike","champ:Defend","champ:Defend","champ:Defend","champ:Execute","champ:Taunt+1","champ:PerfectedStrike+1","champ:EnGarde","champ:BerserkersShout","champ:FlashCut","champ:GutPunch","champ:EnragedBash+1","champ:ShieldSlam","champ:IronFortress","champ:Parry","champ:HoldFirm","champ:AdrenalArmor","hexamod:SpectersWail","champ:Improvising+1","champ:ShieldWall+1","champ:Lariat+1","champ:PreciseThrust","champ:Lariat+1","champ:IgnorePain","champ:Backstep+1","champ:TripleStrike+1","champ:FalseCounter+1","champ:Circumvent+1","Parasite","champ:FalseCounter","champ:PerfectedStrike","champ:FanOfKnives+1","champ:SkillfulDodge+1"],"relics":["champ:ChampionCrown","CloakClasp","Pantograph","Question Card","Letter Opener","champ:FightingForDummies","Pocketwatch","Coffee Dripper","downfall:HeartBlessingGreen","InkBottle","expansioncontent:StudyCardRelic","downfall:HeartBlessingRed","downfall:HeartBlessingBlue","Eternal Feather","HandDrill","Vajra","Peace Pipe","Lizard Tail","Kunai"],"acts_visited":["Exordium","TheCity","TheBeyond","TheEnding"],"potions_floor_usage":[44,48,55,55],"damage_taken":[{"damage":10.0,"enemies":"2 Louse","floor":2.0,"turns":2.0},{"damage":0.0,"enemies":"Cultist","floor":4.0,"turns":2.0},{"damage":42.0,"enemies":"Cultist","floor":6.0,"turns":15.0},{"damage":41.0,"enemies":"3 Sentries","floor":8.0,"turns":10.0},{"damage":19.0,"enemies":"Small Slimes","floor":10.0,"turns":4.0},{"damage":15.0,"enemies":"downfall:FleeingMerchant","floor":11.0,"turns":4.0},{"damage":20.0,"enemies":"Blue Slaver","floor":12.0,"turns":3.0},{"damage":34.0,"enemies":"Lagavulin","floor":14.0,"turns":6.0},{"damage":20.0,"enemies":"Lots of Slimes","floor":15.0,"turns":4.0},{"damage":73.0,"enemies":"WA_ARCHETYPE_RETAIN","floor":16.0,"turns":12.0},{"damage":15.0,"enemies":"Spheric Guardian","floor":19.0,"turns":4.0},{"damage":25.0,"enemies":"downfall:FleeingMerchant","floor":22.0,"turns":4.0},{"damage":10.0,"enemies":"Chosen","floor":26.0,"turns":4.0},{"damage":55.0,"enemies":"downfall:FleeingMerchant","floor":28.0,"turns":4.0},{"damage":25.0,"enemies":"Shelled Parasite and Fungi","floor":29.0,"turns":4.0},{"damage":75.0,"enemies":"downfall:FleeingMerchant","floor":30.0,"turns":4.0},{"damage":24.0,"enemies":"Centurion and Healer","floor":32.0,"turns":4.0},{"damage":94.0,"enemies":"IC_MUSHROOM_ARCHETYPE","floor":33.0,"turns":9.0},{"damage":3.0,"enemies":"3 Darklings","floor":36.0,"turns":4.0},{"damage":25.0,"enemies":"downfall:FleeingMerchant","floor":37.0,"turns":1.0},{"damage":18.0,"enemies":"3 Shapes","floor":38.0,"turns":3.0},{"damage":62.0,"enemies":"Writhing Mass","floor":39.0,"turns":3.0},{"damage":49.0,"enemies":"Sphere and 2 Shapes","floor":42.0,"turns":4.0},{"damage":54.0,"enemies":"Reptomancer","floor":43.0,"turns":7.0},{"damage":32,"enemies":"3 Darklings","floor":44,"turns":4},{"damage":33,"enemies":"Transient","floor":45,"turns":5},{"damage":62,"enemies":"Maw","floor":47,"turns":6},{"damage":6,"enemies":"2 Orb Walkers","floor":48,"turns":6},{"damage":25,"enemies":"Writhing Mass","floor":49,"turns":4},{"damage":29,"enemies":"SI_POISON_ARCHETYPE","floor":50,"turns":11},{"damage":159,"enemies":"downfall:CharBossMerchant","floor":52,"turns":8},{"damage":93,"enemies":"downfall:NeowBoss","floor":55,"turns":11},{"damage":207,"enemies":"downfall:NeowBossFinal","floor":56,"turns":14}],"seed_played":"4657870899405326491","potions_obtained":[{"floor":3.0,"key":"SmokeBomb"},{"floor":3.0,"key":"bronze:BurnAndBuffPotion"},{"floor":3.0,"key":"bronze:BurnAndBuffPotion"},{"floor":12.0,"key":"CultistPotion"},{"floor":15.0,"key":"champ:TechniquePotion"},{"floor":21.0,"key":"CultistPotion"},{"floor":44,"key":"FearPotion"},{"floor":45,"key":"LiquidBronze"},{"floor":48,"key":"SteroidPotion"}],"is_trial":false,"path_per_floor":["R","M","?","M","?","?","T","E","?","M","$","M","R","E","M","B",null,"R","M","?","?","$","R","T","T","M","R","$","M","$","?","M","B",null,"R","M","$","M","M","$","T","M","E","M","M","R","M","?","M","B",null,"E","$","R","B","B"],"character_chosen":"THE_CHAMP","items_purchased":["champ:FightingForDummies","champ:EnragedBash","champ:ShieldWall","Eternal Feather","HandDrill"],"campfire_rested":0,"item_purchase_floors":[11,11,22,37,37],"current_hp_per_floor":[99,99,99,99,99,67,67,56,56,52,52,42,42,28,28,25,99,99,99,99,99,99,99,99,99,99,99,99,99,99,81,72,78,99,109,109,109,101,89,89,89,75,41,29,29,50,43,42,42,63,109,20,20,41,48,0,0,0],"gold":164,"neow_bonus":"TEN_PERCENT_HP_BONUS","is_daily":false,"chose_seed":false,"campfire_upgraded":7,"win_rate":0.0,"timestamp":1611426665,"path_taken":["R","M","?","?","?","?","T","E","?","M","?","M","R","E","M","BOSS","R","M","?","?","$","R","T","?","?","R","$","M","?","?","M","BOSS","R","M","$","M","M","$","T","M","E","M","M","R","M","?","M","BOSS","E","$","R","BOSS","BOSS"],"items_purchased_type":["Relic","Card","Card","Relic","Relic"],"build_version":"2020-12-22","purchased_purges":2,"victory":false,"max_hp_per_floor":[99,99,99,99,99,99,99,99,99,99,99,99,99,99,99,99,99,99,99,99,99,99,99,99,99,99,99,99,99,99,99,99,99,99,109,109,109,109,109,109,109,109,109,109,109,109,109,109,109,109,109,109,109,109,109,109,109,109],"card_choices":[{"not_picked":["champ:Shatter","champ:PreciseThrust"],"picked":"champ:PerfectedStrike","floor":2.0},{"not_picked":["champ:CrownThrow","champ:Backstep"],"picked":"champ:EnGarde","floor":4.0},{"not_picked":["champ:Haymaker","champ:Lariat"],"picked":"champ:BerserkersShout","floor":6.0},{"not_picked":["champ:BladeFlurry","champ:ArenaPreparation"],"picked":"champ:HeavySlash","floor":8.0},{"not_picked":["champ:BladeFlurry","champ:CrownThrow","champ:HeartStrike"],"picked":"champ:FlashCut","floor":10.0},{"not_picked":["champ:EndlessRage","champ:TornadoPunch","champ:Circumvent"],"picked":"champ:GutPunch","floor":11.0},{"not_picked":["champ:PerfectedStrike","champ:DancingMaster","champ:FocusedBerserking"],"picked":"champ:ShieldSlam","floor":12.0},{"not_picked":["champ:Lariat","champ:FancyFootwork","champ:GutPunch"],"picked":"champ:IronFortress","floor":14.0},{"not_picked":["champ:EnGarde","champ:FanOfKnives","champ:FlashCut"],"picked":"champ:Parry","floor":15.0},{"not_picked":["champ:HeavySlash","champ:Improvising","champ:VampiricStrike"],"picked":"champ:HoldFirm","floor":16.0},{"not_picked":["champ:BerserkersShout","champ:Backstep","champ:PerfectedStrike"],"picked":"champ:AdrenalArmor","floor":19.0},{"not_picked":["champ:Haymaker","champ:VampiricStrike","champ:Shatter"],"picked":"champ:Improvising","floor":22.0},{"not_picked":["champ:PerfectedStrike","champ:StanceDance","champ:Parry"],"picked":"champ:Lariat+1","floor":26.0},{"not_picked":["champ:PreemptiveStrike","champ:Haymaker","champ:PerfectedStrike"],"picked":"champ:PreciseThrust","floor":28.0},{"not_picked":["champ:ArenaPreparation","champ:PreciseThrust+1","champ:Duel"],"picked":"champ:Lariat","floor":29.0},{"not_picked":["champ:HeartStrike","champ:AdrenalArmor","champ:Endure"],"picked":"champ:IgnorePain","floor":30.0},{"not_picked":["champ:BringItOn","champ:ShieldSlam","champ:DefensiveShout+1"],"picked":"champ:Backstep+1","floor":32.0},{"not_picked":["champ:ShieldThrow","champ:SteelEdge","champ:DancingMaster"],"picked":"champ:TripleStrike","floor":33.0},{"not_picked":["champ:DefensiveShout+1","champ:StanceDance+1","champ:PreciseThrust"],"picked":"champ:FalseCounter+1","floor":36.0},{"not_picked":["champ:GutPunch+1","champ:TornadoPunch+1","champ:ShieldSlam"],"picked":"champ:Circumvent+1","floor":37.0},{"not_picked":["champ:DefensiveShout+1","champ:RisingSlash+1","champ:Duel","champ:RecklessLeap"],"picked":"SKIP","floor":38.0},{"not_picked":["champ:TornadoPunch+1","champ:GutPunch+1","champ:Circumvent+1","champ:ShieldSlam"],"picked":"SKIP","floor":39.0},{"not_picked":["champ:TripleStrike","champ:DefensiveShout+1","champ:TornadoPunch+1","champ:StanceDance"],"picked":"SKIP","floor":42.0},{"not_picked":["champ:PreemptiveStrike+1","champ:AdrenalArmor+1","champ:FocusedDefense"],"picked":"champ:FalseCounter","floor":43.0},{"not_picked":["champ:ArenaPreparation","champ:StanceDance+1","champ:Circumvent"],"picked":"champ:PerfectedStrike","floor":44},{"not_picked":["champ:Haymaker+1","champ:VampiricStrike","champ:Shatter+1","champ:BerserkersShout"],"picked":"SKIP","floor":45},{"not_picked":["champ:Haymaker+1","champ:VampiricStrike","champ:Shatter+1","champ:BerserkersShout"],"picked":"SKIP","floor":45},{"not_picked":["champ:CrownThrow+1","champ:ShieldThrow","champ:RisingSlash","champ:ShieldSlam+1"],"picked":"SKIP","floor":47},{"not_picked":["champ:Encircle+1","champ:DefensiveShout+1","champ:EnGarde+1"],"picked":"champ:FanOfKnives+1","floor":48},{"not_picked":["champ:EnGarde","champ:TornadoPunch","champ:FancyFootwork","champ:Backstep"],"picked":"SKIP","floor":49},{"not_picked":["champ:AdrenalArmor","champ:Parry","champ:EndlessRage+1"],"picked":"champ:SkillfulDodge+1","floor":52}],"player_experience":657534,"relics_obtained":[{"floor":6.0,"key":"CloakClasp"},{"floor":7.0,"key":"Pantograph"},{"floor":8.0,"key":"Question Card"},{"floor":14.0,"key":"Pocketwatch"},{"floor":25.0,"key":"InkBottle"},{"floor":41.0,"key":"Vajra"},{"floor":43.0,"key":"Peace Pipe"},{"floor":48,"key":"Lizard Tail"},{"floor":52,"key":"Kunai"}],"event_choices":[{"damage_healed":0.0,"max_hp_gain":0.0,"max_hp_loss":0.0,"gold_gain":0.0,"event_name":"Lab","player_choice":"Got Potions","floor":3.0,"gold_loss":0.0,"damage_taken":0.0},{"cards_removed":["champ:HoldFirm"],"damage_healed":0.0,"max_hp_gain":0.0,"max_hp_loss":0.0,"gold_gain":0.0,"event_name":"betterNote:BetterNote","player_choice":"Take \u0026 Give","floor":20.0,"gold_loss":0.0,"damage_taken":0.0,"cards_obtained":["hexamod:SpectersWail"]},{"damage_healed":0,"gold_gain":0,"player_choice":"Fight","damage_taken":0,"max_hp_gain":0,"max_hp_loss":0,"event_name":"Mysterious Sphere","floor":48,"gold_loss":0}],"is_beta":false,"boss_relics":[{"not_picked":["Black Star","Tiny House"],"picked":"Coffee Dripper"},{"not_picked":["Snecko Eye","Cursed Key"],"picked":"expansioncontent:StudyCardRelic"}],"items_purged_floors":[11,53],"is_endless":false,"potions_floor_spawned":[4,12,15,16,26,32,33,39,44,45,48,52],"killed_by":"downfall:NeowBossFinal","ascension_level":0}}