{"host":"btkahjvw3wdsn6lk","time":1611400380,"event":{"mods":["ATMod(°¢èªMod)","Act Like it!","BaseMod","Dota2Spire","Gensokyo","Highlight Path","Minty Spire (QoL Compilation)","RumiaBox-Â¶Ã×æ«µÄÉñÃØºÐ×Ó","Spicy Shops","StSLib","Yakumo Yukari mod","¡¾ÒÅÎï¿¨ÅÆ¡¿REMEMod"],"gold_per_floor":[235,255,14,63,63,63,63,82,133,548,548,565,565,218,218,346,346,364,614,627,241,201,235,74,74,74,88,88,88,88,13,13,111,111,128,38,38,38,52,128,141,174,198,215,215,2,2,17,17,17,17,17,17,49,49],"floor_reached":56,"language":"ZHS","playtime":5696,"items_purged":["AT_purpleEX","AT_purpleEX","Defend_purpleEX","AT_purpleEX","Nest_LightFlightworm_purple+1"],"score":1629,"play_id":"1ebe63f4-b468-40ec-a3a8-f64dbf4d672a","local_time":"20210123191300","is_ascension_mode":true,"campfire_choices":[{"data":"AT_FamilyPortrait","floor":6.0,"key":"SMITH"},{"data":"Theboundaryofcreation_purpleEX","floor":11.0,"key":"SMITH"},{"data":"Observe_purple_2","floor":15.0,"key":"SMITH"},{"floor":25.0,"key":"RECALL"},{"data":"MonsterNeedle_purple","floor":29.0,"key":"SMITH"},{"data":"Boundary_LifeAndDeath_purple","floor":32.0,"key":"SMITH"},{"data":"Monsters_DoubleDeathButterfly_purple","floor":45.0,"key":"SMITH"},{"floor":49.0,"key":"REST"},{"floor":52.0,"key":"REST"}],"circlet_count":0,"master_deck":["Observe_purple_2+1","REME_ProfessionalPlagiarism+1","AT_FamilyPortrait+1","MonsterNeedle_purple+1","Theboundaryofcreation_purpleEX+1","Boundary_LifeAndDeath_purple+1","AT_FamilyPortrait+1","Monsters_DoubleDeathButterfly_purple+1","BarrageBoundary_PipeDream_purple+1","RuptureOfTimeAndSpace_purple+1","Gensokyo:CustomPotion","Gensokyo:MorningStar+1","Mirror_FourBoundary_purple+1","RuleDissolution_purple+1"],"relics":["Boundary_crack","Memoryfragments_purpleEX","AT_ATBox","REME_ComplimentaryCards","Happy Flower","AT_SeraphEmbrace","Tiny Chest","Ccalipers","Dota2Spire:LotusOrb","AT_BellDemon","Vajra","Membership Card","Frozen Eye","Juzu Bracelet","REME_HourglassOfDeath","AddBug","TungstenRod","Toy Ornithopter","Dota2Spire:Desolator","DollysMirror","AT_Manta","Dota2Spire:MagicBottle","Dota2Spire:LinkenSphere","Bag of Preparation","Regal Pillow","AT_GuinsooRageblade","Centennial Puzzle","Astrolabe","AT_EbonyIvory","Ginger","Lantern","Bird Faced Urn","Oddly Smooth Stone","Dota2Spire:EchoSabre","AT_LudenTempest","Eternal Feather","AT_SpeedBoots","AT_TimeSand","Gremlin Horn","Lizard Tail"],"acts_visited":["Exordium","Gensokyo:Gensokyo","Gensokyo:Gensokyoer","TheEnding"],"potions_floor_usage":[55,55],"damage_taken":[{"damage":0.0,"enemies":"Gensokyo:Python","floor":1.0,"turns":4.0},{"damage":0.0,"enemies":"Gensokyo:3_Fairies","floor":2.0,"turns":3.0},{"damage":12.0,"enemies":"Gensokyo:2_Kodama","floor":4.0,"turns":8.0},{"damage":0.0,"enemies":"Gensokyo:LivingMonolith","floor":8.0,"turns":3.0},{"damage":30.0,"enemies":"Gensokyo:Aya","floor":10.0,"turns":10.0},{"damage":0.0,"enemies":"Gensokyo:3_Kodama","floor":12.0,"turns":1.0},{"damage":0.0,"enemies":"Gensokyo:Yukari","floor":16.0,"turns":12.0},{"damage":39.0,"enemies":"Gensokyo:3_Dogs","floor":18.0,"turns":6.0},{"damage":3.0,"enemies":"Gensokyo:2_Gloops","floor":20.0,"turns":5.0},{"damage":13.0,"enemies":"Gensokyo:Koishi","floor":23.0,"turns":2.0},{"damage":0.0,"enemies":"Gensokyo:Slime_Group","floor":27.0,"turns":3.0},{"damage":29.0,"enemies":"Gensokyo:Eternal_Rivals","floor":33.0,"turns":6.0},{"damage":0.0,"enemies":"Gensokyo:3_Bats","floor":35.0,"turns":3.0},{"damage":3.0,"enemies":"Gensokyo:3_Bats","floor":38.0,"turns":5.0},{"damage":10.0,"enemies":"Gensokyo:3_Boulders","floor":39.0,"turns":3.0},{"damage":20.0,"enemies":"Gensokyo:Marisa","floor":40.0,"turns":3.0},{"damage":0.0,"enemies":"Gensokyo:Rafflesia","floor":41.0,"turns":4.0},{"damage":20.0,"enemies":"Gensokyo:Kasen","floor":42.0,"turns":2.0},{"damage":0.0,"enemies":"Gensokyo:Dusk_and_Dawn","floor":44.0,"turns":1.0},{"damage":0.0,"enemies":"Gensokyo:AtlasGolem","floor":48.0,"turns":1.0},{"damage":2.0,"enemies":"Gensokyo:Yuyuko","floor":50.0,"turns":1.0},{"damage":0,"enemies":"Shield and Spear","floor":54,"turns":1},{"damage":2,"enemies":"The Heart","floor":55,"turns":3}],"seed_played":"-1196191883436987568","potions_obtained":[{"floor":2.0,"key":"REME_GoldPotion"},{"floor":8.0,"key":"EssenceOfSteel"},{"floor":12.0,"key":"SpeedPotion"},{"floor":18.0,"key":"ColorlessPotion"},{"floor":23.0,"key":"LiquidMemories"},{"floor":35.0,"key":"PowerPotion"},{"floor":40.0,"key":"DuplicationPotion"},{"floor":42.0,"key":"Fire Potion"},{"floor":44.0,"key":"FearPotion"}],"is_trial":false,"path_per_floor":["M","M","COS","M","?","R","?","M","T","E","R","M","?","$","R","B",null,"M","?","M","$","?","E","COS","R","T","M","T","R","?","$","R","B",null,"M","?","T","?","M","E","M","E","T","M","R","$","?","M","R","B",null,"R","$","E","B",null],"character_chosen":"Youkari","items_purchased":["Membership Card","Frozen Eye","Juzu Bracelet","DollysMirror","AT_Manta","Fruit Juice","Dota2Spire:MagicBottle","Dota2Spire:LinkenSphere","AT_TimeSand"],"campfire_rested":2,"item_purchase_floors":[14,14,14,21,21,21,21,21,46],"current_hp_per_floor":[70,70,70,58,58,58,44,45,45,16,16,16,16,16,16,20,70,37,37,38,48,48,37,37,37,37,39,39,39,39,39,39,10,71,71,71,71,71,64,55,71,51,51,65,71,71,71,71,71,75,75,75,75,75,75],"gold":49,"neow_bonus":"HUNDRED_GOLD","is_daily":false,"chose_seed":false,"campfire_upgraded":6,"win_rate":0.0,"timestamp":1611400380,"path_taken":["M","M","COS","M","?","R","?","M","T","E","R","M","?","$","R","BOSS","M","?","M","$","?","E","COS","R","T","M","?","R","?","?","R","BOSS","M","?","?","?","M","E","M","E","T","M","R","$","?","M","R","BOSS","R","$","E","BOSS"],"items_purchased_type":["Relic","Relic","Relic","Relic","Relic","Potion","Relic","Relic","Relic"],"build_version":"2020-12-22","purchased_purges":5,"victory":true,"max_hp_per_floor":[70,70,70,70,70,70,70,70,70,70,70,70,70,70,70,70,70,70,66,66,71,71,71,71,71,71,71,71,71,71,71,71,71,71,71,71,71,71,71,71,71,71,71,71,71,71,71,71,71,75,75,75,75,75,75],"card_choices":[{"not_picked":["OpenedBox_purple","Photoelasticity_Doppler_Effect_purple"],"picked":"MonsterNeedle_purple","floor":1.0},{"not_picked":["Charmbait_purple","Mirror_FormAndEmptin_purple","SfantasyHide_purple"],"picked":"SKIP","floor":2.0},{"not_picked":["Photoelasticity_Doppler_Effect_purple","AdvanceAttack_purple","SfantasyHide_purple"],"picked":"SKIP","floor":4.0},{"not_picked":["AdvanceAttack_purple","PositiveMatter_Antimatter_Universe_purple","Anti_communist_purple"],"picked":"SKIP","floor":8.0},{"not_picked":["AdvanceAttack_purple","PositiveMatter_Antimatter_Universe_purple","Anti_communist_purple"],"picked":"SKIP","floor":8.0},{"not_picked":["WangLiang_LineAndCurveDreams_purple","Price_of_realm_purpleEX"],"picked":"Theboundaryofcreation_purpleEX","floor":10.0},{"not_picked":["Umbrella_purple","StateDuplicate_purple","RuptureOfTimeAndSpace_purple"],"picked":"SKIP","floor":10.0},{"not_picked":["AdvanceAttack_purple","SfantasyHide_purple","Price_of_realm_purpleEX"],"picked":"SKIP","floor":12.0},{"not_picked":["Human_Monster_Realm_purple","WasteWire_Metro_purple"],"picked":"Boundary_LifeAndDeath_purple","floor":16.0},{"not_picked":["Shallow_ocean_purpleEX+1","OmniscientAndOmnipotent_Monster_purple","Anti_communist_purple"],"picked":"SKIP","floor":18.0},{"not_picked":["Nest_LightFlightworm_purple","ExternalForce_HighSpeedFlying_purple","EighthInstrument_OneDividesIntoTwo_purple"],"picked":"SKIP","floor":20.0},{"not_picked":["ExistenceContinue_purple","WingOfChimera_purple","Line_surface_state_purple+1"],"picked":"SKIP","floor":23.0},{"not_picked":["Realm_recovery_purpleEX","Shallow_ocean_purpleEX","ExternalForce_HighSpeedFlying_purple"],"picked":"SKIP","floor":27.0},{"not_picked":["Fancifulhole_purple","WangLiang_LineAndCurveDreams_purple"],"picked":"Monsters_DoubleDeathButterfly_purple","floor":33.0},{"not_picked":["Mirror_FormAndEmptin_purple","OmniscientAndOmnipotent_Monster_purple+1","RuptureOfTimeAndSpace_purple+1"],"picked":"SKIP","floor":35.0},{"not_picked":["Gensokyo:LifeSpringInfinity+1","Gensokyo:RisingWorld+1"],"picked":"Gensokyo:MorningStar+1","floor":38.0},{"not_picked":["Mirror_FormAndEmptin_purple","MeetDecomposer_purple"],"picked":"Mirror_FourBoundary_purple+1","floor":39.0},{"not_picked":["Theboundaryofcreation_purpleEX","Charmbait_purple+1","ExistenceContinue_purple"],"picked":"SKIP","floor":40.0},{"not_picked":["Umbrella_purple+1","SharpContractionReality_purple+1"],"picked":"RuleDissolution_purple+1","floor":41.0},{"not_picked":["PositiveMatter_Antimatter_Universe_purple","AdvanceAttack_purple+1","Umbrella_purple"],"picked":"SKIP","floor":42.0},{"not_picked":["ExistenceContinue_purple+1","Charmbait_purple+1","Umbrella_purple+1"],"picked":"SKIP","floor":44.0},{"not_picked":["WeekHit_purple","Line_surface_state_purple+1","StateErode_purple"],"picked":"SKIP","floor":48.0},{"not_picked":["Line_surface_state_purple","Fantasy_PerpetualMotionMachine_purple","Boundary_LightAndDark_purple+1"],"picked":"SKIP","floor":54}],"player_experience":392440,"relics_obtained":[{"floor":9.0,"key":"Ccalipers"},{"floor":10.0,"key":"AT_BellDemon"},{"floor":12.0,"key":"Vajra"},{"floor":16.0,"key":"REME_HourglassOfDeath"},{"floor":18.0,"key":"Toy Ornithopter"},{"floor":20.0,"key":"Dota2Spire:Desolator"},{"floor":23.0,"key":"Bag of Preparation"},{"floor":27.0,"key":"Regal Pillow"},{"floor":28.0,"key":"AT_GuinsooRageblade"},{"floor":33.0,"key":"Centennial Puzzle"},{"floor":35.0,"key":"Ginger"},{"floor":37.0,"key":"Lantern"},{"floor":40.0,"key":"Dota2Spire:EchoSabre"},{"floor":42.0,"key":"Eternal Feather"},{"floor":43.0,"key":"AT_SpeedBoots"},{"floor":54,"key":"Gremlin Horn"},{"floor":54,"key":"Lizard Tail"}],"event_choices":[],"is_beta":false,"boss_relics":[{"not_picked":["EasyGame_NEW","SacredBark"],"picked":"AddBug"},{"not_picked":["AT_TrinityForce","Cursed Key"],"picked":"Astrolabe"}],"items_purged_floors":[14,14,21,31,46],"is_endless":false,"potions_floor_spawned":[2,8,12,18,23,35,40,42,44,54],"ascension_level":1}}