{"host":"bq4pt811tk9yrmjl","time":1611406301,"event":{"mods":["AchievementEnabler","BaseMod","Colored Map","Colored Powertips","Defuse TimeMaze Blight","Hermit","Minty Spire (QoL Compilation)","StSLib","SuperFastMode"],"gold_per_floor":[116,135,135,135,99,99,124,124,124,156,231,246,246,101,101,200,200,210,125,125,125,140,140,140,173,245,245,20,119,119,129,129,225,275,293,305,76,76,76,76,106,106,106,106,126,146,146,164,164,164,164,164,15,42,42,42],"floor_reached":55,"language":"ENG","playtime":1107,"items_purged":[],"score":779,"play_id":"7e321169-6615-474a-86d0-721c9770a722","local_time":"20210123105141","is_ascension_mode":true,"campfire_choices":[{"data":"Whirlwind","floor":6.0,"key":"SMITH"},{"data":"Flame Barrier","floor":8.0,"key":"SMITH"},{"data":"Twin Strike","floor":13.0,"key":"SMITH"},{"floor":15.0,"key":"RECALL"},{"data":"Berserk","floor":23.0,"key":"SMITH"},{"data":"Iron Wave","floor":27.0,"key":"SMITH"},{"data":"Bash","floor":32.0,"key":"SMITH"},{"data":"Madness","floor":40,"key":"SMITH"},{"data":"Madness","floor":42,"key":"SMITH"},{"floor":44,"key":"REST"},{"data":"Disarm","floor":49,"key":"SMITH"},{"data":"Spot Weakness","floor":52,"key":"SMITH"}],"circlet_count":0,"master_deck":["Strike_R","Strike_R","Strike_R","Strike_R","Strike_R","Defend_R","Defend_R","Defend_R","Defend_R","Bash+1","Flame Barrier+1","Iron Wave+1","Whirlwind+1","Twin Strike+1","Berserk+1","Infernal Blade+1","Limit Break+1","True Grit+1","Limit Break+1","Madness+1","Madness+1","Disarm+1","Spot Weakness+1","Anger+1"],"relics":["Burning Blood","NeowsBlessing","Vajra","FossilizedHelix","Thread and Needle","Chemical X","Mark of Pain","Orichalcum","Incense Burner","Membership Card","Lantern","Tiny House","DollysMirror","Happy Flower","Ancient Tea Set","Peace Pipe","Ornamental Fan","Bronze Scales","HandDrill","Bird Faced Urn"],"acts_visited":["Exordium","TheCity","TheBeyond","TheEnding"],"potions_floor_usage":[41,46,46,50],"damage_taken":[{"damage":0.0,"enemies":"2 Louse","floor":1.0,"turns":1.0},{"damage":0.0,"enemies":"Cultist","floor":2.0,"turns":1.0},{"damage":0.0,"enemies":"Gremlin Nob","floor":7.0,"turns":1.0},{"damage":15.0,"enemies":"Lagavulin","floor":10.0,"turns":6.0},{"damage":0.0,"enemies":"Small Slimes","floor":12.0,"turns":2.0},{"damage":0.0,"enemies":"Hexaghost","floor":16.0,"turns":6.0},{"damage":0.0,"enemies":"Chosen","floor":18.0,"turns":4.0},{"damage":0.0,"enemies":"3 Byrds","floor":22.0,"turns":2.0},{"damage":26.0,"enemies":"Slavers","floor":25.0,"turns":8.0},{"damage":0.0,"enemies":"Snecko","floor":31.0,"turns":4.0},{"damage":57.0,"enemies":"Champ","floor":33.0,"turns":10.0},{"damage":9.0,"enemies":"3 Shapes","floor":35.0,"turns":1.0},{"damage":0.0,"enemies":"3 Darklings","floor":36.0,"turns":3.0},{"damage":13,"enemies":"Reptomancer","floor":41,"turns":8},{"damage":12,"enemies":"Spire Growth","floor":45,"turns":4},{"damage":48,"enemies":"Jaw Worm Horde","floor":46,"turns":4},{"damage":0,"enemies":"3 Darklings","floor":48,"turns":1},{"damage":76,"enemies":"Awakened One","floor":50,"turns":9},{"damage":45,"enemies":"Shield and Spear","floor":54,"turns":4},{"damage":83,"enemies":"The Heart","floor":55,"turns":8}],"seed_played":"977626478955758956","potions_obtained":[{"floor":1.0,"key":"BlessingOfTheForge"},{"floor":12.0,"key":"AttackPotion"},{"floor":16.0,"key":"Energy Potion"},{"floor":22.0,"key":"Regen Potion"},{"floor":31.0,"key":"LiquidBronze"},{"floor":34.0,"key":"FairyPotion"},{"floor":35.0,"key":"Fruit Juice"},{"floor":36.0,"key":"PowerPotion"},{"floor":45,"key":"BloodPotion"},{"floor":46,"key":"BloodPotion"},{"floor":48,"key":"BloodPotion"}],"is_trial":false,"path_per_floor":["M","M","$","?","$","R","E","R","T","E","?","M","R","$","R","B",null,"M","?","?","$","M","R","?","E","T","R","$","?","?","M","R","B",null,"M","M","$","?","?","R","E","R","T","R","M","M","?","M","R","B",null,"R","$","E","B"],"character_chosen":"IRONCLAD","items_purchased":["Whirlwind","Chemical X","Membership Card","Lantern","DollysMirror","Happy Flower","Ancient Tea Set","Bronze Scales","HandDrill"],"campfire_rested":1,"item_purchase_floors":[5,14,28,28,37,37,37,53,53],"current_hp_per_floor":[80,80,80,80,80,80,80,80,80,71,60,66,66,66,66,72,80,80,80,80,80,80,80,80,72,72,72,72,72,72,78,78,27,85,87,90,90,79,79,79,72,72,72,90,84,78,78,84,84,32,90,90,90,51,0,0],"gold":42,"neow_bonus":"THREE_ENEMY_KILL","is_daily":false,"chose_seed":false,"campfire_upgraded":10,"win_rate":0.0,"timestamp":1611406301,"path_taken":["M","M","$","?","?","R","E","R","T","E","?","M","R","$","R","BOSS","M","?","?","$","M","R","?","E","T","R","$","?","?","?","R","BOSS","M","M","$","?","?","R","E","R","T","R","M","?","?","M","R","BOSS","R","$","E","BOSS"],"items_purchased_type":["Card","Relic","Relic","Relic","Relic","Relic","Relic","Relic","Relic"],"build_version":"2020-12-22","purchased_purges":0,"victory":false,"max_hp_per_floor":[80,80,80,80,80,80,80,80,80,80,80,80,80,80,80,80,80,80,80,80,80,80,80,80,80,80,80,80,80,80,80,80,80,85,90,90,90,90,90,90,90,90,90,90,90,90,90,90,90,90,90,90,90,90,90,90],"card_choices":[{"not_picked":["Twin Strike","Anger"],"picked":"Flame Barrier","floor":1.0},{"not_picked":["Flex","Havoc"],"picked":"Iron Wave","floor":2.0},{"not_picked":["Bloodletting","Immolate"],"picked":"Twin Strike","floor":7.0},{"not_picked":["Perfected Strike","Fire Breathing","Exhume"],"picked":"SKIP","floor":10.0},{"not_picked":["Heavy Blade","Pummel","Headbutt"],"picked":"SKIP","floor":12.0},{"not_picked":["Fiend Fire","Feed"],"picked":"Berserk","floor":16.0},{"not_picked":["Clothesline","Headbutt","Perfected Strike"],"picked":"SKIP","floor":18.0},{"not_picked":["Evolve","Intimidate","Rupture+1"],"picked":"SKIP","floor":22.0},{"not_picked":["Feel No Pain","Flame Barrier","Uppercut"],"picked":"SKIP","floor":25.0},{"not_picked":["Feel No Pain","Headbutt"],"picked":"Infernal Blade+1","floor":31.0},{"not_picked":["Impervious","Brutality"],"picked":"Limit Break","floor":33.0},{"not_picked":["Combust","Metallicize+1"],"picked":"True Grit+1","floor":35.0},{"not_picked":["Flex+1","Warcry+1"],"picked":"Twin Strike+1","floor":36.0},{"not_picked":["Berserk","Armaments","Entrench"],"picked":"SKIP","floor":41},{"not_picked":["Wild Strike+1","Twin Strike+1","Second Wind"],"picked":"SKIP","floor":45},{"not_picked":["Pommel Strike","Battle Trance+1"],"picked":"Disarm","floor":46},{"not_picked":["Body Slam","Flex"],"picked":"Spot Weakness","floor":48},{"not_picked":["Warcry","Exhume"],"picked":"Anger+1","floor":54}],"player_experience":216833,"relics_obtained":[{"floor":7.0,"key":"Vajra"},{"floor":9.0,"key":"FossilizedHelix"},{"floor":10.0,"key":"Thread and Needle"},{"floor":25.0,"key":"Incense Burner"},{"floor":41,"key":"Peace Pipe"},{"floor":43,"key":"Ornamental Fan"},{"floor":54,"key":"Bird Faced Urn"}],"event_choices":[{"damage_healed":0.0,"max_hp_gain":0.0,"max_hp_loss":0.0,"gold_gain":0.0,"event_name":"The Woman in Blue","player_choice":"Bought 0 Potions","floor":4.0,"gold_loss":0.0,"damage_taken":0.0},{"damage_healed":0.0,"max_hp_gain":0.0,"max_hp_loss":0.0,"gold_gain":75.0,"event_name":"World of Goop","player_choice":"Gather Gold","floor":11.0,"gold_loss":0.0,"damage_taken":11.0},{"damage_healed":0.0,"max_hp_gain":0.0,"max_hp_loss":0.0,"gold_gain":0.0,"event_name":"Addict","player_choice":"Obtained Relic","floor":19.0,"gold_loss":85.0,"damage_taken":0.0,"relics_obtained":["Orichalcum"]},{"damage_healed":0.0,"max_hp_gain":0.0,"max_hp_loss":0.0,"gold_gain":0.0,"event_name":"Ghosts","player_choice":"Ignored","floor":20.0,"gold_loss":0.0,"damage_taken":0.0},{"damage_healed":0.0,"max_hp_gain":0.0,"max_hp_loss":0.0,"gold_gain":0.0,"event_name":"Vampires","player_choice":"Ignored","floor":24.0,"gold_loss":0.0,"damage_taken":0.0},{"damage_healed":0.0,"max_hp_gain":0.0,"max_hp_loss":0.0,"gold_gain":99.0,"event_name":"Nest","player_choice":"Stole From Cult","floor":29.0,"gold_loss":0.0,"damage_taken":0.0},{"damage_healed":0.0,"max_hp_gain":0.0,"max_hp_loss":0.0,"gold_gain":0.0,"event_name":"Beggar","player_choice":"Ignored","floor":30.0,"gold_loss":0.0,"damage_taken":0.0},{"damage_healed":0.0,"max_hp_gain":0.0,"max_hp_loss":0.0,"gold_gain":0.0,"event_name":"Winding Halls","player_choice":"Embrace Madness","floor":38.0,"gold_loss":0.0,"damage_taken":11.0,"cards_obtained":["Madness","Madness"]},{"damage_healed":0,"gold_gain":0,"player_choice":"Ignored","damage_taken":0,"max_hp_gain":0,"max_hp_loss":0,"event_name":"Mysterious Sphere","floor":39,"gold_loss":0},{"cards_removed":["Twin Strike"],"damage_healed":0,"gold_gain":0,"player_choice":"Removed Attack","damage_taken":0,"max_hp_gain":0,"max_hp_loss":0,"event_name":"Falling","floor":47,"gold_loss":0}],"is_beta":false,"boss_relics":[{"not_picked":["Black Star","Astrolabe"],"picked":"Mark of Pain"},{"not_picked":["Pandora\u0027s Box","Calling Bell"],"picked":"Tiny House"}],"items_purged_floors":[],"is_endless":false,"potions_floor_spawned":[1,12,16,22,31,35,36,45,46,48],"killed_by":"The Heart","ascension_level":1}}