{"host":"qy6st0zp32tctd9l","time":1611400584,"event":{"mods":["BaseMod","Colored Map","Downfall","GifTheSpireLib","Hermit","Marisa£®ÏF”Í°°ƒß¿Ì…≥£©","Minty Spire (QoL Compilation)","Remilia£®¿Ÿ√◊¿Ú—«£©","StSLib","The Cursed","The Servant 0.9.4","UnlockEverythingMod"],"gold_per_floor":[118,135,60,80,92,92,119,119,190,221,221,221,221,237,237,316,316,333,383,393,393,426,454,454,470,470,385,385,419,419,430,430,502,502,514,514,736,736,103,133,143,169,223,50,75,75,100,115,115,115,115,115,115,115,149,149],"floor_reached":57,"language":"ZHS","playtime":1817,"items_purged":["Strike_MRS","Decay"],"score":3243,"play_id":"3a08bdd8-2eca-4689-8e6d-cef2a6623ba6","local_time":"20210123191624","is_ascension_mode":true,"campfire_choices":[{"data":"BlazeAway","floor":6.0,"key":"SMITH"},{"floor":8.0,"key":"REST"},{"floor":11.0,"key":"DIG"},{"floor":13.0,"key":"RECALL"},{"floor":15.0,"key":"DIG"},{"floor":24.0,"key":"DIG"},{"floor":30.0,"key":"DIG"},{"floor":32.0,"key":"REST"},{"floor":46,"key":"DIG"},{"floor":49,"key":"DIG"},{"floor":53,"key":"DIG"}],"circlet_count":0,"master_deck":["AscendersBane","Strike_MRS","Strike_MRS","Strike_MRS","Defend_MRS","Defend_MRS","Defend_MRS+1","Defend_MRS","MasterSpark","UpSweep","BlazeAway+1","AsteroidBelt","RefractionSpark","CollectingQuirk+1","GrandCross","DeepEcoloBomb","GasGiant","EscapeVelocity","ManaConvection","SporeBomb","Acceleration","TreasureHunter","MilkyWay","BlazingStar+1","GalacticHalo","GalacticHalo+1","FinalSpark","GalacticHalo"],"relics":["MiniHakkero","NeowsBlessing","Shovel","Mercury Hourglass","Bag of Preparation","Darkstone Periapt","Gremlin Horn","Question Card","Fusion Hammer","Red Mask","Akabeko","Pen Nib","Bottled Tornado","Singing Bowl","White Beast Statue","BreadOfAWashokuLover","Juzu Bracelet","Kunai","Snecko Eye","Lantern","TheAbacus","Toy Ornithopter","Whetstone","Oddly Smooth Stone","Orrery","War Paint","HornCleat","MealTicket","Ice Cream","Du-Vu Doll","Art of War","Mummified Hand","Gambling Chip"],"acts_visited":["Exordium","TheCity","TheBeyond","TheEnding"],"potions_floor_usage":[40,42,56,56],"damage_taken":[{"damage":0.0,"enemies":"Small Slimes","floor":1.0,"turns":1.0},{"damage":0.0,"enemies":"Cultist","floor":2.0,"turns":1.0},{"damage":0.0,"enemies":"2 Louse","floor":4.0,"turns":1.0},{"damage":16.0,"enemies":"Exordium Wildlife","floor":5.0,"turns":6.0},{"damage":34.0,"enemies":"Lagavulin","floor":7.0,"turns":7.0},{"damage":0.0,"enemies":"Gremlin Nob","floor":10.0,"turns":2.0},{"damage":0.0,"enemies":"Blue Slaver","floor":14.0,"turns":2.0},{"damage":0.0,"enemies":"Slime Boss","floor":16.0,"turns":5.0},{"damage":11.0,"enemies":"Shell Parasite","floor":18.0,"turns":3.0},{"damage":0.0,"enemies":"Spheric Guardian","floor":20.0,"turns":2.0},{"damage":0.0,"enemies":"Masked Bandits","floor":22.0,"turns":3.0},{"damage":20.0,"enemies":"Slavers","floor":23.0,"turns":4.0},{"damage":9.0,"enemies":"Centurion and Healer","floor":25.0,"turns":5.0},{"damage":0.0,"enemies":"Gremlin Leader","floor":29.0,"turns":3.0},{"damage":5.0,"enemies":"Cultist and Chosen","floor":31.0,"turns":3.0},{"damage":18.0,"enemies":"Collector","floor":33.0,"turns":5.0},{"damage":6,"enemies":"3 Darklings","floor":35,"turns":2},{"damage":5,"enemies":"Nemesis","floor":40,"turns":5},{"damage":0,"enemies":"Orb Walker","floor":41,"turns":2},{"damage":0,"enemies":"Reptomancer","floor":42,"turns":1},{"damage":11,"enemies":"Giant Head","floor":45,"turns":5},{"damage":0,"enemies":"Mind Bloom Boss Battle","floor":47,"turns":5},{"damage":0,"enemies":"Jaw Worm Horde","floor":48,"turns":1},{"damage":24,"enemies":"Awakened One","floor":50,"turns":6},{"damage":0,"enemies":"Time Eater","floor":51,"turns":2},{"damage":2,"enemies":"Shield and Spear","floor":55,"turns":3},{"damage":66,"enemies":"The Heart","floor":56,"turns":5}],"seed_played":"-3166747785679543180","potions_obtained":[{"floor":2.0,"key":"Fire Potion"},{"floor":7.0,"key":"DuplicationPotion"},{"floor":10.0,"key":"champ:CounterPotion"},{"floor":14.0,"key":"Energy Potion"},{"floor":18.0,"key":"PowerPotion"},{"floor":25.0,"key":"SpeedPotion"},{"floor":29.0,"key":"GamblersBrew"},{"floor":31.0,"key":"Weak Potion"},{"floor":33.0,"key":"LiquidBronze"},{"floor":35,"key":"GamblersBrew"},{"floor":40,"key":"BottledSpark"},{"floor":41,"key":"DistilledChaos"},{"floor":42,"key":"ColorlessPotion"},{"floor":47,"key":"StarNLove"}],"is_trial":false,"path_per_floor":["M","M","$","M","M","R","E","R","T","E","R","?","R","M","R","B",null,"M","?","M","?","?","E","R","M","T","?","?","E","R","M","R","B",null,"M","?","?","?","$","E","M","E","T","$","E","R","?","M","R","B","B",null,"R","$","E","B",null],"character_chosen":"MARISA","items_purchased":["GalacticHalo","Lantern","TheAbacus","Toy Ornithopter","Orrery"],"campfire_rested":2,"item_purchase_floors":[39,39,39,39,44],"current_hp_per_floor":[63,63,63,63,47,47,13,34,34,34,34,34,34,34,34,34,61,50,50,50,56,56,36,36,27,27,27,27,29,29,24,47,31,66,63,59,59,59,59,60,62,67,67,77,67,67,71,73,73,51,52,87,87,98,111,52],"gold":149,"neow_bonus":"THREE_ENEMY_KILL","is_daily":false,"chose_seed":false,"campfire_upgraded":1,"win_rate":0.0,"timestamp":1611400584,"path_taken":["M","M","$","M","M","R","E","R","T","E","R","?","R","M","R","BOSS","M","?","M","?","?","E","R","?","T","?","?","E","R","M","R","BOSS","M","?","?","?","$","E","M","E","T","?","E","R","?","M","R","BOSS","BOSS","R","$","E","BOSS"],"items_purchased_type":["Card","Relic","Relic","Relic","Relic"],"build_version":"2020-12-22","purchased_purges":2,"victory":true,"max_hp_per_floor":[70,70,70,70,70,70,70,70,70,70,70,70,70,70,70,70,70,70,70,70,76,76,76,76,76,76,76,76,78,78,78,78,78,78,80,86,86,82,82,82,84,84,84,94,94,94,96,98,98,98,98,98,98,98,113,113],"card_choices":[{"not_picked":["GravityBeat","ShootingEcho"],"picked":"BlazeAway","floor":1.0},{"not_picked":["WitchLeyline","6A"],"picked":"AsteroidBelt","floor":2.0},{"not_picked":["FairyDestructionRay","LuminesStrike"],"picked":"RefractionSpark","floor":4.0},{"not_picked":["ChargeUpSpray","6A"],"picked":"CollectingQuirk","floor":5.0},{"not_picked":["Orbital","DarkSpark"],"picked":"GrandCross","floor":7.0},{"not_picked":["PulseMagic","ChargeUpSpray"],"picked":"DeepEcoloBomb","floor":10.0},{"not_picked":["Robbery","EnergyFlow"],"picked":"GasGiant","floor":14.0},{"not_picked":["JA","StarDustReverie","MaximisePower"],"picked":"EscapeVelocity","floor":16.0},{"not_picked":["Robbery","ChargeUpSpray","OpenUniverse"],"picked":"ManaConvection","floor":18.0},{"not_picked":["MysteriousBeam","AsteroidBelt","DC"],"picked":"SporeBomb","floor":20.0},{"not_picked":["LuminesStrike","DarkSpark","GalacticHalo"],"picked":"Acceleration","floor":22.0},{"not_picked":["Acceleration","DoubleSpark","6A"],"picked":"TreasureHunter","floor":23.0},{"not_picked":["LuminesStrike+1","MysteriousBeam+1","DC","ShootingEcho"],"picked":"SKIP","floor":25.0},{"not_picked":["GasGiant+1","LuminesStrike","ShootTheMoon","WitchLeyline"],"picked":"Singing Bowl","floor":29.0},{"not_picked":["NonDirectionalLaser","AsteroidBelt+1","IllusionStar"],"picked":"MilkyWay","floor":31.0},{"not_picked":["TreasureHunter","CollectingQuirk","EscapeVelocity"],"picked":"BlazingStar","floor":33.0},{"not_picked":["Robbery+1","OpenUniverse","EarthLightRay","6A+1"],"picked":"Singing Bowl","floor":35},{"not_picked":["The Bomb","Jack Of All Trades","Magnetism","Panacea"],"picked":"Singing Bowl","floor":36},{"not_picked":["Secret Technique","Enlightenment","Dark Shackles","Panacea"],"picked":"Singing Bowl","floor":36},{"not_picked":["Secret Technique","Blind","Discovery","Dramatic Entrance"],"picked":"Singing Bowl","floor":36},{"not_picked":["OneTimeOff","DoubleSpark+1","ChargeUpSpray"],"picked":"GalacticHalo","floor":40},{"not_picked":["StarlightTyphoon","ChargeUpSpray","StarBarrage","Robbery"],"picked":"Singing Bowl","floor":41},{"not_picked":["ShootingEcho+1","BlazeAway","SprinkleStarSeal"],"picked":"FinalSpark","floor":42},{"not_picked":["SporeBomb","DC+1","6A","NonDirectionalLaser"],"picked":"Singing Bowl","floor":44},{"not_picked":["DC","SatelliteIllusion","OpenUniverse","MilkyWay"],"picked":"Singing Bowl","floor":44},{"not_picked":["MilkyWay","WitchLeyline+1","ChargeUpSpray+1","MeteoricShower"],"picked":"Singing Bowl","floor":44},{"not_picked":["WitchOfGreed+1","UnstableBomb","BlazingStar","GrandCross"],"picked":"Singing Bowl","floor":44},{"not_picked":["Acceleration","Singularity","ShootTheMoon","DoubleSpark"],"picked":"Singing Bowl","floor":44},{"not_picked":["Acceleration","SatelliteIllusion","DarkMatter+1"],"picked":"GalacticHalo","floor":45},{"not_picked":["DeepEcoloBomb","WitchOfGreed","LuminesStrike","PropBag"],"picked":"Singing Bowl","floor":47},{"not_picked":["OpenUniverse","GravityBeat","UltimateShortwave","MagicChant+1"],"picked":"Singing Bowl","floor":48},{"not_picked":["IllusionStar","ShootingEcho","NonDirectionalLaser+1","MilkyWay"],"picked":"Singing Bowl","floor":55}],"player_experience":163513,"relics_obtained":[{"floor":7.0,"key":"Shovel"},{"floor":9.0,"key":"Mercury Hourglass"},{"floor":10.0,"key":"Bag of Preparation"},{"floor":11.0,"key":"Darkstone Periapt"},{"floor":12.0,"key":"Gremlin Horn"},{"floor":15.0,"key":"Question Card"},{"floor":22.0,"key":"Red Mask"},{"floor":23.0,"key":"Akabeko"},{"floor":24.0,"key":"Pen Nib"},{"floor":26.0,"key":"Bottled Tornado"},{"floor":28.0,"key":"White Beast Statue"},{"floor":29.0,"key":"BreadOfAWashokuLover"},{"floor":29.0,"key":"Juzu Bracelet"},{"floor":30.0,"key":"Kunai"},{"floor":40,"key":"Whetstone"},{"floor":42,"key":"Oddly Smooth Stone"},{"floor":45,"key":"War Paint"},{"floor":45,"key":"HornCleat"},{"floor":46,"key":"MealTicket"},{"floor":47,"key":"Ice Cream"},{"floor":47,"key":"Du-Vu Doll"},{"floor":49,"key":"Art of War"},{"floor":53,"key":"Mummified Hand"},{"floor":55,"key":"Gambling Chip"}],"event_choices":[{"damage_healed":0.0,"max_hp_gain":0.0,"max_hp_loss":0.0,"gold_gain":0.0,"event_name":"Wheel of Change","player_choice":"Relic","floor":12.0,"gold_loss":0.0,"damage_taken":0.0},{"damage_healed":0.0,"max_hp_gain":0.0,"max_hp_loss":0.0,"gold_gain":50.0,"event_name":"Nest","player_choice":"Stole From Cult","floor":19.0,"gold_loss":0.0,"damage_taken":0.0},{"damage_healed":0.0,"max_hp_gain":0.0,"max_hp_loss":0.0,"gold_gain":0.0,"event_name":"Forgotten Altar","player_choice":"Smashed Altar","floor":21.0,"gold_loss":0.0,"damage_taken":0.0,"cards_obtained":["Decay"]},{"damage_healed":0.0,"max_hp_gain":0.0,"max_hp_loss":0.0,"gold_gain":0.0,"event_name":"Masked Bandits","player_choice":"Fought Bandits","floor":22.0,"gold_loss":0.0,"damage_taken":0.0},{"damage_healed":0.0,"max_hp_gain":0.0,"max_hp_loss":0.0,"gold_gain":0.0,"event_name":"Addict","player_choice":"Obtained Relic","floor":27.0,"gold_loss":85.0,"damage_taken":0.0,"relics_obtained":["Singing Bowl"]},{"damage_healed":0.0,"max_hp_gain":0.0,"max_hp_loss":0.0,"gold_gain":0.0,"event_name":"Wheel of Change","player_choice":"Relic","floor":28.0,"gold_loss":0.0,"damage_taken":0.0},{"damage_healed":0,"gold_gain":0,"player_choice":"Memory 3","damage_taken":10,"max_hp_gain":0,"max_hp_loss":0,"event_name":"SensoryStone","floor":36,"gold_loss":0},{"damage_healed":0,"gold_gain":222,"player_choice":"Wore Mask","damage_taken":0,"max_hp_gain":0,"max_hp_loss":0,"event_name":"Tomb of Lord Red Mask","floor":37,"gold_loss":0},{"damage_healed":0,"gold_gain":0,"player_choice":"Max HP","damage_taken":0,"max_hp_gain":0,"max_hp_loss":4,"event_name":"Winding Halls","floor":38,"gold_loss":0},{"damage_healed":0,"gold_gain":0,"player_choice":"Fight","damage_taken":0,"max_hp_gain":0,"max_hp_loss":0,"event_name":"MindBloom","floor":47,"gold_loss":0}],"is_beta":false,"boss_relics":[{"not_picked":["Runic Dome","bronze:MakeshiftBattery"],"picked":"Fusion Hammer"},{"not_picked":["Pandora\u0027s Box","Astrolabe"],"picked":"Snecko Eye"}],"items_purged_floors":[3,39],"is_endless":false,"potions_floor_spawned":[2,7,10,14,18,25,29,31,33,35,40,41,42,45,47,48,55],"ascension_level":20}}