{"host":"d73an99q9oevilk5","time":1611392471,"event":{"mods":["2.2 Compatiblity","AchievementEnabler","Act Like it!","Aspiration","BaseMod","Beaked The Cultist","Better Third Choice","BetterRewards","Colored Map","Colored Powertips","Conspire","GifTheSpireLib","Halation","Hubris","Infinite Spire","Mimic Mod","Minty Spire (QoL Compilation)","Quick Restart","Relic Sorter","Replay The Spire","Shop Mod","Spikes Relics","StSLib","Stuff the Spire","The Cursed","The Necromancer","The Saiyan","Waifu the Spire","egg","slay the spire mod where everything is the same but ironclad has a cowboy hat","vexMod"],"gold_per_floor":[116,226,245,206,223,256,256,267,267,80,80,80,99,114,114,213,213,230,240,250,250,250],"floor_reached":21,"language":"ENG","playtime":767,"items_purged":[],"score":283,"play_id":"09010d16-ef48-448e-90ca-815b48ac7eda","local_time":"20210123020111","is_ascension_mode":false,"campfire_choices":[{"floor":12,"key":"RECALL"},{"data":"Inflame","floor":15,"key":"SMITH"}],"circlet_count":0,"master_deck":["Strike_R","Strike_R","Strike_R","Strike_R","Strike_R","Defend_R","Defend_R","Defend_R","Defend_R","Bash","Flex","CommonCold","Flex","Flex","Disarm","Sword Boomerang","Flame Barrier","Inflame+1","ReplayTheSpireMod:Muscle Training","Intimidate","Feed","Clothesline","Impervious","Shrug It Off"],"relics":["Burning Blood","Lantern","Painkiller Herb","Blood Vial","ReplayTheSpireMod:CursedCoin","halation:PrussianBluePaint","infinitespire:FocusingShard","conspire:TreasureMap","SlaversCollar"],"acts_visited":["Exordium","TheCity"],"potions_floor_usage":[16],"damage_taken":[{"damage":0,"enemies":"Small Slimes","floor":1,"turns":3},{"damage":0,"enemies":"2 Louse","floor":3,"turns":3},{"damage":6,"enemies":"conspire:RoseBush","floor":5,"turns":3},{"damage":28,"enemies":"Lagavulin","floor":6,"turns":6},{"damage":3,"enemies":"3 Louse","floor":8,"turns":4},{"damage":5,"enemies":"conspire:2 RoseBushes","floor":13,"turns":4},{"damage":3,"enemies":"2 Fungi Beasts","floor":14,"turns":3},{"damage":35,"enemies":"Fading Forest","floor":16,"turns":11},{"damage":40,"enemies":"conspire:FuzzyDice","floor":18,"turns":7},{"damage":13,"enemies":"Shell Parasite","floor":19,"turns":5},{"damage":23,"enemies":"conspire:HollyBat","floor":20,"turns":9},{"damage":32,"enemies":"Snecko","floor":21,"turns":4}],"seed_played":"1710446766082072504","potions_obtained":[{"floor":5,"key":"FearPotion"},{"floor":6,"key":"SkillPotion"},{"floor":14,"key":"Languid Potion"},{"floor":16,"key":"Venom Potion"},{"floor":19,"key":"SteroidPotion"}],"is_trial":false,"path_per_floor":["?","T","?","T","?","E","?","?","T","T","?","T","?","?","T","B",null,"?","?","?","?"],"character_chosen":"IRONCLAD","items_purchased":["Lantern","Blood Vial","ReplayTheSpireMod:CursedCoin","Flex","Disarm","Inflame","conspire:TreasureMap"],"campfire_rested":0,"item_purchase_floors":[0,0,2,2,4,10,10],"current_hp_per_floor":[75,75,80,80,80,58,58,63,63,63,63,63,66,71,71,70,80,49,44,29,0,0],"gold":250,"neow_bonus":"","is_daily":false,"chose_seed":false,"campfire_upgraded":1,"win_rate":0.0,"timestamp":1611392471,"path_taken":["?","T","?","T","?","E","?","?","T","T","?","T","?","?","T","BOSS","?","?","?","?"],"items_purchased_type":["Relic","Relic","Relic","Card","Card","Card","Relic"],"build_version":"2020-12-22","purchased_purges":0,"victory":false,"max_hp_per_floor":[80,80,80,80,80,80,80,80,80,80,80,80,80,80,80,80,80,83,83,83,83,83],"card_choices":[{"not_picked":["Heavy Blade","ReplayTheSpireMod:Strike From Hell"],"picked":"Flex","floor":1},{"not_picked":["Anger","Flex","StuffTheSpire:Slingshot"],"picked":"SKIP","floor":3},{"not_picked":["Feed","StuffTheSpire:Incineration"],"picked":"Sword Boomerang","floor":5},{"not_picked":["Run Through","Berserk","StuffTheSpire:Slingshot"],"picked":"SKIP","floor":6},{"not_picked":["hubris:ReadiedAction","Flex"],"picked":"Flame Barrier","floor":8},{"not_picked":["True Grit","Sword Boomerang"],"picked":"ReplayTheSpireMod:Muscle Training","floor":13},{"not_picked":["Clothesline","Body Slam"],"picked":"Intimidate","floor":14},{"not_picked":["Barricade","Exhume"],"picked":"Feed","floor":16},{"not_picked":["Twin Strike","Shrug It Off"],"picked":"Clothesline","floor":18},{"not_picked":["Run Through","True Grit"],"picked":"Impervious","floor":19},{"not_picked":["StuffTheSpire:Incineration","StuffTheSpire:BloodClot+1"],"picked":"Shrug It Off","floor":20}],"player_experience":1769728,"relics_obtained":[{"floor":6,"key":"halation:PrussianBluePaint"},{"floor":9,"key":"infinitespire:FocusingShard"}],"event_choices":[{"damage_healed":0,"gold_gain":0,"player_choice":"Leave","damage_taken":0,"max_hp_gain":0,"max_hp_loss":0,"event_name":"conspire:Investor","floor":7,"gold_loss":0}],"is_beta":false,"boss_relics":[{"not_picked":["vexMod:TanglingVine","halation:Risk"],"picked":"SlaversCollar"}],"items_purged_floors":[],"is_endless":false,"potions_floor_spawned":[5,6,14,16,19],"killed_by":"Snecko","ascension_level":0}}