{"host":"qgrlfjrqk9z96gfi","time":1611377770,"event":{"mods":["BaseMod","Block Reminder","Colored Map","Custom Start","DeckTracker","Minty Spire (QoL Compilation)"],"gold_per_floor":[118,138,148,148,15,46,46,46,73,73,91,91,91],"floor_reached":12,"language":"ENG","playtime":309,"items_purged":["Strike_G"],"score":156,"play_id":"e70f3acc-32c6-440a-b309-f944b9faffed","local_time":"20210122185610","is_ascension_mode":true,"campfire_choices":[{"floor":8,"key":"REST"},{"data":"Venomology","floor":10,"key":"SMITH"}],"circlet_count":0,"master_deck":["AscendersBane","Strike_G","Strike_G","Strike_G","Strike_G+1","Defend_G","Defend_G","Defend_G","Defend_G","Defend_G","Survivor","Neutralize+1","Envenom+1","Eviscerate","All Out Attack","Concentrate","Blade Dance","Venomology+1","Dash"],"relics":["Ring of the Snake","Whetstone","Juzu Bracelet"],"acts_visited":["Exordium"],"potions_floor_usage":[6,11,12],"damage_taken":[{"damage":6,"enemies":"Small Slimes","floor":1,"turns":4},{"damage":0,"enemies":"2 Louse","floor":2,"turns":4},{"damage":9,"enemies":"Jaw Worm","floor":3,"turns":3},{"damage":29,"enemies":"Lagavulin","floor":6,"turns":7},{"damage":4,"enemies":"2 Fungi Beasts","floor":11,"turns":4},{"damage":39,"enemies":"Gremlin Nob","floor":12,"turns":4}],"seed_played":"6972338879434789873","potions_obtained":[{"floor":1,"key":"Poison Potion"},{"floor":2,"key":"Weak Potion"}],"is_trial":false,"path_per_floor":["M","M","M","?","$","E","$","R","T","R","M","E"],"character_chosen":"THE_SILENT","items_purchased":["Blade Dance"],"campfire_rested":1,"item_purchase_floors":[5],"current_hp_per_floor":[53,53,44,44,44,15,15,33,33,33,29,0,0],"gold":91,"neow_bonus":"THREE_RARE_CARDS","is_daily":false,"chose_seed":false,"campfire_upgraded":1,"win_rate":0.0,"timestamp":1611377770,"path_taken":["M","M","M","?","$","E","$","R","T","R","M","E"],"items_purchased_type":["Card"],"build_version":"2020-12-22","purchased_purges":1,"victory":false,"max_hp_per_floor":[60,60,60,60,60,60,60,60,60,60,60,60,60],"card_choices":[{"not_picked":["Wraith Form v2","Venomology"],"picked":"Envenom","floor":0},{"not_picked":["Caltrops","Riddle With Holes"],"picked":"Eviscerate","floor":1},{"not_picked":["Flying Knee","Well Laid Plans"],"picked":"All Out Attack","floor":2},{"not_picked":["Catalyst","Deflect"],"picked":"Concentrate","floor":3},{"not_picked":["Sucker Punch","Backflip"],"picked":"Venomology","floor":6},{"not_picked":["Deadly Poison","Dagger Throw"],"picked":"Dash","floor":11}],"player_experience":1046372,"relics_obtained":[{"floor":6,"key":"Whetstone"},{"floor":9,"key":"Juzu Bracelet"}],"event_choices":[{"damage_healed":0,"gold_gain":0,"player_choice":"Grow","damage_taken":0,"max_hp_gain":0,"max_hp_loss":0,"event_name":"Living Wall","floor":4,"gold_loss":0,"cards_upgraded":["Envenom"]}],"is_beta":false,"boss_relics":[],"items_purged_floors":[5],"is_endless":false,"potions_floor_spawned":[1,2],"killed_by":"Gremlin Nob","ascension_level":20}}