{"host":"kywtqy4o43fs5yna","time":1611438699,"event":{"mods":["AchievementEnabler","Act Like it!","BaseMod","Better Note","BetterRewards","Colored Map","Downfall","Gensokyo","Hubris","Minty Spire (QoL Compilation)","Quick Restart","Rare Cards Sparkle","Replay The Spire","StSLib","The Jungle"],"gold_per_floor":[118,118,135,145,164,197,197,223,250,278,321,321,350,350,350,350,350],"floor_reached":16,"language":"RUS","playtime":1054,"items_purged":[],"score":181,"play_id":"20ce81a4-0cce-40fe-b7e0-49a2fbe34ad0","local_time":"20210124075139","is_ascension_mode":true,"campfire_choices":[{"data":"ReplayTheSpireMod:Corrosion Curse","floor":7,"key":"SMITH"},{"data":"Dual Wield","floor":12,"key":"SMITH"},{"data":"Metallicize","floor":15,"key":"SMITH"}],"circlet_count":0,"master_deck":["Strike_R","Strike_R","Strike_R","Strike_R","Strike_R","Defend_R","Defend_R","Defend_R","Bash","Rage","Iron Wave+1","Dual Wield+1","Rupture","ReplayTheSpireMod:Corrosion Curse+1","Barricade","Run Through","hubris:CleavingFinish","Twin Strike+1","Metallicize+1"],"relics":["Burning Blood","Incense Burner","Anchor","InkBottle","Ancient Tea Set","Replay:Bandana","Bottled Lightning"],"acts_visited":["Exordium"],"potions_floor_usage":[4,8],"damage_taken":[{"damage":0,"enemies":"Cultist","floor":1,"turns":4},{"damage":0,"enemies":"Small Slimes","floor":3,"turns":3},{"damage":0,"enemies":"2 Louse","floor":4,"turns":2},{"damage":1,"enemies":"Blue Slaver","floor":5,"turns":4},{"damage":21,"enemies":"Replay:BlueRogue","floor":6,"turns":6},{"damage":29,"enemies":"Gremlin Nob","floor":8,"turns":5},{"damage":5,"enemies":"3 Louse","floor":10,"turns":3},{"damage":9,"enemies":"Replay:BlueRogue","floor":11,"turns":5},{"damage":3,"enemies":"2 Fungi Beasts","floor":13,"turns":3},{"damage":0,"enemies":"Fading Forest","floor":16,"turns":1}],"seed_played":"8360162719233191206","potions_obtained":[{"floor":3,"key":"champ:CounterPotion"},{"floor":4,"key":"Swift Potion"},{"floor":6,"key":"Dexterity Potion"},{"floor":10,"key":"Strength Potion"},{"floor":11,"key":"Strength Potion"}],"is_trial":false,"path_per_floor":["M","?","M","M","M","E","R","E","T","M","E","R","M","?","R","B"],"character_chosen":"IRONCLAD","items_purchased":["Anchor"],"campfire_rested":0,"item_purchase_floors":[0],"current_hp_per_floor":[67,67,73,79,80,65,65,42,42,43,40,40,43,27,27,27,27],"gold":350,"neow_bonus":"","is_daily":false,"chose_seed":false,"campfire_upgraded":3,"win_rate":0.0,"timestamp":1611438699,"path_taken":["M","?","M","?","M","E","R","E","T","M","E","R","M","?","R","BOSS"],"items_purchased_type":["Relic"],"build_version":"2020-12-22","purchased_purges":0,"victory":false,"max_hp_per_floor":[80,80,80,80,80,80,80,80,80,80,80,80,80,80,80,80,80],"card_choices":[{"not_picked":["Flex","Evolve"],"picked":"Iron Wave","floor":1},{"not_picked":["Rampage","Perfected Strike"],"picked":"Rupture","floor":3},{"not_picked":["Thunderclap","Shrug It Off"],"picked":"ReplayTheSpireMod:Corrosion Curse","floor":4},{"not_picked":["ReplayTheSpireMod:Corrosion Curse","Massacre","Burning Pact"],"picked":"SKIP","floor":5},{"not_picked":["Armaments","Warcry"],"picked":"Barricade","floor":6},{"not_picked":["Havoc","Perfected Strike"],"picked":"Run Through","floor":8},{"not_picked":["Pommel Strike","Heavy Blade"],"picked":"hubris:CleavingFinish","floor":10},{"not_picked":["Warcry","Power Through"],"picked":"Twin Strike","floor":11},{"not_picked":["Anger","Havoc"],"picked":"Metallicize","floor":13}],"player_experience":169956,"relics_obtained":[{"floor":6,"key":"InkBottle"},{"floor":8,"key":"Ancient Tea Set"},{"floor":9,"key":"Replay:Bandana"},{"floor":11,"key":"Bottled Lightning"}],"event_choices":[{"damage_healed":0,"gold_gain":0,"cards_transformed":["Defend_R"],"player_choice":"Transformed","damage_taken":0,"max_hp_gain":0,"max_hp_loss":0,"event_name":"Transmorgrifier","floor":2,"gold_loss":0,"cards_obtained":["Dual Wield"]},{"damage_healed":0,"gold_gain":0,"player_choice":"Entered Light","damage_taken":16,"max_hp_gain":0,"max_hp_loss":0,"event_name":"Shining Light","floor":14,"gold_loss":0,"cards_upgraded":["Iron Wave","Twin Strike"]}],"is_beta":false,"boss_relics":[],"items_purged_floors":[],"is_endless":false,"potions_floor_spawned":[3,4,6,10,11],"killed_by":"Fading Forest","ascension_level":1}}