{"host":"j4g6ia6asvpyu2b0","time":1611418667,"event":{"mods":["BaseMod","Colored Map","Minty Spire (QoL Compilation)","Permanent Neow","Quick Restart","Relic Stats","StSLib","Unceasing Turn Reminder"],"gold_per_floor":[109,80,80,230,1,27,27,37,37,57,91,103,118,134,134,207,207,222,222,172,191,31,31,62,62,62,87,100,132,148,148,148,148,148],"floor_reached":33,"language":"ENG","playtime":768,"items_purged":["Doubt"],"score":657,"play_id":"ea0e5fcf-87bc-4311-8559-f61e5fa22698","local_time":"20210123091747","is_ascension_mode":true,"campfire_choices":[{"data":"Demon Form","floor":7,"key":"SMITH"},{"data":"Spot Weakness","floor":15,"key":"SMITH"},{"data":"Feel No Pain","floor":23,"key":"SMITH"},{"data":"Shockwave","floor":25,"key":"SMITH"},{"data":"Exhume","floor":32,"key":"SMITH"}],"circlet_count":0,"master_deck":["AscendersBane","Strike_R+1","Strike_R+1","Strike_R","Strike_R","Strike_R","Defend_R","Defend_R","Defend_R","Defend_R","Bash+1","Sword Boomerang+1","Pommel Strike","Demon Form+1","Disarm","Spot Weakness+1","Shockwave+1","Warcry","Infernal Blade","Pommel Strike","Feel No Pain+1","Impervious","Whirlwind+1","Intimidate","Havoc","Body Slam+1","Exhume+1","Havoc","Feel No Pain"],"relics":["Burning Blood","NeowsBlessing","MealTicket","Charon\u0027s Ashes","Ornamental Fan","Coffee Dripper","Enchiridion","Chemical X","Bottled Flame","Matryoshka","Whetstone","Self Forming Clay"],"acts_visited":["Exordium","TheCity"],"potions_floor_usage":[18,21,29,29,29,33],"damage_taken":[{"damage":0,"enemies":"Small Slimes","floor":1,"turns":1},{"damage":0,"enemies":"Gremlin Nob","floor":6,"turns":1},{"damage":0,"enemies":"Jaw Worm","floor":8,"turns":1},{"damage":0,"enemies":"Cultist","floor":10,"turns":2},{"damage":0,"enemies":"Lagavulin","floor":11,"turns":4},{"damage":3,"enemies":"2 Fungi Beasts","floor":12,"turns":3},{"damage":6,"enemies":"Exordium Thugs","floor":13,"turns":3},{"damage":20,"enemies":"Gremlin Gang","floor":14,"turns":3},{"damage":8,"enemies":"Slime Boss","floor":16,"turns":7},{"damage":18,"enemies":"Spheric Guardian","floor":18,"turns":4},{"damage":24,"enemies":"2 Thieves","floor":21,"turns":4},{"damage":20,"enemies":"Slavers","floor":24,"turns":2},{"damage":2,"enemies":"Gremlin Leader","floor":27,"turns":6},{"damage":21,"enemies":"Snake Plant","floor":28,"turns":3},{"damage":6,"enemies":"Book of Stabbing","floor":29,"turns":4},{"damage":6,"enemies":"Centurion and Healer","floor":30,"turns":4},{"damage":41,"enemies":"Automaton","floor":33,"turns":6}],"seed_played":"2211301761282285015","potions_obtained":[{"floor":1,"key":"BloodPotion"},{"floor":8,"key":"Block Potion"},{"floor":24,"key":"EntropicBrew"},{"floor":28,"key":"SpeedPotion"},{"floor":29,"key":"FearPotion"}],"is_trial":false,"path_per_floor":["M","$","?","?","$","E","R","M","T","M","E","M","M","M","R","B",null,"M","?","?","M","$","R","E","R","T","E","M","E","M","$","R","B"],"character_chosen":"IRONCLAD","items_purchased":["Pommel Strike","Demon Form","Chemical X"],"campfire_rested":0,"item_purchase_floors":[2,5,22],"current_hp_per_floor":[74,74,74,74,74,75,75,75,75,75,75,75,75,61,61,59,71,59,38,38,35,50,50,36,36,36,40,25,25,25,40,40,0,0],"gold":148,"neow_bonus":"THREE_ENEMY_KILL","is_daily":false,"chose_seed":false,"campfire_upgraded":5,"win_rate":0.0,"timestamp":1611418667,"path_taken":["M","$","?","?","?","E","R","M","T","M","E","M","M","M","R","BOSS","M","?","?","M","$","R","E","R","T","E","M","E","M","$","R","BOSS"],"items_purchased_type":["Card","Card","Relic"],"build_version":"2020-12-22","purchased_purges":1,"victory":false,"max_hp_per_floor":[75,75,75,75,75,75,75,75,75,75,75,75,75,75,75,75,75,75,75,75,75,75,75,75,75,75,75,75,75,75,75,75,75,75],"relic_stats":{"counters":[17,58],"Ornamental Fan":[36],"Self Forming Clay":[12],"MealTicket":30,"Charon\u0027s Ashes":[228],"Chemical X":[7],"Whetstone":["Strike_R","Strike_R"],"obtain_stats":[{"Bottled Flame":24,"Matryoshka":26,"NeowsBlessing":0,"Ornamental Fan":11,"Self Forming Clay":29,"Enchiridion":19,"MealTicket":6,"Charon\u0027s Ashes":9,"Coffee Dripper":17,"Chemical X":22,"Whetstone":27,"Burning Blood":0},{"Bottled Flame":12,"Matryoshka":12,"NeowsBlessing":0,"Ornamental Fan":5,"Self Forming Clay":15,"Enchiridion":10,"MealTicket":2,"Charon\u0027s Ashes":3,"Coffee Dripper":9,"Chemical X":11,"Whetstone":13,"Burning Blood":0},{"Bottled Flame":35,"Matryoshka":35,"NeowsBlessing":0,"Ornamental Fan":9,"Self Forming Clay":48,"Enchiridion":29,"MealTicket":2,"Charon\u0027s Ashes":3,"Coffee Dripper":25,"Chemical X":33,"Whetstone":41,"Burning Blood":0}],"Burning Blood":70},"card_choices":[{"not_picked":["Bloodletting","Reckless Charge"],"picked":"Sword Boomerang","floor":1},{"not_picked":["Entrench","Iron Wave"],"picked":"Disarm","floor":6},{"not_picked":["Heavy Blade","Headbutt"],"picked":"Spot Weakness","floor":8},{"not_picked":["Iron Wave","Armaments"],"picked":"Shockwave","floor":10},{"not_picked":["Heavy Blade","Power Through"],"picked":"Warcry","floor":11},{"not_picked":["Body Slam","Flex"],"picked":"Infernal Blade","floor":12},{"not_picked":["Blood for Blood","Carnage"],"picked":"Pommel Strike","floor":13},{"not_picked":["Perfected Strike","Flex"],"picked":"Feel No Pain","floor":14},{"not_picked":["Double Tap","Demon Form"],"picked":"Impervious","floor":16},{"not_picked":["Thunderclap","Spot Weakness"],"picked":"Whirlwind","floor":18},{"not_picked":["Heavy Blade","Rupture"],"picked":"Intimidate","floor":21},{"not_picked":["Perfected Strike","Body Slam"],"picked":"Havoc","floor":24},{"not_picked":["Twin Strike","Heavy Blade"],"picked":"Body Slam+1","floor":27},{"not_picked":["Burning Pact","Perfected Strike+1"],"picked":"Exhume","floor":28},{"not_picked":["Brutality","Flex"],"picked":"Havoc","floor":29},{"not_picked":["Entrench+1","Havoc"],"picked":"Feel No Pain","floor":30}],"player_experience":953459,"relics_obtained":[{"floor":6,"key":"MealTicket"},{"floor":9,"key":"Charon\u0027s Ashes"},{"floor":11,"key":"Ornamental Fan"},{"floor":19,"key":"Enchiridion"},{"floor":24,"key":"Bottled Flame"},{"floor":26,"key":"Matryoshka"},{"floor":27,"key":"Whetstone"},{"floor":29,"key":"Self Forming Clay"}],"event_choices":[{"damage_healed":0,"gold_gain":0,"player_choice":"Grow","damage_taken":0,"max_hp_gain":0,"max_hp_loss":0,"event_name":"Living Wall","floor":3,"gold_loss":0,"cards_upgraded":["Bash"]},{"damage_healed":0,"gold_gain":150,"player_choice":"AGREE","damage_taken":0,"max_hp_gain":0,"max_hp_loss":0,"event_name":"Liars Game","floor":4,"gold_loss":0,"cards_obtained":["Doubt"]},{"damage_healed":0,"gold_gain":0,"player_choice":"Obtained Book","damage_taken":21,"max_hp_gain":0,"max_hp_loss":0,"event_name":"Cursed Tome","floor":19,"gold_loss":0},{"damage_healed":0,"gold_gain":0,"player_choice":"Upgraded Two","damage_taken":0,"max_hp_gain":0,"max_hp_loss":0,"event_name":"Designer","floor":20,"gold_loss":50,"cards_upgraded":["Sword Boomerang","Whirlwind"]}],"is_beta":false,"boss_relics":[{"not_picked":["Runic Pyramid","Fusion Hammer"],"picked":"Coffee Dripper"}],"items_purged_floors":[5],"is_endless":false,"potions_floor_spawned":[1,8,11,16,24,28,29],"killed_by":"Automaton","ascension_level":16}}