{"host":"dm4yvegl9um2tlqd","time":1611430995,"event":{"mods":["2.2 Compatiblity","AchievementEnabler","BaseMod","Colored Map","DeckTracker","Highlight Path","KOR Keyword Fix","Keyboard Shortcuts","Minty Spire (QoL Compilation)","Permanent Neow","Quick Restart","Random Character Button","StSLib","SuperFastMode","everything is the same but u backflip on backflip"],"gold_per_floor":[360,535,535,154,204,232,251,251,275,300,300,311,340,358,358,463,463,476,476,495,495,522,522,551,551,601,628,255,273,1,16,16,112,162,179,179,196,210,210,237,237,263,311,330,330,330,343,4,4,4],"floor_reached":51,"language":"KOR","playtime":1908,"items_purged":["Doubt","Strike_B","Strike_B"],"score":979,"play_id":"0e439da6-b066-4baf-b10f-db3d7b7f1c63","local_time":"20210124044315","is_ascension_mode":true,"campfire_choices":[{"data":"Chaos","floor":8,"key":"SMITH"},{"floor":11,"key":"REST"},{"data":"Dualcast","floor":15,"key":"SMITH"},{"data":"Zap","floor":23,"key":"SMITH"},{"floor":25,"key":"REST"},{"data":"Sunder","floor":32,"key":"SMITH"},{"data":"Mind Blast","floor":41,"key":"SMITH"},{"floor":45,"key":"REST"},{"data":"Biased Cognition","floor":49,"key":"SMITH"}],"circlet_count":0,"master_deck":["Strike_B+1","Defend_B","Defend_B","Defend_B","Defend_B+1","Zap+1","Dualcast+1","Rip and Tear","Chaos+1","Compile Driver+1","Ball Lightning","Undo","Core Surge","Glacier","Cold Snap","Defragment+1","Sunder+1","Mind Blast+1","Ball Lightning","Undo","Seek","Beam Cell","White Noise+1","Doom and Gloom+1","Biased Cognition+1","Barrage"],"relics":["Cracked Core","Thread and Needle","DataDisk","Art of War","Regal Pillow","Toy Ornithopter","Lantern","Sozu","Oddly Smooth Stone","Smiling Mask","Whetstone","Blood Vial","Bag of Marbles","Runic Capacitor","Tiny House","Shovel","Strawberry","Centennial Puzzle","HornCleat","ClockworkSouvenir"],"acts_visited":["Exordium","TheCity","TheBeyond"],"potions_floor_usage":[10,40],"damage_taken":[{"damage":4,"enemies":"Jaw Worm","floor":1,"turns":3},{"damage":23,"enemies":"Lagavulin","floor":6,"turns":7},{"damage":0,"enemies":"Small Slimes","floor":7,"turns":2},{"damage":23,"enemies":"Gremlin Nob","floor":10,"turns":4},{"damage":0,"enemies":"2 Louse","floor":12,"turns":2},{"damage":10,"enemies":"3 Sentries","floor":13,"turns":4},{"damage":6,"enemies":"Gremlin Gang","floor":14,"turns":3},{"damage":5,"enemies":"Hexaghost","floor":16,"turns":9},{"damage":3,"enemies":"3 Byrds","floor":18,"turns":4},{"damage":13,"enemies":"2 Thieves","floor":20,"turns":4},{"damage":11,"enemies":"Slavers","floor":24,"turns":8},{"damage":20,"enemies":"Book of Stabbing","floor":27,"turns":5},{"damage":0,"enemies":"Cultist and Chosen","floor":29,"turns":4},{"damage":2,"enemies":"Centurion and Healer","floor":31,"turns":4},{"damage":0,"enemies":"Collector","floor":33,"turns":13},{"damage":9,"enemies":"3 Darklings","floor":35,"turns":5},{"damage":6,"enemies":"Orb Walker","floor":37,"turns":3},{"damage":5,"enemies":"4 Shapes","floor":38,"turns":4},{"damage":29,"enemies":"Giant Head","floor":40,"turns":8},{"damage":0,"enemies":"Reptomancer","floor":42,"turns":5},{"damage":24,"enemies":"Maw","floor":44,"turns":6},{"damage":1,"enemies":"Jaw Worm Horde","floor":47,"turns":2},{"damage":12,"enemies":"Awakened One","floor":50,"turns":11}],"seed_played":"-4076287163811941772","potions_obtained":[{"floor":7,"key":"BlessingOfTheForge"},{"floor":14,"key":"BlessingOfTheForge"},{"floor":16,"key":"AttackPotion"}],"is_trial":false,"path_per_floor":["M","?","?","$","T","E","M","R","T","E","R","M","E","M","R","B",null,"M","?","M","?","T","R","E","R","T","E","$","M","$","M","R","B",null,"M","?","M","M","?","E","R","E","T","M","R","T","M","$","R","B",null],"character_chosen":"DEFECT","items_purchased":["Thread and Needle","Bag of Marbles","Sunder","Mind Blast","Runic Capacitor","Undo","Biased Cognition","ClockworkSouvenir","Barrage"],"campfire_rested":3,"item_purchase_floors":[4,28,28,28,30,30,48,48,48],"current_hp_per_floor":[64,64,69,69,69,46,46,46,46,23,59,59,49,43,43,38,73,70,70,57,57,57,57,46,73,73,53,53,55,55,55,55,57,78,69,69,65,62,62,40,40,49,49,27,67,67,68,68,68,58],"gold":4,"neow_bonus":"TWO_FIFTY_GOLD","is_daily":false,"chose_seed":false,"campfire_upgraded":6,"win_rate":0.0,"timestamp":1611430995,"path_taken":["M","?","?","?","?","E","M","R","T","E","R","M","E","M","R","BOSS","M","?","?","?","?","R","E","R","T","E","$","?","?","M","R","BOSS","M","?","M","M","?","E","R","E","T","M","R","?","M","$","R","BOSS"],"items_purchased_type":["Relic","Relic","Card","Card","Relic","Card","Card","Relic","Card"],"build_version":"2020-12-22","purchased_purges":3,"victory":true,"max_hp_per_floor":[68,68,73,73,73,73,73,73,73,73,73,73,73,73,73,73,73,73,73,73,73,73,73,73,73,73,73,73,73,73,73,73,73,78,78,78,78,78,78,78,78,85,85,85,85,85,85,85,85,85],"card_choices":[{"not_picked":["Leap","Static Discharge"],"picked":"Rip and Tear","floor":1},{"not_picked":["Coolheaded","Steam Power"],"picked":"Chaos","floor":6},{"not_picked":["Aggregate","Streamline"],"picked":"Compile Driver","floor":7},{"not_picked":["Steam","Darkness"],"picked":"Ball Lightning","floor":10},{"not_picked":["Barrage","Rip and Tear"],"picked":"Undo","floor":12},{"not_picked":["Reinforced Body","Double Energy"],"picked":"Hologram","floor":13},{"not_picked":["Leap","Auto Shields","Streamline"],"picked":"SKIP","floor":14},{"not_picked":["Rainbow","Creative AI"],"picked":"Core Surge","floor":16},{"not_picked":["Reprogram","Rebound+1"],"picked":"Glacier","floor":18},{"not_picked":["Hello World","Sweeping Beam+1"],"picked":"Cold Snap","floor":20},{"not_picked":["Stack","Barrage"],"picked":"Defragment+1","floor":24},{"not_picked":["Conserve Battery","Compile Driver","Meteor Strike"],"picked":"SKIP","floor":27},{"not_picked":["Streamline","Static Discharge"],"picked":"Ball Lightning","floor":29},{"not_picked":["Streamline+1","Reprogram+1","Leap"],"picked":"SKIP","floor":31},{"not_picked":["Meteor Strike","Multi-Cast"],"picked":"Seek","floor":33},{"not_picked":["Streamline+1","Turbo"],"picked":"Beam Cell","floor":34},{"not_picked":["Beam Cell","Chill+1"],"picked":"White Noise+1","floor":35},{"not_picked":["Blizzard+1","FTL"],"picked":"Doom and Gloom+1","floor":37},{"not_picked":["Go for the Eyes","Hologram","Rebound+1"],"picked":"SKIP","floor":38},{"not_picked":["Stack","Recycle","Rip and Tear"],"picked":"SKIP","floor":40},{"not_picked":["Stack+1","Redo+1","Gash+1"],"picked":"SKIP","floor":42},{"not_picked":["Go for the Eyes+1","Doom and Gloom","Genetic Algorithm+1"],"picked":"SKIP","floor":44},{"not_picked":["Recycle+1","Steam Power+1","Double Energy"],"picked":"SKIP","floor":47}],"player_experience":83531,"relics_obtained":[{"floor":5,"key":"DataDisk"},{"floor":6,"key":"Art of War"},{"floor":9,"key":"Regal Pillow"},{"floor":10,"key":"Toy Ornithopter"},{"floor":13,"key":"Lantern"},{"floor":22,"key":"Oddly Smooth Stone"},{"floor":24,"key":"Smiling Mask"},{"floor":26,"key":"Whetstone"},{"floor":27,"key":"Blood Vial"},{"floor":40,"key":"Shovel"},{"floor":42,"key":"Strawberry"},{"floor":43,"key":"Centennial Puzzle"},{"floor":46,"key":"HornCleat"}],"event_choices":[{"damage_healed":0,"gold_gain":175,"player_choice":"AGREE","damage_taken":0,"max_hp_gain":0,"max_hp_loss":0,"event_name":"Liars Game","floor":2,"gold_loss":0,"cards_obtained":["Doubt"]},{"damage_healed":0,"gold_gain":0,"player_choice":"Donut","damage_taken":0,"max_hp_gain":5,"max_hp_loss":0,"event_name":"Big Fish","floor":3,"gold_loss":0},{"cards_removed":["Strike_B"],"damage_healed":0,"gold_gain":0,"player_choice":"Offered Basic","damage_taken":0,"max_hp_gain":0,"max_hp_loss":0,"event_name":"Bonfire Elementals","floor":19,"gold_loss":0},{"damage_healed":0,"gold_gain":0,"player_choice":"Ignored","damage_taken":0,"max_hp_gain":0,"max_hp_loss":0,"event_name":"Ghosts","floor":21,"gold_loss":0},{"cards_removed":["Hologram"],"damage_healed":0,"gold_gain":0,"player_choice":"Removed Skill","damage_taken":0,"max_hp_gain":0,"max_hp_loss":0,"event_name":"Falling","floor":36,"gold_loss":0},{"damage_healed":0,"gold_gain":0,"player_choice":"Memory 1","damage_taken":0,"max_hp_gain":0,"max_hp_loss":0,"event_name":"SensoryStone","floor":39,"gold_loss":0}],"is_beta":false,"boss_relics":[{"not_picked":["Ectoplasm","Fusion Hammer"],"picked":"Sozu"},{"not_picked":["SlaversCollar","Runic Dome"],"picked":"Tiny House"}],"items_purged_floors":[4,28,30],"is_endless":false,"potions_floor_spawned":[7,14,16,20,29,31,35,42],"ascension_level":3}}