{"host":"rpu0b34yn88n8zeb","time":1611444873,"event":{"mods":["Act Like it!","BaseMod","CapriCore","Colored Powertips","Defuse TimeMaze Blight","Gensokyo","Marisa£®ÏF”Í°°ƒß¿Ì…≥£©","Minty Spire (QoL Compilation)","Quick Restart","Reimu£®≤©¿ˆ¡È√Œ£©","Shop Mod","Spicy Shops","StSLib","The Immortal","The Servant 0.9.4","Yakumo Yukari mod","Youmu£®ªÍ∆«—˝√Œ£©"],"gold_per_floor":[113,133,153,166,166,216,216,291,291,291,291,310,310,310,310,409,409,428,445,445,445,445,445,473,473,473],"floor_reached":25,"language":"ZHS","playtime":1022,"items_purged":[],"score":230,"play_id":"fa71ace9-e669-48c1-89f2-33e05f25cb99","local_time":"20210123163433","is_ascension_mode":true,"campfire_choices":[{"floor":7,"key":"REST"},{"floor":11,"key":"REST"},{"floor":13,"key":"REST"},{"data":"SignatureMove","floor":15,"key":"SMITH"},{"data":"NB:ReiMu","floor":23,"key":"SMITH"}],"circlet_count":0,"master_deck":["Strike_Lin:ReiMu+1","Strike_Lin:ReiMu+1","Strike_Lin:ReiMu+1","Strike_Lin:ReiMu+1","Defend_Lin:ReiMu+1","Defend_Lin:ReiMu+1","Defend_Lin:ReiMu+1","Defend_Lin:ReiMu+1","NB:ReiMu+1","Stagnation:ReiMu","InherentArray:ReiMu+1","AirStrike:ReiMu","OrbThrow:ReiMu","SignatureMove+1","KamiSacrifice:ReiMu+1","KamiRite:ReiMu+1","Enchanting:ReiMu+1","SealNeedle:ReiMu","WonderfulDomain:ReiMu","SubAcupoint:ReiMu"],"relics":["FlyPower:ReiMu","Bow_fan:ReiMu","Omamori","Astrolabe","MutagenicStrength","NlothsMask","StrikeDummy"],"acts_visited":["Exordium","TheCity"],"potions_floor_usage":[6,18,24],"damage_taken":[{"damage":0.0,"enemies":"Cultist","floor":1.0,"turns":4.0},{"damage":3.0,"enemies":"2 Louse","floor":2.0,"turns":6.0},{"damage":0.0,"enemies":"Small Slimes","floor":3.0,"turns":6.0},{"damage":2.0,"enemies":"2 Fungi Beasts","floor":4.0,"turns":7.0},{"damage":59,"enemies":"Gremlin Nob","floor":6,"turns":6},{"damage":0,"enemies":"Large Slime","floor":12,"turns":5},{"damage":32,"enemies":"Hexaghost","floor":16,"turns":12},{"damage":17,"enemies":"3 Byrds","floor":18,"turns":5},{"damage":12,"enemies":"2 Thieves","floor":19,"turns":4},{"damage":27,"enemies":"Slavers","floor":24,"turns":5},{"damage":14,"enemies":"Cultist and Chosen","floor":25,"turns":4}],"seed_played":"6353333090006573709","potions_obtained":[{"floor":2.0,"key":"ColorlessPotion"},{"floor":6,"key":"Ancient Potion"},{"floor":16,"key":"ColorlessPotion"},{"floor":19,"key":"Energy Potion"}],"is_trial":false,"path_per_floor":["M","M","M","M","?","E","R","?","T","?","R","M","R","?","R","B",null,"M","M","?","?","?","R","E","M"],"character_chosen":"REIMU","items_purchased":[],"campfire_rested":3,"item_purchase_floors":[],"current_hp_per_floor":[65,62,62,60,60,1,20,9,9,9,28,28,47,47,47,15,65,48,36,36,36,36,36,9,0,0],"gold":473,"neow_bonus":"RANDOM_COLORLESS","is_daily":false,"chose_seed":false,"campfire_upgraded":2,"win_rate":0.0,"timestamp":1611444873,"path_taken":["M","?","M","M","?","E","R","?","T","?","R","M","R","?","R","BOSS","M","M","?","?","?","R","E","?"],"items_purchased_type":[],"build_version":"2020-12-22","purchased_purges":0,"victory":false,"max_hp_per_floor":[65,65,65,65,65,65,65,65,65,65,65,65,65,65,65,65,65,65,65,65,65,65,65,65,65,65],"card_choices":[{"not_picked":["Trip","Bandage Up"],"picked":"Discovery","floor":0.0},{"not_picked":["YinYangSign:ReiMu","SubcavityInstant:ReiMu"],"picked":"InherentArray:ReiMu","floor":1.0},{"not_picked":["FoulBorder2:ReiMu","TightArray:ReiMu"],"picked":"SafetyPray:ReiMu","floor":2.0},{"not_picked":["UpKicking:ReiMu","FineLineFantasy:ReiMu"],"picked":"AlertArray:ReiMu","floor":3.0},{"not_picked":["EmergencyTakeOff:ReiMu","CollectionFlower2:ReiMu"],"picked":"AirStrike:ReiMu","floor":4.0},{"not_picked":["WonderfulDomain:ReiMu","Authority:ReiMu"],"picked":"OrbThrow:ReiMu","floor":6},{"not_picked":["FantasyBorder:ReiMu","TightArray:ReiMu","Enchanting:ReiMu"],"picked":"SKIP","floor":12},{"not_picked":["SubcavityFantasy:ReiMu","CeremonyResonance:ReiMu"],"picked":"YinYang:ReiMu","floor":16},{"not_picked":["Intuition:ReiMu","RainPray2:ReiMu+1"],"picked":"SealNeedle:ReiMu","floor":18},{"not_picked":["MountainWay:ReiMu+1","SubcavityInstant:ReiMu"],"picked":"WonderfulDomain:ReiMu","floor":19},{"not_picked":["Enchanting:ReiMu","Meditation:ReiMu"],"picked":"SubAcupoint:ReiMu","floor":24}],"player_experience":544073,"relics_obtained":[{"floor":6,"key":"Bow_fan:ReiMu"},{"floor":9,"key":"Omamori"},{"floor":24,"key":"StrikeDummy"}],"event_choices":[{"damage_healed":0.0,"max_hp_gain":0.0,"max_hp_loss":0.0,"gold_gain":0.0,"event_name":"Liars Game","player_choice":"Ignored","floor":5.0,"gold_loss":0.0,"damage_taken":0.0},{"damage_healed":0,"gold_gain":75,"player_choice":"Gather Gold","damage_taken":11,"max_hp_gain":0,"max_hp_loss":0,"event_name":"World of Goop","floor":8,"gold_loss":0},{"damage_healed":0,"gold_gain":0,"player_choice":"Grow","damage_taken":0,"max_hp_gain":0,"max_hp_loss":0,"event_name":"Living Wall","floor":10,"gold_loss":0,"cards_upgraded":["InherentArray:ReiMu"]},{"cards_removed":["Discovery"],"damage_healed":0,"gold_gain":0,"player_choice":"Took Card","damage_taken":0,"max_hp_gain":0,"max_hp_loss":0,"event_name":"NoteForYourself","floor":14,"gold_loss":0,"cards_obtained":["SignatureMove"]},{"damage_healed":0,"gold_gain":0,"player_choice":"Inject Mutagens","damage_taken":0,"relics_obtained":["MutagenicStrength"],"max_hp_gain":0,"max_hp_loss":0,"event_name":"Drug Dealer","floor":20,"gold_loss":0},{"damage_healed":0,"gold_gain":0,"player_choice":"Simplicity","damage_taken":0,"max_hp_gain":0,"max_hp_loss":0,"event_name":"Back to Basics","floor":21,"gold_loss":0,"cards_upgraded":["Strike_Lin:ReiMu","Strike_Lin:ReiMu","Strike_Lin:ReiMu","Strike_Lin:ReiMu","Defend_Lin:ReiMu","Defend_Lin:ReiMu","Defend_Lin:ReiMu","Defend_Lin:ReiMu"]},{"damage_healed":0,"gold_gain":0,"player_choice":"Trade","damage_taken":0,"relics_obtained":["NlothsMask"],"max_hp_gain":0,"max_hp_loss":0,"event_name":"FaceTrader","floor":22,"gold_loss":0}],"is_beta":false,"boss_relics":[{"not_picked":["Ectoplasm","Snecko Eye"],"picked":"Astrolabe"}],"items_purged_floors":[],"is_endless":false,"potions_floor_spawned":[2,6,16,19],"killed_by":"Cultist and Chosen","ascension_level":1}}