{"host":"ueef25wtkg2eer3h","time":1611413638,"event":{"mods":["AchievementEnabler","BaseMod","Colored Map","Colored Powertips","DeckTracker","Displayed Cursed Tome","Googly Eyes","Highlight Path","Minty Spire (QoL Compilation)","Slay the Relics Exporter","StSLib"],"gold_per_floor":[119,133,152,171,184,184,209,209,256,285,4,4,4,4,4,131,131,166,205,295,17,28,28,53,53],"floor_reached":24,"language":"ENG","playtime":1418,"items_purged":["Defend_B"],"score":330,"play_id":"cb82af04-45cb-43de-a68c-26ae54193444","local_time":"20210123155358","is_ascension_mode":true,"campfire_choices":[{"data":"Glacier","floor":6,"key":"SMITH"},{"floor":8,"key":"REST"},{"data":"HandOfGreed","floor":12,"key":"SMITH"},{"floor":15,"key":"REST"},{"floor":23,"key":"REST"}],"circlet_count":0,"master_deck":["AscendersBane","Strike_B","Strike_B","Strike_B","Strike_B","Defend_B","Defend_B","Defend_B","Zap","Dualcast","Glacier+1","Ball Lightning","Hologram","Glacier","Turbo","Self Repair","Rebound","HandOfGreed+1","Auto Shields","Electrodynamics","Defragment","Barrage","Stack","Creative AI","Force Field","Glacier","Fusion+1"],"relics":["Cracked Core","Happy Flower","Prayer Wheel","Pen Nib","Cables","Runic Pyramid","Kunai"],"acts_visited":["Exordium","TheCity"],"potions_floor_usage":[4,7,10,16,16,24],"damage_taken":[{"damage":3,"enemies":"Jaw Worm","floor":1,"turns":4},{"damage":3,"enemies":"Cultist","floor":2,"turns":4},{"damage":0,"enemies":"Small Slimes","floor":3,"turns":3},{"damage":5,"enemies":"Exordium Thugs","floor":4,"turns":4},{"damage":10,"enemies":"2 Fungi Beasts","floor":5,"turns":3},{"damage":14,"enemies":"Lagavulin","floor":7,"turns":7},{"damage":23,"enemies":"Gremlin Nob","floor":10,"turns":5},{"damage":6,"enemies":"Slime Boss","floor":16,"turns":8},{"damage":30,"enemies":"2 Thieves","floor":18,"turns":4},{"damage":6,"enemies":"Spheric Guardian","floor":19,"turns":4},{"damage":24,"enemies":"Shelled Parasite and Fungi","floor":22,"turns":5},{"damage":37,"enemies":"Slavers","floor":24,"turns":2}],"seed_played":"-3226170417395059324","potions_obtained":[{"floor":2,"key":"Block Potion"},{"floor":5,"key":"Weak Potion"},{"floor":7,"key":"ColorlessPotion"},{"floor":13,"key":"PowerPotion"},{"floor":13,"key":"PotionOfCapacity"},{"floor":22,"key":"SteroidPotion"}],"is_trial":false,"path_per_floor":["M","M","M","M","M","R","E","R","T","E","$","R","?","$","R","B",null,"M","M","?","$","M","R","E"],"character_chosen":"DEFECT","items_purchased":["HandOfGreed","Auto Shields","Force Field","Kunai"],"campfire_rested":3,"item_purchase_floors":[11,11,21,21],"current_hp_per_floor":[65,62,62,57,47,47,33,55,55,39,39,39,39,39,61,62,72,49,50,38,38,14,36,0,0],"gold":53,"neow_bonus":"RANDOM_COMMON_RELIC","is_daily":false,"chose_seed":false,"campfire_upgraded":2,"win_rate":0.0,"timestamp":1611413638,"path_taken":["M","M","M","M","M","R","E","R","T","E","$","R","?","?","R","BOSS","M","M","?","?","M","R","E"],"items_purchased_type":["Card","Card","Card","Relic"],"build_version":"2020-12-22","purchased_purges":1,"victory":false,"max_hp_per_floor":[75,75,75,75,75,75,75,75,75,75,75,75,75,75,75,75,75,75,75,75,75,75,75,75,75],"card_choices":[{"not_picked":["Barrage","Hologram"],"picked":"Glacier","floor":1},{"not_picked":["Rebound","Steam"],"picked":"Ball Lightning","floor":2},{"not_picked":["Fusion","Leap"],"picked":"Hologram","floor":3},{"not_picked":["Barrage","Coolheaded"],"picked":"Glacier","floor":4},{"not_picked":["Tempest","Gash"],"picked":"Turbo","floor":5},{"not_picked":["Conserve Battery","Rainbow"],"picked":"Self Repair","floor":7},{"not_picked":["Compile Driver","Self Repair"],"picked":"Rebound","floor":10},{"not_picked":["Meteor Strike","Thunder Strike"],"picked":"Electrodynamics","floor":16},{"not_picked":["Ball Lightning","Force Field"],"picked":"Defragment","floor":18},{"not_picked":["Streamline","Hologram"],"picked":"Barrage","floor":18},{"not_picked":["Steam","Barrage"],"picked":"Stack","floor":19},{"not_picked":["Genetic Algorithm","Hologram"],"picked":"Creative AI","floor":19},{"not_picked":["Leap","Barrage"],"picked":"Glacier","floor":22},{"not_picked":["Sweeping Beam+1","Rip and Tear"],"picked":"Fusion+1","floor":22}],"player_experience":289358,"relics_obtained":[{"floor":7,"key":"Prayer Wheel"},{"floor":9,"key":"Pen Nib"},{"floor":10,"key":"Cables"}],"event_choices":[{"damage_healed":0,"gold_gain":0,"player_choice":"Got Potions","damage_taken":0,"max_hp_gain":0,"max_hp_loss":0,"event_name":"Lab","floor":13,"gold_loss":0},{"damage_healed":0,"gold_gain":90,"player_choice":"GOLD ","damage_taken":12,"max_hp_gain":0,"max_hp_loss":0,"event_name":"Knowing Skull","floor":20,"potions_obtained":[],"gold_loss":0,"cards_obtained":[]}],"is_beta":false,"boss_relics":[{"not_picked":["Empty Cage","Calling Bell"],"picked":"Runic Pyramid"}],"items_purged_floors":[11],"is_endless":false,"potions_floor_spawned":[2,5,7,22],"killed_by":"Slavers","ascension_level":12}}