{"host":"3a1ypf1irl30q4k8","time":1611396150,"event":{"mods":["AchievementEnabler","BaseMod","Bestiary","Colored Map","Minty Spire (QoL Compilation)","Relic Stats"],"gold_per_floor":[118,131,27,44,55,89,89,102,129,139,149,161,195,209,209,311,311,326,341,341,341,358,392,415,415,484,484,484,484],"floor_reached":28,"language":"ENG","playtime":1343,"items_purged":[],"score":307,"play_id":"cb1aed4d-9923-4ccd-9b1c-dc95ad73fc54","local_time":"20210123100230","is_ascension_mode":true,"campfire_choices":[{"data":"Shockwave","floor":7,"key":"SMITH"},{"data":"Dark Embrace","floor":15,"key":"SMITH"},{"data":"Corruption","floor":25,"key":"SMITH"},{"data":"Offering","floor":27,"key":"SMITH"}],"circlet_count":0,"master_deck":["Strike_R","Strike_R+1","Strike_R","Strike_R","Strike_R+1","Defend_R","Defend_R","Defend_R","Defend_R","Bash+1","Shockwave+1","Wild Strike","Battle Trance","Perfected Strike","Armaments","Sword Boomerang","Corruption+1","Warcry","Anger","Pommel Strike","Thunderclap","Dark Embrace+1","Offering+1","Clothesline+1","Shrug It Off","Uppercut","True Grit"],"relics":["Burning Blood","Bronze Scales","Whetstone","Pen Nib","Philosopher\u0027s Stone","CeramicFish","Bottled Tornado"],"acts_visited":["Exordium","TheCity"],"potions_floor_usage":[6,6,6,6,6,10,13,22,24,24,24],"damage_taken":[{"damage":0,"enemies":"2 Louse","floor":1,"turns":2},{"damage":11,"enemies":"Cultist","floor":2,"turns":4},{"damage":0,"enemies":"Small Slimes","floor":4,"turns":2},{"damage":24,"enemies":"Exordium Wildlife","floor":5,"turns":4},{"damage":10,"enemies":"3 Sentries","floor":6,"turns":5},{"damage":17,"enemies":"Lots of Slimes","floor":8,"turns":3},{"damage":6,"enemies":"Looter","floor":10,"turns":2},{"damage":11,"enemies":"2 Fungi Beasts","floor":11,"turns":3},{"damage":8,"enemies":"Blue Slaver","floor":12,"turns":3},{"damage":29,"enemies":"Gremlin Nob","floor":13,"turns":4},{"damage":17,"enemies":"3 Louse","floor":14,"turns":2},{"damage":16,"enemies":"Hexaghost","floor":16,"turns":6},{"damage":34,"enemies":"2 Thieves","floor":18,"turns":4},{"damage":6,"enemies":"Chosen","floor":19,"turns":3},{"damage":30,"enemies":"Snake Plant","floor":22,"turns":4},{"damage":26,"enemies":"Book of Stabbing","floor":23,"turns":4},{"damage":26,"enemies":"Cultist and Chosen","floor":24,"turns":4},{"damage":57,"enemies":"Shelled Parasite and Fungi","floor":28,"turns":5}],"seed_played":"-2527668333938594188","potions_obtained":[{"floor":1,"key":"Energy Potion"},{"floor":5,"key":"EntropicBrew"},{"floor":8,"key":"SteroidPotion"},{"floor":12,"key":"Energy Potion"},{"floor":13,"key":"FearPotion"},{"floor":24,"key":"EntropicBrew"}],"is_trial":false,"path_per_floor":["M","M","$","M","M","E","R","M","T","M","M","M","E","M","R","B",null,"M","M","?","?","M","E","M","R","T","R","M"],"character_chosen":"IRONCLAD","items_purchased":["Inflame","Battle Trance"],"campfire_rested":0,"item_purchase_floors":[3,3],"current_hp_per_floor":[80,75,75,80,62,74,74,63,63,63,58,56,33,22,22,12,80,52,52,37,85,61,41,55,55,55,55,0,0],"gold":484,"neow_bonus":"UPGRADE_CARD","is_daily":false,"chose_seed":false,"campfire_upgraded":4,"win_rate":0.0,"timestamp":1611396150,"path_taken":["M","M","$","M","M","E","R","M","T","M","M","M","E","M","R","BOSS","M","M","?","?","M","E","M","R","T","R","M"],"items_purchased_type":["Card","Card"],"build_version":"2020-12-22","purchased_purges":0,"victory":false,"max_hp_per_floor":[80,80,80,80,80,80,80,80,80,80,80,80,80,80,80,80,80,80,80,85,85,85,85,85,85,85,85,85,85],"relic_stats":{"counters":[18,64],"Bronze Scales":[156],"CeramicFish":18,"Pen Nib":[6],"Whetstone":["Strike_R","Strike_R"],"obtain_stats":[{"Bronze Scales":6,"CeramicFish":23,"Philosopher\u0027s Stone":17,"Pen Nib":13,"Whetstone":9,"Bottled Tornado":26,"Burning Blood":0},{"Bronze Scales":5,"CeramicFish":16,"Philosopher\u0027s Stone":12,"Pen Nib":10,"Whetstone":6,"Bottled Tornado":17,"Burning Blood":0},{"Bronze Scales":17,"CeramicFish":55,"Philosopher\u0027s Stone":40,"Pen Nib":32,"Whetstone":20,"Bottled Tornado":59,"Burning Blood":0}],"Burning Blood":95},"card_choices":[{"not_picked":["Spot Weakness","Intimidate"],"picked":"Shockwave","floor":1},{"not_picked":["Clothesline","Rage"],"picked":"Wild Strike","floor":2},{"not_picked":["Body Slam","Wild Strike"],"picked":"Perfected Strike","floor":4},{"not_picked":["Headbutt","Warcry"],"picked":"Armaments","floor":5},{"not_picked":["Second Wind","Evolve"],"picked":"Sword Boomerang","floor":6},{"not_picked":["True Grit","Heavy Blade"],"picked":"Corruption","floor":8},{"not_picked":["Rupture","Armaments"],"picked":"Warcry","floor":10},{"not_picked":["Clothesline","Heavy Blade"],"picked":"Anger","floor":11},{"not_picked":["Shockwave","Wild Strike"],"picked":"Pommel Strike","floor":12},{"not_picked":["Sever Soul","Clothesline"],"picked":"Thunderclap","floor":13},{"not_picked":["Iron Wave","Armaments"],"picked":"Dark Embrace","floor":14},{"not_picked":["Bludgeon","Immolate"],"picked":"Offering","floor":16},{"not_picked":["Headbutt","Armaments+1"],"picked":"Clothesline+1","floor":18},{"not_picked":["Fire Breathing","Sword Boomerang"],"picked":"Shrug It Off","floor":19},{"not_picked":["Searing Blow+1","Pommel Strike","Hemokinesis"],"picked":"SKIP","floor":22},{"not_picked":["Rupture","Havoc"],"picked":"Uppercut","floor":23},{"not_picked":["Havoc","Thunderclap+1"],"picked":"True Grit","floor":24}],"player_experience":1168003,"relics_obtained":[{"floor":6,"key":"Bronze Scales"},{"floor":9,"key":"Whetstone"},{"floor":13,"key":"Pen Nib"},{"floor":23,"key":"CeramicFish"},{"floor":26,"key":"Bottled Tornado"}],"event_choices":[{"damage_healed":0,"gold_gain":0,"player_choice":"Shed Blood","damage_taken":20,"max_hp_gain":5,"max_hp_loss":0,"event_name":"Forgotten Altar","floor":20,"gold_loss":0},{"cards_removed":["Inflame"],"damage_healed":48,"gold_gain":0,"player_choice":"Offered Uncommon","damage_taken":0,"max_hp_gain":0,"max_hp_loss":0,"event_name":"Bonfire Elementals","floor":21,"gold_loss":0}],"is_beta":false,"boss_relics":[{"not_picked":["Velvet Choker","Runic Dome"],"picked":"Philosopher\u0027s Stone"}],"items_purged_floors":[],"is_endless":false,"potions_floor_spawned":[1,5,8,12,13,24],"killed_by":"Shelled Parasite and Fungi","ascension_level":4}}