{"host":"c6uvvgqwlxq4k23y","time":1611397820,"event":{"mods":["Arknights The Spire","BaseMod","CapriCore","DeckTracker","Hermit","Minty Spire (QoL Compilation)","StSLib","SuperFastMode","The Cursed"],"gold_per_floor":[114,114,134,152,170,170,196,208,271,315,277,289,315,1,1,102,102,114,114,129,140,17,50,68,87,112,112,112,112],"floor_reached":28,"language":"KOR","playtime":791,"items_purged":["ats:Strike V"],"score":275,"play_id":"2ef04e4e-be96-4d16-ad43-7c4e2f766808","local_time":"20210123193020","is_ascension_mode":false,"campfire_choices":[{"data":"ats:True Silver Slash","floor":6.0,"key":"SMITH"},{"data":"ats:Healing Drone","floor":8.0,"key":"SMITH"},{"data":"ats:Emotion Absorption","floor":12.0,"key":"SMITH"},{"floor":15.0,"key":"REST"},{"floor":27,"key":"REST"}],"circlet_count":0,"master_deck":["ats:Strike C","ats:Strike G","ats:Armor Crushing Shot","ats:Defend","ats:Defend","ats:Defend","ats:Defend","ats:Emotion Absorption+1","ats:Shadow Assault","ats:Revitalization","ats:Healing Drone+1","ats:True Silver Slash+1","ats:Thorns","ats:Cat Scratch","ats:Soul Rend+1","ats:Cat Scratch+1","ats:Shell Defense","ats:Cat Scratch","ats:Hook Shot","ats:Cat Scratch","ats:Charging Defense"],"relics":["ats:Sanity","ats:Military Tradition","ats:Originium","MawBank","Kunai","Frozen Egg 2","SlaversCollar","Pantograph","ats:Rhine Circuitry"],"acts_visited":["Exordium","TheCity"],"potions_floor_usage":[25,25],"damage_taken":[{"damage":9.0,"enemies":"Jaw Worm","floor":1.0,"turns":5.0},{"damage":13.0,"enemies":"Cultist","floor":3.0,"turns":5.0},{"damage":0.0,"enemies":"2 Louse","floor":4.0,"turns":1.0},{"damage":8.0,"enemies":"Large Slime","floor":5.0,"turns":5.0},{"damage":9.0,"enemies":"3 Sentries","floor":7.0,"turns":2.0},{"damage":30.0,"enemies":"Gremlin Nob","floor":10.0,"turns":4.0},{"damage":7.0,"enemies":"Looter","floor":13.0,"turns":4.0},{"damage":62.0,"enemies":"Slime Boss","floor":16.0,"turns":9.0},{"damage":62.0,"enemies":"Shell Parasite","floor":18.0,"turns":12.0},{"damage":29.0,"enemies":"2 Thieves","floor":20.0,"turns":4.0},{"damage":34.0,"enemies":"Centurion and Healer","floor":21.0,"turns":13.0},{"damage":57.0,"enemies":"Gremlin Leader","floor":23.0,"turns":8.0},{"damage":31.0,"enemies":"Snecko","floor":24.0,"turns":6.0},{"damage":56,"enemies":"Cultist and Chosen","floor":25,"turns":8},{"damage":50,"enemies":"Slavers","floor":28,"turns":2}],"seed_played":"-1566057145174203176","potions_obtained":[{"floor":1.0,"key":"Strength Potion"},{"floor":4.0,"key":"Fire Potion"},{"floor":7.0,"key":"FearPotion"},{"floor":10.0,"key":"GamblersBrew"},{"floor":13.0,"key":"Fire Potion"},{"floor":16.0,"key":"LiquidMemories"},{"floor":21.0,"key":"LiquidBronze"},{"floor":23.0,"key":"Regen Potion"}],"is_trial":false,"path_per_floor":["M","?","M","M","M","R","E","R","T","E","?","R","M","$","R","B",null,"M","?","M","M","$","E","M","M","T","R","E"],"character_chosen":"DOCTOR_CLASS","items_purchased":["Frozen Egg 2","ats:Hook Shot","ats:Cat Scratch"],"campfire_rested":2,"item_purchase_floors":[14,22,22],"current_hp_per_floor":[63,63,50,50,54,54,45,45,45,23,23,23,24,24,45,5,72,72,72,43,72,72,41,32,24,24,45,0,0],"gold":112,"neow_bonus":"ONE_RANDOM_RARE_CARD","is_daily":false,"chose_seed":false,"campfire_upgraded":3,"win_rate":0.0,"timestamp":1611397820,"path_taken":["M","?","M","M","?","R","E","R","T","E","?","R","M","$","R","BOSS","M","?","M","?","$","E","M","M","T","R","E"],"items_purchased_type":["Relic","Card","Card"],"build_version":"2020-12-22","purchased_purges":1,"victory":false,"max_hp_per_floor":[72,72,72,72,72,72,72,72,72,72,72,72,72,72,72,72,72,72,72,72,72,72,72,72,72,72,72,72,72],"card_choices":[{"not_picked":["ats:LN2 Cannon","ats:Consecutive Shot Auto","ats:Rapid Magazine"],"picked":"SKIP","floor":1.0},{"not_picked":["ats:Counter Healing Mode","ats:Hammer On"],"picked":"ats:Revitalization","floor":3.0},{"not_picked":["ats:Flexible Camouflage","ats:Directed Diagnosis"],"picked":"ats:Healing Drone","floor":4.0},{"not_picked":["ats:Poison Spread","ats:Flexible Camouflage"],"picked":"ats:True Silver Slash","floor":5.0},{"not_picked":["ats:Revitalization","ats:Defend Order"],"picked":"ats:Thorns","floor":7.0},{"not_picked":["ats:Leaping Hammer","ats:Assault Order"],"picked":"ats:Cat Scratch","floor":10.0},{"not_picked":["ats:Song Of Battle","ats:Overload","ats:Sunburst"],"picked":"SKIP","floor":13.0},{"not_picked":["ats:Shadow Assault","ats:Volcano"],"picked":"ats:Soul Rend+1","floor":16.0},{"not_picked":["ats:Thorns+1","ats:Poison Spread+1"],"picked":"ats:Cat Scratch+1","floor":18.0},{"not_picked":["ats:Neurotoxin+1","ats:Childhood Dance"],"picked":"ats:Shell Defense","floor":20.0},{"not_picked":["ats:Very Hot Blade","ats:Guardian Obelisk"],"picked":"ats:Cat Scratch","floor":21.0},{"not_picked":["ats:Ignite","ats:Part Time Job+1","ats:Sword Rain"],"picked":"SKIP","floor":23.0},{"not_picked":["ats:Beaten Up","ats:Poison Spread","ats:Revitalization"],"picked":"SKIP","floor":24.0},{"not_picked":["ats:Powerful Strike+1","ats:Curse Doll"],"picked":"ats:Charging Defense","floor":25}],"player_experience":334946,"relics_obtained":[{"floor":7.0,"key":"ats:Originium"},{"floor":7.0,"key":"MawBank"},{"floor":10.0,"key":"ats:Originium"},{"floor":10.0,"key":"Kunai"},{"floor":23.0,"key":"ats:Originium"},{"floor":23.0,"key":"Pantograph"},{"floor":26,"key":"ats:Rhine Circuitry"}],"event_choices":[{"damage_healed":0.0,"max_hp_gain":0.0,"max_hp_loss":0.0,"gold_gain":0.0,"event_name":"WeMeetAgain","player_choice":"Gave Potion","floor":2.0,"gold_loss":0.0,"damage_taken":0.0,"relics_obtained":["ats:Military Tradition"]},{"cards_removed":["ats:Strike S"],"damage_healed":0.0,"max_hp_gain":0.0,"max_hp_loss":0.0,"gold_gain":0.0,"event_name":"The Cleric","player_choice":"Card Removal","floor":11.0,"gold_loss":50.0,"damage_taken":0.0},{"damage_healed":0.0,"max_hp_gain":0.0,"max_hp_loss":0.0,"gold_gain":0.0,"event_name":"The Woman in Blue","player_choice":"Bought 0 Potions","floor":19.0,"gold_loss":0.0,"damage_taken":0.0}],"is_beta":false,"boss_relics":[{"not_picked":["Coffee Dripper","ats:Sanity Plus"],"picked":"SlaversCollar"}],"items_purged_floors":[14],"is_endless":false,"potions_floor_spawned":[1,4,7,10,13,16,21,23,24],"killed_by":"Slavers","ascension_level":0}}