{"host":"qfskrnw3pl1q86j0","time":1611445403,"event":{"mods":["BaseMod","Block Reminder","Hermit","Marisa????????","Minty Spire (QoL Compilation)","Quick Restart","Random Character Button","Relic Stats","StSLib","The Poker Player","slay the spire mod where everything is the same but ironclad has a cowboy hat"],"gold_per_floor":[110,110,122,122,122,452,452,466,466,466,501,501,518,534,534,629,629,645,421,432,449,449,449,465,465,465,481,515,515,525,553,553,657,657,670,670,682,434,446,446,494,94,94,94,144,144,191,211,211,211],"floor_reached":51,"language":"ENG","playtime":2214,"items_purged":["Strike_R","Defend_R"],"score":720,"play_id":"b8a5d8bb-d3bf-4302-8ee9-c554fc21a637","local_time":"20210124004323","is_ascension_mode":false,"campfire_choices":[{"data":"Bash","floor":7.0,"key":"SMITH"},{"data":"Bludgeon","floor":10.0,"key":"SMITH"},{"data":"Dramatic Entrance","floor":12.0,"key":"SMITH"},{"data":"Seeing Red","floor":15.0,"key":"SMITH"},{"data":"Flame Barrier","floor":23,"key":"SMITH"},{"data":"Shrug It Off","floor":25,"key":"SMITH"},{"data":"Offering","floor":29,"key":"SMITH"},{"data":"Shrug It Off","floor":32,"key":"SMITH"},{"data":"Double Tap","floor":40,"key":"SMITH"},{"data":"Feel No Pain","floor":44,"key":"SMITH"},{"data":"Evolve","floor":46,"key":"SMITH"},{"data":"Seeing Red","floor":49,"key":"SMITH"}],"circlet_count":0,"master_deck":["Strike_R","Strike_R+1","Defend_R","Defend_R","Bash+1","Shrug It Off+1","Dramatic Entrance+1","Shrug It Off+1","Battle Trance+1","Feel No Pain+1","Bludgeon+1","Seeing Red+1","Flame Barrier+1","Double Tap+1","Offering+1","Warcry+1","Evolve+1","Seeing Red+1"],"relics":["Burning Blood","NeowsBlessing","Old Coin","Torii","Empty Cage","Nloth\u0027s Gift","PreservedInsect","Toy Ornithopter","Blue Candle","Mark of Pain","Nunchaku","CatCart","Pantograph","Omamori","Singing Bowl","Prayer Wheel","Magic Flower"],"acts_visited":["Exordium","TheCity","TheBeyond"],"potions_floor_usage":[16,24,28,33,33,41,41,45,50],"damage_taken":[{"damage":0.0,"enemies":"2 Louse","floor":1.0,"turns":1.0},{"damage":0.0,"enemies":"Cultist","floor":3.0,"turns":1.0},{"damage":0.0,"enemies":"Lagavulin","floor":6.0,"turns":1.0},{"damage":0.0,"enemies":"Jaw Worm","floor":8.0,"turns":1.0},{"damage":6.0,"enemies":"Gremlin Nob","floor":11.0,"turns":3.0},{"damage":0.0,"enemies":"Exordium Thugs","floor":13.0,"turns":2.0},{"damage":0.0,"enemies":"Gremlin Gang","floor":14.0,"turns":2.0},{"damage":24,"enemies":"Hexaghost","floor":16,"turns":9},{"damage":0,"enemies":"Chosen","floor":18,"turns":3},{"damage":12,"enemies":"Shell Parasite","floor":20,"turns":2},{"damage":1,"enemies":"Centurion and Healer","floor":21,"turns":4},{"damage":6,"enemies":"Snake Plant","floor":24,"turns":2},{"damage":6,"enemies":"Chosen and Byrds","floor":27,"turns":6},{"damage":12,"enemies":"Book of Stabbing","floor":28,"turns":2},{"damage":6,"enemies":"Cultist and Chosen","floor":30,"turns":2},{"damage":19,"enemies":"Slavers","floor":31,"turns":4},{"damage":66,"enemies":"Collector","floor":33,"turns":10},{"damage":6,"enemies":"Orb Walker","floor":35,"turns":1},{"damage":6,"enemies":"3 Shapes","floor":37,"turns":5},{"damage":13,"enemies":"Writhing Mass","floor":39,"turns":2},{"damage":46,"enemies":"Orin","floor":41,"turns":6},{"damage":13,"enemies":"Mind Bloom Boss Battle","floor":45,"turns":5},{"damage":32,"enemies":"2 Orb Walkers","floor":47,"turns":4},{"damage":21,"enemies":"Sphere and 2 Shapes","floor":48,"turns":4},{"damage":61,"enemies":"Donu and Deca","floor":50,"turns":13}],"seed_played":"-3094359398232277730","potions_obtained":[{"floor":6.0,"key":"Regen Potion"},{"floor":11.0,"key":"SpeedPotion"},{"floor":13.0,"key":"Explosive Potion"},{"floor":20,"key":"SkillPotion"},{"floor":27,"key":"DistilledChaos"},{"floor":28,"key":"SpeedPotion"},{"floor":35,"key":"Explosive Potion"},{"floor":37,"key":"SpeedPotion"},{"floor":41,"key":"Fruit Juice"},{"floor":48,"key":"SteroidPotion"}],"is_trial":false,"path_per_floor":["M","?","M","?","?","E","R","M","T","R","E","R","M","M","R","B",null,"M","$","M","M","?","R","M","R","T","M","E","R","M","E","R","B",null,"M","?","M","$","M","R","?","$","T","R","?","R","?","M","R","B",null],"character_chosen":"IRONCLAD","items_purchased":["Double Tap","Nunchaku","Pantograph","Omamori"],"campfire_rested":0,"item_purchase_floors":[19,38,42,42],"current_hp_per_floor":[80,80,80,64,64,70,70,76,76,76,76,76,80,80,80,62,80,80,80,74,79,79,79,79,79,79,79,73,73,73,60,60,10,80,80,80,80,80,73,73,48,48,48,48,71,71,47,37,37,53],"gold":211,"neow_bonus":"THREE_ENEMY_KILL","is_daily":false,"chose_seed":false,"campfire_upgraded":12,"win_rate":0.0,"timestamp":1611445403,"path_taken":["M","?","?","?","?","E","R","M","T","R","E","R","M","M","R","BOSS","M","$","M","M","?","R","M","R","T","M","E","R","?","E","R","BOSS","M","?","M","$","M","R","?","$","T","R","?","R","?","M","R","BOSS"],"items_purchased_type":["Card","Relic","Relic","Relic"],"build_version":"2020-12-22","purchased_purges":2,"victory":true,"max_hp_per_floor":[80,80,80,80,80,80,80,80,80,80,80,80,80,80,80,80,80,80,80,80,80,80,80,80,80,80,80,80,80,80,80,80,80,80,80,80,80,80,80,80,85,85,85,85,85,85,87,89,89,89],"relic_stats":{"Torii":27,"Singing Bowl":4,"counters":[25,95],"Blue Candle":[0],"Magic Flower":[29],"PreservedInsect":96,"Burning Blood":130,"Nunchaku":[6],"Pantograph":63,"Prayer Wheel":1,"Nloth\u0027s Gift":3,"obtain_stats":[{"NeowsBlessing":0,"Torii":9,"Singing Bowl":43,"Blue Candle":31,"Magic Flower":47,"PreservedInsect":26,"Omamori":42,"Empty Cage":17,"Burning Blood":0,"Old Coin":6,"Nunchaku":38,"Pantograph":42,"Prayer Wheel":45,"Mark of Pain":34,"Nloth\u0027s Gift":22,"CatCart":41,"Toy Ornithopter":28,"Pocketwatch":11},{"NeowsBlessing":0,"Torii":4,"Singing Bowl":21,"Blue Candle":16,"Magic Flower":23,"PreservedInsect":12,"Omamori":21,"Empty Cage":8,"Burning Blood":0,"Old Coin":3,"Nunchaku":19,"Pantograph":21,"Prayer Wheel":22,"Mark of Pain":17,"Nloth\u0027s Gift":11,"CatCart":21,"Toy Ornithopter":14,"Pocketwatch":5},{"NeowsBlessing":0,"Torii":4,"Singing Bowl":69,"Blue Candle":45,"Magic Flower":78,"PreservedInsect":31,"Omamori":69,"Empty Cage":20,"Burning Blood":0,"Old Coin":3,"Nunchaku":61,"Pantograph":69,"Prayer Wheel":74,"Mark of Pain":55,"Nloth\u0027s Gift":29,"CatCart":69,"Toy Ornithopter":39,"Pocketwatch":7}],"Toy Ornithopter":33},"card_choices":[{"not_picked":["True Grit","Twin Strike"],"picked":"Shrug It Off","floor":1.0},{"not_picked":["Second Wind","Clash"],"picked":"Battle Trance","floor":3.0},{"not_picked":["Dual Wield","Sentinel"],"picked":"Bludgeon","floor":6.0},{"not_picked":["Entrench","Havoc","Heavy Blade"],"picked":"SKIP","floor":8.0},{"not_picked":["Clothesline","Headbutt"],"picked":"Seeing Red","floor":11.0},{"not_picked":["Anger","Bloodletting"],"picked":"Flame Barrier","floor":13.0},{"not_picked":["Twin Strike","Spot Weakness","Reckless Charge"],"picked":"SKIP","floor":14.0},{"not_picked":["Sword Boomerang","Second Wind","Clash"],"picked":"SKIP","floor":18},{"not_picked":["Anger","Heavy Blade","Evolve"],"picked":"SKIP","floor":20},{"not_picked":["Perfected Strike+1","Evolve+1"],"picked":"Offering","floor":21},{"not_picked":["True Grit+1","Double Tap"],"picked":"Warcry+1","floor":24},{"not_picked":["Combust","Pommel Strike","Sentinel"],"picked":"SKIP","floor":27},{"not_picked":["Dual Wield+1","Armaments","Wild Strike"],"picked":"SKIP","floor":28},{"not_picked":["Sever Soul","Headbutt","Pommel Strike+1"],"picked":"SKIP","floor":30},{"not_picked":["Combust","Demon Form","Seeing Red"],"picked":"SKIP","floor":31},{"not_picked":["Cleave+1","Thunderclap+1","Rage"],"picked":"SKIP","floor":35},{"not_picked":["Heavy Blade+1","Headbutt","Spot Weakness+1"],"picked":"SKIP","floor":37},{"not_picked":["Thunderclap+1","Inflame","Headbutt"],"picked":"SKIP","floor":39},{"not_picked":["Carnage+1","Entrench"],"picked":"Evolve","floor":45},{"not_picked":["Shrug It Off+1","Sword Boomerang+1","Clash+1"],"picked":"Singing Bowl","floor":47},{"not_picked":["Heavy Blade","Feed"],"picked":"Seeing Red","floor":48},{"not_picked":["Shrug It Off","Thunderclap+1","Armaments"],"picked":"Singing Bowl","floor":48}],"player_experience":997033,"relics_obtained":[{"floor":6.0,"key":"Old Coin"},{"floor":9.0,"key":"Torii"},{"floor":11.0,"key":"Pocketwatch"},{"floor":26,"key":"PreservedInsect"},{"floor":28,"key":"Toy Ornithopter"},{"floor":31,"key":"Blue Candle"},{"floor":41,"key":"CatCart"},{"floor":43,"key":"Singing Bowl"},{"floor":45,"key":"Prayer Wheel"},{"floor":47,"key":"Magic Flower"}],"event_choices":[{"damage_healed":0.0,"max_hp_gain":0.0,"max_hp_loss":0.0,"gold_gain":0.0,"event_name":"Match and Keep!","player_choice":"2 cards matched","floor":2.0,"gold_loss":0.0,"damage_taken":0.0,"cards_obtained":["Dramatic Entrance","Shrug It Off"]},{"damage_healed":0.0,"max_hp_gain":0.0,"max_hp_loss":0.0,"gold_gain":0.0,"event_name":"Shining Light","player_choice":"Entered Light","floor":4.0,"gold_loss":0.0,"damage_taken":16.0,"cards_upgraded":["Strike_R","Battle Trance"]},{"damage_healed":0.0,"max_hp_gain":0.0,"max_hp_loss":0.0,"gold_gain":0.0,"cards_transformed":["Strike_R"],"event_name":"Transmorgrifier","player_choice":"Transformed","floor":5.0,"gold_loss":0.0,"damage_taken":0.0,"cards_obtained":["Feel No Pain"]},{"damage_healed":0,"gold_gain":0,"player_choice":"Traded Relic","damage_taken":0,"relics_obtained":["Nloth\u0027s Gift"],"max_hp_gain":0,"max_hp_loss":0,"event_name":"N\u0027loth","floor":22,"relics_lost":["Pocketwatch"],"gold_loss":0},{"damage_healed":0,"gold_gain":0,"player_choice":"Memory 1","damage_taken":0,"max_hp_gain":0,"max_hp_loss":0,"event_name":"SensoryStone","floor":36,"gold_loss":0},{"damage_healed":0,"gold_gain":0,"player_choice":"Fight","damage_taken":0,"max_hp_gain":0,"max_hp_loss":0,"event_name":"OrinTheCat","floor":41,"gold_loss":0},{"damage_healed":0,"gold_gain":0,"player_choice":"Fight","damage_taken":0,"max_hp_gain":0,"max_hp_loss":0,"event_name":"MindBloom","floor":45,"gold_loss":0},{"damage_healed":0,"gold_gain":0,"player_choice":"Fight","damage_taken":0,"max_hp_gain":0,"max_hp_loss":0,"event_name":"Mysterious Sphere","floor":47,"gold_loss":0}],"is_beta":false,"boss_relics":[{"not_picked":["Runic Cube","Runic Pyramid"],"picked":"Empty Cage"},{"not_picked":["Astrolabe","Velvet Choker"],"picked":"Mark of Pain"}],"items_purged_floors":[19,38],"is_endless":false,"potions_floor_spawned":[6,11,13,14,20,27,28,31,35,37,41,48],"ascension_level":0}}