{"host":"f0gpob8hq9vgebej","time":1611378419,"event":{"mods":["AchievementEnabler","BaseMod","Minty Spire (QoL Compilation)","Quick Restart","SuperFastMode"],"gold_per_floor":[110,123,140,155,169,169,187,198,198,198,228,228,241,58,58,158,158,172,188,158,176,86,86,103,103,103,113,128,53,66,91,91,187,187,201,56,56,67,83,83,118,118,118,118,135,0,20,20,20,20,20],"floor_reached":50,"language":"KOR","playtime":4478,"items_purged":["Tools of the Trade"],"score":850,"play_id":"173d71d5-e021-4c7c-8c1e-99c233bc1508","local_time":"20210123140659","is_ascension_mode":true,"campfire_choices":[{"data":"Dagger Spray","floor":6.0,"key":"SMITH"},{"data":"Crippling Poison","floor":10.0,"key":"SMITH"},{"data":"Cloak And Dagger","floor":12.0,"key":"SMITH"},{"data":"Phantasmal Killer","floor":15.0,"key":"SMITH"},{"data":"Tactician","floor":23.0,"key":"SMITH"},{"data":"Tactician","floor":25.0,"key":"SMITH"},{"data":"Malaise","floor":32.0,"key":"SMITH"},{"data":"Envenom","floor":40,"key":"SMITH"},{"data":"Wraith Form v2","floor":42,"key":"SMITH"},{"data":"Finisher","floor":44,"key":"SMITH"},{"floor":49,"key":"REST"}],"circlet_count":0,"master_deck":["AscendersBane","Survivor","Neutralize+1","Dagger Spray+1","PiercingWail","Cloak And Dagger+1","Backflip","Crippling Poison+1","Wraith Form v2+1","Blade Dance","Phantasmal Killer+1","Adrenaline","Deflect","Tactician+1","Flechettes+1","Setup","Acrobatics","Tactician+1","Malaise+1","Dodge and Roll","Finisher+1","Acrobatics+1","Prepared+1","Blade Dance","Reflex+1","Escape Plan","Blade Dance+1","Prepared+1","Envenom+1","Acrobatics+1","Blade Dance+1"],"relics":["Ring of the Snake","Eternal Feather","Snake Skull","Pandora\u0027s Box","Ninja Scroll","Anchor","HoveringKite","Orrery","Bottled Flame","White Beast Statue","Art of War","Red Mask"],"acts_visited":["Exordium","TheCity","TheBeyond"],"potions_floor_usage":[33,33,33,50,50],"damage_taken":[{"damage":1.0,"enemies":"Small Slimes","floor":1.0,"turns":5.0},{"damage":2.0,"enemies":"Cultist","floor":2.0,"turns":4.0},{"damage":0.0,"enemies":"Jaw Worm","floor":3.0,"turns":5.0},{"damage":4.0,"enemies":"Exordium Thugs","floor":4.0,"turns":6.0},{"damage":1.0,"enemies":"Looter","floor":5.0,"turns":4.0},{"damage":7.0,"enemies":"2 Fungi Beasts","floor":7.0,"turns":4.0},{"damage":3.0,"enemies":"Large Slime","floor":8.0,"turns":6.0},{"damage":9.0,"enemies":"Gremlin Nob","floor":11.0,"turns":5.0},{"damage":5.0,"enemies":"Blue Slaver","floor":13.0,"turns":4.0},{"damage":48.0,"enemies":"Hexaghost","floor":16.0,"turns":15.0},{"damage":14.0,"enemies":"Chosen","floor":18.0,"turns":6.0},{"damage":8.0,"enemies":"2 Thieves","floor":19.0,"turns":3.0},{"damage":0.0,"enemies":"Shelled Parasite and Fungi","floor":21.0,"turns":3.0},{"damage":4.0,"enemies":"Centurion and Healer","floor":24.0,"turns":5.0},{"damage":1.0,"enemies":"Snecko","floor":27.0,"turns":4.0},{"damage":0.0,"enemies":"Shelled Parasite and Fungi","floor":28.0,"turns":2.0},{"damage":0.0,"enemies":"Cultist and Chosen","floor":30.0,"turns":4.0},{"damage":6.0,"enemies":"Gremlin Leader","floor":31.0,"turns":5.0},{"damage":35,"enemies":"Collector","floor":33,"turns":7},{"damage":6,"enemies":"3 Shapes","floor":35,"turns":5},{"damage":0,"enemies":"Orb Walker","floor":38,"turns":2},{"damage":0,"enemies":"Maw","floor":39,"turns":4},{"damage":0,"enemies":"Nemesis","floor":41,"turns":8},{"damage":38,"enemies":"Spire Growth","floor":45,"turns":4},{"damage":0,"enemies":"Jaw Worm Horde","floor":47,"turns":3},{"damage":94,"enemies":"Time Eater","floor":50,"turns":6}],"seed_played":"829189570978242973","potions_obtained":[{"floor":1.0,"key":"EssenceOfSteel"},{"floor":4.0,"key":"LiquidMemories"},{"floor":8.0,"key":"SteroidPotion"},{"floor":13.0,"key":"Block Potion"},{"floor":20.0,"key":"PowerPotion"},{"floor":20.0,"key":"DistilledChaos"},{"floor":27.0,"key":"Fire Potion"},{"floor":28.0,"key":"Swift Potion"},{"floor":31.0,"key":"Poison Potion"},{"floor":35,"key":"Fire Potion"},{"floor":41,"key":"LiquidBronze"},{"floor":45,"key":"LiquidMemories"},{"floor":47,"key":"DistilledChaos"}],"is_trial":false,"path_per_floor":["M","M","M","M","M","R","M","M","T","R","E","R","M","$","R","B",null,"M","M","?","M","?","R","M","R","T","M","M","$","M","E","R","B",null,"M","$","T","M","M","R","E","R","T","R","M","?","M","$","R","B"],"character_chosen":"THE_SILENT","items_purchased":["Blade Dance","Phantasmal Killer","Orrery"],"campfire_rested":1,"item_purchase_floors":[14,14,36],"current_hp_per_floor":[62,60,60,56,55,55,48,45,45,54,45,54,49,49,61,13,56,42,34,34,34,34,46,42,54,54,53,53,53,53,47,62,27,59,53,53,53,53,53,70,70,70,70,70,32,32,32,32,70,0,0],"gold":20,"neow_bonus":"UPGRADE_CARD","is_daily":false,"chose_seed":false,"campfire_upgraded":10,"win_rate":0.0,"timestamp":1611378419,"path_taken":["M","M","M","M","M","R","M","M","T","R","E","R","M","$","R","BOSS","M","M","?","?","?","R","M","R","T","?","M","$","M","E","R","BOSS","M","$","?","?","M","R","E","R","T","R","M","?","M","?","R","BOSS"],"items_purchased_type":["Card","Card","Relic"],"build_version":"2020-12-22","purchased_purges":1,"victory":false,"max_hp_per_floor":[70,70,70,70,70,70,70,70,70,70,70,70,70,70,70,70,70,70,70,70,70,70,70,70,70,70,70,70,70,70,70,70,70,70,70,70,70,70,70,70,70,70,70,70,70,70,70,70,70,70,70],"card_choices":[{"not_picked":["PiercingWail","Backstab"],"picked":"Dagger Spray","floor":1.0},{"not_picked":["Deflect","Endless Agony"],"picked":"PiercingWail","floor":2.0},{"not_picked":["Outmaneuver","Quick Slash"],"picked":"Cloak And Dagger","floor":3.0},{"not_picked":["Riddle With Holes","PiercingWail"],"picked":"Backflip","floor":4.0},{"not_picked":["Bane","Outmaneuver","Dagger Throw"],"picked":"SKIP","floor":5.0},{"not_picked":["Deadly Poison","Backflip"],"picked":"Crippling Poison","floor":7.0},{"not_picked":["Well Laid Plans","Concentrate"],"picked":"Wraith Form v2","floor":8.0},{"not_picked":["Setup","Sucker Punch","Outmaneuver"],"picked":"SKIP","floor":11.0},{"not_picked":["Bane","Sucker Punch","Leg Sweep"],"picked":"SKIP","floor":13.0},{"not_picked":["Doppelganger","Storm of Steel"],"picked":"Adrenaline","floor":16.0},{"not_picked":["Quick Slash+1","Sucker Punch"],"picked":"Finisher","floor":18.0},{"not_picked":["Footwork","Bane","Expertise"],"picked":"SKIP","floor":19.0},{"not_picked":["Phantasmal Killer","Tactician"],"picked":"Acrobatics+1","floor":21.0},{"not_picked":["Reflex","Backstab"],"picked":"Prepared+1","floor":24.0},{"not_picked":["Distraction","Crippling Poison+1"],"picked":"Blade Dance","floor":27.0},{"not_picked":["Flying Knee+1","Outmaneuver","Tactician"],"picked":"SKIP","floor":28.0},{"not_picked":["Bane","Underhanded Strike+1"],"picked":"Reflex+1","floor":30.0},{"not_picked":["PiercingWail","Bane"],"picked":"Escape Plan","floor":31.0},{"not_picked":["Dagger Spray+1","Dagger Throw+1"],"picked":"Blade Dance+1","floor":35},{"not_picked":["Endless Agony+1","Corpse Explosion"],"picked":"Prepared+1","floor":36},{"not_picked":["Slice+1","Sucker Punch+1"],"picked":"Envenom","floor":36},{"not_picked":["Footwork","Flechettes+1"],"picked":"Acrobatics+1","floor":36},{"not_picked":["Dagger Spray+1","Expertise+1"],"picked":"Blade Dance+1","floor":38},{"not_picked":["Distraction+1","Deadly Poison","Flying Knee"],"picked":"SKIP","floor":39},{"not_picked":["Endless Agony+1","Slice+1","Acrobatics"],"picked":"SKIP","floor":41},{"not_picked":["Deadly Poison","Caltrops","Predator"],"picked":"SKIP","floor":45},{"not_picked":["Storm of Steel","Choke","Finisher"],"picked":"SKIP","floor":47}],"player_experience":223596,"relics_obtained":[{"floor":9.0,"key":"Eternal Feather"},{"floor":11.0,"key":"Snake Skull"},{"floor":26.0,"key":"Ninja Scroll"},{"floor":31.0,"key":"Anchor"},{"floor":37,"key":"Bottled Flame"},{"floor":41,"key":"White Beast Statue"},{"floor":43,"key":"Art of War"}],"event_choices":[{"damage_healed":0.0,"max_hp_gain":0.0,"max_hp_loss":0.0,"gold_gain":0.0,"event_name":"The Woman in Blue","player_choice":"Bought 2 Potions","floor":20.0,"gold_loss":0.0,"damage_taken":0.0},{"cards_removed":["Malaise"],"damage_healed":0.0,"max_hp_gain":0.0,"max_hp_loss":0.0,"gold_gain":0.0,"event_name":"Designer","player_choice":"Upgrade and Remove","floor":22.0,"gold_loss":90.0,"damage_taken":0.0,"cards_upgraded":["Flechettes"]},{"damage_healed":0,"gold_gain":0,"player_choice":"Paid","damage_taken":0,"relics_obtained":["Red Mask"],"max_hp_gain":0,"max_hp_loss":0,"event_name":"Tomb of Lord Red Mask","floor":46,"gold_loss":135}],"is_beta":false,"boss_relics":[{"not_picked":["Fusion Hammer","SacredBark"],"picked":"Pandora\u0027s Box"},{"not_picked":["Philosopher\u0027s Stone","Calling Bell"],"picked":"HoveringKite"}],"items_purged_floors":[29],"is_endless":false,"potions_floor_spawned":[1,4,8,13,27,28,30,31,35,41,45,47],"killed_by":"Time Eater","ascension_level":10}}