{"host":"oehe2dxjvdgux73m","time":1611381858,"event":{"mods":["AchievementEnabler","BaseMod","Colored Map","Colored Powertips","DeckTracker","Keyboard Shortcuts","Minty Spire (QoL Compilation)","Permanent Neow","Quick Restart","StSLib","SuperFastMode"],"gold_per_floor":[110,110,110,185,204,204,232,249,276,60,94,105,122,133,133,238,238,258,33,44,44,63,63,63,63],"floor_reached":24,"language":"KOR","playtime":767,"items_purged":["Strike_P"],"score":218,"play_id":"5d18df35-23b6-4a11-9f83-93ea6a7265ca","local_time":"20210123150418","is_ascension_mode":true,"campfire_choices":[{"floor":6.0,"key":"REST"},{"data":"MentalFortress","floor":15.0,"key":"SMITH"},{"data":"DevaForm","floor":23.0,"key":"SMITH"}],"circlet_count":0,"master_deck":["Strike_P","Defend_P","Defend_P","Defend_P+1","Defend_P+1","Eruption+1","Vigilance","ConjureBlade","EmptyFist","Study","MentalFortress+1","DevaForm+1","ClearTheMind+1","InnerPeace","Evaluate+1"],"relics":["PureWater","PreservedInsect","Omamori","Membership Card","Nunchaku","Empty Cage","Incense Burner","Lantern"],"acts_visited":["Exordium","TheCity"],"potions_floor_usage":[],"damage_taken":[{"damage":5.0,"enemies":"Small Slimes","floor":1.0,"turns":4.0},{"damage":6.0,"enemies":"Jaw Worm","floor":5.0,"turns":3.0},{"damage":7.0,"enemies":"Lagavulin","floor":7.0,"turns":6.0},{"damage":0.0,"enemies":"Cultist","floor":8.0,"turns":3.0},{"damage":14.0,"enemies":"Gremlin Nob","floor":11.0,"turns":3.0},{"damage":0.0,"enemies":"Red Slaver","floor":12.0,"turns":2.0},{"damage":0.0,"enemies":"3 Louse","floor":13.0,"turns":2.0},{"damage":2.0,"enemies":"2 Fungi Beasts","floor":14.0,"turns":4.0},{"damage":20.0,"enemies":"The Guardian","floor":16.0,"turns":11.0},{"damage":30.0,"enemies":"Spheric Guardian","floor":18.0,"turns":6.0},{"damage":4.0,"enemies":"3 Byrds","floor":20.0,"turns":5.0},{"damage":0.0,"enemies":"Snake Plant","floor":22.0,"turns":2.0},{"damage":28,"enemies":"Slavers","floor":24,"turns":3}],"seed_played":"-2226827856355342227","potions_obtained":[{"floor":0.0,"key":"EssenceOfSteel"},{"floor":0.0,"key":"Swift Potion"},{"floor":0.0,"key":"PowerPotion"},{"floor":1.0,"key":"Dexterity Potion"},{"floor":5.0,"key":"AttackPotion"},{"floor":7.0,"key":"Explosive Potion"},{"floor":8.0,"key":"CultistPotion"},{"floor":18.0,"key":"Block Potion"},{"floor":22.0,"key":"SteroidPotion"}],"is_trial":false,"path_per_floor":["M","?","?","?","M","R","E","M","T","$","E","M","M","M","R","B",null,"M","$","M","?","M","R","E"],"character_chosen":"WATCHER","items_purchased":["Membership Card","Study","Incense Burner","Lantern"],"campfire_rested":1,"item_purchase_floors":[10,10,19,19],"current_hp_per_floor":[67,53,53,46,40,61,54,54,54,54,40,40,40,38,38,18,72,42,42,38,38,38,38,10,10],"gold":63,"neow_bonus":"THREE_SMALL_POTIONS","is_daily":false,"chose_seed":false,"campfire_upgraded":2,"win_rate":0.0,"timestamp":1611381858,"path_taken":["M","?","?","?","M","R","E","?","T","?","E","M","M","M","R","BOSS","M","$","M","?","M","R","E"],"items_purchased_type":["Relic","Card","Relic","Relic"],"build_version":"2020-12-22","purchased_purges":1,"victory":false,"max_hp_per_floor":[72,72,72,72,72,72,72,72,72,72,72,72,72,72,72,72,72,72,72,72,72,72,72,72,72],"card_choices":[{"not_picked":["Consecrate","ReachHeaven","SashWhip"],"picked":"SKIP","floor":1.0},{"not_picked":["ThirdEye","Halt","ReachHeaven"],"picked":"SKIP","floor":5.0},{"not_picked":["FlurryOfBlows","CrushJoints"],"picked":"ConjureBlade","floor":7.0},{"not_picked":["Protect","CrushJoints"],"picked":"EmptyFist","floor":8.0},{"not_picked":["ClearTheMind","SandsOfTime","ReachHeaven"],"picked":"SKIP","floor":11.0},{"not_picked":["ClearTheMind","SandsOfTime","ReachHeaven"],"picked":"SKIP","floor":11.0},{"not_picked":["FlurryOfBlows","Consecrate","SashWhip"],"picked":"SKIP","floor":12.0},{"not_picked":["BowlingBash","Study"],"picked":"MentalFortress","floor":13.0},{"not_picked":["CutThroughFate","EmptyFist","ThirdEye"],"picked":"SKIP","floor":14.0},{"not_picked":["Brilliance","Ragnarok"],"picked":"DevaForm","floor":16.0},{"not_picked":["Crescendo","EmptyFist"],"picked":"ClearTheMind+1","floor":18.0},{"not_picked":["DeceiveReality","PathToVictory"],"picked":"InnerPeace","floor":20.0},{"not_picked":["Consecrate","SashWhip"],"picked":"Evaluate+1","floor":22.0}],"player_experience":298393,"relics_obtained":[{"floor":7.0,"key":"PreservedInsect"},{"floor":9.0,"key":"Omamori"},{"floor":11.0,"key":"Nunchaku"}],"event_choices":[{"damage_healed":0.0,"max_hp_gain":0.0,"max_hp_loss":0.0,"gold_gain":0.0,"event_name":"Shining Light","player_choice":"Entered Light","floor":2.0,"gold_loss":0.0,"damage_taken":14.0,"cards_upgraded":["Defend_P","Defend_P"]},{"damage_healed":0.0,"max_hp_gain":0.0,"max_hp_loss":0.0,"gold_gain":0.0,"event_name":"Living Wall","player_choice":"Grow","floor":3.0,"gold_loss":0.0,"damage_taken":0.0,"cards_upgraded":["Eruption"]},{"damage_healed":0.0,"max_hp_gain":0.0,"max_hp_loss":0.0,"gold_gain":75.0,"event_name":"FaceTrader","player_choice":"Touch","floor":4.0,"gold_loss":0.0,"damage_taken":7.0},{"damage_healed":0.0,"max_hp_gain":0.0,"max_hp_loss":0.0,"gold_gain":0.0,"event_name":"The Mausoleum","player_choice":"Ignored","floor":21.0,"gold_loss":0.0,"damage_taken":0.0}],"is_beta":false,"boss_relics":[{"not_picked":["Pandora\u0027s Box","Black Star"],"picked":"Empty Cage"}],"items_purged_floors":[10],"is_endless":false,"potions_floor_spawned":[1,5,7,8,18,22],"killed_by":"Slavers","ascension_level":1}}