{"host":"3q8x5nua6nulvkr6","time":1611445380,"event":{"mods":["Aspiration","BaseMod","Better Note","BetterRewards","Colored Map","Colored Powertips","Conspire","GifTheSpireLib","Hubris","Infinite Spire","Minty Spire (QoL Compilation)","Rare Cards Sparkle","Replay The Spire","StSLib","Stuff the Spire","Wandering Minibosses"],"gold_per_floor":[111,54,129,116,134,161,161,189,189,189,221,232,251,270,270,365,365,365],"floor_reached":17,"language":"ENG","playtime":847,"items_purged":[],"score":186,"play_id":"07d65b78-ec3b-415c-b9f9-0147a8d72b37","local_time":"20210123184300","is_ascension_mode":true,"campfire_choices":[{"data":"Zap","floor":7,"key":"SMITH"},{"data":"Dualcast","floor":10,"key":"SMITH"},{"data":"Defragment","floor":15,"key":"SMITH"}],"circlet_count":0,"master_deck":["Strike_B","Strike_B","Strike_B","Defend_B","Defend_B","Defend_B","Defend_B","Zap+1","Dualcast+1","Ball Lightning","StuffTheSpire:Coldhearted+1","Ball Lightning","Defragment+1","Core Surge","CommonCold","ReplayTheSpireMod:Doomed","Decay"],"relics":["InkBottle","infinitespire:ShieldingShard","Gremlin Food","Replay:Ancient Bell","Anchor","aspiration:SeaSaltIceCream","BargainBundle","Replay:PocketPolymizer"],"acts_visited":["Exordium","TheCity"],"potions_floor_usage":[8],"damage_taken":[{"damage":1,"enemies":"Jaw Worm","floor":1,"turns":4},{"damage":0,"enemies":"2 Louse","floor":4,"turns":6},{"damage":0,"enemies":"Cultist","floor":5,"turns":3},{"damage":7,"enemies":"Lagavulin","floor":6,"turns":6},{"damage":6,"enemies":"3 Sentries","floor":8,"turns":6},{"damage":8,"enemies":"Gremlin Nob","floor":11,"turns":3},{"damage":3,"enemies":"2 Fungi Beasts","floor":12,"turns":3},{"damage":0,"enemies":"Blue Slaver","floor":13,"turns":2},{"damage":6,"enemies":"3 Louse","floor":14,"turns":3},{"damage":5,"enemies":"Hexaghost","floor":16,"turns":8}],"seed_played":"5246522713147522988","potions_obtained":[{"floor":6,"key":"Block Potion"},{"floor":8,"key":"Strength Potion"},{"floor":11,"key":"Strength Potion"},{"floor":12,"key":"Toxic Potion"}],"is_trial":false,"path_per_floor":["M","$","?","M","M","E","R","E","T","R","E","M","M","M","R","B",null],"character_chosen":"DEFECT","items_purchased":["StuffTheSpire:Coldhearted+1"],"campfire_rested":0,"item_purchase_floors":[2],"current_hp_per_floor":[74,74,63,63,63,56,56,50,50,50,42,39,39,33,33,28,75,75],"gold":365,"neow_bonus":"REMOVE_CARD","is_daily":false,"chose_seed":false,"campfire_upgraded":3,"win_rate":0.0,"timestamp":1611445380,"path_taken":["M","$","?","M","M","E","R","E","T","R","E","M","M","M","R","BOSS"],"items_purchased_type":["Card"],"build_version":"2020-12-22","purchased_purges":0,"victory":false,"max_hp_per_floor":[75,75,75,75,75,75,75,75,75,75,75,75,75,75,75,75,75,75],"card_choices":[{"not_picked":["BasicCrystalCard","Force Field"],"picked":"Ball Lightning","floor":1},{"not_picked":["Barrage","conspire:Rain"],"picked":"Ball Lightning","floor":4},{"not_picked":["Coolheaded","ReplayTheSpireMod:GoodbyeWorld","StuffTheSpire:CleanHardDrive"],"picked":"SKIP","floor":5},{"not_picked":["Beam Cell","Gash","Multi-Cast"],"picked":"SKIP","floor":6},{"not_picked":["Stack","conspire:Rain","Cold Snap"],"picked":"SKIP","floor":8},{"not_picked":["Stack","conspire:Rain","Cold Snap"],"picked":"SKIP","floor":8},{"not_picked":["conspire:SharedLibrary","Panic Button","Stack"],"picked":"SKIP","floor":11},{"not_picked":["Darkness","Stack","Double Energy"],"picked":"SKIP","floor":12},{"not_picked":["Streamline","Beam Cell","hubris:PowerSurge"],"picked":"SKIP","floor":13},{"not_picked":["StuffTheSpire:CleanHardDrive","Turbo"],"picked":"Defragment","floor":14},{"not_picked":["Multi-Cast","Amplify"],"picked":"Core Surge","floor":16},{"not_picked":["ReplayTheSpireMod:Faulty Equipment","ReplayTheSpireMod:Splinters"],"picked":"CommonCold","floor":17},{"not_picked":["Spreading Infection","Regret"],"picked":"ReplayTheSpireMod:Doomed","floor":17},{"not_picked":["conspire:Blindness","Regret"],"picked":"Decay","floor":17}],"player_experience":1057400,"relics_obtained":[{"floor":6,"key":"InkBottle"},{"floor":8,"key":"infinitespire:ShieldingShard"},{"floor":11,"key":"Gremlin Food"}],"event_choices":[{"damage_healed":0,"gold_gain":75,"player_choice":"Gather Gold","damage_taken":11,"max_hp_gain":0,"max_hp_loss":0,"event_name":"World of Goop","floor":3,"gold_loss":0}],"is_beta":false,"boss_relics":[{"not_picked":["aspiration:SecretTechniqueScroll","hubris:CrackedHourglass"],"picked":"Replay:Ancient Bell"},{"not_picked":["StuffTheSpire:Experiment12","infinitespire:Beetle Shell"],"picked":"Anchor"},{"not_picked":["Eternal Feather","hubris:CrystalStatue"],"picked":"aspiration:SeaSaltIceCream"},{"not_picked":["StoneCalendar","Bird Faced Urn"],"picked":"Replay:PocketPolymizer"}],"items_purged_floors":[],"is_endless":false,"potions_floor_spawned":[6,8,11,12,16],"ascension_level":1}}