{"host":"v3mpq6flurzldi5g","time":1611429810,"event":{"mods":["AchievementEnabler","BaseMod","Colored Powertips","Highlight Path","Minty Spire (QoL Compilation)","StSLib"],"gold_per_floor":[114,79,97,110,127,127,157,157,457,482,9,23,23,39,39,39,39],"floor_reached":16,"language":"ENG","playtime":481,"items_purged":["Strike_B"],"score":158,"play_id":"a6f2b173-4e16-412e-a7dd-0b89b87d428d","local_time":"20210123142330","is_ascension_mode":true,"campfire_choices":[{"floor":6,"key":"REST"},{"floor":8,"key":"REST"},{"floor":13,"key":"REST"},{"floor":15,"key":"REST"}],"circlet_count":0,"master_deck":["AscendersBane","Strike_B","Strike_B","Strike_B","Defend_B+1","Defend_B","Defend_B","Defend_B","Zap","Dualcast","Static Discharge","Gash","Reinforced Body","Capacitor"],"relics":["Cracked Core","Bottled Tornado","Old Coin","Bag of Preparation","Cables","MealTicket"],"acts_visited":["Exordium"],"potions_floor_usage":[7,14,16],"damage_taken":[{"damage":2,"enemies":"Cultist","floor":1,"turns":5},{"damage":18,"enemies":"Jaw Worm","floor":3,"turns":4},{"damage":10,"enemies":"Small Slimes","floor":4,"turns":3},{"damage":15,"enemies":"Exordium Thugs","floor":5,"turns":5},{"damage":39,"enemies":"Gremlin Nob","floor":7,"turns":5},{"damage":5,"enemies":"Red Slaver","floor":12,"turns":3},{"damage":19,"enemies":"Gremlin Gang","floor":14,"turns":4},{"damage":58,"enemies":"Slime Boss","floor":16,"turns":5}],"seed_played":"2181088545122654636","potions_obtained":[{"floor":4,"key":"Ancient Potion"},{"floor":5,"key":"Fire Potion"},{"floor":7,"key":"Explosive Potion"}],"is_trial":false,"path_per_floor":["M","?","M","M","M","R","E","R","T","T","$","M","R","M","R","B"],"character_chosen":"DEFECT","items_purchased":["Cables","MealTicket"],"campfire_rested":4,"item_purchase_floors":[11,11],"current_hp_per_floor":[66,75,57,47,32,54,15,37,37,37,37,32,54,35,57,0,0],"gold":39,"neow_bonus":"UPGRADE_CARD","is_daily":false,"chose_seed":false,"campfire_upgraded":0,"win_rate":0.0,"timestamp":1611429810,"path_taken":["M","?","M","M","M","R","E","R","T","?","$","M","R","M","R","BOSS"],"items_purchased_type":["Relic","Relic"],"build_version":"2020-12-22","purchased_purges":1,"victory":false,"max_hp_per_floor":[75,75,75,75,75,75,75,75,75,75,75,75,75,75,75,75,75],"card_choices":[{"not_picked":["Cold Snap","Steam","Consume"],"picked":"SKIP","floor":1},{"not_picked":["Sunder","Genetic Algorithm"],"picked":"Static Discharge","floor":3},{"not_picked":["Go for the Eyes","Sunder"],"picked":"Gash","floor":4},{"not_picked":["Streamline","Compile Driver"],"picked":"Reinforced Body","floor":5},{"not_picked":["Barrage","Thunder Strike"],"picked":"Capacitor","floor":7},{"not_picked":["Genetic Algorithm","Steam Power","Darkness"],"picked":"SKIP","floor":12},{"not_picked":["Turbo","FTL","Hologram"],"picked":"SKIP","floor":14}],"player_experience":1009317,"relics_obtained":[{"floor":7,"key":"Bottled Tornado"},{"floor":9,"key":"Old Coin"},{"floor":10,"key":"Bag of Preparation"}],"event_choices":[{"damage_healed":18,"gold_gain":0,"player_choice":"Healed","damage_taken":0,"max_hp_gain":0,"max_hp_loss":0,"event_name":"The Cleric","floor":2,"gold_loss":35}],"is_beta":false,"boss_relics":[],"items_purged_floors":[11],"is_endless":false,"potions_floor_spawned":[4,5,7],"killed_by":"Slime Boss","ascension_level":11}}