{"host":"1xo5g347e5o4auts","time":1611431434,"event":{"mods":["BaseMod","Minty Spire (QoL Compilation)","Permanent Neow","StSLib"],"gold_per_floor":[115,133,133,144,163,197,197,224,248,290,290,316,316,354,366,458,470,461,473,410,436,520,576,588,626,638,650,700,741,753,797,809,905,989,1016,1056,1068,1107,1153,1207,1239,1285,1297,743,743,768,278,307,307,307,307,307,307,80,107,107],"floor_reached":57,"language":"ENG","playtime":2662,"items_purged":["Expertise","Prepared","Phantasmal Killer"],"score":3338,"play_id":"286a929d-e458-4133-be14-376e6c265f65","local_time":"20210123215034","is_ascension_mode":true,"campfire_choices":[{"floor":7.0,"key":"REST"},{"data":"Leg Sweep","floor":11.0,"key":"SMITH"},{"data":"Skewer","floor":15.0,"key":"SMITH"},{"floor":24.0,"key":"REST"},{"floor":27.0,"key":"REST"},{"floor":30.0,"key":"REST"},{"floor":32.0,"key":"REST"},{"floor":49.0,"key":"RECALL"},{"floor":53.0,"key":"REST"}],"circlet_count":0,"master_deck":["AscendersBane","Survivor","Neutralize","Dagger Spray+1","After Image","Slice","Dagger Throw+1","Leg Sweep+1","PiercingWail","Skewer+1","Deadly Poison","Venomology","Adrenaline","Well Laid Plans+1","Envenom","Burst","Unload+1","Bouncing Flask","Bane+1","Bane+1","Envenom","Backflip","Panacea","Secret Technique","Sadistic Nature","Backflip","Flechettes+1","Burst","Cloak And Dagger","Footwork","Acrobatics","Thinking Ahead","Cloak And Dagger","Envenom","Cloak And Dagger","Sadistic Nature","PiercingWail","Dodge and Roll","Footwork"],"relics":["Ring of the Snake","Akabeko","Mercury Hourglass","Omamori","CeramicFish","Tiny Chest","MawBank","Fusion Hammer","MutagenicStrength","Molten Egg 2","Oddly Smooth Stone","The Specimen","Whetstone","Snake Skull","Pandora\u0027s Box","Ice Cream","Blue Candle","Dead Branch","Nunchaku","Membership Card","Toy Ornithopter","Ancient Tea Set","Bag of Marbles","Medical Kit","Lantern","InkBottle","Anchor","Bag of Preparation","Boot"],"acts_visited":["Exordium","TheCity","TheBeyond","TheEnding"],"potions_floor_usage":[56,56,56],"damage_taken":[{"damage":0.0,"enemies":"Cultist","floor":1.0,"turns":3.0},{"damage":0.0,"enemies":"2 Louse","floor":2.0,"turns":1.0},{"damage":0.0,"enemies":"Small Slimes","floor":4.0,"turns":3.0},{"damage":0.0,"enemies":"3 Louse","floor":5.0,"turns":2.0},{"damage":23.0,"enemies":"Gremlin Nob","floor":6.0,"turns":4.0},{"damage":29.0,"enemies":"Lagavulin","floor":8.0,"turns":6.0},{"damage":2.0,"enemies":"3 Sentries","floor":10.0,"turns":3.0},{"damage":3.0,"enemies":"Large Slime","floor":12.0,"turns":4.0},{"damage":10.0,"enemies":"Lagavulin","floor":14.0,"turns":8.0},{"damage":0.0,"enemies":"Slime Boss","floor":16.0,"turns":6.0},{"damage":1.0,"enemies":"2 Thieves","floor":18.0,"turns":4.0},{"damage":0.0,"enemies":"Chosen","floor":21.0,"turns":2.0},{"damage":0.0,"enemies":"Gremlin Leader","floor":23.0,"turns":7.0},{"damage":23.0,"enemies":"Book of Stabbing","floor":25.0,"turns":6.0},{"damage":27.0,"enemies":"Slavers","floor":28.0,"turns":8.0},{"damage":13.0,"enemies":"Snecko","floor":29.0,"turns":3.0},{"damage":0.0,"enemies":"Gremlin Leader","floor":31.0,"turns":3.0},{"damage":45.0,"enemies":"Collector","floor":33.0,"turns":10.0},{"damage":0.0,"enemies":"Orb Walker","floor":35.0,"turns":2.0},{"damage":0.0,"enemies":"3 Shapes","floor":36.0,"turns":6.0},{"damage":0.0,"enemies":"Mind Bloom Boss Battle","floor":39.0,"turns":4.0},{"damage":27.0,"enemies":"Giant Head","floor":40.0,"turns":6.0},{"damage":0.0,"enemies":"Sphere and 2 Shapes","floor":41.0,"turns":4.0},{"damage":6.0,"enemies":"Reptomancer","floor":42.0,"turns":4.0},{"damage":0.0,"enemies":"Jaw Worm Horde","floor":46.0,"turns":1.0},{"damage":0.0,"enemies":"Nemesis","floor":48.0,"turns":3.0},{"damage":0.0,"enemies":"Donu and Deca","floor":50.0,"turns":8.0},{"damage":12.0,"enemies":"Time Eater","floor":51.0,"turns":7.0},{"damage":2.0,"enemies":"Shield and Spear","floor":55.0,"turns":4.0},{"damage":66,"enemies":"The Heart","floor":56,"turns":9}],"seed_played":"5372634389395151237","potions_obtained":[{"floor":2.0,"key":"Swift Potion"},{"floor":6.0,"key":"Fire Potion"},{"floor":8.0,"key":"Poison Potion"},{"floor":14.0,"key":"ColorlessPotion"},{"floor":33.0,"key":"LiquidMemories"},{"floor":39.0,"key":"DuplicationPotion"},{"floor":41.0,"key":"CunningPotion"},{"floor":46.0,"key":"SteroidPotion"}],"is_trial":false,"path_per_floor":["M","M","?","M","M","E","R","E","T","E","R","M","?","E","R","B",null,"M","?","?","M","T","E","R","E","T","R","E","M","R","E","R","B",null,"M","M","?","?","?","E","M","E","T","$","T","M","$","E","R","B","B",null,"R","$","E","B",null],"character_chosen":"THE_SILENT","items_purchased":["Membership Card","Toy Ornithopter","Footwork","Ancient Tea Set","Acrobatics","AttackPotion","SpeedPotion","Thinking Ahead","Medical Kit","Lantern","InkBottle","Envenom","Cloak And Dagger","Sadistic Nature","Bag of Preparation","PiercingWail","Dodge and Roll","Footwork","SpeedPotion"],"campfire_rested":6,"item_purchase_floors":[44,44,44,44,44,44,44,44,47,47,47,47,47,47,54,54,54,54,54],"current_hp_per_floor":[59,59,59,59,59,36,55,26,26,24,24,21,21,11,11,11,52,51,51,51,51,51,51,66,43,43,62,35,22,41,41,60,15,53,53,53,53,43,43,16,16,10,10,10,10,15,15,15,15,30,23,55,66,66,64,7],"gold":107,"neow_bonus":"RANDOM_COMMON_RELIC","is_daily":false,"chose_seed":false,"campfire_upgraded":2,"win_rate":0.0,"timestamp":1611431434,"path_taken":["M","M","?","M","M","E","R","E","T","E","R","M","?","E","R","BOSS","M","?","?","M","?","E","R","E","T","R","E","M","R","E","R","BOSS","M","M","?","?","?","E","M","E","T","$","?","M","$","E","R","BOSS","BOSS","R","$","E","BOSS"],"items_purchased_type":["Relic","Relic","Card","Relic","Card","Potion","Potion","Card","Relic","Relic","Relic","Card","Card","Card","Relic","Card","Card","Card","Potion"],"build_version":"2020-12-22","purchased_purges":3,"victory":true,"max_hp_per_floor":[66,66,66,66,66,66,66,66,66,66,66,66,66,66,66,66,66,66,66,66,66,66,66,66,66,66,66,66,66,66,66,66,66,66,66,66,66,66,66,66,66,66,66,66,66,66,66,66,66,66,66,66,66,66,66,66],"card_choices":[{"not_picked":["Endless Agony","Acrobatics"],"picked":"Dagger Spray","floor":1.0},{"not_picked":["Dodge and Roll","Slice","Cloak And Dagger"],"picked":"SKIP","floor":2.0},{"not_picked":["PiercingWail","Prepared"],"picked":"After Image","floor":4.0},{"not_picked":["Calculated Gamble","Backflip","Slice"],"picked":"SKIP","floor":5.0},{"not_picked":["Calculated Gamble","Backflip"],"picked":"Slice","floor":5.0},{"not_picked":["Endless Agony","Expertise"],"picked":"Dagger Throw","floor":6.0},{"not_picked":["Endless Agony","Dagger Spray"],"picked":"Leg Sweep","floor":8.0},{"not_picked":["Blade Dance","Dagger Spray"],"picked":"PiercingWail","floor":10.0},{"not_picked":["Backflip","Calculated Gamble"],"picked":"Skewer","floor":12.0},{"not_picked":["Underhanded Strike","Backflip"],"picked":"Deadly Poison","floor":14.0},{"not_picked":["Storm of Steel","Bullet Time"],"picked":"Venomology","floor":16.0},{"not_picked":["Bane","PiercingWail","Flying Knee"],"picked":"SKIP","floor":18.0},{"not_picked":["Riddle With Holes+1","Acrobatics","Distraction"],"picked":"SKIP","floor":21.0},{"not_picked":["Masterful Stab+1","Prepared"],"picked":"Phantasmal Killer","floor":23.0},{"not_picked":["Expertise","Eviscerate+1","Flying Knee+1"],"picked":"SKIP","floor":25.0},{"not_picked":["Prepared+1","Blade Dance"],"picked":"Adrenaline","floor":28.0},{"not_picked":["Eviscerate+1","Leg Sweep+1"],"picked":"Well Laid Plans+1","floor":29.0},{"not_picked":["Expertise","Cloak And Dagger","Deflect"],"picked":"SKIP","floor":31.0},{"not_picked":["Storm of Steel","Venomology"],"picked":"Envenom","floor":33.0},{"not_picked":["Distraction","Underhanded Strike+1","Expertise"],"picked":"SKIP","floor":35.0},{"not_picked":["PiercingWail","Dodge and Roll"],"picked":"Backflip","floor":36.0},{"not_picked":["Bandage Up","Blind"],"picked":"Panacea","floor":38.0},{"not_picked":["Mayhem","Secret Weapon"],"picked":"Secret Technique","floor":38.0},{"not_picked":["Jack Of All Trades","Madness"],"picked":"Sadistic Nature","floor":38.0},{"not_picked":["Sucker Punch+1","Dodge and Roll"],"picked":"Backflip","floor":39.0},{"not_picked":["Flying Knee+1","Underhanded Strike+1"],"picked":"Flechettes+1","floor":40.0},{"not_picked":["Sucker Punch+1","Cloak And Dagger"],"picked":"Burst","floor":41.0},{"not_picked":["Glass Knife+1","Deflect"],"picked":"Cloak And Dagger","floor":42.0},{"not_picked":["Flying Knee+1","Dodge and Roll"],"picked":"Cloak And Dagger","floor":46.0},{"not_picked":["Accuracy","Bouncing Flask+1","Dodge and Roll"],"picked":"SKIP","floor":48.0},{"not_picked":["Acrobatics","Quick Slash+1","Dagger Throw+1"],"picked":"SKIP","floor":55.0}],"player_experience":1354484,"relics_obtained":[{"floor":6.0,"key":"Mercury Hourglass"},{"floor":8.0,"key":"Omamori"},{"floor":9.0,"key":"CeramicFish"},{"floor":10.0,"key":"Tiny Chest"},{"floor":14.0,"key":"MawBank"},{"floor":23.0,"key":"Molten Egg 2"},{"floor":25.0,"key":"Oddly Smooth Stone"},{"floor":26.0,"key":"The Specimen"},{"floor":28.0,"key":"Whetstone"},{"floor":31.0,"key":"Snake Skull"},{"floor":39.0,"key":"Ice Cream"},{"floor":40.0,"key":"Blue Candle"},{"floor":42.0,"key":"Dead Branch"},{"floor":43.0,"key":"Nunchaku"},{"floor":45.0,"key":"Bag of Marbles"},{"floor":48.0,"key":"Anchor"},{"floor":55.0,"key":"Boot"}],"event_choices":[{"damage_healed":0.0,"max_hp_gain":0.0,"max_hp_loss":0.0,"gold_gain":0.0,"event_name":"Living Wall","player_choice":"Grow","floor":3.0,"gold_loss":0.0,"damage_taken":0.0,"cards_upgraded":["Dagger Spray"]},{"cards_removed":["Strike_G"],"damage_healed":0.0,"max_hp_gain":0.0,"max_hp_loss":0.0,"gold_gain":0.0,"event_name":"Purifier","player_choice":"Purged","floor":13.0,"gold_loss":0.0,"damage_taken":0.0},{"damage_healed":0.0,"max_hp_gain":0.0,"max_hp_loss":0.0,"gold_gain":0.0,"event_name":"Drug Dealer","player_choice":"Inject Mutagens","floor":19.0,"gold_loss":0.0,"damage_taken":0.0,"relics_obtained":["MutagenicStrength"]},{"cards_removed":["Strike_G"],"damage_healed":0.0,"max_hp_gain":0.0,"max_hp_loss":0.0,"gold_gain":0.0,"event_name":"Beggar","player_choice":"Gave Gold","floor":20.0,"gold_loss":75.0,"damage_taken":0.0},{"damage_healed":0.0,"max_hp_gain":0.0,"max_hp_loss":0.0,"gold_gain":0.0,"event_name":"Tomb of Lord Red Mask","player_choice":"Ignored","floor":37.0,"gold_loss":0.0,"damage_taken":0.0},{"damage_healed":0.0,"max_hp_gain":0.0,"max_hp_loss":0.0,"gold_gain":0.0,"event_name":"SensoryStone","player_choice":"Memory 3","floor":38.0,"gold_loss":0.0,"damage_taken":10.0},{"damage_healed":0.0,"max_hp_gain":0.0,"max_hp_loss":0.0,"gold_gain":0.0,"event_name":"MindBloom","player_choice":"Fight","floor":39.0,"gold_loss":0.0,"damage_taken":0.0}],"is_beta":false,"boss_relics":[{"not_picked":["Astrolabe","WristBlade"],"picked":"Fusion Hammer"},{"not_picked":["Runic Dome","Runic Pyramid"],"picked":"Pandora\u0027s Box"}],"items_purged_floors":[44,47,54],"is_endless":false,"potions_floor_spawned":[2,6,8,10,12,14,25,28,33,39,41,46],"ascension_level":20}}