{"host":"6jrnojxwearbrjzo","time":1611414702,"event":{"mods":["BaseMod","Conspire","Downfall","Highlight Path","Marisa（F雨　魔理沙）","Minty Spire (QoL Compilation)","MostiFishMod","Quick Restart","Random Character Button","Shop Mod","Spicy Shops","StSLib","The Construct","The Servant 0.9.4","Yuyuko","[功能]功能增强和修复MOD","vexMod"],"gold_per_floor":[117,3,3,3,3,31,31,58,58,93,58,85,4,4,4,108,108,126,126,62,92,28,28,28,53,77,107,17,34,5,32,32,130,130,147,422,251,19,19,19,19,47,47,12,12,29,6,6,6,6,6,6,1,36,36],"floor_reached":56,"language":"ZHS","playtime":1688,"items_purged":["Strike_G","Strike_G","Strike_G","Strike_G","Strike_G","Defend_G","Normality","Skewer+1","Defend_G+1","Acrobatics+1","Distraction","Malaise","Eviscerate","MostiFishMod:ShivMaster","Burst"],"score":2121,"play_id":"b334b70a-4fe5-4900-8da9-70b09c1830b5","local_time":"20210123231142","is_ascension_mode":true,"campfire_choices":[{"data":"Acrobatics","floor":7,"key":"SMITH"},{"data":"conspire:DoublingDagger","floor":15,"key":"SMITH"},{"floor":32,"key":"RECALL"},{"data":"Phantasmal Killer","floor":41,"key":"SMITH"},{"data":"conspire:PoisonWeapons","floor":49,"key":"SMITH"},{"data":"Grand Finale","floor":52,"key":"SMITH"}],"circlet_count":0,"master_deck":["MostiFishMod:Opportunism","Grand Finale+1","Phantasmal Killer+1","Reflex","conspire:PoisonWeapons+1","Infinite Blades","MostiFishMod:LethalBlade"],"relics":["DaveBox","ThornShield","Astrolabe","SynthV:TestCard","HornCleat","Tiny Chest","Pen Nib","SynthV:C4","Centennial Puzzle","Gremlin Horn","Whetstone","MealTicket","Boot","Civilization","Happy Flower","Omamori","conspire:SpecialSausage","Bag of Preparation","vexMod:PaidLearning","Red Mask","conspire:TopHat","SynthV","construct:FoamFinger","Blue Candle","PreservedInsect","vexMod:MemoryStick","Smiling Mask","Bag of Marbles","Nunchaku","FixedStarFall","MostiFishMod:AdaptiveDefenses","Sling","Art of War","Lantern","Ginger","conspire:BottledYoYo","MetatronsCube","Bronze Scales","Mummified Hand","conspire:InfiniteJournal","Molten Egg 2","Vajra","White Beast Statue"],"acts_visited":["Exordium","TheCity","TheBeyond","TheEnding"],"potions_floor_usage":[16,16,33,50,55,55,55,55,55,55,55,55,55],"damage_taken":[{"damage":1,"enemies":"Small Slimes","floor":1,"turns":4},{"damage":0,"enemies":"Gremlin Nob","floor":6,"turns":2},{"damage":0,"enemies":"Lagavulin","floor":8,"turns":3},{"damage":2,"enemies":"3 Sentries","floor":10,"turns":5},{"damage":0,"enemies":"Slime Boss","floor":16,"turns":4},{"damage":2,"enemies":"Chosen","floor":18,"turns":2},{"damage":0,"enemies":"Masked Bandits","floor":21,"turns":1},{"damage":0,"enemies":"Gremlin Leader","floor":25,"turns":1},{"damage":0,"enemies":"Slavers","floor":27,"turns":1},{"damage":0,"enemies":"Shell Parasite","floor":29,"turns":1},{"damage":0,"enemies":"Automaton","floor":33,"turns":1},{"damage":0,"enemies":"3 Darklings","floor":35,"turns":1},{"damage":9,"enemies":"Giant Head","floor":42,"turns":3},{"damage":12,"enemies":"Orb Walker","floor":46,"turns":2},{"damage":54,"enemies":"Awakened One","floor":50,"turns":4},{"damage":0,"enemies":"Shield and Spear","floor":54,"turns":1},{"damage":9,"enemies":"The Heart","floor":55,"turns":3}],"seed_played":"7446046912108265714","potions_obtained":[{"floor":6,"key":"CultistPotion"},{"floor":6,"key":"PowerPotion"},{"floor":10,"key":"Fire Potion"},{"floor":16,"key":"CultistPotion"},{"floor":16,"key":"Block Potion"},{"floor":25,"key":"EntropicBrew"},{"floor":33,"key":"SteroidPotion"},{"floor":45,"key":"EntropicBrew"},{"floor":54,"key":"Guardian:BlockOnCardUsePotion"},{"floor":54,"key":"AttackPotion"}],"is_trial":false,"path_per_floor":["M","$","?","?","$","E","R","E","T","E","?","T","$","?","R","B",null,"M","?","$","?","$","T","?","E","T","E","?","M","$","T","R","B",null,"M","?","$","$","?","T","R","E","T","$","?","M","$","T","R","B",null,"R","$","E","B",null],"character_chosen":"THE_SILENT","items_purchased":["HornCleat","Tiny Chest","Pen Nib","Boot","Civilization","Happy Flower","Bag of Preparation","vexMod:PaidLearning","conspire:TopHat","SynthV","Terror","Bag of Marbles","MostiFishMod:AdaptiveDefenses","Sling","Art of War","Lantern","Ginger","Reflex","conspire:BottledYoYo","MetatronsCube","Bronze Scales","Vajra","Infinite Blades"],"campfire_rested":0,"item_purchase_floors":[2,2,2,13,13,13,20,20,22,22,22,30,37,37,37,37,37,37,38,38,38,44,47],"current_hp_per_floor":[62,62,48,48,48,48,48,48,48,46,63,63,70,67,67,71,73,76,76,79,84,84,84,79,84,84,89,89,94,99,99,99,104,104,109,109,109,109,109,109,109,105,105,114,114,107,119,119,119,70,111,111,124,129,125],"gold":36,"neow_bonus":"BOSS_RELIC","is_daily":false,"chose_seed":false,"campfire_upgraded":5,"win_rate":0.0,"timestamp":1611414702,"path_taken":["M","$","?","?","$","E","R","E","T","E","?","?","$","?","R","BOSS","M","?","$","?","$","?","?","E","T","E","?","?","$","?","R","BOSS","M","?","?","$","?","?","R","E","T","$","?","?","?","?","R","BOSS","R","$","E","BOSS"],"items_purchased_type":["Relic","Relic","Relic","Relic","Relic","Relic","Relic","Relic","Relic","Relic","Card","Relic","Relic","Relic","Relic","Relic","Relic","Card","Relic","Relic","Relic","Relic","Card"],"build_version":"2020-12-22","purchased_purges":15,"victory":true,"max_hp_per_floor":[70,70,70,70,70,70,70,70,70,70,70,70,70,70,70,74,74,79,79,79,84,84,84,84,89,89,94,94,99,99,99,99,104,104,109,109,109,109,109,109,109,114,114,114,114,119,119,119,119,124,124,124,124,129,134],"card_choices":[{"not_picked":["Dagger Throw","Deadly Poison","Sucker Punch"],"picked":"SKIP","floor":1},{"not_picked":["All Out Attack","Accuracy","Outmaneuver","Flying Knee"],"picked":"Acrobatics","floor":6},{"not_picked":["Backflip","Masterful Stab","Poisoned Stab","Dodge and Roll"],"picked":"conspire:DoublingDagger","floor":8},{"not_picked":["Sucker Punch","Riddle With Holes","Noxious Fumes","Dash","Deflect"],"picked":"SKIP","floor":10},{"not_picked":["MostiFishMod:SpreadingSpore","MostiFishMod:AdrenalineArouse","Unload","MostiFishMod:LethalBlade"],"picked":"MostiFishMod:FullyArmed","floor":16},{"not_picked":["All Out Attack","Heel Hook","Deadly Poison","MostiFishMod:FrostNova"],"picked":"MostiFishMod:PreservedThorns+1","floor":18},{"not_picked":["Underhanded Strike+1","Prepared","Well Laid Plans","Bane","Tools of the Trade"],"picked":"SKIP","floor":25},{"not_picked":["Quick Slash","Dagger Throw","PiercingWail+1","Slice"],"picked":"Finisher+1","floor":27},{"not_picked":["All Out Attack","Quick Slash","Dagger Throw","MostiFishMod:FrostNova","Infinite Blades+1"],"picked":"SKIP","floor":29},{"not_picked":["MostiFishMod:SpreadingSpore","Malaise","MostiFishMod:ShivMaster","Tools of the Trade"],"picked":"MostiFishMod:Dislodge","floor":33},{"not_picked":["Outmaneuver","Distraction+1","Deadly Poison","Skewer+1","Quick Slash+1"],"picked":"SKIP","floor":35},{"not_picked":["Poisoned Stab+1","Escape Plan+1","MostiFishMod:Confrontation","Reflex+1"],"picked":"conspire:PoisonWeapons","floor":42},{"not_picked":["Slice+1","Noxious Fumes","MostiFishMod:PerfectParry","Backflip","Predator+1"],"picked":"SKIP","floor":46},{"not_picked":["Deadly Poison","Poisoned Stab+1","Outmaneuver","Dagger Spray+1"],"picked":"MostiFishMod:LethalBlade","floor":54}],"player_experience":108150,"relics_obtained":[{"floor":1,"key":"SynthV:TestCard"},{"floor":6,"key":"SynthV:C4"},{"floor":8,"key":"Centennial Puzzle"},{"floor":9,"key":"Gremlin Horn"},{"floor":10,"key":"Whetstone"},{"floor":12,"key":"MealTicket"},{"floor":21,"key":"Red Mask"},{"floor":23,"key":"construct:FoamFinger"},{"floor":25,"key":"PreservedInsect"},{"floor":26,"key":"vexMod:MemoryStick"},{"floor":27,"key":"Smiling Mask"},{"floor":31,"key":"Nunchaku"},{"floor":40,"key":"Mummified Hand"},{"floor":42,"key":"conspire:InfiniteJournal"},{"floor":43,"key":"Molten Egg 2"},{"floor":54,"key":"White Beast Statue"}],"event_choices":[{"damage_healed":0,"gold_gain":0,"player_choice":"Entered Light","damage_taken":14,"max_hp_gain":0,"max_hp_loss":0,"event_name":"Shining Light","floor":3,"gold_loss":0,"cards_upgraded":["Neutralize","Defend_G"]},{"damage_healed":0,"gold_gain":0,"player_choice":"Leave","damage_taken":0,"max_hp_gain":0,"max_hp_loss":0,"event_name":"conspire:Investor","floor":4,"gold_loss":0},{"damage_healed":17,"gold_gain":0,"player_choice":"Healed","damage_taken":0,"max_hp_gain":0,"max_hp_loss":0,"event_name":"The Cleric","floor":11,"gold_loss":35},{"damage_healed":0,"gold_gain":0,"player_choice":"Success","damage_taken":3,"relics_obtained":["Omamori"],"max_hp_gain":0,"max_hp_loss":0,"event_name":"Scrap Ooze","floor":14,"gold_loss":0},{"damage_healed":0,"gold_gain":0,"player_choice":"Ignored","damage_taken":0,"max_hp_gain":0,"max_hp_loss":0,"event_name":"Ghosts","floor":19,"gold_loss":0},{"damage_healed":0,"gold_gain":0,"player_choice":"Fought Bandits","damage_taken":0,"max_hp_gain":0,"max_hp_loss":0,"event_name":"Masked Bandits","floor":21,"gold_loss":0},{"cards_removed":["Unload"],"damage_healed":0,"gold_gain":0,"player_choice":"Upgrade and Remove","damage_taken":0,"max_hp_gain":0,"max_hp_loss":0,"event_name":"Designer","floor":28,"gold_loss":90,"cards_upgraded":["Terror"]},{"damage_healed":0,"gold_gain":275,"player_choice":"Desecrate","damage_taken":0,"max_hp_gain":0,"max_hp_loss":0,"event_name":"Golden Shrine","floor":36,"gold_loss":0,"cards_obtained":["Regret"]},{"damage_healed":0,"gold_gain":0,"player_choice":"Got Potions","damage_taken":0,"max_hp_gain":0,"max_hp_loss":0,"event_name":"Lab","floor":45,"gold_loss":0}],"is_beta":false,"boss_relics":[{"not_picked":["GreenFoldingFan","RhineFirstAidKit"],"picked":"conspire:SpecialSausage"},{"not_picked":["Velvet Choker","Runic Dome"],"picked":"FixedStarFall"}],"items_purged_floors":[2,2,2,2,2,2,13,13,20,22,37,37,38,44,53],"is_endless":false,"potions_floor_spawned":[6,6,10,16,16,16,18,25,25,27,29,33,35,42,54,54,54],"ascension_level":8}}