{"host":"5raohst9sk3kvp5v","time":1611366442,"event":{"mods":["BaseMod","Colored Powertips","Highlight Path","Minty Spire (QoL Compilation)","Quick Restart","Relic Stats","StSLib"],"gold_per_floor":[109,109,109,132,282,317,317,23,23,39,78,94,94,94,94,187,187,210,210,235,285,308,308,308,308],"floor_reached":24,"language":"ENG","playtime":819,"items_purged":["Doubt"],"score":447,"play_id":"0dac26f3-ead3-4170-9456-8da3f7164c9c","local_time":"20210122194722","is_ascension_mode":true,"campfire_choices":[{"data":"Uppercut","floor":7.0,"key":"SMITH"},{"data":"Body Slam","floor":13.0,"key":"SMITH"},{"data":"Sword Boomerang","floor":15.0,"key":"SMITH"},{"data":"Double Tap","floor":23.0,"key":"SMITH"}],"circlet_count":0,"master_deck":["AscendersBane","Strike_R","Strike_R","Strike_R","Strike_R","Strike_R","Defend_R","Defend_R","Defend_R","Defend_R","Bash","Uppercut+1","Body Slam+1","Ghostly Armor","Sword Boomerang+1","Headbutt","Cleave","Burning Pact","Double Tap+1","Rage","Body Slam","True Grit"],"relics":["Burning Blood","NeowsBlessing","Golden Idol","Eternal Feather","Kunai","Vajra","Ancient Tea Set","PreservedInsect","Runic Pyramid"],"acts_visited":["Exordium","TheCity"],"potions_floor_usage":[],"damage_taken":[{"damage":0.0,"enemies":"Small Slimes","floor":1.0,"turns":1.0},{"damage":0.0,"enemies":"Jaw Worm","floor":4.0,"turns":1.0},{"damage":0.0,"enemies":"Gremlin Nob","floor":6.0,"turns":1.0},{"damage":1.0,"enemies":"2 Louse","floor":10.0,"turns":3.0},{"damage":26.0,"enemies":"Lagavulin","floor":11.0,"turns":7.0},{"damage":3.0,"enemies":"Blue Slaver","floor":12.0,"turns":3.0},{"damage":38.0,"enemies":"The Guardian","floor":16.0,"turns":10.0},{"damage":4.0,"enemies":"Chosen","floor":18.0,"turns":3.0},{"damage":14.0,"enemies":"Spheric Guardian","floor":20.0,"turns":4.0},{"damage":38.0,"enemies":"Cultist and Chosen","floor":22.0,"turns":6.0},{"damage":0,"enemies":"Gremlin Leader","floor":24,"turns":1}],"seed_played":"-2702799469549506907","potions_obtained":[{"floor":1.0,"key":"EssenceOfSteel"},{"floor":11.0,"key":"EntropicBrew"},{"floor":16.0,"key":"SmokeBomb"}],"is_trial":false,"path_per_floor":["M","?","?","M","?","E","R","$","T","M","E","M","R","$","R","B",null,"M","?","M","?","M","R","E"],"character_chosen":"IRONCLAD","items_purchased":["Vajra","Sword Boomerang"],"campfire_rested":0,"item_purchase_floors":[8,8],"current_hp_per_floor":[74,48,43,49,49,55,64,64,64,69,49,52,61,61,70,38,66,68,68,60,60,28,40,40,40],"gold":308,"neow_bonus":"THREE_ENEMY_KILL","is_daily":false,"chose_seed":false,"campfire_upgraded":4,"win_rate":0.0,"timestamp":1611366442,"path_taken":["M","?","?","M","?","E","R","$","T","M","E","M","R","?","R","BOSS","M","?","M","?","?","R","E"],"items_purchased_type":["Relic","Card"],"build_version":"2020-12-22","purchased_purges":1,"victory":false,"max_hp_per_floor":[75,75,75,75,75,75,75,75,75,75,75,75,75,75,75,75,75,75,75,75,75,75,75,75,75],"relic_stats":{"counters":[11,40],"Golden Idol":60,"Eternal Feather":39,"PreservedInsect":49,"Kunai":[5],"obtain_stats":[{"NeowsBlessing":0,"Golden Idol":2,"Vajra":8,"Eternal Feather":3,"PreservedInsect":11,"Kunai":6,"Ancient Tea Set":9,"Burning Blood":0,"Runic Pyramid":17},{"NeowsBlessing":0,"Golden Idol":1,"Vajra":3,"Eternal Feather":1,"PreservedInsect":5,"Kunai":3,"Ancient Tea Set":3,"Burning Blood":0,"Runic Pyramid":7},{"NeowsBlessing":0,"Golden Idol":1,"Vajra":3,"Eternal Feather":1,"PreservedInsect":13,"Kunai":3,"Ancient Tea Set":3,"Burning Blood":0,"Runic Pyramid":26}],"Burning Blood":60},"card_choices":[{"not_picked":["Blood for Blood","Armaments"],"picked":"Uppercut","floor":1.0},{"not_picked":["Flex","Armaments"],"picked":"Body Slam","floor":4.0},{"not_picked":["Inflame","Searing Blow"],"picked":"Ghostly Armor","floor":6.0},{"not_picked":["True Grit","Armaments"],"picked":"Headbutt","floor":10.0},{"not_picked":["Havoc","Sword Boomerang"],"picked":"Cleave","floor":11.0},{"not_picked":["Warcry","Wild Strike"],"picked":"Burning Pact","floor":12.0},{"not_picked":["Bludgeon","Berserk"],"picked":"Double Tap","floor":16.0},{"not_picked":["Thunderclap","Heavy Blade"],"picked":"Rage","floor":18.0},{"not_picked":["Anger","Heavy Blade"],"picked":"Body Slam","floor":20.0},{"not_picked":["Heavy Blade","Battle Trance"],"picked":"True Grit","floor":22.0}],"player_experience":1709472,"relics_obtained":[{"floor":6.0,"key":"Kunai"},{"floor":9.0,"key":"Ancient Tea Set"},{"floor":11.0,"key":"PreservedInsect"}],"event_choices":[{"damage_healed":0.0,"max_hp_gain":0.0,"max_hp_loss":0.0,"gold_gain":0.0,"event_name":"Golden Idol","player_choice":"Take Damage","floor":2.0,"gold_loss":0.0,"damage_taken":26.0,"relics_obtained":["Golden Idol"]},{"damage_healed":0.0,"max_hp_gain":0.0,"max_hp_loss":0.0,"gold_gain":0.0,"event_name":"Scrap Ooze","player_choice":"Success","floor":3.0,"gold_loss":0.0,"damage_taken":5.0,"relics_obtained":["Eternal Feather"]},{"damage_healed":0.0,"max_hp_gain":0.0,"max_hp_loss":0.0,"gold_gain":150.0,"event_name":"Liars Game","player_choice":"AGREE","floor":5.0,"gold_loss":0.0,"damage_taken":0.0,"cards_obtained":["Doubt"]},{"damage_healed":0.0,"max_hp_gain":0.0,"max_hp_loss":0.0,"gold_gain":0.0,"event_name":"Ghosts","player_choice":"Ignored","floor":19.0,"gold_loss":0.0,"damage_taken":0.0},{"damage_healed":0.0,"max_hp_gain":0.0,"max_hp_loss":0.0,"gold_gain":50.0,"event_name":"Golden Shrine","player_choice":"Pray","floor":21.0,"gold_loss":0.0,"damage_taken":0.0}],"is_beta":false,"boss_relics":[{"not_picked":["Runic Dome","SacredBark"],"picked":"Runic Pyramid"}],"items_purged_floors":[8],"is_endless":false,"potions_floor_spawned":[1,11,16],"killed_by":"Gremlin Leader","ascension_level":19}}