{"host":"oehe2dxjvdgux73m","time":1611383431,"event":{"mods":["AchievementEnabler","BaseMod","Colored Map","Colored Powertips","DeckTracker","Keyboard Shortcuts","Minty Spire (QoL Compilation)","Permanent Neow","Quick Restart","StSLib","SuperFastMode"],"gold_per_floor":[17,33,44,44,44,69,69,80,80,93,105,105,105,132,132,230,230,230,230],"floor_reached":18,"language":"KOR","playtime":453,"items_purged":[],"score":189,"play_id":"37556912-af72-45cb-a86d-966d56b253bc","local_time":"20210123153031","is_ascension_mode":true,"campfire_choices":[{"floor":7,"key":"REST"},{"data":"Zap","floor":12,"key":"SMITH"},{"floor":15,"key":"REST"}],"circlet_count":0,"master_deck":["Strike_B","Strike_B","Defend_B","Defend_B","Defend_B","Defend_B","Zap","Dualcast","Seek","Rip and Tear","Conserve Battery","Cold Snap","Double Energy","Zap+1","Hyperbeam","Sweeping Beam","Fusion","Leap","Coolheaded","Amplify"],"relics":["Cracked Core","Thread and Needle","Pantograph","Bottled Lightning","Gremlin Horn","SacredBark"],"acts_visited":["Exordium","TheCity"],"potions_floor_usage":[16],"damage_taken":[{"damage":1,"enemies":"Cultist","floor":1,"turns":3},{"damage":11,"enemies":"2 Louse","floor":2,"turns":2},{"damage":5,"enemies":"Jaw Worm","floor":3,"turns":2},{"damage":55,"enemies":"Gremlin Nob","floor":6,"turns":5},{"damage":0,"enemies":"Looter","floor":8,"turns":3},{"damage":0,"enemies":"Large Slime","floor":10,"turns":3},{"damage":0,"enemies":"Exordium Wildlife","floor":11,"turns":2},{"damage":8,"enemies":"3 Sentries","floor":14,"turns":3},{"damage":26,"enemies":"Slime Boss","floor":16,"turns":6},{"damage":1,"enemies":"Shell Parasite","floor":18,"turns":4}],"seed_played":"-9035943154926145207","potions_obtained":[{"floor":6,"key":"PotionOfCapacity"},{"floor":8,"key":"EssenceOfDarkness"},{"floor":10,"key":"LiquidBronze"}],"is_trial":false,"path_per_floor":["M","M","M","?","$","E","R","M","T","M","M","R","T","E","R","B",null,"M"],"character_chosen":"DEFECT","items_purchased":[],"campfire_rested":2,"item_purchase_floors":[],"current_hp_per_floor":[74,63,58,58,58,3,25,25,25,25,25,25,25,17,39,38,75,74,74],"gold":230,"neow_bonus":"TRANSFORM_TWO_CARDS","is_daily":false,"chose_seed":false,"campfire_upgraded":1,"win_rate":0.0,"timestamp":1611383431,"path_taken":["M","M","?","?","$","E","R","M","T","?","M","R","?","E","R","BOSS","M"],"items_purchased_type":[],"build_version":"2020-12-22","purchased_purges":0,"victory":false,"max_hp_per_floor":[75,75,75,75,75,75,75,75,75,75,75,75,75,75,75,75,75,75,75],"card_choices":[{"not_picked":["Coolheaded","Compile Driver"],"picked":"Conserve Battery","floor":1},{"not_picked":["Stack","Lockon"],"picked":"Cold Snap","floor":2},{"not_picked":["Hologram","Force Field"],"picked":"Double Energy","floor":3},{"not_picked":["Stack","Conserve Battery"],"picked":"Hyperbeam","floor":6},{"not_picked":["Blizzard","Cold Snap"],"picked":"Sweeping Beam","floor":8},{"not_picked":["Compile Driver","Stack"],"picked":"Fusion","floor":10},{"not_picked":["Static Discharge","Doom and Gloom"],"picked":"Leap","floor":11},{"not_picked":["Fusion","Stack"],"picked":"Coolheaded","floor":14},{"not_picked":["Rainbow","Machine Learning"],"picked":"Amplify","floor":16}],"player_experience":300209,"relics_obtained":[{"floor":6,"key":"Thread and Needle"},{"floor":9,"key":"Pantograph"},{"floor":13,"key":"Bottled Lightning"},{"floor":14,"key":"Gremlin Horn"}],"event_choices":[{"damage_healed":0,"gold_gain":0,"player_choice":"1 cards matched","damage_taken":0,"max_hp_gain":0,"max_hp_loss":0,"event_name":"Match and Keep!","floor":4,"gold_loss":0,"cards_obtained":["Zap"]}],"is_beta":false,"boss_relics":[{"not_picked":["FrozenCore","Velvet Choker"],"picked":"SacredBark"}],"items_purged_floors":[],"is_endless":false,"potions_floor_spawned":[6,8,10,11],"killed_by":"Shell Parasite","ascension_level":2}}