{"host":"t2jxv9tm8kj57cky","time":1611427952,"event":{"mods":["BaseMod","Minty Spire (QoL Compilation)","StSLib","The Poker Player"],"gold_per_floor":[113,113,113,126,143,143,160,160,160,193,368,392,426,17,17,121,121,131,131,163,163,163,163,163],"floor_reached":23,"language":"ENG","playtime":1026,"items_purged":[],"score":205,"play_id":"2ca6406b-8f06-4fc0-8acd-f1ae812fb896","local_time":"20210123125232","is_ascension_mode":true,"campfire_choices":[{"data":"Zap","floor":6,"key":"SMITH"},{"data":"Machine Learning","floor":8,"key":"SMITH"},{"floor":15,"key":"REST"}],"circlet_count":0,"master_deck":["Strike_B+1","Strike_B+1","Strike_B+1","Strike_B+1","Defend_B+1","Defend_B+1","Defend_B+1","Defend_B+1","Zap+1","Dualcast","Conserve Battery+1","Machine Learning+1","Panacea","Conserve Battery","Rebound+1","Doubt","Turbo","Ball Lightning+1","Buffer","CurseOfTheBell","Stack","Streamline+1"],"relics":["Cracked Core","Gremlin Horn","Molten Egg 2","WingedGreaves","Happy Flower","MealTicket","Bronze Scales","Meat on the Bone","Calling Bell","War Paint","Eternal Feather","Ginger","Red Mask","Enchiridion"],"acts_visited":["Exordium","TheCity"],"potions_floor_usage":[10,16,20],"damage_taken":[{"damage":0,"enemies":"Cultist","floor":1,"turns":4},{"damage":6,"enemies":"Jaw Worm","floor":4,"turns":4},{"damage":0,"enemies":"2 Louse","floor":5,"turns":2},{"damage":7,"enemies":"Blue Slaver","floor":7,"turns":4},{"damage":11,"enemies":"3 Sentries","floor":10,"turns":7},{"damage":27,"enemies":"Gremlin Nob","floor":13,"turns":5},{"damage":27,"enemies":"Hexaghost","floor":16,"turns":8},{"damage":10,"enemies":"Spheric Guardian","floor":18,"turns":4},{"damage":28,"enemies":"Masked Bandits","floor":20,"turns":5},{"damage":29,"enemies":"Slavers","floor":23,"turns":2}],"seed_played":"1897348000541381345","potions_obtained":[{"floor":4,"key":"BlessingOfTheForge"},{"floor":13,"key":"Strength Potion"},{"floor":16,"key":"Fire Potion"}],"is_trial":false,"path_per_floor":["M","?","?","M","M","R","M","R","T","E","?","T","E","$","R","B",null,"M","?","?","?","?","E"],"character_chosen":"DEFECT","items_purchased":["Bronze Scales","Meat on the Bone","Ball Lightning+1"],"campfire_rested":1,"item_purchase_floors":[14,14,14],"current_hp_per_floor":[82,70,70,64,64,64,57,57,57,46,46,46,19,34,58,43,82,72,72,44,28,28,0,0],"gold":163,"neow_bonus":"TEN_PERCENT_HP_BONUS","is_daily":false,"chose_seed":false,"campfire_upgraded":2,"win_rate":0.0,"timestamp":1611427952,"path_taken":["M","?","?","M","?","R","M","R","T","E","?","?","E","$","R","BOSS","M","?","?","?","?","E"],"items_purchased_type":["Relic","Relic","Card"],"build_version":"2020-12-22","purchased_purges":0,"victory":false,"max_hp_per_floor":[82,82,82,82,82,82,82,82,82,82,82,82,82,82,82,82,82,82,82,82,82,82,82,82],"card_choices":[{"not_picked":["Gash","Cold Snap"],"picked":"Conserve Battery","floor":1},{"not_picked":["Gash","Stack","Cold Snap"],"picked":"SKIP","floor":4},{"not_picked":["Aggregate","Force Field","Barrage"],"picked":"SKIP","floor":5},{"not_picked":["Recycle","Barrage"],"picked":"Conserve Battery","floor":7},{"not_picked":["Rainbow","Barrage+1"],"picked":"Rebound+1","floor":10},{"not_picked":["Redo","Sweeping Beam+1"],"picked":"Turbo","floor":13},{"not_picked":["Amplify","Seek"],"picked":"Buffer","floor":16},{"not_picked":["Barrage+1","Redo"],"picked":"Stack","floor":18},{"not_picked":["Stack","Coolheaded"],"picked":"Streamline+1","floor":20}],"player_experience":98025,"relics_obtained":[{"floor":9,"key":"Molten Egg 2"},{"floor":10,"key":"WingedGreaves"},{"floor":12,"key":"Happy Flower"},{"floor":13,"key":"MealTicket"},{"floor":17,"key":"War Paint"},{"floor":17,"key":"Eternal Feather"},{"floor":17,"key":"Ginger"},{"floor":20,"key":"Red Mask"},{"floor":21,"key":"Enchiridion"}],"event_choices":[{"damage_healed":0,"gold_gain":0,"player_choice":"Success","damage_taken":12,"relics_obtained":["Gremlin Horn"],"max_hp_gain":0,"max_hp_loss":0,"event_name":"Scrap Ooze","floor":2,"gold_loss":0},{"damage_healed":0,"gold_gain":0,"player_choice":"2 cards matched","damage_taken":0,"max_hp_gain":0,"max_hp_loss":0,"event_name":"Match and Keep!","floor":3,"gold_loss":0,"cards_obtained":["Machine Learning","Panacea"]},{"damage_healed":0,"gold_gain":175,"player_choice":"AGREE","damage_taken":0,"max_hp_gain":0,"max_hp_loss":0,"event_name":"Liars Game","floor":11,"gold_loss":0,"cards_obtained":["Doubt"]},{"damage_healed":0,"gold_gain":0,"player_choice":"Simplicity","damage_taken":0,"max_hp_gain":0,"max_hp_loss":0,"event_name":"Back to Basics","floor":19,"gold_loss":0,"cards_upgraded":["Strike_B","Strike_B","Strike_B","Strike_B","Defend_B","Defend_B","Defend_B"]},{"damage_healed":0,"gold_gain":0,"player_choice":"Fought Bandits","damage_taken":0,"max_hp_gain":0,"max_hp_loss":0,"event_name":"Masked Bandits","floor":20,"gold_loss":0},{"damage_healed":0,"gold_gain":0,"player_choice":"Obtained Book","damage_taken":16,"max_hp_gain":0,"max_hp_loss":0,"event_name":"Cursed Tome","floor":21,"gold_loss":0},{"damage_healed":0,"gold_gain":0,"player_choice":"Ignored","damage_taken":0,"max_hp_gain":0,"max_hp_loss":0,"event_name":"Beggar","floor":22,"gold_loss":0}],"is_beta":false,"boss_relics":[{"not_picked":["Runic Pyramid","Coffee Dripper"],"picked":"Calling Bell"}],"items_purged_floors":[],"is_endless":false,"potions_floor_spawned":[4,13,16],"killed_by":"Slavers","ascension_level":1}}