{"host":"eny0bxnatoru6fum","time":1611380417,"event":{"mods":["A Magickal Journey","AchievementEnabler","AlwaysNeverKeys","Aspiration","BaseMod","Beaked The Cultist","BetterRewards","Colored Map","Colored Powertips","Conspire","DeckTracker","Duelist Mod","Energized Spire","Glutton Mod","Halation","Hubris","Infinite Spire","Jedi Mod","Lobotomy","LobotomyExtend","Minty Spire (QoL Compilation)","Relic Sorter","Replay The Spire","Shop Mod","Spicy Shops","Spikes Relics","StSLib","Synergy Search","The Animator","The Blue Laboratory","The Bug Knight","The Cursed","The Hierophant","The Jungle","The Problem Sleuth","The Runesmith","The Sage","The Servant 0.9.4","The Spell Scribe","vexMod"],"gold_per_floor":[117,117,192,24,42,71,71,97,97,125,125,237,237,237,237,340,340,353,384,85,97,16,16,28,60,60,112,130,130,161,161,161,260,260,238,250,512,512,512,512,49,49,49,49,49,49,49,49,49,49],"floor_reached":51,"language":"ENG","playtime":3747,"items_purged":["hubris:Lust","Decay"],"score":911,"play_id":"cd03f62a-befd-4ef6-b3f7-9c94176fb191","local_time":"20210122234017","is_ascension_mode":false,"campfire_choices":[{"floor":11,"key":"RECALL"},{"floor":13,"key":"REST"},{"data":"hubris:Fate","floor":40,"key":"SMITH"},{"floor":49,"key":"REST"}],"circlet_count":0,"master_deck":["animator:Strike_Elsword","animator:Defend_Elsword","animator:Strike","animator:Strike","animator:Defend","animator:Defend","animator:Defend","animator:Chung","animator:Raven","animator:DolaRiku","animator:Kira","animator:Witch","animator:Spearman","animator:Lu","animator:RoyMustang+1","animator:Verdia","animator:Shalltear+1","animator:Elesis+2","hubris:Fate+1","animator:Shichika","animator:Laby","animator:Add+1","animator:Ciel","animator:Melzalgald+1","animator:Emonzaemon+1","animator:DolaSchwi+1","animator:Elsword+1","animator:Elsword+1","ReplayTheSpireMod:Echo Chamber","animator:KyokoSakura+1","animator:Elesis+2","animator:Pride+1","animator:SilverFang+1","animator:Tatsumaki+1","animator:MumenRider+1","animator:Geryuganshoop","animator:Genos+1","animator:Nanami","animator:CowGirl+1","animator:Ain+1","animator:Rena","animator:Sloth+1","animator:Shichika","animator:Azekura+1","animator:Cocytus+1","animator:DolaCouronne","animator:WinryRockbell","animator:RoyMustang+1","animator:Sloth+1","animator:Ciel","animator:Rena","animator:Gluttony","animator:Rena","animator:Chung","animator:Elsword+1","Pride"],"relics":["animator:LivingPicture","hubris:Icosahedron","BlackRope","animator:TheMissingPiece","animator:PurgingStone","NeowsBlessing","LetterFromLob","Calipers","vexMod:RetaliationKit","Molten Egg 2","ReplayTheSpireMod:Lightbulb","jedi:firstaidkit","beaked:SacredDeck","ReplayTheSpireMod:CursedCoin","aspiration:ArtOfWarUpgrade","Anchor","hubris:TenFootPole","Unceasing Top","halation:Trompette","conspire:TopHat","conspire:SpecialSausage","Replay:Mystery Machine","energizedSpire:StickyHand","jedi:ominousloannote","vexMod:GhostlyGear","Oddly Smooth Stone","GiantMaggot","hubris:MedicalManual","WizardHat"],"acts_visited":["Exordium","TheCity","TheBeyond"],"potions_floor_usage":[10,16,16,25,27,33,36,38,46,50,50,50],"damage_taken":[{"damage":0,"enemies":"Small Slimes","floor":1,"turns":1},{"damage":0,"enemies":"Cultist","floor":5,"turns":1},{"damage":0,"enemies":"3 Sentries","floor":6,"turns":2},{"damage":2,"enemies":"2 Louse","floor":8,"turns":2},{"damage":10,"enemies":"Lagavulin","floor":10,"turns":6},{"damage":13,"enemies":"Red Slaver","floor":12,"turns":4},{"damage":31,"enemies":"Hexaghost","floor":16,"turns":7},{"damage":10,"enemies":"Chosen","floor":18,"turns":4},{"damage":15,"enemies":"Shell Parasite","floor":19,"turns":6},{"damage":1,"enemies":"Sentry and Sphere","floor":21,"turns":5},{"damage":6,"enemies":"Snecko","floor":24,"turns":3},{"damage":7,"enemies":"animator:HornedBat","floor":25,"turns":6},{"damage":23,"enemies":"Slavers","floor":27,"turns":7},{"damage":41,"enemies":"Centurion and Healer","floor":28,"turns":11},{"damage":0,"enemies":"Sentry and Sphere","floor":30,"turns":3},{"damage":25,"enemies":"conspire:MysteriousRune","floor":33,"turns":4},{"damage":0,"enemies":"3 Shapes","floor":35,"turns":3},{"damage":0,"enemies":"Orb Walker","floor":36,"turns":3},{"damage":3,"enemies":"Jaw Worm Horde","floor":38,"turns":4},{"damage":6,"enemies":"Maw","floor":39,"turns":4},{"damage":0,"enemies":"R_Hoarder","floor":42,"turns":2},{"damage":4,"enemies":"Spire Growth","floor":44,"turns":3},{"damage":0,"enemies":"4 Shapes","floor":45,"turns":3},{"damage":50,"enemies":"Reptomancer","floor":46,"turns":5},{"damage":0,"enemies":"Sphere and 2 Shapes","floor":47,"turns":2},{"damage":0,"enemies":"Spire Growth","floor":48,"turns":3},{"damage":28,"enemies":"Time Eater","floor":50,"turns":5}],"seed_played":"-7838849180027135660","potions_obtained":[{"floor":5,"key":"blueLaboratory:LouseDecoction"},{"floor":6,"key":"Regen Potion"},{"floor":8,"key":"blueLaboratory:StoneskinPotion"},{"floor":16,"key":"SteroidPotion"},{"floor":21,"key":"Reflective Coating"},{"floor":28,"key":"Fire Potion"},{"floor":35,"key":"Explosive Potion"},{"floor":42,"key":"Dexterity Potion"},{"floor":46,"key":"blueLaboratory:ExaltedPotion"},{"floor":47,"key":"BlessingOfTheForge"}],"is_trial":false,"path_per_floor":["M","?","?","$","M","E","?","M","T","E","R","M","R","T","R_BF","B",null,"M","M","$","M","$","R","M","E","T","E","M","AVR","M","T","R","B",null,"M","M","$","M","M","R","$","E","T","M","M","E","M","M","R","B",null],"character_chosen":"THE_ANIMATOR","items_purchased":["animator:Kira","ReplayTheSpireMod:CursedCoin","Art of War","Anchor","hubris:TenFootPole","animator:Ciel","animator:Melzalgald+1","jedi:ominousloannote","vexMod:GhostlyGear","BlackRope","Oddly Smooth Stone"],"campfire_rested":2,"item_purchase_floors":[4,20,20,20,20,22,22,37,37,41,41],"current_hp_per_floor":[66,59,53,53,53,53,53,51,51,41,41,28,47,47,47,61,67,60,47,47,47,47,47,41,43,43,44,63,63,63,63,63,40,68,68,69,69,68,64,64,64,64,64,60,60,17,17,17,37,14],"gold":49,"neow_bonus":"THREE_ENEMY_KILL","is_daily":false,"chose_seed":false,"campfire_upgraded":1,"win_rate":0.0,"timestamp":1611380417,"path_taken":["M","?","?","$","?","E","?","M","T","E","R","M","R","?","R_BF","BOSS","M","M","$","M","?","R","M","E","T","E","M","AVR","M","?","R","BOSS","M","M","$","M","M","R","$","E","T","M","M","E","M","M","R","BOSS"],"items_purchased_type":["Card","Relic","Relic","Relic","Relic","Card","Card","Relic","Relic","Relic","Relic"],"build_version":"2020-12-22","purchased_purges":2,"victory":true,"max_hp_per_floor":[66,66,66,66,66,66,66,66,66,66,66,66,66,66,66,67,67,67,67,67,68,68,68,68,68,68,68,68,68,68,68,68,68,68,68,69,69,69,69,69,69,69,69,69,69,69,69,69,69,69],"card_choices":[{"not_picked":["animator:Konayuki","animator:Kazuma"],"picked":"animator:DolaRiku","floor":1},{"not_picked":["animator:Megumin","animator:Pride"],"picked":"animator:Witch","floor":5},{"not_picked":["animator:SilverFang","animator:Shichika"],"picked":"animator:Spearman","floor":6},{"not_picked":["animator:Raven","animator:Rose"],"picked":"animator:Lu","floor":8},{"not_picked":["animator:GuildGirl","animator:SuzuneAmano+1"],"picked":"animator:RoyMustang+1","floor":10},{"not_picked":["animator:Spearman+1","animator:Ara+1"],"picked":"animator:Verdia","floor":12},{"not_picked":["animator:Saitama","animator:Albedo+1"],"picked":"animator:Elesis+1","floor":16},{"not_picked":["animator:Ciel","animator:Raven+1"],"picked":"animator:Shichika","floor":18},{"not_picked":["animator:Add","animator:Ara+1"],"picked":"animator:Laby","floor":19},{"not_picked":["animator:Pride","animator:Mitsurugi+1"],"picked":"animator:Add+1","floor":21},{"not_picked":["animator:GuildGirl","animator:Shalltear+1"],"picked":"animator:Emonzaemon+1","floor":24},{"not_picked":["animator:SuzuneAmano+1","animator:DolaStephanie"],"picked":"animator:DolaSchwi+1","floor":25},{"not_picked":["animator:Ciel","animator:Chung"],"picked":"animator:Elsword+1","floor":27},{"not_picked":["animator:YuiTsuruno+1","animator:Shalltear+1"],"picked":"animator:Elsword+1","floor":28},{"not_picked":["animator:Hitei","animator:Witch"],"picked":"animator:KyokoSakura+1","floor":30},{"not_picked":["animator:SwordMaiden","animator:HomuraAkemi"],"picked":"animator:Elesis+1","floor":33},{"not_picked":["animator:Pride+1","animator:SilverFang+1"],"picked":"animator:Tatsumaki+1","floor":35},{"not_picked":["animator:MumenRider+1","animator:Genos+1"],"picked":"animator:Geryuganshoop","floor":36},{"not_picked":["animator:Nanami","animator:Ain+1"],"picked":"animator:CowGirl+1","floor":38},{"not_picked":["animator:Rena","animator:Shichika"],"picked":"animator:Sloth+1","floor":39},{"not_picked":["animator:Azekura+1","animator:DolaCouronne"],"picked":"animator:Cocytus+1","floor":42},{"not_picked":["animator:WinryRockbell","animator:RoyMustang+1"],"picked":"animator:Sloth+1","floor":44},{"not_picked":["animator:Ciel","animator:Rena"],"picked":"animator:Gluttony","floor":45},{"not_picked":["animator:NagisaMomoe+1","animator:Kazuma","animator:SilverFang"],"picked":"SKIP","floor":46},{"not_picked":["animator:SayakaMiki+1","animator:Demiurge","animator:Genos+1"],"picked":"SKIP","floor":47},{"not_picked":["animator:Rena","animator:Elsword+1"],"picked":"animator:Chung","floor":48}],"player_experience":531162,"relics_obtained":[{"floor":1,"key":"LetterFromLob"},{"floor":6,"key":"vexMod:RetaliationKit"},{"floor":9,"key":"Molten Egg 2"},{"floor":10,"key":"ReplayTheSpireMod:Lightbulb"},{"floor":14,"key":"jedi:firstaidkit"},{"floor":25,"key":"Unceasing Top"},{"floor":26,"key":"halation:Trompette"},{"floor":27,"key":"conspire:TopHat"},{"floor":42,"key":"GiantMaggot"},{"floor":43,"key":"hubris:MedicalManual"},{"floor":46,"key":"WizardHat"}],"event_choices":[{"damage_healed":0,"gold_gain":0,"player_choice":"Success","damage_taken":7,"relics_obtained":["Calipers"],"max_hp_gain":0,"max_hp_loss":0,"event_name":"Scrap Ooze","floor":2,"gold_loss":0},{"damage_healed":0,"gold_gain":75,"player_choice":"Touch","damage_taken":6,"max_hp_gain":0,"max_hp_loss":0,"event_name":"FaceTrader","floor":3,"gold_loss":0}],"is_beta":false,"boss_relics":[{"not_picked":["hubris:RunicObelisk","vexMod:MysteryBossChallenge"],"picked":"beaked:SacredDeck"},{"not_picked":["hubris:CrackedHourglass","Astrolabe"],"picked":"energizedSpire:StickyHand"}],"items_purged_floors":[20,29],"is_endless":false,"potions_floor_spawned":[5,6,8,16,21,24,28,35,42,46,47],"ascension_level":0}}