{"host":"o6j8h35axmoodbwy","time":1611403008,"event":{"mods":["2.2 Compatiblity","BaseMod","Colored Map","Colored Powertips","MarisaÅiñ∂âJÅ@ñÇóùçπÅj","Minty Spire (QoL Compilation)","Quick Restart","Shop Mod","StSLib","SuperFastMode","Td1madao Mod","The Bug Knight"],"gold_per_floor":[116,130,205,205,59,97,97,120,173,173,203,203,203,49,49,183,255,270,293,293,317,340,340,354,354,408,408,443,543,561,309,309,448,448,480,496,42,60,60,60,94,136,136,136,136,152,485,503,503,503],"floor_reached":51,"language":"JPN","playtime":2505,"items_purged":["Strike_R"],"score":1188,"play_id":"04cfdc08-8cfe-4032-9af7-6920b03957ae","local_time":"20210123205648","is_ascension_mode":true,"campfire_choices":[{"data":"Whirlwind","floor":7,"key":"SMITH"},{"data":"Bash","floor":10,"key":"SMITH"},{"data":"Uppercut","floor":12,"key":"SMITH"},{"data":"Power Through","floor":15,"key":"SMITH"},{"data":"Exhume","floor":23,"key":"SMITH"},{"data":"Ghostly Armor","floor":25,"key":"SMITH"},{"data":"Flex","floor":27,"key":"SMITH"},{"data":"Fire Breathing","floor":32,"key":"SMITH"},{"floor":40,"key":"REST"},{"floor":49,"key":"REST"}],"circlet_count":0,"master_deck":["AscendersBane","Bash+1","Spot Weakness","Power Through+1","Impervious","Whirlwind+1","Flex+1","Uppercut+1","Impervious+1","Exhume+1","Rage+1","Fire Breathing+1","Headbutt","Juggernaut","Reckless Charge","Evolve","Ghostly Armor+1","Brutality","Ghostly Armor+1","Inflame+1","Heavy Blade+1","Madness","Madness"],"relics":["Burning Blood","NeowsBlessing","Tiny Chest","CeramicFish","Akabeko","Chemical X","Pandora\u0027s Box","War Paint","Regal Pillow","Potion Belt","Toy Ornithopter","ClockworkSouvenir","Fusion Hammer","Bottled Flame","OrangePellets","Boot","Meat on the Bone","HollowMod:StagPassRelic"],"acts_visited":["Exordium","TheCity","TheBeyond"],"potions_floor_usage":[16,16,30,33,33,33,42,50,50,50,50,50,50],"damage_taken":[{"damage":0,"enemies":"2 Louse","floor":1,"turns":1},{"damage":0,"enemies":"Jaw Worm","floor":2,"turns":1},{"damage":0,"enemies":"Gremlin Nob","floor":6,"turns":1},{"damage":0,"enemies":"Small Slimes","floor":8,"turns":4},{"damage":10,"enemies":"3 Louse","floor":11,"turns":3},{"damage":33,"enemies":"Hexaghost","floor":16,"turns":10},{"damage":0,"enemies":"Chosen","floor":18,"turns":3},{"damage":0,"enemies":"2 Thieves","floor":19,"turns":2},{"damage":0,"enemies":"Snake Plant","floor":22,"turns":1},{"damage":7,"enemies":"Snecko","floor":24,"turns":3},{"damage":0,"enemies":"Gremlin Leader","floor":28,"turns":5},{"damage":9,"enemies":"Centurion and Healer","floor":30,"turns":4},{"damage":37,"enemies":"Collector","floor":33,"turns":7},{"damage":0,"enemies":"3 Darklings","floor":35,"turns":2},{"damage":9,"enemies":"3 Shapes","floor":36,"turns":9},{"damage":20,"enemies":"Transient","floor":38,"turns":5},{"damage":0,"enemies":"Sphere and 2 Shapes","floor":41,"turns":1},{"damage":0,"enemies":"Reptomancer","floor":42,"turns":3},{"damage":0,"enemies":"3 Darklings","floor":46,"turns":1},{"damage":80,"enemies":"Donu and Deca","floor":50,"turns":8}],"seed_played":"9089663558939686904","potions_obtained":[{"floor":2,"key":"Energy Potion"},{"floor":11,"key":"PowerPotion"},{"floor":16,"key":"LiquidBronze"},{"floor":22,"key":"Strength Potion"},{"floor":28,"key":"CultistPotion"},{"floor":30,"key":"Fruit Juice"},{"floor":36,"key":"LiquidMemories"},{"floor":38,"key":"Swift Potion"},{"floor":42,"key":"Regen Potion"}],"is_trial":false,"path_per_floor":["M","M","?","?","$","E","R","M","T","R","M","R","T","$","R","B",null,"M","M","?","T","M","R","M","R","T","R","E","?","M","$","R","B",null,"M","M","$","M","$","R","M","E","T","?","T","M","?","?","R","B",null],"character_chosen":"IRONCLAD","items_purchased":["Impervious","Chemical X","ClockworkSouvenir","EntropicBrew","Bottled Flame","OrangePellets","Block Potion"],"campfire_rested":2,"item_purchase_floors":[5,14,31,31,37,37,37],"current_hp_per_floor":[78,80,69,49,49,55,55,61,61,61,57,57,57,57,57,30,68,74,80,80,80,80,80,79,79,79,79,80,80,85,85,85,54,77,83,80,80,66,66,85,85,85,85,85,85,85,85,74,85,52],"gold":503,"neow_bonus":"THREE_ENEMY_KILL","is_daily":false,"chose_seed":false,"campfire_upgraded":8,"win_rate":0.0,"timestamp":1611403008,"path_taken":["M","M","?","?","$","E","R","?","T","R","M","R","?","$","R","BOSS","M","M","?","?","M","R","M","R","T","R","E","?","M","$","R","BOSS","M","?","$","M","$","R","M","E","T","?","?","M","?","?","R","BOSS"],"items_purchased_type":["Card","Relic","Relic","Potion","Relic","Relic","Potion"],"build_version":"2020-12-22","purchased_purges":1,"victory":true,"max_hp_per_floor":[80,80,80,80,80,80,80,80,80,80,80,80,80,80,80,80,80,80,80,80,80,80,80,80,80,80,80,80,80,85,85,85,85,85,85,85,85,85,85,85,85,85,85,85,85,85,85,85,85,85],"card_choices":[{"not_picked":["Body Slam","Clothesline"],"picked":"Spot Weakness","floor":1},{"not_picked":["Warcry","Carnage"],"picked":"Power Through","floor":2},{"not_picked":["Perfected Strike","Sword Boomerang"],"picked":"Whirlwind","floor":6},{"not_picked":["Hemokinesis","Whirlwind"],"picked":"Flex","floor":8},{"not_picked":["Whirlwind","Blood for Blood"],"picked":"Uppercut","floor":11},{"not_picked":["Bludgeon","Exhume"],"picked":"Impervious","floor":16},{"not_picked":["Clash","Sword Boomerang","Cleave"],"picked":"SKIP","floor":18},{"not_picked":["Cleave","Perfected Strike+1","Clothesline"],"picked":"SKIP","floor":19},{"not_picked":["Clothesline","Blood for Blood+1"],"picked":"Ghostly Armor","floor":22},{"not_picked":["Sentinel","Fire Breathing","Body Slam"],"picked":"SKIP","floor":24},{"not_picked":["Havoc","Spot Weakness","Combust+1"],"picked":"SKIP","floor":28},{"not_picked":["Twin Strike+1","Headbutt","Uppercut"],"picked":"SKIP","floor":30},{"not_picked":["Corruption","Bludgeon"],"picked":"Brutality","floor":33},{"not_picked":["Spot Weakness+1","Burning Pact"],"picked":"Ghostly Armor+1","floor":35},{"not_picked":["Uppercut+1","Warcry","Armaments+1"],"picked":"SKIP","floor":36},{"not_picked":["Flex+1","Inflame","Warcry"],"picked":"SKIP","floor":38},{"not_picked":["Cleave+1","Iron Wave+1"],"picked":"Inflame+1","floor":41},{"not_picked":["Whirlwind","Dark Embrace+1"],"picked":"Heavy Blade+1","floor":42},{"not_picked":["Body Slam+1","Whirlwind","Pommel Strike+1"],"picked":"SKIP","floor":46}],"player_experience":518217,"relics_obtained":[{"floor":6,"key":"Tiny Chest"},{"floor":9,"key":"CeramicFish"},{"floor":13,"key":"Akabeko"},{"floor":21,"key":"Regal Pillow"},{"floor":26,"key":"Potion Belt"},{"floor":28,"key":"Toy Ornithopter"},{"floor":42,"key":"Boot"},{"floor":43,"key":"Meat on the Bone"},{"floor":45,"key":"HollowMod:StagPassRelic"}],"event_choices":[{"damage_healed":0,"gold_gain":75,"player_choice":"Gather Gold","damage_taken":11,"max_hp_gain":0,"max_hp_loss":0,"event_name":"World of Goop","floor":3,"gold_loss":0},{"damage_healed":0,"gold_gain":0,"player_choice":"Take Damage","damage_taken":20,"relics_obtained":["Golden Idol"],"max_hp_gain":0,"max_hp_loss":0,"event_name":"Golden Idol","floor":4,"gold_loss":0},{"damage_healed":0,"gold_gain":0,"player_choice":"Opened","damage_taken":0,"relics_obtained":["War Paint"],"max_hp_gain":0,"max_hp_loss":0,"event_name":"The Mausoleum","floor":20,"gold_loss":0},{"damage_healed":0,"gold_gain":100,"player_choice":"Pray","damage_taken":0,"max_hp_gain":0,"max_hp_loss":0,"event_name":"Golden Shrine","floor":29,"gold_loss":0},{"cards_removed":["Twin Strike"],"damage_healed":0,"gold_gain":0,"player_choice":"Purged","damage_taken":0,"max_hp_gain":0,"max_hp_loss":0,"event_name":"Purifier","floor":44,"gold_loss":0},{"damage_healed":0,"gold_gain":333,"player_choice":"Gave Idol","damage_taken":0,"max_hp_gain":0,"max_hp_loss":0,"event_name":"The Moai Head","floor":47,"relics_lost":["Golden Idol"],"gold_loss":0},{"damage_healed":0,"gold_gain":0,"player_choice":"Embrace Madness","damage_taken":11,"max_hp_gain":0,"max_hp_loss":0,"event_name":"Winding Halls","floor":48,"gold_loss":0,"cards_obtained":["Madness","Madness"]}],"is_beta":false,"boss_relics":[{"not_picked":["Ectoplasm","Runic Cube"],"picked":"Pandora\u0027s Box"},{"not_picked":["Tiny House","Calling Bell"],"picked":"Fusion Hammer"}],"items_purged_floors":[5],"is_endless":false,"potions_floor_spawned":[2,11,16,22,28,30,36,38,42],"ascension_level":11}}