{"host":"qljq6nt1bltq73k9","time":1611386039,"event":{"mods":["BaseMod","Colored Map","Colored Powertips","Minty Spire (QoL Compilation)","Quick Restart","Replay The Spire","StSLib","[IsaacMod]ÒÔÈö¼âËþ"],"gold_per_floor":[99999,99223,99223,98299,98299,98299,98299,98328,98328,98342,97269,97282,97282,97300,97300,97404,97404,97415,96292,96323,96340,96357,96357,96390,96390,96417,96417,95424,95364,95376,95386,95386,95483,95483,95498,95498,95511,95525,95535,95567,95567,95601,95669,95669,95669,95685,95714,95725,95725,95725,95725,95725,95063,95091,95091,95091],"floor_reached":55,"language":"ZHS","playtime":2651,"items_purged":["Defend_B","Defend_B","Delirium","Defend_B","Strike_B","SuicideKing"],"score":1175,"play_id":"ae71849d-667c-4344-b64e-ff5d249f1da8","local_time":"20210123151359","is_ascension_mode":false,"campfire_choices":[{"floor":6.0,"key":"RECALL"},{"floor":15.0,"key":"DIG"},{"data":"White Noise","floor":23.0,"key":"SMITH"},{"data":"ReplayUltimateDefense","floor":27.0,"key":"SMITH"},{"data":"Barrage","floor":32.0,"key":"SMITH"},{"data":"ElectricPowerLearning","floor":41,"key":"SMITH"},{"data":"Heatsinks","floor":44,"key":"SMITH"},{"floor":49,"key":"DIG"},{"data":"Loop","floor":52,"key":"SMITH"}],"circlet_count":0,"master_deck":["Strike_B","Strike_B","Zap","Dualcast","Loop+1","Violence","White Noise+1","Static Discharge","Violence","Seek+1","Seek+1","Multi-Cast+1","Crystallizer","BasicCrystalCard+1","Reboot+1","White Noise+1","Heatsinks+1","ReplayUltimateDefense+1","Specialist","Magnetism","Mayhem","BasicCrystalCard+1","Double Energy+1","Biased Cognition","Cancel+1","Self Repair","Defragment+1","Doom and Gloom","Loop","Time Bomb+1","Ball Lightning","BasicCrystalCard+1","Thunder Strike","Barrage+1","ElectricPowerLearning+1","White Noise+1","Defragment","Compile Driver+1","Melter+1","Creative AI","Chaos+1","Defragment+1","Double Energy+1","BasicCrystalCard+1","Consume+1","Creative AI","Lockon+1","Biased Cognition","Defragment","Capacitor","Creative AI"],"relics":["Cracked Core","HushsDoor","GuppysHead","NeowsBlessing","Bag of Preparation","Dream Catcher","YumHeart","Gremlin Food","OrangePellets","Ring of Shattering","Ring of Peace","Pen Nib","Toxic Egg 2","TheAbacus","BelialBook","Replay:Towering Pillar of Hats","Prayer Wheel","Replay:Bronze Core","Bottled Lightning","DoctorsRemote","ReplayTheSpireMod:ShopPack","Red Mask","Prayer Wheel","MealTicket","BookofShadows","Gremlin Horn","NineVolt","MagicMushroom","GuppysHairball","GuppysTail","SharpPlug","Ornamental Fan","Eternal Feather","HowToJump","Blood Vial","Solar Panel","ClockworkSouvenir","Vajra"],"acts_visited":["Exordium","TheCity","TheBeyond","TheEnding"],"potions_floor_usage":[38,55,55,55],"damage_taken":[{"damage":0.0,"enemies":"Small Slimes","floor":1.0,"turns":1.0},{"damage":0.0,"enemies":"Gremlin Nob","floor":8.0,"turns":1.0},{"damage":0.0,"enemies":"Cultist","floor":10.0,"turns":1.0},{"damage":0.0,"enemies":"2 Louse","floor":12.0,"turns":2.0},{"damage":4.0,"enemies":"2 Fungi Beasts","floor":14.0,"turns":2.0},{"damage":20.0,"enemies":"Hexaghost","floor":16.0,"turns":5.0},{"damage":18.0,"enemies":"Shell Parasite","floor":18.0,"turns":6.0},{"damage":30.0,"enemies":"Masked Bandits","floor":20.0,"turns":4.0},{"damage":6.0,"enemies":"3 Byrds","floor":21.0,"turns":2.0},{"damage":18.0,"enemies":"Shelled Parasite and Fungi","floor":22.0,"turns":6.0},{"damage":0.0,"enemies":"Replay:Snechameleon","floor":24.0,"turns":5.0},{"damage":10.0,"enemies":"Centurion and Healer","floor":30.0,"turns":5.0},{"damage":0.0,"enemies":"Snecko","floor":31.0,"turns":5.0},{"damage":0.0,"enemies":"Automaton","floor":33.0,"turns":3.0},{"damage":0.0,"enemies":"3 Darklings","floor":35.0,"turns":2.0},{"damage":0.0,"enemies":"3 Shapes","floor":37.0,"turns":1.0},{"damage":15,"enemies":"Writhing Mass","floor":38,"turns":3},{"damage":0,"enemies":"Sphere and 2 Shapes","floor":39,"turns":2},{"damage":0,"enemies":"R_Hoarder","floor":40,"turns":4},{"damage":0,"enemies":"Reptomancer","floor":42,"turns":2},{"damage":0,"enemies":"3 Darklings","floor":46,"turns":3},{"damage":0,"enemies":"Nemesis","floor":47,"turns":3},{"damage":0,"enemies":"Transient","floor":48,"turns":5},{"damage":0,"enemies":"Awakened One","floor":50,"turns":4},{"damage":0,"enemies":"Shield and Spear","floor":54,"turns":2},{"damage":78,"enemies":"Delirium","floor":55,"turns":11}],"seed_played":"-8567043830818771146","potions_obtained":[{"floor":1.0,"key":"EssenceOfDarkness"},{"floor":20.0,"key":"Swift Potion"},{"floor":35.0,"key":"CultistPotion"},{"floor":39,"key":"FocusPotion"},{"floor":54,"key":"PowerPotion"}],"is_trial":false,"path_per_floor":["M","$","?","$","?","R","?","E","T","M","$","M","?","M","R_BF","B",null,"M","$","?","M","M","R","E","?","T","R","$","?","M","M","R","B",null,"M","?","M","M","M","E","R","E","T","R","?","M","E","M","R_BF","B",null,"R","$","E","B"],"character_chosen":"DEFECT","items_purchased":["Bag of Preparation","Dream Catcher","Loop","Violence","LifebloodPotion","Explosive Potion","YumHeart","Gremlin Food","OrangePellets","Static Discharge","Violence","Seek+1","Multi-Cast+1","Crystallizer","TheAbacus","BelialBook","Replay:Towering Pillar of Hats","Bottled Lightning","DoctorsRemote","ReplayTheSpireMod:ShopPack","Heatsinks","ReplayUltimateDefense","Specialist","BookofShadows","Gremlin Horn","NineVolt","Doom and Gloom","Loop","Time Bomb+1","GuppysHairball","GuppysTail","White Noise+1","Defragment","Solar Panel","ClockworkSouvenir","Capacitor"],"campfire_rested":0,"item_purchase_floors":[2,2,2,2,2,2,4,4,4,4,4,11,11,11,11,11,11,19,19,19,19,19,19,28,28,28,28,28,28,34,34,34,34,53,53,53],"current_hp_per_floor":[75,75,75,75,75,75,75,75,75,75,75,75,68,64,64,44,75,57,57,45,39,21,21,28,28,28,28,43,43,65,72,72,75,56,56,56,56,54,55,56,56,56,56,56,56,56,56,56,56,56,56,56,56,56,0,0],"gold":95091,"neow_bonus":"THREE_ENEMY_KILL","is_daily":false,"chose_seed":false,"campfire_upgraded":6,"win_rate":0.0,"timestamp":1611386039,"path_taken":["M","$","?","$","?","R","?","E","T","M","$","M","?","M","R_BF","BOSS","M","$","?","M","M","R","E","?","T","R","$","?","M","M","R","BOSS","M","?","M","?","M","E","R","E","T","R","?","M","E","M","R_BF","BOSS","R","$","E","BOSS"],"items_purchased_type":["Relic","Relic","Card","Card","Potion","Potion","Relic","Relic","Relic","Card","Card","Card","Card","Card","Relic","Relic","Relic","Relic","Relic","Relic","Card","Card","Card","Relic","Relic","Relic","Card","Card","Card","Relic","Relic","Card","Card","Relic","Relic","Card"],"build_version":"2020-12-22","purchased_purges":6,"victory":false,"max_hp_per_floor":[75,75,75,75,75,75,75,75,75,75,75,75,75,75,75,75,75,75,75,75,75,75,75,75,75,75,75,75,75,75,75,75,75,56,56,56,56,56,56,56,56,56,56,56,56,56,56,56,56,56,56,56,56,56,56,56],"card_choices":[{"not_picked":[],"picked":"SuicideKing","floor":0.0},{"not_picked":["Redo","ReplaySolidLightProjector","Force Field"],"picked":"SKIP","floor":1.0},{"not_picked":["Rebound","Leap","Hologram"],"picked":"SKIP","floor":8.0},{"not_picked":["Aggregate+1","Cold Snap","Stack+1"],"picked":"SKIP","floor":10.0},{"not_picked":["Self Repair","Recycle+1"],"picked":"BasicCrystalCard+1","floor":12.0},{"not_picked":["Redo+1","Ball Lightning","BootSequence+1"],"picked":"SKIP","floor":14.0},{"not_picked":["Seek+1","Multi-Cast+1"],"picked":"Reboot+1","floor":16.0},{"not_picked":["BasicCrystalCard+1","Reinforced Body+1"],"picked":"White Noise+1","floor":18.0},{"not_picked":["Turbo+1","Beam Cell+1","FTL+1"],"picked":"SKIP","floor":18.0},{"not_picked":["EpicFetus","SuicideKing"],"picked":"Magnetism","floor":19.0},{"not_picked":["Enlightenment","Mind Blast"],"picked":"Mayhem","floor":19.0},{"not_picked":["Stack+1","Barrage"],"picked":"BasicCrystalCard+1","floor":20.0},{"not_picked":["Leap+1","Compile Driver"],"picked":"Double Energy+1","floor":21.0},{"not_picked":["Turbo+1","Distribution+1","Rebound"],"picked":"SKIP","floor":21.0},{"not_picked":["Barrage+1","ReplayGash+1"],"picked":"Biased Cognition","floor":22.0},{"not_picked":["FTL","Recycle+1"],"picked":"Cancel+1","floor":22.0},{"not_picked":["Panic Button+1","Recycle+1"],"picked":"Self Repair","floor":22.0},{"not_picked":["Rip and Tear+1","Melter"],"picked":"Defragment+1","floor":24.0},{"not_picked":["Rebound","Aggregate+1"],"picked":"Ball Lightning","floor":30.0},{"not_picked":["Force Field+1","Undo+1"],"picked":"BasicCrystalCard+1","floor":30.0},{"not_picked":["Turbo+1","Hologram+1","Steam Power+1"],"picked":"SKIP","floor":30.0},{"not_picked":["BasicCrystalCard+1","Barrage"],"picked":"Thunder Strike","floor":31.0},{"not_picked":["Streamline+1","Cold Snap","ReplaySolidLightProjector+1"],"picked":"SKIP","floor":31.0},{"not_picked":["Leap+1","Barrage","Glacier+1"],"picked":"SKIP","floor":31.0},{"not_picked":["Leap+1","Glacier+1"],"picked":"Barrage","floor":31.0},{"not_picked":["Streamline+1","Cold Snap","ReplaySolidLightProjector+1"],"picked":"SKIP","floor":31.0},{"not_picked":["Core Surge","Machine Learning"],"picked":"ElectricPowerLearning","floor":33.0},{"not_picked":["Rebound","Stack+1"],"picked":"Compile Driver+1","floor":35.0},{"not_picked":["Gash+1","Coolheaded+1"],"picked":"Melter+1","floor":35.0},{"not_picked":["Beam Cell","Tempest+1","Time Bomb+1"],"picked":"SKIP","floor":35.0},{"not_picked":["Storm","Streamline+1"],"picked":"Creative AI","floor":37.0},{"not_picked":["Time Bomb+1","Go for the Eyes+1","Sweeping Beam+1"],"picked":"SKIP","floor":37.0},{"not_picked":["Turbo+1","Scrape+1","Redo+1"],"picked":"SKIP","floor":37.0},{"not_picked":["Streamline+1","Conserve Battery+1"],"picked":"Chaos+1","floor":38},{"not_picked":["BasicCrystalCard+1","Compile Driver+1"],"picked":"Defragment+1","floor":38},{"not_picked":["Rebound+1","Reinforced Body+1","Coolheaded+1"],"picked":"SKIP","floor":38},{"not_picked":["Gash+1","Barrage+1"],"picked":"Double Energy+1","floor":39},{"not_picked":["Multi-Cast+1","Go for the Eyes"],"picked":"BasicCrystalCard+1","floor":39},{"not_picked":["Streamline","Consume+1","Melter+1"],"picked":"SKIP","floor":39},{"not_picked":["Streamline","Melter+1"],"picked":"Consume+1","floor":39},{"not_picked":["Coolheaded+1","Sweeping Beam+1","Turbo+1"],"picked":"SKIP","floor":40},{"not_picked":["Go for the Eyes","ReplayTheSpireMod:GoodbyeWorld+1","Streamline+1"],"picked":"SKIP","floor":42},{"not_picked":["Leap+1","Pulse+1"],"picked":"Lockon+1","floor":46},{"not_picked":["Sweeping Beam","Darkness+1","Time Bomb+1"],"picked":"SKIP","floor":46},{"not_picked":["Doom and Gloom","Barrage+1","Coolheaded+1"],"picked":"SKIP","floor":46},{"not_picked":["Barrage","Streamline"],"picked":"Biased Cognition","floor":47},{"not_picked":["Steam+1","BasicCrystalCard+1"],"picked":"Defragment","floor":48},{"not_picked":["Lockon","Go for the Eyes","Sweeping Beam+1"],"picked":"SKIP","floor":48},{"not_picked":["Barrage+1","Auto Shields+1","Blizzard+1"],"picked":"SKIP","floor":48},{"not_picked":["Cold Snap","Rebound+1"],"picked":"Creative AI","floor":54}],"player_experience":361636,"relics_obtained":[{"floor":7.0,"key":"Ring of Shattering"},{"floor":7.0,"key":"Ring of Peace"},{"floor":8.0,"key":"Pen Nib"},{"floor":9.0,"key":"Toxic Egg 2"},{"floor":15.0,"key":"Prayer Wheel"},{"floor":20.0,"key":"Red Mask"},{"floor":24.0,"key":"MealTicket"},{"floor":40,"key":"SharpPlug"},{"floor":42,"key":"Ornamental Fan"},{"floor":43,"key":"Eternal Feather"},{"floor":47,"key":"HowToJump"},{"floor":49,"key":"Blood Vial"},{"floor":54,"key":"Vajra"}],"event_choices":[{"damage_healed":0.0,"max_hp_gain":0.0,"max_hp_loss":0.0,"gold_gain":0.0,"cards_transformed":["Strike_B"],"event_name":"Transmorgrifier","player_choice":"Transformed","floor":3.0,"gold_loss":0.0,"damage_taken":0.0,"cards_obtained":["White Noise"]},{"damage_healed":0.0,"max_hp_gain":0.0,"max_hp_loss":0.0,"gold_gain":0.0,"event_name":"Liars Game","player_choice":"Ignored","floor":5.0,"gold_loss":0.0,"damage_taken":0.0},{"cards_removed":["Defend_B"],"damage_healed":0.0,"max_hp_gain":0.0,"max_hp_loss":0.0,"gold_gain":0.0,"event_name":"Golden Wing","player_choice":"Card Removal","floor":13.0,"gold_loss":0.0,"damage_taken":7.0},{"damage_healed":0.0,"max_hp_gain":0.0,"max_hp_loss":0.0,"gold_gain":0.0,"event_name":"Masked Bandits","player_choice":"Fought Bandits","floor":20.0,"gold_loss":0.0,"damage_taken":0.0},{"damage_healed":0.0,"max_hp_gain":0.0,"max_hp_loss":0.0,"gold_gain":0.0,"event_name":"Vampires","player_choice":"Ignored","floor":25.0,"gold_loss":0.0,"damage_taken":0.0},{"damage_healed":0,"gold_gain":0,"player_choice":"Copied","damage_taken":0,"max_hp_gain":0,"max_hp_loss":0,"event_name":"Duplicator","floor":45,"gold_loss":0,"cards_obtained":["Creative AI"]}],"is_beta":false,"boss_relics":[{"not_picked":["SlaversCollar","Calling Bell"],"picked":"Replay:Bronze Core"},{"not_picked":[]},{"not_picked":["ChewingGum","Replay:Grab Bag"],"picked":"MagicMushroom"},{"not_picked":[]}],"items_purged_floors":[2,4,11,19,28,53],"is_endless":false,"potions_floor_spawned":[1,8,12,20,24,31,35,39,42,46,48,54],"killed_by":"Delirium","ascension_level":0}}