{"host":"dv29tre2e7vje47n","time":1611407074,"event":{"mods":["AchievementEnabler","BaseMod","Colored Map","Colored Powertips","DeckTracker","Displayed Cursed Tome","Downfall","Friendly Minions","Googly Eyes","Highlight Path","Key Reminder","Minty Spire (QoL Compilation)","Quick Restart","Random Character Button","Rare Cards Sparkle","Relic Sorter","Relic Stats","Spire Birthday Party","StSLib","SuperFastMode","Unceasing Turn Reminder"],"gold_per_floor":[99,116,116,126,126,139,163,195,195,229,229,229,229,255,271,271,271,271],"floor_reached":16,"language":"ENG","playtime":749,"items_purged":[],"score":124,"play_id":"28f98343-5438-487f-b442-7467d8509990","local_time":"20210123140434","is_ascension_mode":true,"campfire_choices":[{"data":"sneckomod:Rotation","floor":9,"key":"SMITH"},{"data":"bronze:BurnOut","floor":13,"key":"SMITH"}],"circlet_count":0,"master_deck":["sneckomod:Strike","sneckomod:Strike","sneckomod:Strike","sneckomod:Defend","sneckomod:Defend","sneckomod:Defend","sneckomod:TailWhip","sneckomod:SnekBite","sneckomod:Unknown","Battle Trance","sneckomod:Rotation+1","sneckomod:UnknownUncommonPower","sneckomod:UnknownDexterity","bronze:BurnOut+1"],"relics":["sneckomod:SneckoSoul","Toy Ornithopter","hexamod:BolsterEngine","Happy Flower","Bag of Marbles","Guardian:PocketSentry","Bottled Lightning"],"acts_visited":["Exordium"],"potions_floor_usage":[16],"damage_taken":[{"damage":1,"enemies":"Cultist","floor":2,"turns":3},{"damage":6,"enemies":"Jaw Worm","floor":4,"turns":3},{"damage":2,"enemies":"Small Slimes","floor":6,"turns":3},{"damage":13,"enemies":"Gremlin Nob","floor":8,"turns":4},{"damage":5,"enemies":"Lagavulin","floor":10,"turns":5},{"damage":28,"enemies":"Gremlin Nob","floor":14,"turns":4},{"damage":9,"enemies":"Gremlin Gang","floor":15,"turns":4},{"damage":31,"enemies":"IC_STATUS_ARCHETYPE","floor":16,"turns":4}],"seed_played":"-8326062061070894082","potions_obtained":[{"floor":0,"key":"BlessingOfTheForge"},{"floor":0,"key":"Dexterity Potion"},{"floor":0,"key":"AttackPotion"}],"is_trial":false,"path_per_floor":["R","M","T","M","?","M","T","E","R","E","R","?","R","E","M","B"],"character_chosen":"THE_SNECKO","items_purchased":[],"campfire_rested":0,"item_purchase_floors":[],"current_hp_per_floor":[90,89,89,83,76,74,74,61,61,56,56,56,56,28,19,0,0,0],"gold":271,"neow_bonus":"THREE_SMALL_POTIONS","is_daily":false,"chose_seed":false,"campfire_upgraded":2,"win_rate":0.0,"timestamp":1611407074,"path_taken":["R","M","?","M","?","?","T","E","R","E","R","?","R","E","M","BOSS"],"items_purchased_type":[],"build_version":"2020-12-22","purchased_purges":0,"victory":false,"max_hp_per_floor":[90,90,90,90,90,90,90,90,90,90,90,90,90,90,90,90,90,90],"relic_stats":{"Happy Flower":[7],"counters":[8,29],"obtain_stats":[{"Happy Flower":7,"Bag of Marbles":8,"Guardian:PocketSentry":10,"Bottled Lightning":14,"hexamod:BolsterEngine":5,"sneckomod:SneckoSoul":0,"Toy Ornithopter":3},{"Happy Flower":3,"Bag of Marbles":4,"Guardian:PocketSentry":5,"Bottled Lightning":6,"hexamod:BolsterEngine":2,"sneckomod:SneckoSoul":0,"Toy Ornithopter":1},{"Happy Flower":9,"Bag of Marbles":13,"Guardian:PocketSentry":18,"Bottled Lightning":21,"hexamod:BolsterEngine":6,"sneckomod:SneckoSoul":0,"Toy Ornithopter":3}],"Toy Ornithopter":5},"card_choices":[{"not_picked":["sneckomod:UnknownExhaust","sneckomod:Unknown0Cost"],"picked":"sneckomod:Rotation","floor":2},{"not_picked":["sneckomod:UnknownExhaust","sneckomod:Memorize"],"picked":"sneckomod:UnknownUncommonPower","floor":4},{"not_picked":["sneckomod:SoulRoll","sneckomod:UnknownWeak"],"picked":"sneckomod:UnknownDexterity","floor":6},{"not_picked":["sneckomod:SoulDraw","sneckomod:UnknownCommonSkill","sneckomod:MasterEye"],"picked":"SKIP","floor":8},{"not_picked":["sneckomod:UnknownColorless","sneckomod:RainOfDice"],"picked":"sneckomod:UnknownRareAttack","floor":10},{"not_picked":["sneckomod:DiceBlock","sneckomod:QuickMove","sneckomod:SnakeSap"],"picked":"SKIP","floor":14},{"not_picked":["sneckomod:Rotation","sneckomod:UnknownCommonSkill","sneckomod:Unknown1Cost"],"picked":"SKIP","floor":15}],"player_experience":120652,"relics_obtained":[{"floor":3,"key":"Toy Ornithopter"},{"floor":7,"key":"Happy Flower"},{"floor":8,"key":"Bag of Marbles"},{"floor":10,"key":"Guardian:PocketSentry"},{"floor":14,"key":"Bottled Lightning"}],"event_choices":[{"damage_healed":0,"gold_gain":0,"player_choice":"Success","damage_taken":7,"relics_obtained":["hexamod:BolsterEngine"],"max_hp_gain":0,"max_hp_loss":0,"event_name":"Scrap Ooze","floor":5,"gold_loss":0}],"is_beta":false,"boss_relics":[],"items_purged_floors":[],"is_endless":false,"potions_floor_spawned":[4,6,15],"killed_by":"IC_STATUS_ARCHETYPE","ascension_level":1}}