{"host":"0iuhrgzkozzv273x","time":1611422972,"event":{"mods":["2.2 Compatiblity","BaseMod","Colored Map","Curses Come First","Downfall","Minty Spire (QoL Compilation)","Spire Arcade","StSLib","The Construct","Unceasing Turn Reminder"],"gold_per_floor":[99,119,134,145,165,65,120,136,46,46,64,64,84,113,126,229,229,129,129,114,124,140,140,140,156,186,186,71,87,87,87,102,202,202,102,116,116,116,128,163,163,143,170,170,196,196,222,222,241,241,241,268,47,47,47,47,47,47],"floor_reached":56,"language":"ENG","playtime":6589,"items_purged":["champ:Strike","Writhe"],"score":929,"play_id":"2f08b1e4-433a-42b8-9509-70c57a05d0b1","local_time":"20210123122932","is_ascension_mode":true,"campfire_choices":[{"floor":1,"key":"RECALL"},{"data":"champ:ShieldSlam","floor":6,"key":"SMITH"},{"data":"champ:Encircle","floor":10,"key":"SMITH"},{"data":"champ:Devastate","floor":12,"key":"SMITH"},{"data":"champ:StrikeOfGenius","floor":18,"key":"SMITH"},{"data":"champ:Improvising","floor":27,"key":"SMITH"},{"data":"champ:EnragedBash","floor":30,"key":"SMITH"},{"data":"champ:StrikeOfGenius","floor":35,"key":"SMITH"},{"data":"champ:Backstep","floor":44,"key":"SMITH"},{"data":"champ:Backstep","floor":46,"key":"SMITH"},{"floor":54,"key":"REST"}],"circlet_count":0,"master_deck":["champ:Execute","champ:Taunt+1","champ:ShieldSlam+1","champ:Encircle+1","champ:SkillfulDodge","champ:Devastate+1","champ:Backstep+1","champ:DefensiveShout","champ:AdrenalArmor","champ:Improvising+1","champ:EnragedBash+1","champ:Backstep+1","champ:StrikeOfGenius+1","champ:ShieldSlam","champ:EnGarde","champ:DefensiveShout","champ:GutPunch","champ:EndlessRage+1","champ:StrikeOfGenius+1","champ:BerserkersShout+1","champ:DancingMaster","champ:ArenaPreparation","Mayhem"],"relics":["champ:ChampionCrown","downfall:HeartBlessingRed","sneckomod:BlankCard","Nunchaku","Pandora\u0027s Box","downfall:HeartBlessingGreen","champ:DefensiveTrainingManual","Lantern","Pen Nib","sneckomod:SneckoTalon","downfall:HeartBlessingBlue","Mummified Hand","HornCleat","Dream Catcher","Ancient Tea Set","StrikeDummy","Bag of Preparation"],"acts_visited":["Exordium","TheCity","TheBeyond","TheEnding"],"potions_floor_usage":[5,13,16,16,26,33,33,40,43,43,49,55,56,56],"damage_taken":[{"damage":15,"enemies":"Jaw Worm","floor":2,"turns":5},{"damage":12,"enemies":"Small Slimes","floor":3,"turns":4},{"damage":1,"enemies":"2 Louse","floor":4,"turns":4},{"damage":11,"enemies":"Exordium Wildlife","floor":5,"turns":5},{"damage":0,"enemies":"2 Fungi Beasts","floor":8,"turns":4},{"damage":20,"enemies":"downfall:FleeingMerchant","floor":9,"turns":4},{"damage":10,"enemies":"3 Louse","floor":11,"turns":4},{"damage":17,"enemies":"Exordium Wildlife","floor":13,"turns":3},{"damage":32,"enemies":"3 Sentries","floor":14,"turns":10},{"damage":10,"enemies":"2 Fungi Beasts","floor":15,"turns":2},{"damage":61,"enemies":"SI_SHIV_ARCHETYPE","floor":16,"turns":10},{"damage":35,"enemies":"downfall:FleeingMerchant","floor":20,"turns":4},{"damage":5,"enemies":"Spheric Guardian","floor":21,"turns":4},{"damage":40,"enemies":"3 Byrds","floor":22,"turns":6},{"damage":30,"enemies":"Snake Plant","floor":25,"turns":4},{"damage":30,"enemies":"Book of Stabbing","floor":26,"turns":5},{"damage":17,"enemies":"downfall:FleeingMerchant","floor":28,"turns":4},{"damage":40,"enemies":"Centurion and Healer","floor":29,"turns":5},{"damage":25,"enemies":"Shelled Parasite and Fungi","floor":32,"turns":4},{"damage":58,"enemies":"IC_MUSHROOM_ARCHETYPE","floor":33,"turns":4},{"damage":46,"enemies":"Orb Walker","floor":36,"turns":4},{"damage":15,"enemies":"3 Shapes","floor":39,"turns":4},{"damage":40,"enemies":"Nemesis","floor":40,"turns":5},{"damage":25,"enemies":"downfall:FleeingMerchant","floor":42,"turns":2},{"damage":40,"enemies":"Reptomancer","floor":43,"turns":5},{"damage":61,"enemies":"Giant Head","floor":45,"turns":5},{"damage":48,"enemies":"Reptomancer","floor":47,"turns":5},{"damage":42,"enemies":"Transient","floor":49,"turns":5},{"damage":147,"enemies":"DF_ARCHETYPE_ORBS","floor":50,"turns":6},{"damage":138,"enemies":"downfall:CharBossMerchant","floor":52,"turns":6},{"damage":134,"enemies":"downfall:NeowBoss","floor":55,"turns":8},{"damage":96,"enemies":"downfall:NeowBossFinal","floor":56,"turns":7}],"seed_played":"-1726302488882793215","potions_obtained":[{"floor":2,"key":"construct:ShiftPotion"},{"floor":4,"key":"hexamod:SoulburnPotion"},{"floor":8,"key":"SteroidPotion"},{"floor":11,"key":"Strength Potion"},{"floor":14,"key":"PowerPotion"},{"floor":21,"key":"Block Potion"},{"floor":29,"key":"SkillPotion"},{"floor":32,"key":"hexamod:SoulburnPotion"},{"floor":36,"key":"Block Potion"},{"floor":43,"key":"GamblersBrew"},{"floor":49,"key":"LiquidBronze"}],"is_trial":false,"path_per_floor":["R","M","M","M","M","R","T","M","$","R","M","R","M","E","M","B",null,"R","?","$","M","M","?","T","M","E","R","$","M","R","?","M","B",null,"R","M","?","?","M","E","T","$","E","R","E","R","E","?","M","B",null,"E","$","R","B","B"],"character_chosen":"THE_CHAMP","items_purchased":["champ:DancingMaster","champ:ArenaPreparation","Regen Potion","champ:UltimateStancePotion","Mayhem","Dexterity Potion"],"campfire_rested":1,"item_purchase_floors":[42,42,42,42,53,53],"current_hp_per_floor":[90,85,83,82,81,81,81,81,81,81,81,81,74,72,72,51,90,90,90,90,90,90,90,90,90,90,90,88,88,88,70,70,67,95,105,89,89,89,89,89,89,89,103,103,102,102,99,98,96,49,105,87,87,105,96,0,0,0],"gold":47,"neow_bonus":"UPGRADE_CARD","is_daily":false,"chose_seed":false,"campfire_upgraded":9,"win_rate":0.0,"timestamp":1611422972,"path_taken":["R","M","M","M","M","R","T","M","$","R","M","R","M","E","M","BOSS","R","?","$","M","M","?","T","?","E","R","$","M","R","?","M","BOSS","R","M","?","?","M","E","T","$","E","R","E","R","E","?","M","BOSS","E","$","R","BOSS","BOSS"],"items_purchased_type":["Card","Card","Potion","Potion","Card","Potion"],"build_version":"2020-12-22","purchased_purges":2,"victory":false,"max_hp_per_floor":[90,90,90,90,90,90,90,90,90,90,90,90,90,90,90,90,90,90,90,90,90,90,90,90,90,90,90,90,90,90,95,95,95,95,105,105,105,105,105,105,105,105,105,105,105,105,105,105,105,105,105,105,105,105,105,105,105,105],"card_choices":[{"not_picked":["champ:FlashCut","champ:ViciousMockery"],"picked":"champ:ShieldSlam","floor":2},{"not_picked":["champ:Haymaker","champ:EnGarde"],"picked":"champ:Encircle","floor":3},{"not_picked":["champ:ShieldWall","champ:StanceDance"],"picked":"champ:SkillfulDodge","floor":4},{"not_picked":["champ:GladiatorStyle","champ:DefensiveShout","champ:StanceDance"],"picked":"SKIP","floor":5},{"not_picked":["champ:FocusedBerserking","champ:EnGarde"],"picked":"champ:Devastate","floor":8},{"not_picked":["champ:BladeFlurry","champ:CrookedStrike","champ:Endure"],"picked":"SKIP","floor":9},{"not_picked":["champ:SetATrap","champ:BringItOn","champ:StanceDance"],"picked":"SKIP","floor":11},{"not_picked":["champ:Shatter","champ:TornadoPunch"],"picked":"champ:Backstep","floor":13},{"not_picked":["champ:FaceSlap","champ:RapidStrikes"],"picked":"champ:DefensiveShout","floor":14},{"not_picked":["champ:Haymaker","champ:FanOfKnives"],"picked":"champ:AdrenalArmor","floor":15},{"not_picked":["champ:Devastate","champ:MurderStrike"],"picked":"champ:Improvising","floor":16},{"not_picked":["champ:EnGarde+1","champ:PreciseThrust"],"picked":"champ:GutPunch","floor":20},{"not_picked":["champ:Haymaker","champ:TornadoPunch+1","champ:BringItOn"],"picked":"SKIP","floor":21},{"not_picked":["champ:AdrenalArmor+1","champ:Circumvent","champ:ViciousMockery"],"picked":"SKIP","floor":22},{"not_picked":["champ:PreciseThrust","champ:Circumvent","champ:GutPunch"],"picked":"SKIP","floor":25},{"not_picked":["champ:FlashCut+1","champ:EnragedBash"],"picked":"champ:EndlessRage+1","floor":26},{"not_picked":["champ:ShieldWall","champ:BladeFlurry+1","champ:CheapShot"],"picked":"SKIP","floor":28},{"not_picked":["champ:TornadoPunch","champ:GutPunch+1","champ:CrownThrow"],"picked":"SKIP","floor":29},{"not_picked":["champ:EnGarde+1","champ:AdrenalArmor+1","champ:HeartStrike"],"picked":"SKIP","floor":32},{"not_picked":["champ:VampiricStrike","champ:Improvising"],"picked":"champ:StrikeOfGenius","floor":33},{"not_picked":["champ:CrookedStrike","champ:TornadoPunch+1","champ:DeathBlow+1"],"picked":"SKIP","floor":36},{"not_picked":["champ:FlashCut+1","champ:Lariat","champ:BerserkerStyle"],"picked":"SKIP","floor":39},{"not_picked":["champ:FlashCut+1","champ:GutPunch"],"picked":"champ:BerserkersShout+1","floor":40},{"not_picked":["champ:PreciseThrust","champ:FaceSlap","champ:BerserkersShout"],"picked":"SKIP","floor":42},{"not_picked":["champ:ShieldSlam","champ:BladeFlurry","champ:SkillfulDodge"],"picked":"SKIP","floor":43},{"not_picked":["champ:AdrenalArmor","champ:EndlessRage+1","champ:FanOfKnives+1"],"picked":"SKIP","floor":45},{"not_picked":["champ:Backstep+1","champ:TornadoPunch","champ:ShieldSlam+1"],"picked":"SKIP","floor":47},{"not_picked":["champ:ViciousMockery","champ:HeartStrike+1","champ:BerserkersShout"],"picked":"SKIP","floor":49},{"not_picked":["champ:FancyFootwork","champ:BladeFlurry+1","champ:TripleStrike"],"picked":"SKIP","floor":52}],"player_experience":747873,"relics_obtained":[{"floor":7,"key":"sneckomod:BlankCard"},{"floor":14,"key":"Nunchaku"},{"floor":26,"key":"Pen Nib"},{"floor":40,"key":"Mummified Hand"},{"floor":41,"key":"HornCleat"},{"floor":43,"key":"Dream Catcher"},{"floor":45,"key":"Ancient Tea Set"},{"floor":47,"key":"StrikeDummy"},{"floor":52,"key":"Bag of Preparation"}],"event_choices":[{"cards_removed":["champ:HeartStrike"],"damage_healed":0,"gold_gain":0,"player_choice":"Removed Attack","damage_taken":0,"max_hp_gain":0,"max_hp_loss":0,"event_name":"Falling","floor":38,"gold_loss":0}],"is_beta":false,"boss_relics":[{"not_picked":["Philosopher\u0027s Stone","SacredBark"],"picked":"Pandora\u0027s Box"},{"not_picked":["bronze:MakeshiftBattery","construct:WeddingRing"],"picked":"sneckomod:SneckoTalon"}],"items_purged_floors":[9,28],"is_endless":false,"potions_floor_spawned":[2,4,8,11,14,21,29,32,36,43,49],"killed_by":"downfall:NeowBossFinal","ascension_level":1}}