{"host":"q9hwjkbjmh6bz9mm","time":1611382675,"event":{"mods":["100% Spire Juice","2.2 Compatiblity","Act Like it!","Aspiration","BaseMod","Better Match","Better Third Choice","BetterRewards","Conspire","DNKmod","Dark Map","Exacting","Friendly Minions","GifTheSpireLib","GungeonMod","Halation","Hubris","KinomotoSakuraMod(????)","Luminous","Minty Spire (QoL Compilation)","MostiFishMod","Quarter Circle Forward PUNCH!","Replay The Spire","Robot Space Explorer","Small Relic Pack","Spire Arcade","StSLib","Td1madao Mod","The Alterego","The Animator","The Bladedancer","The Blue Laboratory","The Exalted","The Marked","The Saiyan","The Wild Card","Waifu the Spire","Yakumo Yukari mod","???Mod??????Boss","??????REMEMod"],"gold_per_floor":[1017,1017,1029,1029,1053,1088,1101,1101,1101,1139,1165,1016,1060,1100,1100,1229,1229,1297,1321,1335,1335,596,596,596],"floor_reached":23,"language":"ENG","playtime":8624,"items_purged":[],"score":351,"play_id":"53d69ea4-73b4-4811-8e3e-519f6fa04fc0","local_time":"20210122221755","is_ascension_mode":true,"campfire_choices":[{"data":"Bromod:ReflexCoil","floor":15,"key":"SMITH"}],"circlet_count":0,"master_deck":["Bromod:Strike_Bro","Bromod:Strike_Bro","Bromod:Strike_Bro","Bromod:Defend_Bro","Bromod:Defend_Bro","Bromod:Defend_Bro","Bromod:Defend_Bro","Bromod:SlashDash","Bromod:SlashDash","Bromod:SlashDash","Bromod:Berserker","Bromod:ShatteringImpact","Bromod:BloodRush","Bromod:OrganShatter","Bromod:SlashDash","Bromod:BodyCount","Bromod:Vitality","Bromod:SteelCharge","Injury","Bromod:Stormbringer","Bromod:ToxicBarrage","Bromod:NorthWind","Bromod:ContagiousSpread","Bromod:ReflexCoil+1","Bromod:NoReturn","Bromod:RendingStrike","Bromod:Rejuvenation","Bromod:FinishingTouch","Bromod:ArchwingLauncher","Midas Touch+1","Bromod:RadialBlind","Bromod:SteelFiber","Bromod:PointBlank","Good Instincts"],"relics":["Bromod:Ordis","Bromod:AscarisDevice","DaveBox","REME_ComplimentaryCards","RhineCircuit","DemoMod:VorpalBullet","aspiration:AnachronicSnailShell","SynthV:TestCard","hubris:Icosahedron","Golden Idol","Bromod:ArcaneConsequence","Bag of Preparation","Chemical X","Blood Vial","HornCleat","relicPack:KazumaCape","Bromod:BleedingDragonKey","Bromod:DecayingDragonKey","Bromod:HobbledDragonKey","Bromod:ExtinguishedDragonKey","BrkXgEgg","hubris:SlimyHat"],"acts_visited":["Exordium","TheCity"],"potions_floor_usage":[6,16,19,23,23],"damage_taken":[{"damage":0.0,"enemies":"Cultist","floor":1.0,"turns":1.0},{"damage":3,"enemies":"Small Slimes","floor":3,"turns":3},{"damage":1,"enemies":"Jaw Worm","floor":5,"turns":2},{"damage":9,"enemies":"Lagavulin","floor":6,"turns":4},{"damage":0,"enemies":"Blue Slaver","floor":7,"turns":3},{"damage":0,"enemies":"3 Louse","floor":10,"turns":2},{"damage":0,"enemies":"Gremlin Nob","floor":13,"turns":3},{"damage":10,"enemies":"conspire:MimicChest","floor":14,"turns":4},{"damage":1,"enemies":"Fading Forest","floor":16,"turns":11},{"damage":0,"enemies":"Shell Parasite","floor":18,"turns":1},{"damage":0,"enemies":"2 Thieves","floor":19,"turns":2},{"damage":0,"enemies":"3 Cultists","floor":20,"turns":2},{"damage":26,"enemies":"Gremlin Leader","floor":23,"turns":4}],"seed_played":"-8098000737566496233","potions_obtained":[{"floor":3,"key":"Block Potion"},{"floor":10,"key":"blueLaboratory:RememoryPotion"},{"floor":13,"key":"Venom Potion"},{"floor":18,"key":"DistilledChaos"},{"floor":19,"key":"blueLaboratory:EmptyBottle"}],"is_trial":false,"path_per_floor":["M","?","M","?","M","E","M","?","T","M","T","$","E","?","R","B",null,"M","M","M","?","$","E"],"character_chosen":"THE_EXALTED","items_purchased":["Bromod:ShatteringImpact","Bromod:BloodRush","Bromod:OrganShatter","Bromod:SlashDash","Chemical X","BrkXgEgg","Midas Touch+1","hubris:SlimyHat","Bromod:RadialBlind","Bromod:SteelFiber","Bromod:PointBlank","Good Instincts"],"campfire_rested":0,"item_purchase_floors":[0,0,0,0,12,22,22,22,22,22,22,22],"current_hp_per_floor":[100,100,97,97,96,87,87,87,87,87,87,87,87,79,79,88,97,99,100,100,25,25,0,0],"gold":596,"neow_bonus":"","is_daily":false,"chose_seed":false,"campfire_upgraded":1,"win_rate":0.0,"timestamp":1611382675,"path_taken":["M","?","M","?","M","E","?","?","T","M","?","$","E","?","R","BOSS","M","?","M","?","$","E"],"items_purchased_type":["Card","Card","Card","Card","Relic","Relic","Card","Relic","Card","Card","Card","Card"],"build_version":"2020-12-22","purchased_purges":0,"victory":false,"max_hp_per_floor":[100,100,100,100,100,100,100,100,100,100,100,100,100,100,100,100,100,100,100,100,25,25,25,25],"card_choices":[{"not_picked":["Bromod:PressurePoint","Bromod:SlashDash"],"picked":"Bromod:Vitality","floor":1.0},{"not_picked":["Bromod:BodyCount","Bromod:Reflection","Bromod:FastHands","Bromod:Vitality"],"picked":"Bromod:SteelCharge","floor":3},{"not_picked":["Bromod:RadialBlind","Bromod:KillingBlow","Bromod:Vitality","Bromod:PointStrike"],"picked":"Bromod:Stormbringer","floor":5},{"not_picked":["Bromod:SlipMagazine","Bromod:SteelCharge","Bromod:Foundry","Bromod:SlashDash"],"picked":"Bromod:ToxicBarrage","floor":6},{"not_picked":["Bromod:Patagium","Bromod:TargetCracker","Bromod:SlashDash","Bromod:ContagiousSpread"],"picked":"Bromod:NorthWind","floor":7},{"not_picked":["Bromod:PointStrike","Bromod:QuickDraw","Bromod:ShatteringImpact","Bromod:Foundry"],"picked":"Bromod:ContagiousSpread","floor":10},{"not_picked":["Bromod:PointStrike","Bromod:RadialBlind","Bromod:Stormbringer","Bromod:FastHands"],"picked":"Bromod:ReflexCoil","floor":13},{"not_picked":["Bromod:SteelCharge","Bromod:FastHands","Bromod:ArchwingLauncher","Bromod:Vitality"],"picked":"Bromod:NoReturn","floor":14},{"not_picked":["Bromod:ChillingReload","Bromod:ToxicBarrage","Bromod:Frostbite","Bromod:HellsChamber"],"picked":"Bromod:RendingStrike","floor":16},{"not_picked":["Bromod:Serration","Bromod:FastHands","Bromod:SteelCharge","Bromod:BulletJump"],"picked":"Bromod:Rejuvenation","floor":18},{"not_picked":["Bromod:HornetStrike","Bromod:SlipMagazine","Bromod:TacticalPump","Bromod:ShatteringImpact"],"picked":"Bromod:FinishingTouch","floor":19},{"not_picked":["Bromod:SlashDash","Bromod:FastHands+1","Bromod:Stormbringer+1","Bromod:Maglev"],"picked":"Bromod:ArchwingLauncher","floor":20}],"player_experience":976161,"relics_obtained":[{"floor":1.0,"key":"SynthV:TestCard"},{"floor":6,"key":"Bromod:ArcaneConsequence"},{"floor":11,"key":"Bag of Preparation"},{"floor":13,"key":"Blood Vial"},{"floor":14,"key":"HornCleat"}],"event_choices":[{"damage_healed":0,"gold_gain":0,"player_choice":"Take Wound","damage_taken":0,"relics_obtained":["Golden Idol"],"max_hp_gain":0,"max_hp_loss":0,"event_name":"Golden Idol","floor":4,"gold_loss":0,"cards_obtained":["Injury"]}],"is_beta":false,"boss_relics":[{"not_picked":["aspiration:RitualDagger","Calling Bell"],"picked":"relicPack:KazumaCape"}],"items_purged_floors":[],"is_endless":false,"potions_floor_spawned":[3,7,10,13,18,19],"killed_by":"Gremlin Leader","ascension_level":6}}