{"host":"atc9njsbcy6dgluf","time":1611427089,"event":{"mods":["BaseMod","Better Match","Infinite Spire","Minty Spire (QoL Compilation)","StSLib"],"gold_per_floor":[119,132,132,149,169,195,206,218,218,55,21,21,21,82,82,186,186,206,206,206,219,235,235,250,250,250,250,250],"floor_reached":27,"language":"ENG","playtime":2082,"items_purged":[],"score":301,"play_id":"4aa7815e-16f5-4135-a901-2efc37a5847e","local_time":"20210123193809","is_ascension_mode":true,"campfire_choices":[{"floor":13,"key":"REST"},{"floor":15,"key":"REST"},{"data":"Buffer","floor":23,"key":"SMITH"},{"data":"Chill","floor":25,"key":"SMITH"}],"circlet_count":0,"master_deck":["Strike_B","Strike_B","Strike_B","Strike_B+1","Defend_B","Defend_B","Defend_B","Defend_B+1","Zap","Dualcast","Static Discharge","Static Discharge","Sunder","Sunder","Undo","Chill+1","Creative AI","Buffer+1","Static Discharge+1","Hologram"],"relics":["Cracked Core","Unceasing Top","Juzu Bracelet","Gambling Chip","Coffee Dripper","Calipers"],"acts_visited":["Exordium","TheCity"],"potions_floor_usage":[7,21,24,24,27],"damage_taken":[{"damage":2,"enemies":"Jaw Worm","floor":1,"turns":3},{"damage":7,"enemies":"Small Slimes","floor":2,"turns":3},{"damage":3,"enemies":"2 Louse","floor":4,"turns":2},{"damage":7,"enemies":"2 Fungi Beasts","floor":5,"turns":3},{"damage":32,"enemies":"Gremlin Nob","floor":6,"turns":4},{"damage":1,"enemies":"Looter","floor":7,"turns":3},{"damage":0,"enemies":"3 Louse","floor":8,"turns":2},{"damage":41,"enemies":"Hexaghost","floor":16,"turns":10},{"damage":22,"enemies":"Spheric Guardian","floor":18,"turns":4},{"damage":8,"enemies":"Shell Parasite","floor":21,"turns":6},{"damage":12,"enemies":"Snake Plant","floor":22,"turns":1},{"damage":2,"enemies":"Cultist and Chosen","floor":24,"turns":8},{"damage":12,"enemies":"Sentry and Sphere","floor":27,"turns":5}],"seed_played":"-3291348490734992282","potions_obtained":[{"floor":4,"key":"GamblersBrew"},{"floor":16,"key":"Fire Potion"},{"floor":18,"key":"ColorlessPotion"},{"floor":22,"key":"SpeedPotion"},{"floor":24,"key":"Strength Potion"}],"is_trial":false,"path_per_floor":["M","M","?","M","M","E","M","M","T","$","?","?","R","?","R","B",null,"M","?","?","M","M","R","M","R","T","M"],"character_chosen":"DEFECT","items_purchased":["Creative AI"],"campfire_rested":2,"item_purchase_floors":[10],"current_hp_per_floor":[66,59,45,42,35,3,2,2,2,2,2,2,22,22,42,1,51,29,29,29,21,9,9,7,7,7,0,0],"gold":250,"neow_bonus":"ONE_RARE_RELIC","is_daily":false,"chose_seed":false,"campfire_upgraded":2,"win_rate":0.0,"timestamp":1611427089,"path_taken":["M","M","?","M","M","E","M","M","T","$","?","?","R","?","R","BOSS","M","?","?","M","M","R","M","R","T","M"],"items_purchased_type":["Card"],"build_version":"2020-12-22","purchased_purges":0,"victory":false,"max_hp_per_floor":[68,68,68,68,68,68,68,68,68,68,68,68,68,68,68,68,68,68,68,68,68,68,68,68,68,68,68,68],"card_choices":[{"not_picked":["Rebound","Turbo"],"picked":"Static Discharge","floor":1},{"not_picked":["Conserve Battery","Rebound"],"picked":"Static Discharge","floor":2},{"not_picked":["Aggregate","Barrage","Darkness"],"picked":"SKIP","floor":4},{"not_picked":["Streamline","FTL"],"picked":"Sunder","floor":5},{"not_picked":["Turbo","Darkness"],"picked":"Sunder","floor":6},{"not_picked":["Ball Lightning","Tempest"],"picked":"Undo","floor":7},{"not_picked":["Barrage","Conserve Battery"],"picked":"Chill","floor":8},{"not_picked":["Seek","Meteor Strike"],"picked":"Buffer","floor":16},{"not_picked":["Stack","Streamline"],"picked":"Static Discharge+1","floor":18},{"not_picked":["Coolheaded","Conserve Battery","Skim"],"picked":"SKIP","floor":21},{"not_picked":["Loop","Scrape+1"],"picked":"Hologram","floor":22},{"not_picked":["Steam+1","Beam Cell","Tempest"],"picked":"SKIP","floor":24}],"player_experience":584933,"relics_obtained":[{"floor":6,"key":"Juzu Bracelet"},{"floor":9,"key":"Gambling Chip"},{"floor":26,"key":"Calipers"}],"event_choices":[{"damage_healed":0,"gold_gain":0,"player_choice":"Entered Light","damage_taken":14,"max_hp_gain":0,"max_hp_loss":0,"event_name":"Shining Light","floor":3,"gold_loss":0,"cards_upgraded":["Strike_B","Defend_B"]},{"damage_healed":0,"gold_gain":0,"player_choice":"Left Gold","damage_taken":0,"max_hp_gain":0,"max_hp_loss":0,"event_name":"World of Goop","floor":11,"gold_loss":34},{"damage_healed":0,"gold_gain":0,"player_choice":"Searched \u00270\u0027 times","damage_taken":0,"max_hp_gain":0,"max_hp_loss":0,"event_name":"Dead Adventurer","floor":12,"gold_loss":0},{"damage_healed":0,"gold_gain":61,"player_choice":"Gained Gold","damage_taken":0,"max_hp_gain":0,"max_hp_loss":0,"event_name":"Golden Wing","floor":14,"gold_loss":0},{"damage_healed":0,"gold_gain":0,"player_choice":"Ignored","damage_taken":0,"max_hp_gain":0,"max_hp_loss":0,"event_name":"Beggar","floor":19,"gold_loss":0},{"damage_healed":0,"gold_gain":0,"player_choice":"Ignored","damage_taken":0,"max_hp_gain":0,"max_hp_loss":0,"event_name":"Cursed Tome","floor":20,"gold_loss":0}],"is_beta":false,"boss_relics":[{"not_picked":["Calling Bell","Busted Crown"],"picked":"Coffee Dripper"}],"items_purged_floors":[],"is_endless":false,"potions_floor_spawned":[4,16,18,22,24],"killed_by":"Sentry and Sphere","ascension_level":8}}