{"host":"avjwtc49fhlk6kym","time":1611434004,"event":{"mods":["AchievementEnabler","BaseMod","Better Match","Better Note","Better Third Choice","Colored Map","Colored Powertips","Displayed Cursed Tome","Highlight Path","Minty Spire (QoL Compilation)","Permanent Neow","Quick Restart","StSLib"],"gold_per_floor":[19,30,48,66,84,84,112,142,192,205,216,250,250,250,250,345,345,363,363,197,197,215,215,215,215,215],"floor_reached":25,"language":"ENG","playtime":990,"items_purged":["Decay"],"score":213,"play_id":"e8cb7c83-cc5d-4a6b-96bb-eeb097bbf031","local_time":"20210123153324","is_ascension_mode":false,"campfire_choices":[{"data":"CrushJoints","floor":6.0,"key":"SMITH"},{"floor":13.0,"key":"REST"},{"floor":15.0,"key":"REST"},{"floor":23,"key":"REST"}],"circlet_count":0,"master_deck":["Eruption","Vigilance","FlyingSleeves","Wallop","FollowUp","CrushJoints+1","Scrawl","WheelKick","CrushJoints","PathToVictory","Devotion","DevaForm+1","Evaluate","SashWhip","Wireheading","Scrawl","Omniscience","LikeWater","EmptyMind","Consecrate","SandsOfTime","Nirvana","FollowUp","Devotion"],"relics":["PureWater","StoneCalendar","Odd Mushroom","Ginger","Whetstone","Mercury Hourglass","Bag of Marbles","Pandora\u0027s Box"],"acts_visited":["Exordium","TheCity"],"potions_floor_usage":[22],"damage_taken":[{"damage":0.0,"enemies":"Cultist","floor":1.0,"turns":2.0},{"damage":0.0,"enemies":"Small Slimes","floor":2.0,"turns":2.0},{"damage":0.0,"enemies":"2 Louse","floor":3.0,"turns":2.0},{"damage":6.0,"enemies":"Exordium Wildlife","floor":4.0,"turns":3.0},{"damage":5.0,"enemies":"Looter","floor":5.0,"turns":3.0},{"damage":0.0,"enemies":"The Mushroom Lair","floor":7.0,"turns":3.0},{"damage":18.0,"enemies":"3 Sentries","floor":8.0,"turns":7.0},{"damage":3.0,"enemies":"3 Louse","floor":10.0,"turns":3.0},{"damage":0.0,"enemies":"Blue Slaver","floor":11.0,"turns":2.0},{"damage":16.0,"enemies":"Gremlin Nob","floor":12.0,"turns":3.0},{"damage":11.0,"enemies":"Slime Boss","floor":16.0,"turns":6.0},{"damage":23,"enemies":"Shell Parasite","floor":18,"turns":5},{"damage":46,"enemies":"2 Thieves","floor":22,"turns":4},{"damage":25,"enemies":"3 Cultists","floor":25,"turns":5}],"seed_played":"-457833677698235088","potions_obtained":[{"floor":1.0,"key":"Strength Potion"},{"floor":5.0,"key":"DistilledChaos"},{"floor":7.0,"key":"SteroidPotion"},{"floor":12.0,"key":"Block Potion"},{"floor":18,"key":"Strength Potion"}],"is_trial":false,"path_per_floor":["M","M","M","M","M","R","?","E","T","M","M","E","R","?","R","B",null,"M","?","$","?","M","R","?","M"],"character_chosen":"WATCHER","items_purchased":["Nirvana","FollowUp"],"campfire_rested":3,"item_purchase_floors":[20,20],"current_hp_per_floor":[72,72,72,66,61,61,61,43,43,40,40,24,45,42,63,52,72,49,49,49,49,3,24,24,0,0],"gold":215,"neow_bonus":"ONE_RARE_RELIC","is_daily":false,"chose_seed":false,"campfire_upgraded":1,"win_rate":0.0,"timestamp":1611434004,"path_taken":["M","M","M","M","?","R","?","E","T","M","M","E","R","?","R","BOSS","M","?","$","?","M","R","?","M"],"items_purchased_type":["Card","Card"],"build_version":"2020-12-22","purchased_purges":1,"victory":false,"max_hp_per_floor":[72,72,72,72,72,72,72,72,72,72,72,72,72,72,72,72,72,72,72,72,72,72,72,72,72,72],"card_choices":[{"not_picked":["Fasting2","TalkToTheHand"],"picked":"FlyingSleeves","floor":1.0},{"not_picked":["EmptyFist","Pray"],"picked":"Wallop","floor":2.0},{"not_picked":["SashWhip","Protect"],"picked":"FollowUp","floor":3.0},{"not_picked":["FlurryOfBlows","FlyingSleeves"],"picked":"CrushJoints","floor":4.0},{"not_picked":["EmptyBody","Worship","Perseverance"],"picked":"SKIP","floor":5.0},{"not_picked":["Worship","Collect"],"picked":"Scrawl","floor":7.0},{"not_picked":["EmptyFist","Brilliance"],"picked":"WheelKick","floor":8.0},{"not_picked":["FlurryOfBlows","Halt"],"picked":"CrushJoints","floor":10.0},{"not_picked":["EmptyBody","CutThroughFate"],"picked":"PathToVictory","floor":11.0},{"not_picked":["WaveOfTheHand","FlurryOfBlows"],"picked":"Devotion","floor":12.0},{"not_picked":["Alpha","Brilliance"],"picked":"DevaForm","floor":16.0},{"not_picked":["Crescendo","Consecrate"],"picked":"SandsOfTime","floor":18},{"not_picked":["EmptyBody","SashWhip","Crescendo"],"picked":"SKIP","floor":22}],"player_experience":402590,"relics_obtained":[{"floor":7.0,"key":"Odd Mushroom"},{"floor":8.0,"key":"Ginger"},{"floor":9.0,"key":"Whetstone"},{"floor":12.0,"key":"Mercury Hourglass"}],"event_choices":[{"damage_healed":0.0,"max_hp_gain":0.0,"max_hp_loss":0.0,"gold_gain":0.0,"event_name":"Mushrooms","player_choice":"Fought Mushrooms","floor":7.0,"gold_loss":0.0,"damage_taken":0.0},{"damage_healed":0.0,"max_hp_gain":0.0,"max_hp_loss":0.0,"gold_gain":0.0,"event_name":"betterThird:BetterScrap","player_choice":"Relic ","floor":14.0,"gold_loss":0.0,"damage_taken":3.0,"cards_obtained":["Combust"]},{"damage_healed":0,"gold_gain":0,"player_choice":"Cursed","damage_taken":0,"max_hp_gain":0,"max_hp_loss":0,"event_name":"Wheel of Change","floor":19,"gold_loss":0,"cards_obtained":["Decay"]},{"damage_healed":0,"gold_gain":0,"player_choice":"Copied","damage_taken":0,"max_hp_gain":0,"max_hp_loss":0,"event_name":"Duplicator","floor":21,"gold_loss":0,"cards_obtained":["Devotion"]},{"damage_healed":0,"gold_gain":0,"player_choice":"Forge","damage_taken":0,"max_hp_gain":0,"max_hp_loss":0,"event_name":"Accursed Blacksmith","floor":24,"gold_loss":0,"cards_upgraded":["DevaForm"]}],"is_beta":false,"boss_relics":[{"not_picked":["Sozu","SacredBark"],"picked":"Pandora\u0027s Box"}],"items_purged_floors":[20],"is_endless":false,"potions_floor_spawned":[1,5,7,12,18],"killed_by":"3 Cultists","ascension_level":0}}