{"host":"xkmvu47k9fdstweo","time":1611388377,"event":{"mods":["BaseMod","Colored Map","Conspire","Hubris","Minty Spire (QoL Compilation)","Quick Restart","Railgun Mod","Shop Mod","StSLib","The Alterego","The Animator","The Servant 0.9.4","The Wild Card","TheBandit","WarShipGirlsR/??è≠èóR mod","vexMod"],"gold_per_floor":[119,132,152,77,103,137,137,176,176,176,176,176,176,76,76,177,202,214,313,361,386,407,432,1,26,77,102,102,159,184,203,228,240,240],"floor_reached":33,"language":"ENG","playtime":871,"items_purged":["animator:Strike","animator:Strike","animator:Defend"],"score":339,"play_id":"74cfec52-9fa6-4ba4-9a26-819395277a55","local_time":"20210123025257","is_ascension_mode":true,"campfire_choices":[{"data":"animator:LizardPriest","floor":7,"key":"SMITH"},{"data":"animator:LizardPriest+1","floor":10,"key":"SMITH"},{"floor":13,"key":"DIG"},{"floor":15,"key":"DIG"},{"floor":23,"key":"DIG"},{"floor":28,"key":"REST"},{"floor":32,"key":"DIG"}],"circlet_count":0,"master_deck":["animator:Strike_GoblinSlayer","animator:Defend_GoblinSlayer","animator:Defend","animator:Defend","animator:LizardPriest+2","animator:DwarfShaman","animator:MaesHughes+1","animator:DwarfShaman","animator:YunYun","animator:Witch+1","animator:Spearman","animator:HighElfArcher","animator:Gilgamesh+9","animator:Chris+1","animator:HighElfArcher","animator:AcuraShin","animator:GuildGirl","animator:Nanami+1"],"relics":["animator:LivingPicture","animator:TheMissingPiece","animator:PurgingStone","NeowsBlessing","conspire:InfiniteJournal","Toy Ornithopter","Shovel","animator:EngravedStaff","Boot","hubris:Potato","hubris:RunicObelisk","Happy Flower","alterego_mod:FleetingLove","Question Card","Oddly Smooth Stone","War Paint","animator:ShionDessert","hubris:Towel","animator:WornHelmet","hubris:Reverence","Bronze Scales"],"acts_visited":["Exordium","TheCity"],"potions_floor_usage":[6,8,16,16,16,22,29,33],"damage_taken":[{"damage":0,"enemies":"Cultist","floor":1,"turns":1},{"damage":0,"enemies":"2 Louse","floor":2,"turns":1},{"damage":0,"enemies":"Jaw Worm","floor":3,"turns":1},{"damage":0,"enemies":"Blue Slaver","floor":5,"turns":3},{"damage":23,"enemies":"Lagavulin","floor":6,"turns":5},{"damage":5,"enemies":"3 Sentries","floor":8,"turns":5},{"damage":22,"enemies":"Slime Boss","floor":16,"turns":6},{"damage":46,"enemies":"conspire:FuzzyDice","floor":18,"turns":4},{"damage":1,"enemies":"3 Byrds","floor":22,"turns":3},{"damage":10,"enemies":"Snecko","floor":25,"turns":4},{"damage":15,"enemies":"conspire:SneckoGhost","floor":29,"turns":4},{"damage":0,"enemies":"Shelled Parasite and Fungi","floor":31,"turns":3},{"damage":33,"enemies":"Champ","floor":33,"turns":7}],"seed_played":"-963024752666977273","potions_obtained":[{"floor":2,"key":"EssenceOfSteel"},{"floor":3,"key":"SteroidPotion"},{"floor":6,"key":"SpeedPotion"},{"floor":8,"key":"PowerPotion"},{"floor":18,"key":"Regen Potion"},{"floor":25,"key":"LiquidBronze"},{"floor":31,"key":"Swift Potion"}],"is_trial":false,"path_per_floor":["M","M","M","$","M","E","R","E","T","R","?","?","R","$","R","B",null,"M","?","T","?","M","R","$","M","T","?","R","E","T","M","R","B"],"character_chosen":"THE_ANIMATOR","items_purchased":["Oddly Smooth Stone","War Paint"],"campfire_rested":1,"item_purchase_floors":[24,24],"current_hp_per_floor":[66,66,66,66,66,44,44,39,39,39,32,32,32,32,32,25,57,11,11,11,11,27,27,27,17,17,17,37,28,28,28,28,0,0],"gold":240,"neow_bonus":"THREE_ENEMY_KILL","is_daily":false,"chose_seed":false,"campfire_upgraded":2,"win_rate":0.0,"timestamp":1611388377,"path_taken":["M","?","M","$","M","E","R","E","T","R","?","?","R","?","R","BOSS","M","?","?","?","M","R","$","M","T","?","R","E","?","M","R","BOSS"],"items_purchased_type":["Relic","Relic"],"build_version":"2020-12-22","purchased_purges":3,"victory":false,"max_hp_per_floor":[66,66,66,66,66,67,67,67,67,67,67,67,67,67,67,67,67,67,67,67,67,67,67,67,67,67,67,67,68,68,68,68,68,68],"card_choices":[{"not_picked":["animator:ZankiKiguchi","animator:Gluttony"],"picked":"animator:MaesHughes","floor":1},{"not_picked":["animator:YunYun","animator:Spearman"],"picked":"animator:DwarfShaman","floor":2},{"not_picked":["animator:Melzalgald","animator:EmiyaShirou"],"picked":"animator:YunYun","floor":3},{"not_picked":["animator:GuildGirl","animator:LizardPriest"],"picked":"animator:Witch","floor":5},{"not_picked":["animator:MaesHughes","animator:AcuraAkari"],"picked":"animator:Spearman","floor":6},{"not_picked":["animator:AcuraAkari","animator:YaoHaDucy"],"picked":"animator:HighElfArcher","floor":8},{"not_picked":["animator:SwordMaiden","animator:Eris"],"picked":"animator:Gilgamesh","floor":16},{"not_picked":["animator:TukaLunaMarceau","animator:Kazuma+1"],"picked":"animator:Chris+1","floor":18},{"not_picked":["animator:GuildGirl","animator:DwarfShaman"],"picked":"animator:HighElfArcher","floor":22},{"not_picked":["animator:Shion","animator:Azekura","animator:Shuna"],"picked":"animator:AcuraShin","floor":25},{"not_picked":["animator:Benimaru","animator:Illya+1","animator:HiiragiShinya"],"picked":"animator:GuildGirl","floor":29},{"not_picked":["animator:Ara","animator:PandorasActor","animator:Azekura"],"picked":"animator:Nanami+1","floor":31}],"player_experience":363863,"relics_obtained":[{"floor":6,"key":"conspire:InfiniteJournal"},{"floor":8,"key":"Toy Ornithopter"},{"floor":9,"key":"Shovel"},{"floor":13,"key":"Boot"},{"floor":15,"key":"hubris:Potato"},{"floor":20,"key":"Happy Flower"},{"floor":23,"key":"Question Card"},{"floor":26,"key":"animator:ShionDessert"},{"floor":29,"key":"animator:WornHelmet"},{"floor":30,"key":"hubris:Reverence"},{"floor":32,"key":"Bronze Scales"}],"event_choices":[{"cards_removed":["animator:Strike"],"damage_healed":0,"gold_gain":0,"player_choice":"Card Removal","damage_taken":7,"max_hp_gain":0,"max_hp_loss":0,"event_name":"Golden Wing","floor":11,"gold_loss":0},{"damage_healed":0,"gold_gain":0,"player_choice":"Searched \u00271\u0027 times","damage_taken":0,"relics_obtained":["animator:EngravedStaff"],"max_hp_gain":0,"max_hp_loss":0,"event_name":"Dead Adventurer","floor":12,"gold_loss":0},{"damage_healed":0,"gold_gain":99,"player_choice":"Stole From Cult","damage_taken":0,"max_hp_gain":0,"max_hp_loss":0,"event_name":"Nest","floor":19,"gold_loss":0},{"damage_healed":0,"gold_gain":0,"player_choice":"Choice 1","damage_taken":0,"relics_obtained":["alterego_mod:FleetingLove"],"max_hp_gain":0,"max_hp_loss":0,"event_name":"Secret Garden","floor":21,"gold_loss":0}],"is_beta":false,"boss_relics":[{"not_picked":["Sozu","hubris:Backtick"],"picked":"hubris:RunicObelisk"}],"items_purged_floors":[4,14,24],"is_endless":false,"potions_floor_spawned":[2,3,6,8,18,25,31],"killed_by":"Champ","ascension_level":5}}