{"host":"r7z4an43h95gvocz","time":1611427805,"event":{"mods":["AchievementEnabler","BaseMod","Colored Map","Colored Powertips","Downfall","Hermit","Marisa????????","Minty Spire (QoL Compilation)","Replay The Spire","StSLib","The Cursed"],"gold_per_floor":[99,118,131,147,166,166,166,177,197,228,228,328,328,43,54,149,149,149,165,181,181,192,209,232,250,278,370,387,399,399,416,434,534,534,534,554,554,570,585,605,605,505,520,534,569,584,598,200,214,214,214,214],"floor_reached":50,"language":"ENG","playtime":4412,"items_purged":["Slimebound:Strike_Slimebound","Slimebound:Defend_Slimebound"],"score":510,"play_id":"6dfd1db8-9ed8-4857-a9a9-5bdb0752e745","local_time":"20210123105005","is_ascension_mode":false,"campfire_choices":[{"data":"Slimebound:Split","floor":1,"key":"SMITH"},{"data":"Slimebound:CorrosiveSpit","floor":6,"key":"SMITH"},{"data":"Slimebound:SamplingLick","floor":11,"key":"SMITH"},{"data":"Slimebound:ItLooksTasty","floor":13,"key":"SMITH"},{"data":"Slimebound:MassRepurpose","floor":18,"key":"SMITH"},{"data":"Slimebound:WasteNot","floor":30,"key":"SMITH"},{"floor":35,"key":"RECALL"},{"data":"Slimebound:Schlurp","floor":42,"key":"SMITH"}],"circlet_count":0,"master_deck":["Slimebound:Strike_Slimebound","Slimebound:Strike_Slimebound","Slimebound:Tackle","Slimebound:Defend_Slimebound+1","Slimebound:Defend_Slimebound","Slimebound:Defend_Slimebound","Slimebound:Split+1","Slimebound:CorrosiveSpit+1","Slimebound:LeechingTouch","Slimebound:ItLooksTasty+1","Slimebound:SamplingLick+1","Slimebound:Chomp","Slimebound:Schlurp+1","Slimebound:MassRepurpose+1","Slimebound:SplitAcid+1","Slimebound:SlimeSpikes","Slimebound:ComboTackle","Slimebound:WasteNot+1","Slimebound:SlimeTap+1","Slimebound:Schlurp+1","Slimebound:GoopSpray+1","Slimebound:SpikyOuterGoop","Slimebound:RainOfGoop","Slimebound:AcidTongue+1","Slimebound:TongueLash","Slimebound:TongueLash+1","Slimebound:SplitLeeching+1","Slimebound:SlimeSpikes+1","Slimebound:LeechingTouch+1","Slimebound:LeadByExample+1","Slimebound:LivingWall+1","Survey Options+1","Slimebound:Schlurp+1"],"relics":["Slimebound:AbsorbEndCombatUpgraded","ReplayTheSpireMod:TigerMarble","Snack Pack","Blue Doll","Pet Ghost","War Paint","Boot","Painkiller Herb","FossilizedHelix","downfall:HeartBlessingRed","Gambling Chip","TheAbacus"],"acts_visited":["Exordium","TheCity","TheBeyond"],"potions_floor_usage":[16,23,26,44,45,50],"damage_taken":[{"damage":2,"enemies":"Cultist","floor":2,"turns":4},{"damage":2,"enemies":"Small Slimes","floor":3,"turns":3},{"damage":2,"enemies":"2 Louse","floor":4,"turns":2},{"damage":27,"enemies":"Gremlin Gang","floor":5,"turns":4},{"damage":8,"enemies":"2 Fungi Beasts","floor":8,"turns":2},{"damage":6,"enemies":"Blue Slaver","floor":9,"turns":2},{"damage":16,"enemies":"Lagavulin","floor":10,"turns":6},{"damage":4,"enemies":"downfall:FleeingMerchant","floor":14,"turns":4},{"damage":8,"enemies":"Large Slime","floor":15,"turns":2},{"damage":11,"enemies":"WA_ARCHETYPE_RETAIN","floor":16,"turns":7},{"damage":10,"enemies":"Shell Parasite","floor":19,"turns":5},{"damage":0,"enemies":"Chosen","floor":20,"turns":4},{"damage":29,"enemies":"Sentry and Sphere","floor":22,"turns":6},{"damage":21,"enemies":"3 Cultists","floor":23,"turns":6},{"damage":5,"enemies":"Centurion and Healer","floor":25,"turns":5},{"damage":23,"enemies":"Replay:Snechameleon","floor":26,"turns":7},{"damage":2,"enemies":"Snecko","floor":28,"turns":5},{"damage":12,"enemies":"Snake Plant","floor":29,"turns":4},{"damage":4,"enemies":"3 Cultists","floor":31,"turns":4},{"damage":16,"enemies":"Shelled Parasite and Fungi","floor":32,"turns":5},{"damage":54,"enemies":"IC_MUSHROOM_ARCHETYPE","floor":33,"turns":11},{"damage":8,"enemies":"3 Shapes","floor":36,"turns":5},{"damage":12,"enemies":"Orb Walker","floor":38,"turns":4},{"damage":11,"enemies":"4 Shapes","floor":39,"turns":4},{"damage":24,"enemies":"Transient","floor":40,"turns":5},{"damage":26,"enemies":"Spire Growth","floor":43,"turns":4},{"damage":17,"enemies":"Jaw Worm Horde","floor":44,"turns":4},{"damage":1,"enemies":"Nemesis","floor":45,"turns":5},{"damage":7,"enemies":"Writhing Mass","floor":46,"turns":4},{"damage":0,"enemies":"Sphere and 2 Shapes","floor":47,"turns":3},{"damage":0,"enemies":"downfall:FleeingMerchant","floor":48,"turns":4},{"damage":19,"enemies":"3 Darklings","floor":49,"turns":5},{"damage":136,"enemies":"SI_POISON_ARCHETYPE","floor":50,"turns":5}],"seed_played":"-3938704347562920024","potions_obtained":[{"floor":2,"key":"hexamod:SoulburnPotion"},{"floor":3,"key":"Strength Potion"},{"floor":5,"key":"Block Potion"},{"floor":15,"key":"Regen Potion"},{"floor":20,"key":"hexamod:SoulburnPotion"},{"floor":25,"key":"FearPotion"},{"floor":28,"key":"sneckomod:MuddlingPotion"},{"floor":36,"key":"CultistPotion"},{"floor":46,"key":"Slimebound:SpawnSlimePotion"}],"is_trial":false,"path_per_floor":["R","M","M","M","M","R","T","M","M","E","R","?","R","$","M","B",null,"R","M","M","?","M","M","T","M","E","?","M","M","R","M","M","B",null,"T","?","?","?","?","?","T","T","?","?","E","?","?","T","?","B"],"character_chosen":"SLIMEBOUND","items_purchased":["Slimebound:ComboTackle","Blue Doll","TheAbacus","Slimebound:SlimyTonguePotion","Survey Options+1"],"campfire_rested":0,"item_purchase_floors":[14,14,48,48,48],"current_hp_per_floor":[71,71,71,69,48,48,48,54,54,46,46,46,46,52,52,51,71,71,64,71,58,49,43,43,52,61,42,49,43,43,50,46,7,76,76,75,75,67,73,68,68,68,59,51,59,61,70,76,71,0,0,0],"gold":214,"neow_bonus":"TEN_PERCENT_HP_BONUS","is_daily":false,"chose_seed":false,"campfire_upgraded":7,"win_rate":0.0,"timestamp":1611427805,"path_taken":["R","M","M","?","M","R","T","M","M","E","R","?","R","?","M","BOSS","R","M","M","?","M","M","T","M","E","?","M","M","R","?","M","BOSS","T","?","?","?","?","?","T","T","?","?","E","?","?","T","?","BOSS"],"items_purchased_type":["Card","Relic","Relic","Potion","Card"],"build_version":"2020-12-22","purchased_purges":2,"victory":false,"max_hp_per_floor":[71,71,71,71,71,71,71,71,71,71,71,71,71,71,71,71,71,71,71,71,76,76,76,76,76,76,76,76,76,76,76,76,76,76,76,76,76,76,76,76,76,76,76,76,76,76,76,76,76,76,76,76],"card_choices":[{"not_picked":["Slimebound:GrowthPunch","Slimebound:RollThrough"],"picked":"Slimebound:LeechingTouch","floor":2},{"not_picked":["Slimebound:LeechEnergy","Slimebound:SplitMire"],"picked":"Slimebound:ItLooksTasty","floor":3},{"not_picked":["Slimebound:Prepare","Slimebound:Nibble"],"picked":"Slimebound:SamplingLick","floor":4},{"not_picked":["Slimebound:SamplingLick","Slimebound:FinishingTackle"],"picked":"Slimebound:Chomp","floor":5},{"not_picked":["Slimebound:SlimeTap","Slimebound:PressTheAttack"],"picked":"Slimebound:Schlurp","floor":8},{"not_picked":["Slimebound:SplitBruiser","Slimebound:Schlurp"],"picked":"Slimebound:MassRepurpose","floor":9},{"not_picked":["Slimebound:SamplingLick","Slimebound:Teamwork"],"picked":"Slimebound:SplitAcid","floor":10},{"not_picked":["Slimebound:RollThrough","Slimebound:MegaLick"],"picked":"Slimebound:SlimeSpikes","floor":14},{"not_picked":["Slimebound:Nibble","Slimebound:PressTheAttack","Slimebound:ComboTackle"],"picked":"SKIP","floor":15},{"not_picked":["Slimebound:Teamwork","Slimebound:MinionMaster"],"picked":"Slimebound:WasteNot","floor":16},{"not_picked":["Slimebound:SplitBruiser","Slimebound:LivingWall"],"picked":"Slimebound:SlimeTap+1","floor":19},{"not_picked":["Slimebound:PressTheAttack","Slimebound:SamplingLick"],"picked":"Slimebound:Schlurp+1","floor":20},{"not_picked":["Slimebound:RollThrough","Slimebound:Replication+1"],"picked":"Slimebound:GoopSpray+1","floor":22},{"not_picked":["Slimebound:SlimeBarrage","Slimebound:FinishingTackle","Slimebound:Prepare"],"picked":"SKIP","floor":23},{"not_picked":["Slimebound:SplitLeeching","Slimebound:BestDefense","Slimebound:FlameTackle"],"picked":"SKIP","floor":25},{"not_picked":["Slimebound:FirmFortitude","Slimebound:LeadByExample","Slimebound:SlimeBrawl+1"],"picked":"SKIP","floor":26},{"not_picked":["Slimebound:FinishingTackle","Slimebound:ComboTackle"],"picked":"Slimebound:SpikyOuterGoop","floor":27},{"not_picked":["Slimebound:ComboTackle","Slimebound:GoopTackle"],"picked":"Slimebound:SplitLeeching","floor":27},{"not_picked":["Slimebound:SplitLeeching","Slimebound:Schlurp","Slimebound:SamplingLick"],"picked":"SKIP","floor":28},{"not_picked":["Slimebound:SamplingLick","Slimebound:MinionMaster"],"picked":"Slimebound:RainOfGoop","floor":29},{"not_picked":["Slimebound:GrowthPunch","Slimebound:SplitAcid","Slimebound:RainOfGoop"],"picked":"SKIP","floor":31},{"not_picked":["Slimebound:Nibble","Slimebound:FinishingTackle+1","Slimebound:PressTheAttack"],"picked":"SKIP","floor":32},{"not_picked":["Slimebound:Dissolve","Slimebound:LivingWall"],"picked":"Slimebound:AcidTongue+1","floor":36},{"not_picked":["Slimebound:Nibble+1","Slimebound:Repurpose"],"picked":"Slimebound:TongueLash","floor":38},{"not_picked":["Slimebound:GoopSpray+1","Slimebound:SplitBruiser"],"picked":"Slimebound:TongueLash+1","floor":39},{"not_picked":["Slimebound:SplitBruiser","Slimebound:DisruptingSlam+1"],"picked":"Slimebound:SplitLeeching+1","floor":40},{"not_picked":["Slimebound:PressTheAttack","Slimebound:LeechEnergy"],"picked":"Slimebound:SlimeSpikes+1","floor":43},{"not_picked":["Slimebound:ForwardTackle","Slimebound:TongueLash+1"],"picked":"Slimebound:LeechingTouch+1","floor":44},{"not_picked":["Slimebound:SplitLeeching","Slimebound:SlimeSlap"],"picked":"Slimebound:LeadByExample+1","floor":45},{"not_picked":["Slimebound:GoopTackle","Slimebound:ViciousTackle","Slimebound:FinishingTackle"],"picked":"SKIP","floor":46},{"not_picked":["Slimebound:SpikyOuterGoop","Slimebound:Prepare","Slimebound:GoopTackle+1"],"picked":"SKIP","floor":47},{"not_picked":["Slimebound:FirmFortitude","Slimebound:Replication"],"picked":"Slimebound:LivingWall+1","floor":48},{"not_picked":["Slimebound:Chomp+1","Slimebound:Grow+1"],"picked":"Slimebound:Schlurp+1","floor":49}],"player_experience":417980,"relics_obtained":[{"floor":7,"key":"ReplayTheSpireMod:TigerMarble"},{"floor":10,"key":"Snack Pack"},{"floor":24,"key":"Pet Ghost"},{"floor":26,"key":"War Paint"},{"floor":27,"key":"Boot"},{"floor":41,"key":"FossilizedHelix"},{"floor":45,"key":"Gambling Chip"}],"event_choices":[{"damage_healed":0,"gold_gain":100,"player_choice":"Gold","damage_taken":0,"max_hp_gain":0,"max_hp_loss":0,"event_name":"Wheel of Change","floor":12,"gold_loss":0},{"cards_removed":["Slimebound:SplitLeeching"],"damage_healed":0,"gold_gain":0,"player_choice":"Removed Skill","damage_taken":0,"max_hp_gain":0,"max_hp_loss":0,"event_name":"Falling","floor":37,"gold_loss":0}],"is_beta":false,"boss_relics":[{"not_picked":["SacredBark","Replay:Grab Bag"],"picked":"Slimebound:AbsorbEndCombatUpgraded"},{"not_picked":["Coffee Dripper","Philosopher\u0027s Stone"],"picked":"Painkiller Herb"}],"items_purged_floors":[14,48],"is_endless":false,"potions_floor_spawned":[2,3,5,15,20,25,28,32,33,36,43,46,49],"killed_by":"SI_POISON_ARCHETYPE","ascension_level":0}}