{"host":"gobyjzz6xbwq9f9i","time":1611435420,"event":{"mods":["AchievementEnabler","BaseMod","Bestiary","Colored Map","Minty Spire (QoL Compilation)"],"gold_per_floor":[16,16,16,32,32,49,49,81,116,128,173,201,242,270,282,395,407,430,456,7,23,23,53,67,67,67,27,61,61,61],"floor_reached":29,"language":"ENG","playtime":1830,"items_purged":["Strike_G"],"score":462,"play_id":"d0476826-c057-468f-8ed4-e0d72d233f29","local_time":"20210123125700","is_ascension_mode":true,"campfire_choices":[{"data":"Skewer","floor":7,"key":"SMITH"},{"data":"Neutralize","floor":10,"key":"SMITH"},{"data":"Bouncing Flask","floor":15,"key":"SMITH"},{"data":"Adrenaline","floor":25,"key":"SMITH"}],"circlet_count":0,"master_deck":["AscendersBane","Strike_G+1","Strike_G+1","Strike_G","Strike_G","Defend_G","Defend_G","Defend_G","Defend_G","Defend_G","Survivor","Neutralize+1","Skewer+1","Skewer+1","Doppelganger","Bouncing Flask+1","Leg Sweep","Backflip","Bullet Time","PiercingWail","Purity","Adrenaline+1","Deadly Poison+1","Blur"],"relics":["Ring of the Snake","Pocketwatch","MawBank","Boot","Bottled Lightning","Girya","Runic Pyramid","Vajra","Bronze Scales","Potion Belt","Whetstone","Unceasing Top","Toy Ornithopter"],"acts_visited":["Exordium","TheCity"],"potions_floor_usage":[11,19,19,28,28],"damage_taken":[{"damage":1,"enemies":"Small Slimes","floor":1,"turns":4},{"damage":1,"enemies":"2 Louse","floor":4,"turns":3},{"damage":0,"enemies":"Cultist","floor":6,"turns":3},{"damage":14,"enemies":"3 Sentries","floor":8,"turns":7},{"damage":0,"enemies":"Gremlin Nob","floor":11,"turns":2},{"damage":5,"enemies":"Red Slaver","floor":12,"turns":4},{"damage":7,"enemies":"Lagavulin","floor":13,"turns":7},{"damage":1,"enemies":"Looter","floor":14,"turns":3},{"damage":8,"enemies":"The Guardian","floor":16,"turns":9},{"damage":4,"enemies":"Shell Parasite","floor":18,"turns":4},{"damage":4,"enemies":"2 Thieves","floor":19,"turns":4},{"damage":3,"enemies":"Centurion and Healer","floor":21,"turns":11},{"damage":71,"enemies":"Gremlin Leader","floor":23,"turns":8},{"damage":0,"enemies":"Snake Plant","floor":24,"turns":3},{"damage":3,"enemies":"Slavers","floor":28,"turns":4},{"damage":13,"enemies":"Shelled Parasite and Fungi","floor":29,"turns":5}],"seed_played":"-6000316763938354326","potions_obtained":[{"floor":1,"key":"Fire Potion"},{"floor":4,"key":"FearPotion"},{"floor":12,"key":"ColorlessPotion"},{"floor":13,"key":"Energy Potion"},{"floor":19,"key":"FairyPotion"},{"floor":23,"key":"Fire Potion"},{"floor":27,"key":"Ancient Potion"},{"floor":27,"key":"DistilledChaos"},{"floor":27,"key":"Poison Potion"},{"floor":28,"key":"SpeedPotion"}],"is_trial":false,"path_per_floor":["M","?","?","M","?","M","R","E","T","R","E","M","E","M","R","B",null,"M","M","$","M","T","E","M","R","T","?","E","M"],"character_chosen":"THE_SILENT","items_purchased":["Vajra","Bronze Scales","Purity"],"campfire_rested":0,"item_purchase_floors":[20,20,20],"current_hp_per_floor":[62,62,67,66,66,66,66,52,52,52,52,47,40,39,39,31,64,60,56,56,53,53,12,12,12,12,12,9,0,0],"gold":61,"neow_bonus":"ONE_RARE_RELIC","is_daily":false,"chose_seed":false,"campfire_upgraded":4,"win_rate":0.0,"timestamp":1611435420,"path_taken":["M","?","?","M","?","M","R","E","T","R","E","M","E","M","R","BOSS","M","M","$","?","?","E","M","R","T","?","E","?"],"items_purchased_type":["Relic","Relic","Card"],"build_version":"2020-12-22","purchased_purges":1,"victory":false,"max_hp_per_floor":[70,70,75,75,75,75,75,75,75,75,75,75,75,75,75,75,75,75,75,75,75,75,75,75,75,75,75,75,75,75],"card_choices":[{"not_picked":["Caltrops","Deadly Poison"],"picked":"Skewer","floor":1},{"not_picked":["Accuracy","Sucker Punch"],"picked":"Skewer","floor":4},{"not_picked":["Dodge and Roll","Backstab","Slice"],"picked":"SKIP","floor":6},{"not_picked":["Burst","Acrobatics"],"picked":"Bouncing Flask","floor":8},{"not_picked":["Concentrate","Accuracy"],"picked":"Leg Sweep","floor":11},{"not_picked":["Eviscerate","Backstab","Predator"],"picked":"SKIP","floor":12},{"not_picked":["Distraction","Tactician","Underhanded Strike"],"picked":"SKIP","floor":13},{"not_picked":["Deflect","Crippling Poison"],"picked":"Backflip","floor":14},{"not_picked":["Doppelganger","After Image"],"picked":"Bullet Time","floor":16},{"not_picked":["Predator","Acrobatics"],"picked":"PiercingWail","floor":18},{"not_picked":["Heel Hook","Acrobatics","Underhanded Strike"],"picked":"SKIP","floor":19},{"not_picked":["Acrobatics","Slice","Bane"],"picked":"SKIP","floor":21},{"not_picked":["Underhanded Strike","Skewer"],"picked":"Adrenaline","floor":23},{"not_picked":["Prepared","Bane"],"picked":"Deadly Poison+1","floor":24},{"not_picked":["Backflip","Envenom"],"picked":"Blur","floor":28}],"player_experience":1136384,"relics_obtained":[{"floor":8,"key":"MawBank"},{"floor":9,"key":"Boot"},{"floor":11,"key":"Bottled Lightning"},{"floor":13,"key":"Girya"},{"floor":22,"key":"Potion Belt"},{"floor":23,"key":"Whetstone"},{"floor":26,"key":"Unceasing Top"},{"floor":28,"key":"Toy Ornithopter"}],"event_choices":[{"damage_healed":0,"gold_gain":0,"player_choice":"Grow","damage_taken":0,"max_hp_gain":0,"max_hp_loss":0,"event_name":"Living Wall","floor":2,"gold_loss":0,"cards_upgraded":["Skewer"]},{"damage_healed":0,"gold_gain":0,"player_choice":"Donut","damage_taken":0,"max_hp_gain":5,"max_hp_loss":0,"event_name":"Big Fish","floor":3,"gold_loss":0},{"damage_healed":0,"gold_gain":0,"player_choice":"1 cards matched","damage_taken":0,"max_hp_gain":0,"max_hp_loss":0,"event_name":"Match and Keep!","floor":5,"gold_loss":0,"cards_obtained":["Doppelganger"]},{"damage_healed":0,"gold_gain":0,"player_choice":"Bought 3 Potions","damage_taken":0,"max_hp_gain":0,"max_hp_loss":0,"event_name":"The Woman in Blue","floor":27,"gold_loss":0}],"is_beta":false,"boss_relics":[{"not_picked":["Pandora\u0027s Box","HoveringKite"],"picked":"Runic Pyramid"}],"items_purged_floors":[20],"is_endless":false,"potions_floor_spawned":[1,4,12,13,19,23,28],"killed_by":"Shelled Parasite and Fungi","ascension_level":10}}