{"host":"hfxahm4y1ssattqc","time":1611388198,"event":{"mods":["2.2 Compatiblity","Act Like it!","BaseMod","Beaked The Cultist","BetterRewards","Colored Map","Colored Powertips","Custom Start","Googly Eyes","Halation","Hallownest","Highlight Path","Hubris","Mimic Mod","Minty Spire (QoL Compilation)","Shop Mod","Spikes Relics","StSLib","The Bug Knight","The IronCluck","The Jungle","Unknown Chances","slay the spire mod where everything is the same but ironclad has a cowboy hat"],"gold_per_floor":[109,11,11,23,40,40,40,40,90,103,116,116,0,20,20,115,115,129,141,141,181,198,198,209,209,209,171,200,247,259,303,315,430,442,474,371,286,296,171,171,171,171,196,196,66,79,239,254,254,254],"floor_reached":51,"language":"ENG","playtime":3152,"items_purged":[],"score":1000,"play_id":"19e65d3b-f99e-4c80-b6ac-df5a516ccf28","local_time":"20210122234958","is_ascension_mode":false,"campfire_choices":[{"data":"Hello World","floor":6,"key":"SMITH"},{"data":"Glacier","floor":8,"key":"SMITH"},{"data":"Redo","floor":12,"key":"SMITH"},{"floor":15,"key":"REST"},{"floor":23,"key":"REST"},{"floor":25,"key":"REST"},{"floor":32,"key":"REST"},{"data":"hubris:EnhanceAbility","floor":40,"key":"SMITH"},{"data":"hubris:PowerSurge","floor":41,"key":"SMITH"},{"data":"Buffer","floor":42,"key":"SMITH"},{"data":"Conserve Battery","floor":44,"key":"SMITH"},{"data":"Mayhem","floor":49,"key":"SMITH"}],"circlet_count":1,"master_deck":["Strike_B+1","Strike_B","Strike_B","Defend_B","Defend_B","Defend_B","Defend_B","Zap","Dualcast","Redo+1","Glacier+1","Leap","Conserve Battery+1","Cold Snap","Hello World+1","Ball Lightning+1","Electrodynamics","hubris:PowerSurge+1","Buffer+1","Hallownest:skillKingdomsEdgeMap","hubris:EnhanceAbility+1","Mayhem+1"],"relics":["Cracked Core","SpikesRelics:DaevaFist","Matryoshka","Hallownest:DreamNailRelic","Circlet","Vajra","Hallownest:BankAccountRelic","SlaversCollar","MawBank","Whetstone","Juzu Bracelet","hubris:64BitClover","AncientExoskeleton","halation:Komachan","Centennial Puzzle","Hallownest:GodTamersBeastRelic"],"acts_visited":["Hallownest:Greenpath","Hallownest:Greenpath","Hallownest:KingdomsEdge"],"potions_floor_usage":[24,33,33,33],"damage_taken":[{"damage":1,"enemies":"2_ Uuma","floor":1,"turns":6},{"damage":0,"enemies":"Hallownest:monsterHuskGuard","floor":4,"turns":4},{"damage":4,"enemies":"Hallownest:2_MossCreeps","floor":5,"turns":5},{"damage":16,"enemies":"Hallownest:1_Ooma_and_2_Uuma","floor":10,"turns":8},{"damage":0,"enemies":"Hallownest:monsterAspidMother","floor":11,"turns":4},{"damage":0,"enemies":"Hallownest:MossCreep_and_Mosskin","floor":14,"turns":7},{"damage":45,"enemies":"Hallownest:BossHornet","floor":16,"turns":14},{"damage":6,"enemies":"theJungle:Flameango_and_Byrd","floor":18,"turns":4},{"damage":14,"enemies":"Shell Parasite","floor":19,"turns":8},{"damage":16,"enemies":"theJungle:Snecko_Cultist_And_Trap","floor":22,"turns":6},{"damage":28,"enemies":"theJungle:2_Snecko_Cultists","floor":24,"turns":4},{"damage":10,"enemies":"theJungle:JungleHuntersEncounter","floor":28,"turns":6},{"damage":0,"enemies":"theJungle:2_Phrogs","floor":29,"turns":7},{"damage":7,"enemies":"theJungle:Cassacara","floor":31,"turns":4},{"damage":13,"enemies":"theJungle:FunGuy","floor":33,"turns":15},{"damage":0,"enemies":"Hallownest:Shield_Heavy","floor":35,"turns":3},{"damage":13,"enemies":"Hallownest:2_Littles","floor":38,"turns":4},{"damage":0,"enemies":"Hallownest:Shield_Sturdy","floor":46,"turns":5},{"damage":0,"enemies":"Hallownest:Shield_Sturdy","floor":47,"turns":3},{"damage":12,"enemies":"Hallownest:Shield_Sturdy","floor":47,"turns":4},{"damage":0,"enemies":"Hallownest:Shield_Sturdy","floor":47,"turns":5},{"damage":0,"enemies":"Hallownest:Shield_Sturdy","floor":47,"turns":2},{"damage":0,"enemies":"Hallownest:2_Soldiers_and_1_Guardian","floor":48,"turns":5},{"damage":5,"enemies":"Hallownest:BossGreyPrinceZote","floor":50,"turns":10}],"seed_played":"5471588839288419865","potions_obtained":[{"floor":4,"key":"AttackPotion"},{"floor":5,"key":"EntropicBrew"},{"floor":10,"key":"SpeedPotion"},{"floor":28,"key":"Strength Potion"},{"floor":46,"key":"SmokeBomb"},{"floor":48,"key":"PowerPotion"}],"is_trial":false,"path_per_floor":["M","$","?","M","M","R","?","R","T","M","M","R","?","M","R","B",null,"M","M","?","$","M","R","M","R","T","?","M","E","?","E","R","B",null,"M","$","?","M","$","R","R","R","T","R","$","M","?","M","R","B",null],"character_chosen":"DEFECT","items_purchased":["SpikesRelics:DaevaFist","Redo","Matryoshka","Glacier","Conserve Battery","Cold Snap","halation:Komachan","hubris:EnhanceAbility","Mayhem"],"campfire_rested":4,"item_purchase_floors":[0,0,0,0,2,2,36,39,45],"current_hp_per_floor":[74,74,74,74,70,70,70,70,70,54,54,54,54,54,75,30,75,69,55,65,65,49,71,43,65,65,65,55,55,55,48,70,57,75,75,75,75,62,62,62,62,62,62,62,62,62,50,50,50,45],"gold":254,"neow_bonus":"","is_daily":false,"chose_seed":false,"campfire_upgraded":8,"win_rate":0.0,"timestamp":1611388198,"path_taken":["M","$","?","?","M","R","?","R","T","M","M","R","?","M","R","BOSS","M","M","?","$","M","R","M","R","T","?","M","E","?","E","R","BOSS","M","$","?","M","?","R","R","R","T","R","?","M","?","M","R","BOSS"],"items_purchased_type":["Relic","Card","Relic","Card","Card","Card","Relic","Card","Card"],"build_version":"2020-12-22","purchased_purges":0,"victory":true,"max_hp_per_floor":[75,75,75,75,75,75,75,75,75,75,75,75,75,75,75,75,75,75,75,75,75,75,75,75,75,75,75,75,75,75,75,75,75,75,75,75,75,75,75,75,75,75,75,75,75,75,75,75,75,75],"card_choices":[{"not_picked":["Tempest","Force Field"],"picked":"Leap","floor":1},{"not_picked":["Static Discharge","Compile Driver"],"picked":"Hello World","floor":4},{"not_picked":["Auto Shields","Blizzard","Streamline"],"picked":"SKIP","floor":5},{"not_picked":["Undo","Glacier"],"picked":"Ball Lightning","floor":10},{"not_picked":["Sweeping Beam","Barrage","Hologram"],"picked":"SKIP","floor":11},{"not_picked":["Go for the Eyes","Ball Lightning","Beam Cell"],"picked":"SKIP","floor":14},{"not_picked":["hubris:SpecializedCircuitry","Seek"],"picked":"Electrodynamics","floor":16},{"not_picked":["Leap","Streamline","Rebound+1"],"picked":"SKIP","floor":18},{"not_picked":["Sweeping Beam","Barrage","Conserve Battery"],"picked":"SKIP","floor":19},{"not_picked":["Streamline","Sweeping Beam","Auto Shields"],"picked":"SKIP","floor":22},{"not_picked":["Stack","Compile Driver","Go for the Eyes+1"],"picked":"SKIP","floor":24},{"not_picked":["Sweeping Beam","Heatsinks"],"picked":"hubris:PowerSurge","floor":28},{"not_picked":["Machine Learning","Compile Driver","Barrage"],"picked":"SKIP","floor":29},{"not_picked":["Gash","Auto Shields","Tempest"],"picked":"SKIP","floor":31},{"not_picked":["Thunder Strike","Meteor Strike"],"picked":"Buffer","floor":33},{"not_picked":["Hologram+1","Leap","Coolheaded+1"],"picked":"SKIP","floor":35},{"not_picked":["Genetic Algorithm","Steam Power+1","Streamline"],"picked":"SKIP","floor":38},{"not_picked":["Turbo+1","Leap","Recycle+1"],"picked":"SKIP","floor":46},{"not_picked":["Conserve Battery","Streamline","Beam Cell"],"picked":"SKIP","floor":48}],"player_experience":893140,"relics_obtained":[{"floor":9,"key":"Vajra"},{"floor":26,"key":"MawBank"},{"floor":26,"key":"Whetstone"},{"floor":29,"key":"Juzu Bracelet"},{"floor":31,"key":"hubris:64BitClover"},{"floor":43,"key":"Centennial Puzzle"}],"event_choices":[{"cards_removed":["Strike_B"],"damage_healed":0,"gold_gain":0,"player_choice":"Purged","damage_taken":0,"max_hp_gain":0,"max_hp_loss":0,"event_name":"Purifier","floor":30,"gold_loss":0}],"is_beta":false,"boss_relics":[{"not_picked":["hubris:RunicObelisk","Runic Pyramid"],"picked":"SlaversCollar"},{"not_picked":["halation:PinkAlligatorPlush","hubris:HollowSoul"],"picked":"AncientExoskeleton"}],"items_purged_floors":[],"is_endless":false,"potions_floor_spawned":[4,5,10,14,18,22,28,29,46,47,47,48],"ascension_level":0}}