{"host":"Alvar","time":1611410116,"event":{"mods":["AchievementEnabler","BaseMod","Minty Spire (QoL Compilation)","StSLib"],"gold_per_floor":[110,110,123,123,123,156,156,231,231,231,266,266,30,61,61,160,160,178,199,199,235,254,298,298,298,298,14,58,58,105,138,138,243,243,277,308,321,344,378,378,421,421,444,479,491,551,29,81,81,81,81],"floor_reached":52,"language":"ENG","playtime":5178,"items_purged":["Strike_G","Quick Slash"],"score":2309,"play_id":"ddafc0f0-c7cd-442f-b8e4-91f127ae3e55","local_time":"20210123205516","is_ascension_mode":true,"campfire_choices":[{"data":"Envenom","floor":7.0,"key":"SMITH"},{"floor":10.0,"key":"REST"},{"floor":12.0,"key":"REST"},{"floor":15.0,"key":"REST"},{"floor":25.0,"key":"REST"},{"data":"Wraith Form v2","floor":32.0,"key":"SMITH"},{"data":"Footwork","floor":49.0,"key":"SMITH"}],"circlet_count":0,"master_deck":["AscendersBane","Survivor+1","Bane","Envenom+1","Adrenaline","Malaise","After Image","Die Die Die","Deadly Poison+1","Quick Slash","Heel Hook","Leg Sweep","Backflip","Wraith Form v2+1","Well Laid Plans","PiercingWail+1","RitualDagger","Predator","After Image","Riddle With Holes","Tactician","Deflect","Footwork+1","Acrobatics","Adrenaline","Escape Plan","Blur","Backflip+1","Venomology","Outmaneuver","Noxious Fumes","Sadistic Nature","Concentrate"],"relics":["Ring of the Snake","NeowsBlessing","Bag of Marbles","Golden Idol","Lantern","Ice Cream","Regal Pillow","Singing Bowl","Pandora\u0027s Box","Red Mask","War Paint","WingedGreaves","Mummified Hand","CeramicFish","HornCleat","Runic Pyramid","Unceasing Top","Toy Ornithopter","MawBank","Gambling Chip","Bag of Preparation","CaptainsWheel"],"acts_visited":["Exordium","TheCity","TheBeyond"],"potions_floor_usage":[51],"damage_taken":[{"damage":0.0,"enemies":"Small Slimes","floor":1.0,"turns":1.0},{"damage":0.0,"enemies":"Cultist","floor":3.0,"turns":1.0},{"damage":0.0,"enemies":"Gremlin Nob","floor":6.0,"turns":1.0},{"damage":35.0,"enemies":"3 Sentries","floor":11.0,"turns":11.0},{"damage":28.0,"enemies":"Gremlin Nob","floor":14.0,"turns":5.0},{"damage":15.0,"enemies":"The Guardian","floor":16.0,"turns":14.0},{"damage":9.0,"enemies":"Shell Parasite","floor":18.0,"turns":7.0},{"damage":0.0,"enemies":"3 Byrds","floor":19.0,"turns":6.0},{"damage":14.0,"enemies":"Masked Bandits","floor":21.0,"turns":7.0},{"damage":7.0,"enemies":"Centurion and Healer","floor":22.0,"turns":7.0},{"damage":6.0,"enemies":"Book of Stabbing","floor":23.0,"turns":8.0},{"damage":0.0,"enemies":"Gremlin Leader","floor":28.0,"turns":3.0},{"damage":0.0,"enemies":"Slavers","floor":30.0,"turns":3.0},{"damage":8.0,"enemies":"Shelled Parasite and Fungi","floor":31.0,"turns":6.0},{"damage":20.0,"enemies":"Collector","floor":33.0,"turns":8.0},{"damage":3.0,"enemies":"3 Darklings","floor":35.0,"turns":6.0},{"damage":0.0,"enemies":"Mind Bloom Boss Battle","floor":36.0,"turns":7.0},{"damage":0.0,"enemies":"3 Shapes","floor":37.0,"turns":3.0},{"damage":0.0,"enemies":"Transient","floor":38.0,"turns":6.0},{"damage":0.0,"enemies":"Spire Growth","floor":39.0,"turns":7.0},{"damage":8.0,"enemies":"Giant Head","floor":40.0,"turns":10.0},{"damage":0.0,"enemies":"Reptomancer","floor":41.0,"turns":6.0},{"damage":0.0,"enemies":"3 Darklings","floor":44.0,"turns":2.0},{"damage":0.0,"enemies":"Nemesis","floor":46.0,"turns":7.0},{"damage":0.0,"enemies":"Giant Head","floor":48.0,"turns":8.0},{"damage":12.0,"enemies":"Donu and Deca","floor":50.0,"turns":14.0},{"damage":16,"enemies":"Awakened One","floor":51,"turns":19}],"seed_played":"-8136834739714521080","potions_obtained":[{"floor":11.0,"key":"DistilledChaos"},{"floor":16.0,"key":"Ancient Potion"},{"floor":19.0,"key":"EssenceOfSteel"},{"floor":28.0,"key":"SteroidPotion"},{"floor":31.0,"key":"SmokeBomb"},{"floor":33.0,"key":"Fire Potion"},{"floor":38.0,"key":"CunningPotion"},{"floor":41.0,"key":"SteroidPotion"}],"is_trial":false,"path_per_floor":["M","?","M","?","?","E","R","?","T","R","E","R","$","E","R","B",null,"M","M","?","?","M","E","?","R","T","$","E","?","E","M","R","B",null,"M","?","M","M","M","E","E","?","T","M","?","E","$","E","R","B","B",null],"character_chosen":"THE_SILENT","items_purchased":["Malaise","Mummified Hand","Bag of Preparation","Noxious Fumes","Sadistic Nature"],"campfire_rested":4,"item_purchase_floors":[13,27,47,47,47],"current_hp_per_floor":[59,59,59,59,41,41,41,30,30,48,13,46,46,20,53,38,56,47,47,41,27,20,16,16,50,50,50,50,50,50,42,42,22,54,51,53,55,55,55,47,47,47,47,54,54,59,59,69,69,57,46],"gold":81,"neow_bonus":"THREE_ENEMY_KILL","is_daily":false,"chose_seed":false,"campfire_upgraded":3,"win_rate":0.0,"timestamp":1611410116,"path_taken":["M","?","?","?","?","E","R","?","T","R","E","R","$","E","R","BOSS","M","M","?","?","M","E","?","R","T","?","E","?","E","M","R","BOSS","M","?","M","M","M","E","E","?","T","?","?","E","$","E","R","BOSS","BOSS"],"items_purchased_type":["Card","Relic","Relic","Card","Card"],"build_version":"2020-12-18","purchased_purges":2,"victory":true,"max_hp_per_floor":[66,66,66,60,60,60,60,60,60,60,60,60,60,62,62,62,62,62,62,62,62,62,64,64,64,64,64,64,64,64,64,64,64,64,64,66,68,68,68,68,68,68,68,70,70,70,70,70,70,70,70],"card_choices":[{"not_picked":["Prepared","Deflect"],"picked":"Bane","floor":1.0},{"not_picked":["Choke","Sucker Punch"],"picked":"Quick Slash","floor":3.0},{"not_picked":["Cloak And Dagger","All Out Attack"],"picked":"Envenom","floor":6.0},{"not_picked":["Prepared","Skewer"],"picked":"Adrenaline","floor":11.0},{"not_picked":["Expertise","Underhanded Strike","Doppelganger"],"picked":"Singing Bowl","floor":14.0},{"not_picked":["Phantasmal Killer","Glass Knife"],"picked":"After Image","floor":16.0},{"not_picked":["Setup","Poisoned Stab"],"picked":"Well Laid Plans","floor":18.0},{"not_picked":["Deflect","Dagger Spray"],"picked":"PiercingWail+1","floor":19.0},{"not_picked":["Dagger Spray","Outmaneuver+1"],"picked":"Predator","floor":21.0},{"not_picked":["Backflip","Dagger Spray+1"],"picked":"After Image","floor":22.0},{"not_picked":["Underhanded Strike","Expertise","Endless Agony"],"picked":"Singing Bowl","floor":23.0},{"not_picked":["Prepared","Dagger Spray"],"picked":"Deflect","floor":28.0},{"not_picked":["Underhanded Strike","Sucker Punch"],"picked":"Footwork","floor":30.0},{"not_picked":["Calculated Gamble","Choke"],"picked":"Acrobatics","floor":31.0},{"not_picked":["Tools of the Trade","Corpse Explosion"],"picked":"Adrenaline","floor":33.0},{"not_picked":["Cloak And Dagger","Heel Hook"],"picked":"Escape Plan","floor":35.0},{"not_picked":["Poisoned Stab","Deadly Poison","Heel Hook"],"picked":"Singing Bowl","floor":36.0},{"not_picked":["PiercingWail","All Out Attack","Outmaneuver"],"picked":"Singing Bowl","floor":37.0},{"not_picked":["Endless Agony","Bane"],"picked":"Blur","floor":38.0},{"not_picked":["Blur","Outmaneuver+1"],"picked":"Backflip+1","floor":39.0},{"not_picked":["Concentrate","Poisoned Stab"],"picked":"Venomology","floor":41.0},{"not_picked":["Dagger Spray","Tactician","Flying Knee"],"picked":"Singing Bowl","floor":44.0},{"not_picked":["Flying Knee+1","Poisoned Stab"],"picked":"Outmaneuver","floor":46.0},{"not_picked":["Sucker Punch","Infinite Blades"],"picked":"Concentrate","floor":48.0}],"player_experience":772709,"relics_obtained":[{"floor":2.0,"key":"Bag of Marbles"},{"floor":6.0,"key":"Lantern"},{"floor":9.0,"key":"Ice Cream"},{"floor":11.0,"key":"Regal Pillow"},{"floor":14.0,"key":"Singing Bowl"},{"floor":21.0,"key":"Red Mask"},{"floor":23.0,"key":"War Paint"},{"floor":26.0,"key":"WingedGreaves"},{"floor":28.0,"key":"CeramicFish"},{"floor":30.0,"key":"HornCleat"},{"floor":36.0,"key":"Unceasing Top"},{"floor":41.0,"key":"Toy Ornithopter"},{"floor":43.0,"key":"MawBank"},{"floor":46.0,"key":"Gambling Chip"},{"floor":48.0,"key":"CaptainsWheel"}],"event_choices":[{"damage_healed":0.0,"max_hp_gain":0.0,"max_hp_loss":0.0,"gold_gain":0.0,"event_name":"Wheel of Change","player_choice":"Relic","floor":2.0,"gold_loss":0.0,"damage_taken":0.0},{"damage_healed":0.0,"max_hp_gain":0.0,"max_hp_loss":6.0,"gold_gain":0.0,"event_name":"Golden Idol","player_choice":"Lose Max HP","floor":4.0,"gold_loss":0.0,"damage_taken":0.0,"relics_obtained":["Golden Idol"]},{"damage_healed":0.0,"max_hp_gain":0.0,"max_hp_loss":0.0,"gold_gain":0.0,"event_name":"Shining Light","player_choice":"Entered Light","floor":5.0,"gold_loss":0.0,"damage_taken":18.0,"cards_upgraded":["Defend_G","Defend_G"]},{"damage_healed":0.0,"max_hp_gain":0.0,"max_hp_loss":0.0,"gold_gain":75.0,"event_name":"World of Goop","player_choice":"Gather Gold","floor":8.0,"gold_loss":0.0,"damage_taken":11.0},{"damage_healed":0.0,"max_hp_gain":0.0,"max_hp_loss":0.0,"gold_gain":0.0,"event_name":"Nest","player_choice":"Joined the Cult","floor":20.0,"gold_loss":0.0,"damage_taken":6.0,"cards_obtained":["RitualDagger"]},{"damage_healed":0.0,"max_hp_gain":0.0,"max_hp_loss":0.0,"gold_gain":0.0,"event_name":"Masked Bandits","player_choice":"Fought Bandits","floor":21.0,"gold_loss":0.0,"damage_taken":0.0},{"damage_healed":0.0,"max_hp_gain":0.0,"max_hp_loss":0.0,"gold_gain":0.0,"cards_transformed":["Reflex","Envenom"],"event_name":"Drug Dealer","player_choice":"Became Test Subject","floor":24.0,"gold_loss":0.0,"damage_taken":0.0,"cards_obtained":["Riddle With Holes","Tactician"]},{"damage_healed":0.0,"max_hp_gain":0.0,"max_hp_loss":0.0,"gold_gain":0.0,"event_name":"Vampires","player_choice":"Ignored","floor":29.0,"gold_loss":0.0,"damage_taken":0.0},{"damage_healed":0.0,"max_hp_gain":0.0,"max_hp_loss":0.0,"gold_gain":0.0,"event_name":"MindBloom","player_choice":"Fight","floor":36.0,"gold_loss":0.0,"damage_taken":0.0},{"cards_removed":["Neutralize"],"damage_healed":0.0,"max_hp_gain":0.0,"max_hp_loss":0.0,"gold_gain":0.0,"event_name":"Falling","player_choice":"Removed Attack","floor":42.0,"gold_loss":0.0,"damage_taken":0.0},{"damage_healed":0.0,"max_hp_gain":0.0,"max_hp_loss":0.0,"gold_gain":0.0,"event_name":"The Moai Head","player_choice":"Ignored","floor":45.0,"gold_loss":0.0,"damage_taken":0.0}],"is_beta":true,"boss_relics":[{"not_picked":["Calling Bell","WristBlade"],"picked":"Pandora\u0027s Box"},{"not_picked":["Empty Cage","SacredBark"],"picked":"Runic Pyramid"}],"items_purged_floors":[13,47],"is_endless":false,"potions_floor_spawned":[11,16,19,28,31,33,38,39,41],"ascension_level":20}}