{"host":"684z1xpuwaoqmmh1","time":1611385918,"event":{"mods":["BaseMod","Downfall","Hermit","Jorbs\u0027s Wanderer Trilogy","Marisa????????","Minty Spire (QoL Compilation)","Robot Space Explorer","Shade Mod","StSLib","The Bug Knight","The Cursed","The Dragon Tamer","The Hayseed","The Hierophant","The Marked","The Mystic","The Runesmith","The Senshi"],"gold_per_floor":[109,59,59,59,59,85,98,131,131,131,147,175,175,186,186,281,281,296,221,241,241,255,281,281,281,306,335,376,403,415,459,471,580,592,624,686,344,357,372,400,325,325,375,375,385,396,411,421,421,421,421],"floor_reached":50,"language":"ENG","playtime":2149,"items_purged":["RobotSpaceExplorer:Strike"],"score":969,"play_id":"ba45e2db-d799-404b-8131-fb3daf5dae64","local_time":"20210123091158","is_ascension_mode":true,"campfire_choices":[{"floor":10,"key":"REST"},{"data":"RobotSpaceExplorer:Blaster","floor":13,"key":"SMITH"},{"data":"RobotSpaceExplorer:MiniBoosters","floor":15,"key":"SMITH"},{"floor":24,"key":"REST"},{"data":"RobotSpaceExplorer:Comet","floor":32,"key":"SMITH"},{"floor":42,"key":"REST"},{"floor":44,"key":"RECALL"},{"data":"RobotSpaceExplorer:ExhaustFan","floor":49,"key":"SMITH"}],"circlet_count":0,"master_deck":["AscendersBane","RobotSpaceExplorer:Strike","RobotSpaceExplorer:Strike","RobotSpaceExplorer:Defend","RobotSpaceExplorer:Defend","RobotSpaceExplorer:Defend","RobotSpaceExplorer:Scan","RobotSpaceExplorer:MiniLasers+1","RobotSpaceExplorer:MiniDrones","RobotSpaceExplorer:TurboDodge","RobotSpaceExplorer:ScrapToss","RobotSpaceExplorer:Blaster+1","RobotSpaceExplorer:MiniBoosters+1","RobotSpaceExplorer:Autoloader","RobotSpaceExplorer:ChargingLaser","RobotSpaceExplorer:FreezeRay","RobotSpaceExplorer:Comet+1","RobotSpaceExplorer:MiniDrones","RobotSpaceExplorer:LuckyStrike","RobotSpaceExplorer:Probe","RobotSpaceExplorer:ScrapToss","RobotSpaceExplorer:Scanner","RobotSpaceExplorer:LuckyStrike+1","RobotSpaceExplorer:DualCore+1","RobotSpaceExplorer:StarLightning","RobotSpaceExplorer:Reload+1","RobotSpaceExplorer:GlueShot+1","RobotSpaceExplorer:PowerCollector+1","RobotSpaceExplorer:ScrapToss+1","RobotSpaceExplorer:ExhaustFan+1","RobotSpaceExplorer:Pulsar"],"relics":["RobotSpaceExplorer:RoboCore","Blue Candle","HollowMod:PaleOreRelic","Gambling Chip","Shuriken","Shovel","RobotSpaceExplorer:Reprocessor","Happy Flower","hexamod:BolsterEngine","MawBank","Red Mask","theSenshi:FeatherClipsRelic","sneckomod:SneckoTalon","Turnip","champ:DeflectingBracers","Art of War"],"acts_visited":["Exordium","TheCity","TheBeyond"],"potions_floor_usage":[6,23,23,31,40,47,50],"damage_taken":[{"damage":3,"enemies":"Small Slimes","floor":1,"turns":4},{"damage":16,"enemies":"Gremlin Nob","floor":6,"turns":4},{"damage":0,"enemies":"2 Louse","floor":7,"turns":2},{"damage":15,"enemies":"3 Sentries","floor":8,"turns":11},{"damage":0,"enemies":"Jaw Worm","floor":11,"turns":3},{"damage":0,"enemies":"Lagavulin","floor":12,"turns":4},{"damage":1,"enemies":"Looter","floor":14,"turns":3},{"damage":11,"enemies":"Hexaghost","floor":16,"turns":7},{"damage":0,"enemies":"3 Byrds","floor":18,"turns":4},{"damage":1,"enemies":"Shell Parasite","floor":20,"turns":4},{"damage":10,"enemies":"Sentry and Sphere","floor":22,"turns":4},{"damage":21,"enemies":"Slavers","floor":23,"turns":4},{"damage":3,"enemies":"Gremlin Leader","floor":27,"turns":5},{"damage":10,"enemies":"Masked Bandits","floor":28,"turns":3},{"damage":0,"enemies":"3 Cultists","floor":29,"turns":3},{"damage":0,"enemies":"Book of Stabbing","floor":31,"turns":2},{"damage":22,"enemies":"Collector","floor":33,"turns":6},{"damage":15,"enemies":"3 Shapes","floor":35,"turns":4},{"damage":5,"enemies":"Mind Bloom Boss Battle","floor":36,"turns":4},{"damage":31,"enemies":"3 Darklings","floor":38,"turns":4},{"damage":29,"enemies":"4 Shapes","floor":39,"turns":3},{"damage":0,"enemies":"Reptomancer","floor":40,"turns":3},{"damage":7,"enemies":"Maw","floor":45,"turns":4},{"damage":0,"enemies":"Jaw Worm Horde","floor":46,"turns":2},{"damage":0,"enemies":"Transient","floor":47,"turns":5},{"damage":0,"enemies":"Spire Growth","floor":48,"turns":3},{"damage":56,"enemies":"Awakened One","floor":50,"turns":8}],"seed_played":"8539496750284741803","potions_obtained":[{"floor":1,"key":"SteroidPotion"},{"floor":12,"key":"Energy Potion"},{"floor":14,"key":"PowerPotion"},{"floor":28,"key":"SpeedPotion"},{"floor":29,"key":"RobotSpaceExplorer:RecyclePotion"},{"floor":31,"key":"hexamod:SoulburnPotion"},{"floor":45,"key":"Block Potion"},{"floor":48,"key":"Dexterity Potion"}],"is_trial":false,"path_per_floor":["M","?","?","?","?","E","M","E","T","R","M","E","R","M","R","B",null,"M","?","M","?","M","E","R","?","T","E","?","M","?","E","R","B",null,"M","?","$","M","M","E","$","R","T","R","M","M","M","M","R","B"],"character_chosen":"RobotSpaceExplorer","items_purchased":["RobotSpaceExplorer:StarLightning","champ:DeflectingBracers"],"campfire_rested":3,"item_purchase_floors":[37,37],"current_hp_per_floor":[65,65,65,60,57,41,41,26,26,48,48,48,48,47,47,36,65,65,65,64,64,54,33,55,41,41,38,28,28,28,28,28,12,63,54,55,55,30,7,13,13,37,37,37,36,42,48,54,54,0,0],"gold":421,"neow_bonus":"UPGRADE_CARD","is_daily":false,"chose_seed":false,"campfire_upgraded":4,"win_rate":0.0,"timestamp":1611385918,"path_taken":["M","?","?","?","?","E","M","E","T","R","M","E","R","M","R","BOSS","M","?","M","?","M","E","R","?","T","E","?","M","?","E","R","BOSS","M","?","$","M","M","E","$","R","T","R","M","M","M","M","R","BOSS"],"items_purchased_type":["Card","Relic"],"build_version":"2020-12-22","purchased_purges":1,"victory":false,"max_hp_per_floor":[75,75,75,75,75,75,75,75,75,75,75,75,75,75,75,75,75,75,75,75,75,75,75,75,80,80,80,80,80,80,80,80,80,80,80,80,80,80,80,80,80,80,80,80,80,80,80,80,80,80,80],"card_choices":[{"not_picked":["RobotSpaceExplorer:GlueShot","RobotSpaceExplorer:ShockKick"],"picked":"RobotSpaceExplorer:MiniDrones","floor":1},{"not_picked":["RobotSpaceExplorer:SelfCleaning","RobotSpaceExplorer:Counterblock"],"picked":"RobotSpaceExplorer:TurboDodge","floor":6},{"not_picked":["RobotSpaceExplorer:ImprovisedAttack","RobotSpaceExplorer:StunGrenade"],"picked":"RobotSpaceExplorer:ScrapToss","floor":7},{"not_picked":["RobotSpaceExplorer:DualCore","RobotSpaceExplorer:GlueShot"],"picked":"RobotSpaceExplorer:Blaster","floor":8},{"not_picked":["RobotSpaceExplorer:MetalStrike","RobotSpaceExplorer:TurboDodge"],"picked":"RobotSpaceExplorer:MiniBoosters","floor":11},{"not_picked":["RobotSpaceExplorer:SlimeMissile","RobotSpaceExplorer:ShockKick","RobotSpaceExplorer:StunGrenade"],"picked":"SKIP","floor":12},{"not_picked":["RobotSpaceExplorer:FreezeRay","RobotSpaceExplorer:MiniDrones"],"picked":"RobotSpaceExplorer:Autoloader","floor":14},{"not_picked":["RobotSpaceExplorer:Comet","RobotSpaceExplorer:Explosion"],"picked":"RobotSpaceExplorer:ChargingLaser","floor":16},{"not_picked":["RobotSpaceExplorer:SurgingShield","RobotSpaceExplorer:FranticSearch"],"picked":"RobotSpaceExplorer:FreezeRay","floor":18},{"not_picked":["RobotSpaceExplorer:ImprovisedAttack","RobotSpaceExplorer:MetalStrike","RobotSpaceExplorer:FranticSearch"],"picked":"SKIP","floor":20},{"not_picked":["RobotSpaceExplorer:SurgingStrike","RobotSpaceExplorer:Electropulse","RobotSpaceExplorer:SwiftStep"],"picked":"SKIP","floor":22},{"not_picked":["RobotSpaceExplorer:IronShell","RobotSpaceExplorer:SelfCleaning+1"],"picked":"RobotSpaceExplorer:MiniDrones","floor":23},{"not_picked":["RobotSpaceExplorer:SlimeMissile","RobotSpaceExplorer:Ammunition"],"picked":"RobotSpaceExplorer:LuckyStrike","floor":27},{"not_picked":["RobotSpaceExplorer:Counterblock","RobotSpaceExplorer:IronShell"],"picked":"RobotSpaceExplorer:Probe","floor":28},{"not_picked":["RobotSpaceExplorer:MetalStrike","RobotSpaceExplorer:ShovelStrike","RobotSpaceExplorer:SlimeMissile"],"picked":"SKIP","floor":29},{"not_picked":["RobotSpaceExplorer:Comet","RobotSpaceExplorer:MiniDrones"],"picked":"RobotSpaceExplorer:ScrapToss","floor":31},{"not_picked":["RobotSpaceExplorer:Asteroid","RobotSpaceExplorer:Wormhole"],"picked":"RobotSpaceExplorer:Scanner","floor":33},{"not_picked":["RobotSpaceExplorer:ToxicBomb","RobotSpaceExplorer:ShockKick"],"picked":"RobotSpaceExplorer:LuckyStrike+1","floor":35},{"not_picked":["RobotSpaceExplorer:BigMissile+1","RobotSpaceExplorer:MetalStrike+1"],"picked":"RobotSpaceExplorer:DualCore+1","floor":36},{"not_picked":["RobotSpaceExplorer:SurgingStrike","RobotSpaceExplorer:Ammunition+1"],"picked":"RobotSpaceExplorer:Reload+1","floor":38},{"not_picked":["RobotSpaceExplorer:JunkDive","RobotSpaceExplorer:DoubleBlock"],"picked":"RobotSpaceExplorer:GlueShot+1","floor":39},{"not_picked":["RobotSpaceExplorer:MetalStrike","RobotSpaceExplorer:Scanner"],"picked":"RobotSpaceExplorer:PowerCollector+1","floor":40},{"not_picked":["RobotSpaceExplorer:DoubleBlock+1","RobotSpaceExplorer:Probe","RobotSpaceExplorer:Smokescreen"],"picked":"SKIP","floor":45},{"not_picked":["RobotSpaceExplorer:BigMissile","RobotSpaceExplorer:GlueShot+1"],"picked":"RobotSpaceExplorer:ScrapToss+1","floor":46},{"not_picked":["RobotSpaceExplorer:ShockKick+1","RobotSpaceExplorer:Probe+1"],"picked":"RobotSpaceExplorer:ExhaustFan","floor":47},{"not_picked":["RobotSpaceExplorer:Smokescreen+1","RobotSpaceExplorer:Ammunition"],"picked":"RobotSpaceExplorer:Pulsar","floor":48}],"player_experience":2908148,"relics_obtained":[{"floor":6,"key":"Gambling Chip"},{"floor":9,"key":"Shuriken"},{"floor":12,"key":"Shovel"},{"floor":23,"key":"Happy Flower"},{"floor":26,"key":"hexamod:BolsterEngine"},{"floor":27,"key":"MawBank"},{"floor":28,"key":"Red Mask"},{"floor":31,"key":"theSenshi:FeatherClipsRelic"},{"floor":36,"key":"Turnip"},{"floor":40,"key":"Art of War"}],"event_choices":[{"cards_removed":["RobotSpaceExplorer:Strike"],"damage_healed":0,"gold_gain":0,"player_choice":"Card Removal","damage_taken":0,"max_hp_gain":0,"max_hp_loss":0,"event_name":"The Cleric","floor":2,"gold_loss":50},{"damage_healed":0,"gold_gain":0,"player_choice":"Ignored","damage_taken":0,"max_hp_gain":0,"max_hp_loss":0,"event_name":"Liars Game","floor":3,"gold_loss":0},{"damage_healed":0,"gold_gain":0,"player_choice":"Success","damage_taken":3,"relics_obtained":["HollowMod:PaleOreRelic"],"max_hp_gain":0,"max_hp_loss":0,"event_name":"Scrap Ooze","floor":5,"gold_loss":0},{"cards_removed":["RobotSpaceExplorer:Defend"],"damage_healed":0,"gold_gain":0,"player_choice":"Gave Gold","damage_taken":0,"max_hp_gain":0,"max_hp_loss":0,"event_name":"Beggar","floor":19,"gold_loss":75},{"damage_healed":0,"gold_gain":0,"player_choice":"Read","damage_taken":0,"max_hp_gain":0,"max_hp_loss":0,"event_name":"The Library","floor":21,"gold_loss":0,"cards_obtained":["RobotSpaceExplorer:Comet"]},{"damage_healed":0,"gold_gain":0,"player_choice":"Shed Blood","damage_taken":19,"max_hp_gain":5,"max_hp_loss":0,"event_name":"Forgotten Altar","floor":25,"gold_loss":0},{"damage_healed":0,"gold_gain":0,"player_choice":"Fought Bandits","damage_taken":0,"max_hp_gain":0,"max_hp_loss":0,"event_name":"Masked Bandits","floor":28,"gold_loss":0},{"damage_healed":0,"gold_gain":0,"player_choice":"Fight","damage_taken":0,"max_hp_gain":0,"max_hp_loss":0,"event_name":"MindBloom","floor":36,"gold_loss":0}],"is_beta":false,"boss_relics":[{"not_picked":["Busted Crown","Astrolabe"],"picked":"RobotSpaceExplorer:Reprocessor"},{"not_picked":["bronze:MakeshiftBattery","SacredBark"],"picked":"sneckomod:SneckoTalon"}],"items_purged_floors":[41],"is_endless":false,"potions_floor_spawned":[1,12,14,20,28,29,31,39,45,48],"killed_by":"Awakened One","ascension_level":11}}