{"host":"aqym1xxr3lb31d9m","time":1611361456,"event":{"mods":["BaseMod","Block Reminder","Colored Map","Colored Powertips","DeckTracker","Highlight Path","Minty Spire (QoL Compilation)","Quick Restart","Random Character Button","StSLib","SuperFastMode","UnlockEverythingMod"],"gold_per_floor":[369,43,96,116,133,133,151,163,163,163,181,191,191,223,223,297,297,311,311,331,69,69,69,104,104,104,104,123,123,157,80,80,80,80],"floor_reached":33,"language":"JPN","playtime":2500,"items_purged":[],"score":570,"play_id":"1acc8782-bf3c-4ece-88e5-07a3da2cbd86","local_time":"20210123092416","is_ascension_mode":true,"campfire_choices":[{"data":"Wild Strike","floor":6,"key":"SMITH"},{"data":"Bash","floor":10,"key":"SMITH"},{"data":"Wild Strike","floor":13,"key":"SMITH"},{"data":"Fire Breathing","floor":15,"key":"SMITH"},{"floor":23,"key":"REST"},{"data":"Shockwave","floor":25,"key":"SMITH"},{"data":"Disarm","floor":27,"key":"SMITH"},{"floor":29,"key":"REST"},{"data":"Demon Form","floor":32,"key":"SMITH"}],"circlet_count":0,"master_deck":["AscendersBane","Strike_R","Strike_R","Strike_R","Strike_R","Strike_R","Defend_R","Defend_R","Defend_R","Defend_R","Bash+1","Wild Strike+1","Wild Strike+1","Combust","Fire Breathing+1","Offering","Spot Weakness","Carnage","Reaper","Disarm+1","Anger","Shockwave+1","Inflame","Demon Form+1","Power Through"],"relics":["Black Blood","Bag of Preparation","Nunchaku","Regal Pillow","Bottled Tornado","MutagenicStrength","HornCleat","Nilry\u0027s Codex","Pantograph","Champion Belt","Tiny Chest"],"acts_visited":["Exordium","TheCity"],"potions_floor_usage":[30,30],"damage_taken":[{"damage":6,"enemies":"Cultist","floor":1,"turns":3},{"damage":7,"enemies":"Jaw Worm","floor":4,"turns":2},{"damage":8,"enemies":"Small Slimes","floor":5,"turns":3},{"damage":4,"enemies":"3 Louse","floor":7,"turns":4},{"damage":7,"enemies":"Looter","floor":8,"turns":3},{"damage":2,"enemies":"Exordium Wildlife","floor":11,"turns":2},{"damage":12,"enemies":"Exordium Thugs","floor":12,"turns":3},{"damage":30,"enemies":"Lagavulin","floor":14,"turns":5},{"damage":37,"enemies":"The Guardian","floor":16,"turns":7},{"damage":37,"enemies":"3 Byrds","floor":18,"turns":5},{"damage":28,"enemies":"2 Thieves","floor":20,"turns":3},{"damage":39,"enemies":"Book of Stabbing","floor":24,"turns":5},{"damage":14,"enemies":"Cultist and Chosen","floor":28,"turns":4},{"damage":44,"enemies":"Slavers","floor":30,"turns":4},{"damage":70,"enemies":"Collector","floor":33,"turns":6}],"seed_played":"244091315353192662","potions_obtained":[{"floor":5,"key":"Ancient Potion"},{"floor":7,"key":"HeartOfIron"},{"floor":8,"key":"BlessingOfTheForge"},{"floor":16,"key":"FairyPotion"},{"floor":24,"key":"DistilledChaos"}],"is_trial":false,"path_per_floor":["M","$","T","M","M","R","M","M","T","R","M","M","R","E","R","B",null,"M","?","M","$","?","R","E","R","T","R","M","R","E","$","R","B"],"character_chosen":"IRONCLAD","items_purchased":["Bag of Preparation","Nunchaku","HornCleat","Power Through"],"campfire_rested":2,"item_purchase_floors":[2,2,21,31],"current_hp_per_floor":[68,68,68,67,65,65,67,66,66,66,68,62,62,38,38,7,53,37,37,35,35,14,49,22,22,22,22,20,55,36,36,36,0,0],"gold":80,"neow_bonus":"TWO_FIFTY_GOLD","is_daily":false,"chose_seed":false,"campfire_upgraded":7,"win_rate":0.0,"timestamp":1611361456,"path_taken":["M","$","?","M","M","R","M","M","T","R","M","M","R","E","R","BOSS","M","?","M","$","?","R","E","R","T","R","M","R","E","$","R","BOSS"],"items_purchased_type":["Relic","Relic","Relic","Card"],"build_version":"2020-12-22","purchased_purges":0,"victory":false,"max_hp_per_floor":[68,68,68,68,68,68,68,68,68,68,68,68,68,68,68,68,68,68,68,68,68,68,68,68,68,68,68,68,68,68,68,68,68,68],"card_choices":[{"not_picked":["Havoc","Infernal Blade"],"picked":"Wild Strike","floor":1},{"not_picked":["Shrug It Off","Disarm"],"picked":"Wild Strike","floor":4},{"not_picked":["Armaments","Infernal Blade"],"picked":"Combust","floor":5},{"not_picked":["Twin Strike","Iron Wave"],"picked":"Fire Breathing","floor":7},{"not_picked":["Rampage","Heavy Blade","Body Slam"],"picked":"SKIP","floor":8},{"not_picked":["Pommel Strike","Armaments"],"picked":"Offering","floor":11},{"not_picked":["Pommel Strike","Havoc"],"picked":"Spot Weakness","floor":12},{"not_picked":["Flex","Seeing Red"],"picked":"Carnage","floor":14},{"not_picked":["Juggernaut","Bludgeon"],"picked":"Reaper","floor":16},{"not_picked":["Thunderclap","Flex"],"picked":"Disarm","floor":18},{"not_picked":["Cleave","Whirlwind"],"picked":"Anger","floor":20},{"not_picked":["Bloodletting","True Grit"],"picked":"Shockwave","floor":24},{"not_picked":["Warcry","True Grit"],"picked":"Inflame","floor":28},{"not_picked":["Sentinel","Shrug It Off"],"picked":"Demon Form","floor":30}],"player_experience":3970816,"relics_obtained":[{"floor":9,"key":"Regal Pillow"},{"floor":14,"key":"Bottled Tornado"},{"floor":22,"key":"Nilry\u0027s Codex"},{"floor":24,"key":"Pantograph"},{"floor":26,"key":"Champion Belt"},{"floor":30,"key":"Tiny Chest"}],"event_choices":[{"damage_healed":0,"gold_gain":0,"player_choice":"Inject Mutagens","damage_taken":0,"relics_obtained":["MutagenicStrength"],"max_hp_gain":0,"max_hp_loss":0,"event_name":"Drug Dealer","floor":19,"gold_loss":0},{"damage_healed":0,"gold_gain":0,"player_choice":"Obtained Book","damage_taken":21,"max_hp_gain":0,"max_hp_loss":0,"event_name":"Cursed Tome","floor":22,"gold_loss":0}],"is_beta":false,"boss_relics":[{"not_picked":["Busted Crown","Astrolabe"],"picked":"Black Blood"}],"items_purged_floors":[],"is_endless":false,"potions_floor_spawned":[5,7,8,16,18,24,28],"killed_by":"Collector","ascension_level":20}}