{"host":"xervbyl8oukkrn1w","time":1611367658,"event":{"mods":["BaseMod","Downfall","Hubris","Infinite Spire","Mad Scientist","Minty Spire (QoL Compilation)","Quick Restart","READ ME - Guardian Mod","Replay The Spire","Shade Mod","StSLib","The Blackbeard","The Cursed","The Elementalist","The Jungle","The Necromancer","The Runesmith"],"gold_per_floor":[219,219,269,269,284,284,302,302,302,37,50,61,80,4,4,107,107,117,117,132,132,132,132,151,151,151,151,151,151,281,281,281,281,281,281],"floor_reached":33,"language":"ENG","playtime":2400,"items_purged":[],"score":253,"play_id":"df5fa723-8d9f-4046-bad0-6bd32f2dbedf","local_time":"20210123020738","is_ascension_mode":false,"campfire_choices":[{"data":"blackbeard:Cutlass","floor":6,"key":"SMITH"},{"floor":15,"key":"REST"},{"data":"blackbeard:Dagger","floor":23,"key":"SMITH"},{"floor":25,"key":"REST"},{"floor":32,"key":"REST"}],"circlet_count":0,"master_deck":["blackbeard:BlackbeardStrike+1","blackbeard:BlackbeardStrike+1","blackbeard:BlackbeardStrike+1","blackbeard:BlackbeardStrike+1","blackbeard:IntimidatingStrike+1","blackbeard:BlackbeardDefend+1","blackbeard:BlackbeardDefend+1","blackbeard:BlackbeardDefend+1","blackbeard:BlackbeardDefend+1","blackbeard:Cutlass+1","blackbeard:Sword+1","blackbeard:Dagger+1","Midas Touch+1","Replay:Dark Deal+1","blackbeard:BrownPants+1","blackbeard:CloakAndCannonball+1","blackbeard:TacticalRetreat+1","blackbeard:WiseDefense+1","blackbeard:CannonballSupply+1","Deep Breath+1","blackbeard:Sword+1","blackbeard:Dagger+1","Shame","blackbeard:InfiniteBarrage","blackbeard:TacticalRetreat+1","blackbeard:JollyRoger+1"],"relics":["blackbeard:LoadTheCannons","hubris:Towel","Toxic Egg 2","infinitespire:CheckeredPen","ReplayTheSpireMod:ShopPack","Juzu Bracelet","Gremlin Food","Honey Jar","hubris:ScarierMask","Replay:PocketPolymizer","hubris:Icosahedron","Dream Catcher","infinitespire:Bottled Soul","hubris:BundleOfHerbs","Thread and Needle","Anchor"],"acts_visited":["Exordium","TheCity"],"potions_floor_usage":[16,20,33],"damage_taken":[{"damage":0,"enemies":"Cultist","floor":1,"turns":3},{"damage":5,"enemies":"Jaw Worm","floor":5,"turns":3},{"damage":0,"enemies":"Small Slimes","floor":7,"turns":3},{"damage":0,"enemies":"Looter","floor":11,"turns":2},{"damage":0,"enemies":"Large Slime","floor":12,"turns":6},{"damage":22,"enemies":"Exordium Thugs","floor":13,"turns":4},{"damage":47,"enemies":"The Guardian","floor":16,"turns":11},{"damage":0,"enemies":"3 Byrds","floor":18,"turns":2},{"damage":0,"enemies":"Chosen","floor":20,"turns":6},{"damage":20,"enemies":"Snake Plant","floor":24,"turns":5},{"damage":52,"enemies":"Gremlin Leader","floor":30,"turns":8},{"damage":59,"enemies":"Automaton","floor":33,"turns":6}],"seed_played":"1639822532379575876","potions_obtained":[{"floor":7,"key":"Fire Potion"},{"floor":16,"key":"sneckomod:MuddlingPotion"},{"floor":18,"key":"SneckoOil"}],"is_trial":false,"path_per_floor":["M","?","?","?","M","R","M","T","T","$","M","M","M","?","R","B",null,"M","?","M","AVR","?","R","M","R","T","T","$","?","E","?","R","B"],"character_chosen":"BLACKBEARD_CLASS","items_purchased":["ReplayTheSpireMod:ShopPack","Juzu Bracelet"],"campfire_rested":3,"item_purchase_floors":[10,10],"current_hp_per_floor":[75,75,75,75,70,70,70,70,70,70,70,70,48,48,70,23,75,75,75,75,75,75,75,55,75,75,75,75,75,23,16,38,0,0,0],"gold":281,"neow_bonus":"HUNDRED_GOLD","is_daily":false,"chose_seed":false,"campfire_upgraded":2,"win_rate":0.0,"timestamp":1611367658,"path_taken":["M","?","?","?","M","R","M","?","T","$","M","M","M","?","R","BOSS","M","?","M","AVR","?","R","M","R","T","?","$","?","E","?","R","BOSS"],"items_purchased_type":["Relic","Relic"],"build_version":"2020-12-22","purchased_purges":0,"victory":false,"max_hp_per_floor":[75,75,75,75,75,75,75,75,75,75,75,75,75,75,75,75,75,75,75,75,75,75,75,75,75,75,75,75,75,75,75,75,75,75,75],"card_choices":[{"not_picked":["blackbeard:SwordDance","blackbeard:WiseDefense"],"picked":"blackbeard:GhostInTheRum","floor":1},{"not_picked":["blackbeard:PiratesWill","blackbeard:BuriedTreasure"],"picked":"blackbeard:Sword","floor":5},{"not_picked":["blackbeard:Fencing","blackbeard:PiratesWill"],"picked":"blackbeard:Dagger","floor":7},{"not_picked":["Master of Strategy","Secret Technique"],"picked":"Midas Touch","floor":10},{"not_picked":["Deep Breath","Survey Options"],"picked":"Replay:Dark Deal","floor":10},{"not_picked":["hubris:Insight","Secret Technique"],"picked":"Forethought","floor":10},{"not_picked":["blackbeard:WeaponProficiency","blackbeard:Dagger+1"],"picked":"blackbeard:BrownPants","floor":11},{"not_picked":["blackbeard:BlindAttacks","blackbeard:GoldenStrike"],"picked":"blackbeard:CloakAndCannonball+1","floor":12},{"not_picked":["blackbeard:Scrap+1","blackbeard:GhostInTheRum+1"],"picked":"blackbeard:TacticalRetreat+1","floor":13},{"not_picked":["blackbeard:Intoxication","blackbeard:Lifeboat+1"],"picked":"blackbeard:PirateStrength","floor":16},{"not_picked":["blackbeard:Sword+1","blackbeard:SwordDance+1","blackbeard:Fencing+1"],"picked":"blackbeard:WiseDefense+1","floor":18},{"not_picked":["blackbeard:BrownPants","blackbeard:SwordDance+1","blackbeard:VengefulSpirit+1"],"picked":"blackbeard:CannonballSupply+1","floor":20},{"not_picked":["blackbeard:SwordDance+1","blackbeard:TacticalRetreat+1","blackbeard:GoldenStrike"],"picked":"blackbeard:Sword+1","floor":24},{"not_picked":["blackbeard:BuriedTreasure+1","blackbeard:Toast+1","blackbeard:Provisioning+1"],"picked":"blackbeard:InfiniteBarrage","floor":30},{"not_picked":["blackbeard:Fencing+1","blackbeard:WiseDefense+1","blackbeard:Recklessness+1"],"picked":"blackbeard:JollyRoger+1","floor":32}],"player_experience":91010,"relics_obtained":[{"floor":8,"key":"Toxic Egg 2"},{"floor":9,"key":"infinitespire:CheckeredPen"},{"floor":26,"key":"Dream Catcher"},{"floor":27,"key":"infinitespire:Bottled Soul"},{"floor":30,"key":"Thread and Needle"}],"event_choices":[{"damage_healed":0,"gold_gain":0,"player_choice":"Leave","damage_taken":0,"max_hp_gain":0,"max_hp_loss":0,"event_name":"The Cleric","floor":4,"gold_loss":0},{"damage_healed":0,"gold_gain":0,"player_choice":"Paid Gold","damage_taken":0,"relics_obtained":["Gremlin Food"],"max_hp_gain":0,"max_hp_loss":0,"event_name":"WeMeetAgain","floor":14,"gold_loss":76},{"damage_healed":0,"gold_gain":0,"player_choice":"Simplicity","damage_taken":0,"max_hp_gain":0,"max_hp_loss":0,"event_name":"Back to Basics","floor":19,"gold_loss":0,"cards_upgraded":["blackbeard:BlackbeardStrike","blackbeard:BlackbeardStrike","blackbeard:BlackbeardStrike","blackbeard:BlackbeardStrike","blackbeard:BlackbeardDefend","blackbeard:BlackbeardDefend","blackbeard:BlackbeardDefend","blackbeard:BlackbeardDefend"]},{"damage_healed":0,"gold_gain":0,"player_choice":"Stole Relic","damage_taken":0,"relics_obtained":["hubris:BundleOfHerbs"],"max_hp_gain":0,"max_hp_loss":0,"event_name":"Addict","floor":29,"gold_loss":0,"cards_obtained":["Shame"]},{"damage_healed":0,"gold_gain":0,"player_choice":"Anchor","damage_taken":0,"relics_obtained":["Anchor"],"max_hp_gain":0,"max_hp_loss":0,"event_name":"blackbeard:ShipwreckEvent","floor":31,"gold_loss":0}],"is_beta":false,"boss_relics":[{"not_picked":["SlaversCollar","hubris:VirtuousBlindfold"],"picked":"Honey Jar"}],"items_purged_floors":[],"is_endless":false,"potions_floor_spawned":[7,16,18],"killed_by":"Automaton","ascension_level":0}}