{"host":"mku5fdaoqz3qihec","time":1611434985,"event":{"mods":["2.2 Compatiblity","AchievementEnabler","BaseMod","Colored Map","Colored Powertips","Hermit","Minty Spire (QoL Compilation)","Rare Cards Sparkle","StSLib","SuperFastMode","The Dragon Tamer","The Servant 0.9.4"],"gold_per_floor":[119,119,129,141,316,344,355,355,355,388,388,488,505,101,101,205,205,222,242,261,261,272,301,301,400,426,426,445,445,445,464,464,565,565,577,19,36,36,36,62,62,91,91,108,124,1,0,34,34,34],"floor_reached":51,"language":"KOR","playtime":1551,"items_purged":["Doubt","DTMod:Strike"],"score":983,"play_id":"931c2c16-966b-49c0-8a2a-41519cc8d390","local_time":"20210124054945","is_ascension_mode":true,"metric_token":799,"campfire_choices":[{"data":"DTMod:BurningForce","floor":8.0,"key":"SMITH"},{"data":"DTMod:EchoTactic","floor":11.0,"key":"SMITH"},{"data":"DTMod:SwitchingTactic","floor":15.0,"key":"SMITH"},{"data":"1","floor":24.0,"key":"LIFT"},{"data":"2","floor":27.0,"key":"LIFT"},{"data":"3","floor":30.0,"key":"LIFT"},{"floor":32.0,"key":"DIG"},{"floor":49.0,"key":"REST"}],"dtmod_dragon_data":[24,50,1,1,9,8],"circlet_count":0,"master_deck":["DTMod:Strike","DTMod:Strike+1","DTMod:Strike","DTMod:DoubleHit","DTMod:TargetDefense","DTMod:TargetDefense","DTMod:TargetDefense","DTMod:TargetDefense","DTMod:SwitchingTactic+1","DTMod:Feint","DTMod:BlazingStrike+1","DTMod:BurningForce+1","DTMod:RunningTactic","DTMod:BlazingStrike","DTMod:EchoTactic+1","DTMod:CleansingStrike","DTMod:Threaten","DTMod:BurningForce","DTMod:BlazingStrike","Writhe","DTMod:ShadowImage","DTMod:Dissolve","DTMod:Dissolve","DTMod:ShadowImage","DTMod:EchoTactic+1","DTMod:Cover","Madness","Madness","DTMod:RunningTactic+1","DTMod:BalancedStrike+1","Apotheosis","DTMod:RunningTactic","DTMod:BurningEnergy+1"],"relics":["DTMod:PactStone","StrikeDummy","Dead Branch","The Courier","HornCleat","Ice Cream","Pen Nib","Anchor","Fusion Hammer","Girya","Shovel","Blood Vial","Kunai","Juzu Bracelet","Sozu","Whetstone","DollysMirror","Art of War","StoneCalendar","Eternal Feather","Red Mask","Du-Vu Doll"],"acts_visited":["Exordium","TheCity","TheBeyond"],"potions_floor_usage":[],"damage_taken":[{"damage":1.0,"enemies":"Cultist","floor":1.0,"turns":3.0},{"damage":1.0,"enemies":"Small Slimes","floor":3.0,"turns":3.0},{"damage":0.0,"enemies":"2 Louse","floor":4.0,"turns":2.0},{"damage":0.0,"enemies":"3 Sentries","floor":6.0,"turns":5.0},{"damage":0.0,"enemies":"Gremlin Gang","floor":7.0,"turns":4.0},{"damage":5.0,"enemies":"Lagavulin","floor":10.0,"turns":6.0},{"damage":0.0,"enemies":"Red Slaver","floor":13.0,"turns":2.0},{"damage":0.0,"enemies":"Hexaghost","floor":16.0,"turns":6.0},{"damage":0.0,"enemies":"3 Byrds","floor":18.0,"turns":3.0},{"damage":0.0,"enemies":"Chosen","floor":19.0,"turns":3.0},{"damage":0.0,"enemies":"3 Cultists","floor":20.0,"turns":4.0},{"damage":0.0,"enemies":"Shelled Parasite and Fungi","floor":22.0,"turns":2.0},{"damage":0.0,"enemies":"Gremlin Leader","floor":23.0,"turns":4.0},{"damage":0.0,"enemies":"Snecko","floor":28.0,"turns":3.0},{"damage":2.0,"enemies":"Centurion and Healer","floor":31.0,"turns":3.0},{"damage":35.0,"enemies":"Automaton","floor":33.0,"turns":7.0},{"damage":0.0,"enemies":"3 Shapes","floor":35.0,"turns":3.0},{"damage":0.0,"enemies":"3 Darklings","floor":37.0,"turns":3.0},{"damage":4.0,"enemies":"Giant Head","floor":40.0,"turns":5.0},{"damage":21.0,"enemies":"Reptomancer","floor":42.0,"turns":7.0},{"damage":0.0,"enemies":"4 Shapes","floor":44.0,"turns":3.0},{"damage":0.0,"enemies":"Sphere and 2 Shapes","floor":45.0,"turns":2.0},{"damage":0.0,"enemies":"Giant Head","floor":48.0,"turns":3.0},{"damage":42,"enemies":"Awakened One","floor":50,"turns":8}],"seed_played":"-6369580894735939859","potions_obtained":[{"floor":3.0,"key":"PowerPotion"},{"floor":16.0,"key":"Ancient Potion"},{"floor":19.0,"key":"Fire Potion"},{"floor":22.0,"key":"PowerPotion"},{"floor":23.0,"key":"Swift Potion"}],"is_trial":false,"path_per_floor":["M","?","M","M","?","E","M","R","T","E","R","?","M","$","R","B",null,"M","M","M","T","M","E","R","?","T","R","M","?","R","M","R","B",null,"M","$","M","?","?","E","?","E","T","M","M","$","?","E","R","B",null],"character_chosen":"THE_DT","items_purchased":["Ice Cream","Pen Nib","Anchor","Good Instincts","DTMod:Dissolve","DTMod:Dissolve","Whetstone","DTMod:ShadowImage","DollysMirror","Apotheosis","DTMod:RunningTactic"],"campfire_rested":1,"item_purchase_floors":[14,14,14,14,36,36,36,36,36,46,46],"current_hp_per_floor":[44,44,43,43,43,43,43,43,43,38,38,38,38,38,38,38,45,45,45,45,45,45,45,45,45,45,45,45,45,45,43,43,10,45,45,45,45,45,45,41,35,16,16,18,20,20,20,22,45,3],"gold":34,"neow_bonus":"RANDOM_COLORLESS","is_daily":false,"chose_seed":false,"campfire_upgraded":3,"win_rate":0.0,"timestamp":1611434985,"path_taken":["M","?","?","M","?","E","M","R","T","E","R","?","M","$","R","BOSS","M","?","M","?","M","E","R","?","T","R","M","?","R","M","R","BOSS","M","$","M","?","?","E","?","E","T","M","M","$","?","E","R","BOSS"],"items_purchased_type":["Relic","Relic","Relic","Card","Card","Card","Relic","Card","Relic","Card","Card"],"build_version":"2020-12-22","purchased_purges":2,"victory":true,"max_hp_per_floor":[45,45,45,45,45,45,45,45,45,45,45,45,45,45,45,45,45,45,45,45,45,45,45,45,45,45,45,45,45,45,45,45,45,45,45,45,45,45,45,45,45,45,45,45,45,45,45,45,45,45],"card_choices":[{"not_picked":["Swift Strike","Dark Shackles"],"picked":"Dramatic Entrance","floor":0.0},{"not_picked":["DTMod:MagicField","DTMod:FlameSlash"],"picked":"DTMod:Feint","floor":1.0},{"not_picked":["DTMod:Hide","DTMod:RecklessFlurry"],"picked":"DTMod:BlazingStrike","floor":3.0},{"not_picked":["DTMod:MagicField","DTMod:ForkedFire"],"picked":"DTMod:BurningForce","floor":4.0},{"not_picked":["DTMod:DeepFocus","DTMod:Coolant"],"picked":"DTMod:RunningTactic","floor":6.0},{"not_picked":["DTMod:QuickFly","DTMod:Cover"],"picked":"DTMod:BlazingStrike","floor":7.0},{"not_picked":["DTMod:BuildUp","DTMod:Weaken"],"picked":"DTMod:EchoTactic","floor":10.0},{"not_picked":["DTMod:BizarreTactic","DTMod:HeatWave","DTMod:InvisibleFlame"],"picked":"SKIP","floor":13.0},{"not_picked":["DTMod:ComboAttack","DTMod:BuildUp"],"picked":"DTMod:CleansingStrike","floor":18.0},{"not_picked":["DTMod:Haste","DTMod:Overwhelm"],"picked":"DTMod:Threaten","floor":19.0},{"not_picked":["DTMod:Conduct","DTMod:Feint","DTMod:GhostSkin"],"picked":"SKIP","floor":20.0},{"not_picked":["DTMod:Threaten","DTMod:CrossStep","DTMod:BuildUp"],"picked":"SKIP","floor":22.0},{"not_picked":["DTMod:TriAttack","DTMod:DragonDance"],"picked":"DTMod:BurningForce","floor":23.0},{"not_picked":["DTMod:Cover","DTMod:DeepFocus"],"picked":"DTMod:BlazingStrike","floor":28.0},{"not_picked":["DTMod:CleansingStrike","DTMod:CrossStep","DTMod:FlameSlash+1"],"picked":"SKIP","floor":31.0},{"not_picked":["DTMod:EchoTactic","DTMod:GearUp"],"picked":"DTMod:ShadowImage","floor":33.0},{"not_picked":["DTMod:ShieldDrain+1","DTMod:SneakAttack+1","DTMod:MaximumCharge"],"picked":"SKIP","floor":35.0},{"not_picked":["DTMod:QuickFly+1","DTMod:Cover","DTMod:BuildUp"],"picked":"SKIP","floor":37.0},{"not_picked":["DTMod:QuickFly+1","DTMod:BuildUp"],"picked":"DTMod:Cover","floor":37.0},{"not_picked":["DTMod:Training","DTMod:Hide+1","DTMod:RepeatStrike"],"picked":"SKIP","floor":40.0},{"not_picked":["DTMod:HeatWave+1","DTMod:BurningEnergy+1"],"picked":"DTMod:RunningTactic+1","floor":42.0},{"not_picked":["DTMod:BizarreTactic+1","DTMod:BreakAttack","DTMod:BlazingStrike"],"picked":"SKIP","floor":44.0},{"not_picked":["DTMod:Overwhelm","DTMod:ComboAttack"],"picked":"DTMod:BalancedStrike+1","floor":45.0},{"not_picked":["DTMod:ComboAttack","DTMod:Threaten+1"],"picked":"DTMod:BurningEnergy+1","floor":48.0}],"player_experience":261451,"relics_obtained":[{"floor":6.0,"key":"Dead Branch"},{"floor":9.0,"key":"The Courier"},{"floor":10.0,"key":"HornCleat"},{"floor":21.0,"key":"Girya"},{"floor":23.0,"key":"Shovel"},{"floor":26.0,"key":"Blood Vial"},{"floor":32.0,"key":"Juzu Bracelet"},{"floor":40.0,"key":"Art of War"},{"floor":42.0,"key":"StoneCalendar"},{"floor":43.0,"key":"Eternal Feather"},{"floor":48.0,"key":"Du-Vu Doll"}],"event_choices":[{"cards_removed":["Dramatic Entrance"],"damage_healed":0.0,"max_hp_gain":0.0,"max_hp_loss":0.0,"gold_gain":0.0,"event_name":"WeMeetAgain","player_choice":"Gave Card","floor":2.0,"gold_loss":0.0,"damage_taken":0.0,"relics_obtained":["StrikeDummy"]},{"damage_healed":0.0,"max_hp_gain":0.0,"max_hp_loss":0.0,"gold_gain":175.0,"event_name":"Liars Game","player_choice":"AGREE","floor":5.0,"gold_loss":0.0,"damage_taken":0.0,"cards_obtained":["Doubt"]},{"damage_healed":0.0,"max_hp_gain":0.0,"max_hp_loss":0.0,"gold_gain":100.0,"event_name":"Golden Shrine","player_choice":"Pray","floor":12.0,"gold_loss":0.0,"damage_taken":0.0},{"damage_healed":0.0,"max_hp_gain":0.0,"max_hp_loss":0.0,"gold_gain":99.0,"event_name":"Nest","player_choice":"Stole From Cult","floor":25.0,"gold_loss":0.0,"damage_taken":0.0},{"damage_healed":0.0,"max_hp_gain":0.0,"max_hp_loss":0.0,"gold_gain":0.0,"event_name":"The Mausoleum","player_choice":"Opened","floor":29.0,"gold_loss":0.0,"damage_taken":0.0,"relics_obtained":["Kunai"],"cards_obtained":["Writhe"]},{"damage_healed":0.0,"max_hp_gain":0.0,"max_hp_loss":0.0,"gold_gain":0.0,"event_name":"Match and Keep!","player_choice":"0 cards matched","floor":38.0,"gold_loss":0.0,"damage_taken":0.0,"cards_obtained":[]},{"damage_healed":0.0,"max_hp_gain":0.0,"max_hp_loss":0.0,"gold_gain":0.0,"event_name":"Lab","player_choice":"Got Potions","floor":39.0,"gold_loss":0.0,"damage_taken":0.0},{"damage_healed":0.0,"max_hp_gain":0.0,"max_hp_loss":0.0,"gold_gain":0.0,"event_name":"Winding Halls","player_choice":"Embrace Madness","floor":41.0,"gold_loss":0.0,"damage_taken":6.0,"cards_obtained":["Madness","Madness"]},{"damage_healed":0.0,"max_hp_gain":0.0,"max_hp_loss":0.0,"gold_gain":0.0,"event_name":"Tomb of Lord Red Mask","player_choice":"Paid","floor":47.0,"gold_loss":1.0,"damage_taken":0.0,"relics_obtained":["Red Mask"]}],"is_beta":false,"boss_relics":[{"not_picked":["DTMod:TheChair","Black Star"],"picked":"Fusion Hammer"},{"not_picked":["Runic Dome","Snecko Eye"],"picked":"Sozu"}],"items_purged_floors":[14,36],"is_endless":false,"potions_floor_spawned":[3,16,19,22,23,28,31,40,42,45,48],"ascension_level":1}}