{"host":"9sljmwdfk42tzqyu","time":1611392478,"event":{"mods":["BaseMod","Downfall","Hubris","Minty Spire (QoL Compilation)","Replay The Spire","Shop Mod","StSLib"],"gold_per_floor":[0,18,32,43,43,118,187,48,48,48,83,97,97,12,22,119,119,119,42,142,156,167,185,211,227,240,140,140,153,153,167,186,186,186,186],"floor_reached":33,"language":"ENG","playtime":2513,"items_purged":["Slimebound:Strike_Slimebound","Slimebound:CorrosiveSpit"],"score":264,"play_id":"e2e7e214-9556-4cea-814b-d052cbf854af","local_time":"20210123040118","is_ascension_mode":true,"campfire_choices":[{"data":"Slimebound:Nibble","floor":1,"key":"SMITH"},{"data":"Slimebound:LevelUp","floor":9,"key":"SMITH"},{"floor":13,"key":"REST"},{"data":"Slimebound:OneTwoCombo","floor":18,"key":"SMITH"},{"data":"Slimebound:Teamwork","floor":27,"key":"SMITH"},{"floor":30,"key":"REST"}],"circlet_count":0,"master_deck":["Slimebound:Strike_Slimebound","Slimebound:Tackle","Slimebound:Defend_Slimebound","Slimebound:Defend_Slimebound","Slimebound:Defend_Slimebound","Slimebound:Split","Slimebound:WasteNot+1","Slimebound:Nibble+1","Slimebound:LevelUp+1","Slimebound:PressTheAttack","Slimebound:SplitMire","Slimebound:PressTheAttack","Slimebound:SplitMire+1","Slimebound:Teamwork+1","Slimebound:SplitMire","Slimebound:SplitAcid","Slimebound:OneTwoCombo+1","Slimebound:SplitAcid","Slimebound:FormOfPuddle","expansioncontent:DashGenerateEvil","Slimebound:SplitBruiser+1","Slimebound:SelfFormingGoo","Slimebound:ServeAndProtect+1","Slimebound:Recollect","Slimebound:Nibble+1","Slimebound:SplitSpecialist"],"relics":["Slimebound:AbsorbEndCombat","downfall:ShatteredFragment","Bottled Flame","CultistMask","War Paint","hubris:TerracottaHorce","downfall:HeartBlessingBlue","Membership Card","MealTicket"],"acts_visited":["Exordium","TheCity"],"potions_floor_usage":[],"damage_taken":[{"damage":4,"enemies":"Cultist","floor":2,"turns":3},{"damage":0,"enemies":"2 Louse","floor":3,"turns":2},{"damage":5,"enemies":"Small Slimes","floor":4,"turns":3},{"damage":13,"enemies":"downfall:FleeingMerchant","floor":8,"turns":4},{"damage":11,"enemies":"Gremlin Nob","floor":11,"turns":3},{"damage":0,"enemies":"Gremlin Gang","floor":12,"turns":2},{"damage":10,"enemies":"downfall:FleeingMerchant","floor":14,"turns":4},{"damage":8,"enemies":"Red Slaver","floor":15,"turns":3},{"damage":34,"enemies":"SI_SHIV_ARCHETYPE","floor":16,"turns":6},{"damage":15,"enemies":"downfall:FleeingMerchant","floor":19,"turns":4},{"damage":0,"enemies":"Spheric Guardian","floor":21,"turns":1},{"damage":12,"enemies":"Chosen","floor":22,"turns":2},{"damage":20,"enemies":"Snake Plant","floor":23,"turns":2},{"damage":1,"enemies":"Sentry and Sphere","floor":25,"turns":3},{"damage":4,"enemies":"Snecko","floor":26,"turns":3},{"damage":19,"enemies":"Shelled Parasite and Fungi","floor":29,"turns":3},{"damage":12,"enemies":"3 Cultists","floor":31,"turns":4},{"damage":4,"enemies":"Cultist and Chosen","floor":32,"turns":3},{"damage":28,"enemies":"WA_ARCHETYPE_CALM","floor":33,"turns":7}],"seed_played":"-3079499332254315900","potions_obtained":[{"floor":2,"key":"Fire Potion"},{"floor":11,"key":"Venom Potion"},{"floor":16,"key":"champ:CounterPotion"},{"floor":21,"key":"ColorlessPotion"},{"floor":29,"key":"AttackPotion"}],"is_trial":false,"path_per_floor":["R","M","M","M","?","?","T","$","R","?","E","M","R","$","M","B",null,"R","$","?","M","M","M","T","M","M","R","$","M","R","M","M","B"],"character_chosen":"SLIMEBOUND","items_purchased":["Slimebound:SplitMire","Slimebound:SplitMire","Slimebound:SplitAcid","Slimebound:SplitAcid","Slimebound:FormOfPuddle","expansioncontent:DashGenerateEvil","Membership Card","MealTicket"],"campfire_rested":2,"item_purchase_floors":[8,14,14,19,19,19,28,28],"current_hp_per_floor":[65,63,63,62,44,44,44,39,39,39,36,44,63,57,55,29,56,56,49,49,49,43,31,31,32,36,46,26,15,37,33,29,9,9,9],"gold":186,"neow_bonus":"TRANSFORM_TWO_CARDS","is_daily":false,"chose_seed":false,"campfire_upgraded":4,"win_rate":0.0,"timestamp":1611392478,"path_taken":["R","M","M","?","?","?","T","$","R","?","E","?","R","?","M","BOSS","R","$","?","M","M","?","T","M","M","R","?","?","R","M","M","BOSS"],"items_purchased_type":["Card","Card","Card","Card","Card","Card","Relic","Relic"],"build_version":"2020-12-22","purchased_purges":2,"victory":false,"max_hp_per_floor":[65,65,65,65,65,65,65,65,65,65,65,65,65,65,65,65,65,65,65,65,65,65,65,65,65,65,75,75,75,75,75,75,75,75,75],"card_choices":[{"not_picked":["Slimebound:RainOfGoop","Slimebound:FinishingTackle"],"picked":"Slimebound:LevelUp","floor":2},{"not_picked":["Slimebound:RollThrough","Slimebound:SpikyOuterGoop"],"picked":"Slimebound:PressTheAttack","floor":3},{"not_picked":["Slimebound:RollThrough","Slimebound:SlimeSpikes"],"picked":"Slimebound:SplitMire","floor":4},{"not_picked":["Slimebound:DivideAndConquer","Slimebound:ItLooksTasty"],"picked":"Slimebound:PressTheAttack","floor":8},{"not_picked":["Slimebound:Schlurp","Slimebound:GrowthPunch"],"picked":"Slimebound:Teamwork","floor":11},{"not_picked":["Slimebound:PressTheAttack","Slimebound:DivideAndConquer","Slimebound:SamplingLick"],"picked":"SKIP","floor":12},{"not_picked":["Slimebound:ComboTackle","Slimebound:SamplingLick","Slimebound:LeechingTouch"],"picked":"SKIP","floor":14},{"not_picked":["Slimebound:Schlurp","Slimebound:HauntingLick","Slimebound:LeechingTouch"],"picked":"SKIP","floor":15},{"not_picked":["Slimebound:WasteNot","Slimebound:SlimeSlap"],"picked":"Slimebound:OneTwoCombo","floor":16},{"not_picked":["Slimebound:LivingWall","Slimebound:RollThrough","Slimebound:ForwardTackle"],"picked":"SKIP","floor":19},{"not_picked":["Slimebound:ServeAndProtect","Slimebound:HauntingLick+1","Slimebound:ComboTackle"],"picked":"SKIP","floor":21},{"not_picked":["Slimebound:SpikyOuterGoop+1","Slimebound:SplitMire+1"],"picked":"Slimebound:SplitBruiser+1","floor":22},{"not_picked":["Slimebound:HungryTackle+1","Slimebound:MegaLick+1","Slimebound:SlimeSpikes+1"],"picked":"SKIP","floor":23},{"not_picked":["Slimebound:LeadByExample","Slimebound:GoopTackle+1"],"picked":"Slimebound:SelfFormingGoo","floor":25},{"not_picked":["Slimebound:ComboTackle+1","Slimebound:LivingWall+1"],"picked":"Slimebound:ServeAndProtect+1","floor":26},{"not_picked":["Slimebound:SlimeSpikes","Slimebound:HungryTackle"],"picked":"Slimebound:Recollect","floor":29},{"not_picked":["Slimebound:ItLooksTasty+1","Slimebound:GoopTackle"],"picked":"Slimebound:Nibble+1","floor":31},{"not_picked":["Slimebound:FinishingTackle","Slimebound:Gluttony"],"picked":"Slimebound:SplitSpecialist","floor":32}],"player_experience":343737,"relics_obtained":[{"floor":7,"key":"Bottled Flame"},{"floor":11,"key":"War Paint"}],"event_choices":[{"damage_healed":0,"gold_gain":0,"player_choice":"Trade","damage_taken":0,"relics_obtained":["CultistMask"],"max_hp_gain":0,"max_hp_loss":0,"event_name":"FaceTrader","floor":10,"gold_loss":0}],"is_beta":false,"boss_relics":[{"not_picked":["Calling Bell","Honey Jar"],"picked":"hubris:TerracottaHorce"}],"items_purged_floors":[8,19],"is_endless":false,"potions_floor_spawned":[2,11,16,21,29,31],"killed_by":"WA_ARCHETYPE_CALM","ascension_level":1}}