{"host":"zxd7sxkt31l2m2hb","time":1611436353,"event":{"mods":["AchievementEnabler","BaseMod","BetterRewards","Colored Map","Colored Powertips","Highlight Path","Minty Spire (QoL Compilation)","StSLib","SuperFastMode","The Jungle","slay the spire mod where everything is the same but ironclad has a cowboy hat"],"gold_per_floor":[114,114,64,79,156,156,171,171,171,22,52,67,82,97,97,197,197,212,76,0,15,15,15,15,45,45,45,75,75,75],"floor_reached":29,"language":"DEU","playtime":3296,"items_purged":["Pain","Injury"],"score":286,"play_id":"cb1952ee-3e09-49e1-b112-abbe300ed863","local_time":"20210123221233","daily_mods":["Cursed Run","Purple Cards","DeadlyEvents"],"is_ascension_mode":false,"campfire_choices":[{"data":"Flex","floor":6,"key":"SMITH"},{"data":"Flame Barrier","floor":8,"key":"SMITH"},{"floor":15,"key":"REST"},{"data":"DevaForm","floor":24,"key":"SMITH"},{"floor":27,"key":"REST"}],"circlet_count":0,"master_deck":["Strike_R","Strike_R","Strike_R","Strike_R","Defend_R","Defend_R","Defend_R","Defend_R","Bash+1","Thunderclap","Flex+1","Flame Barrier+1","Inflame","DevaForm+1","Inflame","Pommel Strike","Barricade","CurseOfTheBell","Pommel Strike+1","WaveOfTheHand","Battle Trance+1","Normality"],"relics":["Cursed Key","Darkstone Periapt","Du-Vu Doll","InkBottle","Turnip","Calling Bell","Bag of Preparation","Paper Frog","Pocketwatch","Oddly Smooth Stone","The Courier","Kunai"],"acts_visited":["Exordium","TheCity"],"potions_floor_usage":[14,25,25,29],"damage_taken":[{"damage":1,"enemies":"Jaw Worm","floor":1,"turns":3},{"damage":0,"enemies":"2 Louse","floor":4,"turns":2},{"damage":0,"enemies":"Cultist","floor":7,"turns":2},{"damage":10,"enemies":"Lagavulin","floor":11,"turns":6},{"damage":16,"enemies":"Exordium Thugs","floor":12,"turns":5},{"damage":15,"enemies":"Exordium Wildlife","floor":13,"turns":6},{"damage":7,"enemies":"3 Louse","floor":14,"turns":3},{"damage":11,"enemies":"Hexaghost","floor":16,"turns":6},{"damage":7,"enemies":"3 Byrds","floor":18,"turns":3},{"damage":15,"enemies":"Spheric Guardian","floor":21,"turns":5},{"damage":28,"enemies":"Book of Stabbing","floor":25,"turns":6},{"damage":26,"enemies":"Gremlin Leader","floor":28,"turns":8},{"damage":64,"enemies":"Slavers","floor":29,"turns":3}],"seed_played":"-4692305807027556167","potions_obtained":[{"floor":7,"key":"ElixirPotion"},{"floor":11,"key":"LiquidMemories"},{"floor":13,"key":"Energy Potion"},{"floor":16,"key":"DistilledChaos"},{"floor":18,"key":"BlessingOfTheForge"}],"is_trial":false,"path_per_floor":["M","?","?","M","?","R","M","R","T","$","E","M","M","M","R","B",null,"M","$","?","M","$","?","R","E","T","R","E","E"],"character_chosen":"IRONCLAD","items_purchased":["Inflame","WaveOfTheHand"],"campfire_rested":2,"item_purchase_floors":[10,19],"current_hp_per_floor":[79,79,79,79,79,79,79,79,85,85,75,59,44,37,62,57,98,91,91,91,76,76,76,76,48,54,85,59,0,0],"gold":75,"neow_bonus":"","is_daily":true,"chose_seed":false,"campfire_upgraded":3,"win_rate":0.0,"timestamp":1611436353,"path_taken":["M","?","?","M","?","R","M","R","T","$","?","?","M","M","R","BOSS","M","$","?","?","$","?","R","E","T","R","?","?"],"items_purchased_type":["Card","Card"],"build_version":"2020-12-22","purchased_purges":2,"victory":false,"max_hp_per_floor":[80,80,80,80,80,80,80,80,86,86,86,86,86,86,86,92,98,98,98,98,98,98,98,98,98,104,104,104,104,104],"card_choices":[{"not_picked":["CrushJoints","Prostrate"],"picked":"Thunderclap","floor":1},{"not_picked":["Combust","Seeing Red"],"picked":"Flex","floor":4},{"not_picked":["FollowUp","Clash"],"picked":"Flame Barrier","floor":7},{"not_picked":["Halt","Swivel","FlyingSleeves"],"picked":"SKIP","floor":11},{"not_picked":["Evaluate","Combust"],"picked":"DevaForm","floor":12},{"not_picked":["Evolve","Flex"],"picked":"Inflame","floor":13},{"not_picked":["EmptyFist","JustLucky"],"picked":"Pommel Strike","floor":14},{"not_picked":["Omniscience","Exhume"],"picked":"Barricade","floor":16},{"not_picked":["Wild Strike","Spot Weakness+1"],"picked":"Pommel Strike+1","floor":18},{"not_picked":["FearNoEvil","Anger","CarveReality"],"picked":"SKIP","floor":21},{"not_picked":["Omniscience","Power Through"],"picked":"Battle Trance+1","floor":25},{"not_picked":["Dark Embrace","Halt","Consecrate"],"picked":"SKIP","floor":28}],"player_experience":78650,"relics_obtained":[{"floor":9,"key":"InkBottle"},{"floor":11,"key":"Turnip"},{"floor":17,"key":"Bag of Preparation"},{"floor":17,"key":"Paper Frog"},{"floor":17,"key":"Pocketwatch"},{"floor":25,"key":"Oddly Smooth Stone"},{"floor":26,"key":"The Courier"},{"floor":28,"key":"Kunai"}],"event_choices":[{"damage_healed":0,"gold_gain":0,"player_choice":"Grow","damage_taken":0,"max_hp_gain":0,"max_hp_loss":0,"event_name":"Living Wall","floor":2,"gold_loss":0,"cards_upgraded":["Bash"]},{"cards_removed":["Strike_R"],"damage_healed":0,"gold_gain":0,"player_choice":"Card Removal","damage_taken":0,"max_hp_gain":0,"max_hp_loss":0,"event_name":"The Cleric","floor":3,"gold_loss":50},{"damage_healed":0,"gold_gain":77,"player_choice":"Gained Gold","damage_taken":0,"max_hp_gain":0,"max_hp_loss":0,"event_name":"Golden Wing","floor":5,"gold_loss":0},{"damage_healed":0,"gold_gain":0,"player_choice":"Paid Fearfully","damage_taken":0,"max_hp_gain":0,"max_hp_loss":0,"event_name":"Masked Bandits","floor":20,"gold_loss":76},{"damage_healed":0,"gold_gain":0,"player_choice":"Ignored","damage_taken":0,"max_hp_gain":0,"max_hp_loss":0,"event_name":"Ghosts","floor":23,"gold_loss":0}],"is_beta":false,"boss_relics":[{"not_picked":["SacredBark","SlaversCollar"],"picked":"Calling Bell"}],"items_purged_floors":[10,19],"is_endless":false,"potions_floor_spawned":[7,11,13,16,18],"killed_by":"Slavers","ascension_level":0}}