{"host":"5p9hybygolzp0efr","time":1611407854,"event":{"mods":["AchievementEnabler","BaseMod","Bestiary","Colored Map","Minty Spire (QoL Compilation)","Permanent Neow","Relic Stats"],"gold_per_floor":[114,189,189,203,215,244,244,244,267,292,323,344,387,412,412,538,538,563,563,586,501,601,601,615,653,953,953,458,482,482,482],"floor_reached":30,"language":"ENG","playtime":1253,"items_purged":["Strike_P"],"score":400,"play_id":"3712e1ba-5e04-49d9-9acd-1ed98719e45b","local_time":"20210123211734","is_ascension_mode":true,"campfire_choices":[{"data":"Eruption","floor":7.0,"key":"SMITH"},{"data":"TalkToTheHand","floor":15.0,"key":"SMITH"},{"floor":23.0,"key":"REST"},{"floor":27.0,"key":"REST"}],"circlet_count":0,"master_deck":["Strike_P","Strike_P","Defend_P","Defend_P","Defend_P","Defend_P","Eruption+1","Vigilance","ThirdEye","Wallop","Worship","Meditate","BowlingBash+1","FearNoEvil","JustLucky","Conclude","Indignation","TalkToTheHand+1","LessonLearned","LikeWater","WindmillStrike+1","Pray","Worship","EmptyFist+1","Vault","Ragnarok","Halt","BattleHymn","FlurryOfBlows"],"relics":["Philosopher\u0027s Stone","Akabeko","Golden Idol","Bag of Marbles","Matryoshka","Blood Vial","Fusion Hammer","Damaru","PreservedInsect","Oddly Smooth Stone","Old Coin","Vajra","Orrery"],"acts_visited":["Exordium","TheCity"],"potions_floor_usage":[],"damage_taken":[{"damage":0.0,"enemies":"Jaw Worm","floor":1.0,"turns":4.0},{"damage":0.0,"enemies":"Small Slimes","floor":4.0,"turns":3.0},{"damage":0.0,"enemies":"Cultist","floor":5.0,"turns":2.0},{"damage":17.0,"enemies":"Gremlin Nob","floor":6.0,"turns":4.0},{"damage":0.0,"enemies":"Exordium Wildlife","floor":10.0,"turns":2.0},{"damage":3.0,"enemies":"3 Sentries","floor":11.0,"turns":4.0},{"damage":0.0,"enemies":"Exordium Thugs","floor":12.0,"turns":3.0},{"damage":11.0,"enemies":"Lagavulin","floor":13.0,"turns":4.0},{"damage":0.0,"enemies":"Large Slime","floor":14.0,"turns":1.0},{"damage":0.0,"enemies":"Slime Boss","floor":16.0,"turns":5.0},{"damage":29.0,"enemies":"Spheric Guardian","floor":18.0,"turns":4.0},{"damage":0.0,"enemies":"Shell Parasite","floor":20.0,"turns":2.0},{"damage":14.0,"enemies":"Shelled Parasite and Fungi","floor":24.0,"turns":2.0},{"damage":43.0,"enemies":"Book of Stabbing","floor":25.0,"turns":7.0},{"damage":8.0,"enemies":"Snecko","floor":29.0,"turns":5.0},{"damage":17,"enemies":"Gremlin Leader","floor":30,"turns":2}],"seed_played":"-8440099313146426954","potions_obtained":[{"floor":1.0,"key":"SkillPotion"},{"floor":6.0,"key":"BottledMiracle"},{"floor":10.0,"key":"Weak Potion"},{"floor":12.0,"key":"SteroidPotion"},{"floor":24.0,"key":"Block Potion"},{"floor":29.0,"key":"Block Potion"}],"is_trial":false,"path_per_floor":["M","?","?","M","M","E","R","?","T","M","E","M","E","M","R","B",null,"M","?","M","?","?","R","M","E","T","R","$","M","E"],"character_chosen":"WATCHER","items_purchased":["Worship","Vajra","Orrery","BattleHymn"],"campfire_rested":2,"item_purchase_floors":[28,28,28,28],"current_hp_per_floor":[72,61,61,61,61,44,44,44,44,44,41,41,30,32,32,34,59,32,32,34,34,34,54,42,1,1,21,21,15,0,0],"gold":482,"neow_bonus":"BOSS_RELIC","is_daily":false,"chose_seed":false,"campfire_upgraded":2,"win_rate":0.0,"timestamp":1611407854,"path_taken":["M","?","?","M","M","E","R","?","T","M","E","M","E","M","R","BOSS","M","?","M","?","?","R","M","E","T","R","$","?","E"],"items_purchased_type":["Card","Relic","Relic","Card"],"build_version":"2020-12-22","purchased_purges":1,"victory":false,"max_hp_per_floor":[72,72,72,72,72,72,72,67,67,67,67,67,67,67,67,67,67,67,67,67,67,67,67,67,67,67,67,67,67,67,67],"relic_stats":{"Blood Vial":16,"counters":[16,54],"Golden Idol":80,"PreservedInsect":44,"obtain_stats":[{"Golden Idol":8,"Damaru":21,"Oddly Smooth Stone":26,"Vajra":28,"PreservedInsect":25,"Akabeko":6,"Old Coin":26,"Blood Vial":13,"Matryoshka":11,"Orrery":28,"Philosopher\u0027s Stone":0,"Fusion Hammer":17,"Bag of Marbles":9,"PureWater":0},{"Golden Idol":4,"Damaru":12,"Oddly Smooth Stone":14,"Vajra":14,"PreservedInsect":14,"Akabeko":4,"Old Coin":14,"Blood Vial":8,"Matryoshka":6,"Orrery":14,"Philosopher\u0027s Stone":0,"Fusion Hammer":10,"Bag of Marbles":4,"PureWater":0},{"Golden Idol":13,"Damaru":38,"Oddly Smooth Stone":47,"Vajra":47,"PreservedInsect":47,"Akabeko":13,"Old Coin":47,"Blood Vial":26,"Matryoshka":19,"Orrery":47,"Philosopher\u0027s Stone":0,"Fusion Hammer":32,"Bag of Marbles":13,"PureWater":0}]},"card_choices":[{"not_picked":["FlyingSleeves","Consecrate"],"picked":"ThirdEye","floor":1.0},{"not_picked":["CutThroughFate","SignatureMove"],"picked":"Worship","floor":4.0},{"not_picked":["SashWhip","WindmillStrike"],"picked":"Meditate","floor":5.0},{"not_picked":["Protect","Collect"],"picked":"BowlingBash","floor":6.0},{"not_picked":["ThirdEye","Protect"],"picked":"FearNoEvil","floor":10.0},{"not_picked":["ForeignInfluence","Fasting2"],"picked":"JustLucky","floor":11.0},{"not_picked":["ThirdEye","Perseverance"],"picked":"Conclude","floor":12.0},{"not_picked":["InnerPeace","JustLucky"],"picked":"Indignation","floor":13.0},{"not_picked":["ThirdEye","Sanctity"],"picked":"TalkToTheHand","floor":14.0},{"not_picked":["DevaForm","MasterReality"],"picked":"LessonLearned","floor":16.0},{"not_picked":["Halt","ClearTheMind"],"picked":"LikeWater","floor":18.0},{"not_picked":["Conclude","SignatureMove+1"],"picked":"WindmillStrike+1","floor":20.0},{"not_picked":["PathToVictory","FollowUp"],"picked":"Pray","floor":24.0},{"not_picked":["DeusExMachina","FollowUp","SpiritShield"],"picked":"SKIP","floor":25.0},{"not_picked":["FearNoEvil+1","BowlingBash"],"picked":"EmptyFist","floor":28.0},{"not_picked":["Consecrate","Crescendo"],"picked":"Vault","floor":28.0},{"not_picked":["Protect","CrushJoints"],"picked":"Ragnarok","floor":28.0},{"not_picked":["Study","Consecrate"],"picked":"Halt","floor":28.0},{"not_picked":["Indignation","CarveReality"],"picked":"FlurryOfBlows","floor":29.0}],"player_experience":521553,"relics_obtained":[{"floor":6.0,"key":"Akabeko"},{"floor":9.0,"key":"Bag of Marbles"},{"floor":11.0,"key":"Matryoshka"},{"floor":13.0,"key":"Blood Vial"},{"floor":25.0,"key":"PreservedInsect"},{"floor":26.0,"key":"Oddly Smooth Stone"},{"floor":26.0,"key":"Old Coin"}],"event_choices":[{"damage_healed":0.0,"max_hp_gain":0.0,"max_hp_loss":0.0,"gold_gain":75.0,"event_name":"World of Goop","player_choice":"Gather Gold","floor":2.0,"gold_loss":0.0,"damage_taken":11.0},{"damage_healed":0.0,"max_hp_gain":0.0,"max_hp_loss":0.0,"gold_gain":0.0,"cards_transformed":["Strike_P"],"event_name":"Living Wall","player_choice":"Change","floor":3.0,"gold_loss":0.0,"damage_taken":0.0,"cards_obtained":["Wallop"]},{"damage_healed":0.0,"max_hp_gain":0.0,"max_hp_loss":5.0,"gold_gain":0.0,"event_name":"Golden Idol","player_choice":"Lose Max HP","floor":8.0,"gold_loss":0.0,"damage_taken":0.0,"relics_obtained":["Golden Idol"]},{"damage_healed":0.0,"max_hp_gain":0.0,"max_hp_loss":0.0,"gold_gain":0.0,"event_name":"Vampires","player_choice":"Ignored","floor":19.0,"gold_loss":0.0,"damage_taken":0.0},{"damage_healed":0.0,"max_hp_gain":0.0,"max_hp_loss":0.0,"gold_gain":0.0,"event_name":"Addict","player_choice":"Obtained Relic","floor":21.0,"gold_loss":85.0,"damage_taken":0.0,"relics_obtained":["Damaru"]},{"damage_healed":0.0,"max_hp_gain":0.0,"max_hp_loss":0.0,"gold_gain":100.0,"event_name":"Golden Shrine","player_choice":"Pray","floor":22.0,"gold_loss":0.0,"damage_taken":0.0}],"is_beta":false,"boss_relics":[{"not_picked":["Empty Cage","Pandora\u0027s Box"],"picked":"Fusion Hammer"}],"items_purged_floors":[28],"is_endless":false,"potions_floor_spawned":[1,6,10,12,20,24,29],"killed_by":"Gremlin Leader","ascension_level":5}}