{"host":"hzinic87vu8p95wn","time":1611409248,"event":{"mods":["BaseMod","Minty Spire (QoL Compilation)"],"gold_per_floor":[115,73,73,14,25,52,52,63,89,89,107,132,132,132,132,206,206,226,237,237,237],"floor_reached":20,"language":"ENG","playtime":731,"items_purged":[],"score":393,"play_id":"a281f670-e451-4d7f-9147-867c51d5698a","local_time":"20210124004048","is_ascension_mode":true,"campfire_choices":[{"data":"Sweeping Beam","floor":7,"key":"SMITH"},{"data":"Hologram","floor":10,"key":"SMITH"},{"floor":13,"key":"REST"},{"data":"Machine Learning","floor":15,"key":"SMITH"}],"circlet_count":0,"master_deck":["AscendersBane","Zap+1","Dualcast","Sweeping Beam+1","Melter","Machine Learning+1","Heatsinks","Coolheaded","Ball Lightning","Rebound","Hologram+1","Recycle","Double Energy","Buffer","Meteor Strike","Undo","Static Discharge","Sweeping Beam","Glacier","White Noise","Hologram+1"],"relics":["Cracked Core","NeowsBlessing","Regal Pillow","Blood Vial","Pear","Pandora\u0027s Box"],"acts_visited":["Exordium","TheCity"],"potions_floor_usage":[20,20],"damage_taken":[{"damage":0.0,"enemies":"2 Louse","floor":1.0,"turns":1.0},{"damage":0,"enemies":"Cultist","floor":5,"turns":1},{"damage":0,"enemies":"3 Sentries","floor":6,"turns":1},{"damage":7,"enemies":"Jaw Worm","floor":8,"turns":2},{"damage":7,"enemies":"3 Louse","floor":11,"turns":3},{"damage":32,"enemies":"Gremlin Nob","floor":12,"turns":4},{"damage":67,"enemies":"Hexaghost","floor":16,"turns":12},{"damage":21,"enemies":"Shell Parasite","floor":18,"turns":8},{"damage":0,"enemies":"Spheric Guardian","floor":19,"turns":3},{"damage":49,"enemies":"Chosen and Byrds","floor":20,"turns":7}],"seed_played":"8878481799187067654","potions_obtained":[{"floor":6,"key":"LiquidMemories"},{"floor":16,"key":"FocusPotion"},{"floor":19,"key":"Block Potion"}],"is_trial":false,"path_per_floor":["M","$","?","$","M","E","R","M","T","R","M","E","R","?","R","B",null,"M","M","M"],"character_chosen":"DEFECT","items_purchased":["Melter","Coolheaded"],"campfire_rested":1,"item_purchase_floors":[2,4],"current_hp_per_floor":[64,64,64,64,64,64,64,57,57,57,52,32,71,71,71,6,62,43,45,0,0],"gold":237,"neow_bonus":"THREE_ENEMY_KILL","is_daily":false,"chose_seed":false,"campfire_upgraded":3,"win_rate":0.0,"timestamp":1611409248,"path_taken":["M","$","?","$","?","E","R","M","T","R","M","E","R","?","R","BOSS","M","M","?"],"items_purchased_type":["Card","Card"],"build_version":"2020-12-22","purchased_purges":0,"victory":false,"max_hp_per_floor":[71,71,71,71,71,71,71,71,71,71,71,81,81,81,81,81,81,81,81,81,81],"card_choices":[{"not_picked":["Hologram","Chaos"],"picked":"Sweeping Beam","floor":1.0},{"not_picked":["Hologram","Tempest"],"picked":"Ball Lightning","floor":5},{"not_picked":["Aggregate","Leap"],"picked":"Rebound","floor":6},{"not_picked":["Compile Driver","Rebound"],"picked":"Hologram","floor":8},{"not_picked":["Sweeping Beam","Biased Cognition"],"picked":"Recycle","floor":11},{"not_picked":["Stack","Fusion","Undo"],"picked":"SKIP","floor":12},{"not_picked":["Go for the Eyes","Rebound"],"picked":"Hologram+1","floor":18},{"not_picked":["Rebound","Steam","Sweeping Beam"],"picked":"SKIP","floor":19}],"player_experience":1596832,"relics_obtained":[{"floor":6,"key":"Regal Pillow"},{"floor":9,"key":"Blood Vial"},{"floor":12,"key":"Pear"}],"event_choices":[{"damage_healed":0,"gold_gain":0,"player_choice":"2 cards matched","damage_taken":0,"max_hp_gain":0,"max_hp_loss":0,"event_name":"Match and Keep!","floor":3,"gold_loss":0,"cards_obtained":["Machine Learning","Heatsinks"]},{"damage_healed":0,"gold_gain":0,"player_choice":"Upgraded","damage_taken":0,"max_hp_gain":0,"max_hp_loss":0,"event_name":"Upgrade Shrine","floor":14,"gold_loss":0,"cards_upgraded":["Zap"]}],"is_beta":false,"boss_relics":[{"not_picked":["Snecko Eye","Philosopher\u0027s Stone"],"picked":"Pandora\u0027s Box"}],"items_purged_floors":[],"is_endless":false,"potions_floor_spawned":[6,16,19],"killed_by":"Chosen and Byrds","ascension_level":18}}