{"host":"rzkgkvyh4u9ypzaj","time":1611408377,"event":{"mods":["2.2 Compatiblity","AchievementEnabler","BaseMod","BetterRewards","Colored Map","Custom Start","Disable Question Mark Monsters","Highlight Path","Minty Spire (QoL Compilation)","Relic Sorter","Relic Stats"],"gold_per_floor":[109,184,195,206,223,251,268,279,279,49,49,66,83,99,99,200,200,210,210,230,230,200,200,225,225,225,242,0,16,36,64,64,169,169,180,180,180,190,17,17,32,60,85,111,111,145,18,18,18,18,18,18,18,48,48],"floor_reached":56,"language":"ENG","playtime":4697,"items_purged":["Strike_G","Strike_G+1"],"score":1355,"play_id":"d060ac1e-e9b6-43ae-b949-2d0205c099b5","local_time":"20210123132617","is_ascension_mode":true,"campfire_choices":[{"floor":11,"key":"REST"},{"data":"Neutralize","floor":15,"key":"SMITH"},{"data":"After Image","floor":23,"key":"SMITH"},{"data":"Terror","floor":25,"key":"SMITH"},{"data":"Sucker Punch","floor":32,"key":"SMITH"},{"floor":40,"key":"RECALL"},{"data":"After Image","floor":45,"key":"SMITH"},{"data":"Caltrops","floor":49,"key":"SMITH"},{"data":"Dagger Spray","floor":52,"key":"PURGE"}],"circlet_count":0,"master_deck":["Defend_G+1","Defend_G+1","Defend_G+1","Defend_G+1","Defend_G+1","Survivor","Neutralize+1","After Image+1","Terror+1","Calculated Gamble","Blade Dance","Bullet Time","Backstab","Blade Dance","Infinite Blades","Masterful Stab","Blur","Sucker Punch+1","Burst","Leg Sweep+1","Acrobatics+1","Dagger Throw","Footwork","Dodge and Roll+1","Deflect+1","After Image+1","Terror+1","Tactician+1","Underhanded Strike+1","Crippling Poison+1","The Bomb+1","Purity+1","Transmutation+1","Bullet Time+1","Magnetism","Finisher","Dodge and Roll+1","Deadly Poison+1","Blur+1","Caltrops+1","The Bomb+1","Blur+1"],"relics":["Ring of the Snake","Blood Vial","Incense Burner","Membership Card","HoveringKite","PreservedInsect","Toxic Egg 2","Ninja Scroll","Kunai","Lantern","Gambling Chip","Astrolabe","Bag of Preparation","Peace Pipe","MealTicket","Centennial Puzzle"],"acts_visited":["Exordium","TheCity","TheBeyond","TheEnding"],"potions_floor_usage":[6,16,22,50,50,54,55,55,55],"damage_taken":[{"damage":0,"enemies":"Jaw Worm","floor":1,"turns":6},{"damage":0,"enemies":"Cultist","floor":3,"turns":4},{"damage":0,"enemies":"Small Slimes","floor":4,"turns":5},{"damage":2,"enemies":"Looter","floor":5,"turns":4},{"damage":27,"enemies":"Gremlin Nob","floor":6,"turns":5},{"damage":13,"enemies":"Exordium Thugs","floor":7,"turns":5},{"damage":9,"enemies":"2 Fungi Beasts","floor":8,"turns":2},{"damage":0,"enemies":"Looter","floor":12,"turns":3},{"damage":0,"enemies":"Blue Slaver","floor":13,"turns":2},{"damage":0,"enemies":"2 Fungi Beasts","floor":14,"turns":2},{"damage":1,"enemies":"Hexaghost","floor":16,"turns":7},{"damage":18,"enemies":"Spheric Guardian","floor":18,"turns":5},{"damage":3,"enemies":"3 Byrds","floor":20,"turns":5},{"damage":0,"enemies":"Book of Stabbing","floor":24,"turns":6},{"damage":9,"enemies":"3 Cultists","floor":27,"turns":7},{"damage":7,"enemies":"Snake Plant","floor":29,"turns":4},{"damage":0,"enemies":"Shelled Parasite and Fungi","floor":30,"turns":3},{"damage":0,"enemies":"Slavers","floor":31,"turns":6},{"damage":17,"enemies":"Champ","floor":33,"turns":19},{"damage":0,"enemies":"3 Darklings","floor":35,"turns":5},{"damage":0,"enemies":"3 Shapes","floor":38,"turns":3},{"damage":0,"enemies":"Spire Growth","floor":41,"turns":3},{"damage":5,"enemies":"Reptomancer","floor":42,"turns":5},{"damage":10,"enemies":"Nemesis","floor":44,"turns":7},{"damage":0,"enemies":"Reptomancer","floor":46,"turns":4},{"damage":36,"enemies":"Donu and Deca","floor":50,"turns":13},{"damage":18,"enemies":"Shield and Spear","floor":54,"turns":6},{"damage":41,"enemies":"The Heart","floor":55,"turns":12}],"seed_played":"-6184519770078448937","potions_obtained":[{"floor":4,"key":"PowerPotion"},{"floor":5,"key":"Block Potion"},{"floor":6,"key":"LiquidBronze"},{"floor":12,"key":"SpeedPotion"},{"floor":14,"key":"Dexterity Potion"},{"floor":22,"key":"GhostInAJar"},{"floor":22,"key":"Fruit Juice"},{"floor":24,"key":"BlessingOfTheForge"},{"floor":38,"key":"Strength Potion"},{"floor":41,"key":"EntropicBrew"},{"floor":54,"key":"AttackPotion"}],"is_trial":false,"path_per_floor":["M","?","M","M","M","E","M","M","T","$","R","M","M","M","R","B",null,"M","?","M","?","?","R","E","R","T","M","$","M","M","E","R","B",null,"M","?","?","M","$","R","M","E","T","E","R","E","$","?","R","B",null,"R","$","E","B",null],"character_chosen":"THE_SILENT","items_purchased":["Membership Card","Blade Dance","Infinite Blades","Kunai","Lantern","Footwork","Bullet Time+1","Magnetism","Caltrops","The Bomb+1"],"campfire_rested":1,"item_purchase_floors":[10,10,10,28,28,28,39,39,47,47],"current_hp_per_floor":[63,57,57,57,55,28,17,10,10,10,28,30,32,34,34,35,63,45,45,44,44,49,49,51,51,51,44,44,39,41,43,43,28,68,68,58,58,60,60,60,62,59,59,51,51,53,65,65,65,29,65,65,65,47,8],"gold":48,"neow_bonus":"THREE_RARE_CARDS","is_daily":false,"chose_seed":false,"campfire_upgraded":6,"win_rate":0.0,"timestamp":1611408377,"path_taken":["M","?","M","M","M","E","M","M","T","$","R","?","M","M","R","BOSS","M","?","?","?","?","R","E","R","T","M","$","M","M","E","R","BOSS","M","?","?","M","$","R","M","E","T","E","R","E","$","?","R","BOSS","R","$","E","BOSS"],"items_purchased_type":["Relic","Card","Card","Relic","Relic","Card","Card","Card","Card","Card"],"build_version":"2020-12-22","purchased_purges":2,"victory":true,"max_hp_per_floor":[63,63,63,63,63,63,63,63,63,63,63,63,63,63,63,63,63,63,63,63,63,68,68,68,68,68,68,68,68,68,68,68,68,68,68,68,65,65,65,65,65,65,65,65,65,65,65,65,65,65,65,65,65,65,65],"relic_stats":{"counters":[28,158],"Astrolabe":["Terror","Tactician","Underhanded Strike"],"HoveringKite":[44],"PreservedInsect":320,"Bag of Preparation":[0],"Blood Vial":38,"Peace Pipe":1,"Centennial Puzzle":[1],"Gambling Chip":[20],"MealTicket":12,"Kunai":[82],"obtain_stats":[{"Lantern":28,"Astrolabe":34,"HoveringKite":17,"PreservedInsect":19,"Incense Burner":9,"Bag of Preparation":42,"Blood Vial":6,"Peace Pipe":44,"Centennial Puzzle":54,"Ninja Scroll":26,"Gambling Chip":31,"MealTicket":46,"Membership Card":10,"Kunai":28,"Toxic Egg 2":24,"Ring of the Snake":0},{"Lantern":15,"Astrolabe":19,"HoveringKite":11,"PreservedInsect":12,"Incense Burner":7,"Bag of Preparation":23,"Blood Vial":5,"Peace Pipe":24,"Centennial Puzzle":27,"Ninja Scroll":14,"Gambling Chip":18,"MealTicket":25,"Membership Card":7,"Kunai":15,"Toxic Egg 2":14,"Ring of the Snake":0},{"Lantern":68,"Astrolabe":100,"HoveringKite":45,"PreservedInsect":50,"Incense Burner":31,"Bag of Preparation":116,"Blood Vial":24,"Peace Pipe":123,"Centennial Puzzle":146,"Ninja Scroll":61,"Gambling Chip":81,"MealTicket":127,"Membership Card":31,"Kunai":68,"Toxic Egg 2":61,"Ring of the Snake":0}],"Ring of the Snake":[56]},"card_choices":[{"not_picked":["Adrenaline","Doppelganger"],"picked":"After Image","floor":0},{"not_picked":["Bane","Prepared"],"picked":"Terror","floor":1},{"not_picked":["Flechettes","Eviscerate"],"picked":"Calculated Gamble","floor":3},{"not_picked":["Catalyst","Terror"],"picked":"Blade Dance","floor":4},{"not_picked":["Slice","Endless Agony"],"picked":"Dagger Spray","floor":5},{"not_picked":["Dodge and Roll","Heel Hook"],"picked":"Bullet Time","floor":6},{"not_picked":["Dagger Throw","Bouncing Flask"],"picked":"Backstab","floor":7},{"not_picked":["Bane","Dagger Spray","Quick Slash"],"picked":"SKIP","floor":8},{"not_picked":["Dagger Spray","Acrobatics"],"picked":"Masterful Stab","floor":12},{"not_picked":["Quick Slash","Expertise"],"picked":"Blur","floor":13},{"not_picked":["Underhanded Strike","Prepared"],"picked":"Sucker Punch","floor":14},{"not_picked":["Night Terror","Doppelganger"],"picked":"Burst","floor":16},{"not_picked":["Riddle With Holes","Outmaneuver","Quick Slash"],"picked":"SKIP","floor":18},{"not_picked":["Outmaneuver","Backflip"],"picked":"Leg Sweep+1","floor":20},{"not_picked":["Terror+1","Poisoned Stab+1"],"picked":"Acrobatics+1","floor":24},{"not_picked":["Slice","Sucker Punch"],"picked":"Dagger Throw","floor":27},{"not_picked":["Sucker Punch","Expertise+1"],"picked":"Dodge and Roll+1","floor":29},{"not_picked":["Night Terror+1","Deflect+1"],"picked":"Heel Hook+1","floor":30},{"not_picked":["Quick Slash","Sucker Punch"],"picked":"Deflect+1","floor":31},{"not_picked":["Wraith Form v2","Venomology+1"],"picked":"After Image","floor":33},{"not_picked":["Backflip+1","Quick Slash+1"],"picked":"Crippling Poison+1","floor":35},{"not_picked":["Metamorphosis+1","Secret Technique+1"],"picked":"The Bomb+1","floor":36},{"not_picked":["Swift Strike","Good Instincts+1"],"picked":"Purity+1","floor":36},{"not_picked":["Trip+1","Purity+1"],"picked":"Transmutation+1","floor":36},{"not_picked":["Deflect+1","Infinite Blades","Outmaneuver+1"],"picked":"SKIP","floor":38},{"not_picked":["Poisoned Stab","Slice"],"picked":"Finisher","floor":41},{"not_picked":["Eviscerate+1","Poisoned Stab"],"picked":"Dodge and Roll+1","floor":42},{"not_picked":["Riddle With Holes+1","Quick Slash"],"picked":"Deadly Poison+1","floor":44},{"not_picked":["Deflect+1","Finisher+1"],"picked":"Blur+1","floor":46},{"not_picked":["Poisoned Stab+1","Underhanded Strike"],"picked":"Blur+1","floor":54}],"player_experience":21573,"relics_obtained":[{"floor":6,"key":"Blood Vial"},{"floor":9,"key":"Incense Burner"},{"floor":24,"key":"Toxic Egg 2"},{"floor":26,"key":"Ninja Scroll"},{"floor":31,"key":"Gambling Chip"},{"floor":42,"key":"Bag of Preparation"},{"floor":44,"key":"Peace Pipe"},{"floor":46,"key":"MealTicket"},{"floor":54,"key":"Centennial Puzzle"}],"event_choices":[{"damage_healed":0,"gold_gain":75,"player_choice":"Touch","damage_taken":6,"max_hp_gain":0,"max_hp_loss":0,"event_name":"FaceTrader","floor":2,"gold_loss":0},{"damage_healed":0,"gold_gain":0,"player_choice":"Gave Potion","damage_taken":0,"relics_obtained":["PreservedInsect"],"max_hp_gain":0,"max_hp_loss":0,"event_name":"WeMeetAgain","floor":19,"gold_loss":0},{"damage_healed":0,"gold_gain":0,"player_choice":"Simplicity","damage_taken":0,"max_hp_gain":0,"max_hp_loss":0,"event_name":"Back to Basics","floor":21,"gold_loss":0,"cards_upgraded":["Strike_G","Strike_G","Strike_G","Strike_G","Defend_G","Defend_G","Defend_G","Defend_G","Defend_G"]},{"damage_healed":0,"gold_gain":0,"player_choice":"Bought 2 Potions","damage_taken":0,"max_hp_gain":0,"max_hp_loss":0,"event_name":"The Woman in Blue","floor":22,"gold_loss":0},{"damage_healed":0,"gold_gain":0,"player_choice":"Memory 3","damage_taken":10,"max_hp_gain":0,"max_hp_loss":0,"event_name":"SensoryStone","floor":36,"gold_loss":0},{"damage_healed":0,"gold_gain":0,"player_choice":"Max HP","damage_taken":0,"max_hp_gain":0,"max_hp_loss":3,"event_name":"Winding Halls","floor":37,"gold_loss":0},{"cards_removed":["Heel Hook"],"damage_healed":0,"gold_gain":0,"player_choice":"Removed Attack","damage_taken":0,"max_hp_gain":0,"max_hp_loss":0,"event_name":"Falling","floor":48,"gold_loss":0}],"is_beta":false,"boss_relics":[{"not_picked":["Ring of the Serpent","Tiny House"],"picked":"HoveringKite"},{"not_picked":["Velvet Choker","Fusion Hammer"],"picked":"Astrolabe"}],"items_purged_floors":[10,39],"is_endless":false,"potions_floor_spawned":[4,5,6,12,14,24,27,30,38,41,42,44,54],"ascension_level":1}}