{"host":"ebj6lkgm8suah319","time":1611418877,"event":{"mods":["2.2 Compatiblity","AchievementEnabler","BaseMod","Block Reminder","Colored Map","Colored Powertips","Minty Spire (QoL Compilation)","Quick Restart","Rare Cards Sparkle","Relic Stats","SuperFastMode"],"gold_per_floor":[112,37,51,51,61,61,87,105,105,30,30,65,95,125,125,198,198,209,209,56,71,71,71,105,30,30,30,63,79,79,106,106,182,182,201,211,211,43,56,87,107,107,107,107,18,31,31,58,58,58],"floor_reached":51,"language":"ENG","playtime":1279,"items_purged":["Clumsy","Strike_R"],"score":1432,"play_id":"321e758c-5f22-42ea-8650-a6719d8ef5d8","local_time":"20210123112117","is_ascension_mode":true,"campfire_choices":[{"data":"Inflame","floor":6.0,"key":"SMITH"},{"data":"Whirlwind","floor":11.0,"key":"SMITH"},{"data":"1","floor":15.0,"key":"LIFT"},{"data":"2","floor":23.0,"key":"LIFT"},{"data":"Demon Form","floor":32.0,"key":"SMITH"},{"floor":42,"key":"REST"},{"data":"3","floor":44,"key":"LIFT"},{"floor":49,"key":"REST"}],"circlet_count":0,"master_deck":["AscendersBane","Strike_R","Defend_R","Defend_R","Defend_R","Defend_R","Bash","Twin Strike","Iron Wave","Inflame+1","Whirlwind+1","Anger","True Grit","Demon Form+1","CurseOfTheBell","Pommel Strike","Flame Barrier","Barricade","Limit Break","Dual Wield","Feed","Impervious","Clothesline+1","Decay","Shockwave","Shrug It Off","Shrug It Off"],"relics":["Cursed Key","Mummified Hand","WingedGreaves","Girya","Mango","Calling Bell","Anchor","Darkstone Periapt","CaptainsWheel","Pocketwatch","Red Skull","Matryoshka","Sozu","Toolbox","Shuriken","Blood Vial","Pantograph","Frozen Egg 2"],"acts_visited":["Exordium","TheCity","TheBeyond"],"potions_floor_usage":[48],"damage_taken":[{"damage":2.0,"enemies":"Jaw Worm","floor":1.0,"turns":3.0},{"damage":5.0,"enemies":"2 Louse","floor":3.0,"turns":2.0},{"damage":1.0,"enemies":"Cultist","floor":5.0,"turns":4.0},{"damage":20.0,"enemies":"Lagavulin","floor":7.0,"turns":6.0},{"damage":0.0,"enemies":"Large Slime","floor":8.0,"turns":4.0},{"damage":3.0,"enemies":"Gremlin Nob","floor":12.0,"turns":3.0},{"damage":10.0,"enemies":"3 Sentries","floor":14.0,"turns":2.0},{"damage":34.0,"enemies":"The Guardian","floor":16.0,"turns":12.0},{"damage":2.0,"enemies":"Chosen","floor":18.0,"turns":3.0},{"damage":4.0,"enemies":"Spheric Guardian","floor":21.0,"turns":5.0},{"damage":9.0,"enemies":"Book of Stabbing","floor":24.0,"turns":4.0},{"damage":2.0,"enemies":"Slavers","floor":28.0,"turns":5.0},{"damage":0.0,"enemies":"Chosen and Byrds","floor":29.0,"turns":4.0},{"damage":0.0,"enemies":"Gremlin Leader","floor":31.0,"turns":4.0},{"damage":8.0,"enemies":"Champ","floor":33.0,"turns":14.0},{"damage":8.0,"enemies":"3 Darklings","floor":35.0,"turns":5.0},{"damage":13.0,"enemies":"3 Shapes","floor":36.0,"turns":4.0},{"damage":10.0,"enemies":"Jaw Worm Horde","floor":39.0,"turns":2.0},{"damage":41.0,"enemies":"Reptomancer","floor":40.0,"turns":7.0},{"damage":0,"enemies":"Maw","floor":41,"turns":8},{"damage":27,"enemies":"Spire Growth","floor":46,"turns":5},{"damage":3,"enemies":"Giant Head","floor":48,"turns":7},{"damage":67,"enemies":"Donu and Deca","floor":50,"turns":9}],"seed_played":"7872542785760564103","potions_obtained":[{"floor":3.0,"key":"AttackPotion"},{"floor":5.0,"key":"GamblersBrew"},{"floor":16.0,"key":"BlessingOfTheForge"},{"floor":18.0,"key":"BloodPotion"},{"floor":28.0,"key":"GamblersBrew"}],"is_trial":false,"path_per_floor":["M","?","M","$","M","R","E","M","T","$","R","E","?","E","R","B",null,"M","?","$","M","?","R","E","?","T","T","E","M","$","E","R","B",null,"M","M","?","$","M","E","M","R","T","R","$","M","$","E","R","B",null],"character_chosen":"IRONCLAD","items_purchased":["AttackPotion","Toolbox","Shockwave"],"campfire_rested":2,"item_purchase_floors":[20,38,45],"current_hp_per_floor":[66,66,61,61,60,60,40,40,40,40,40,37,37,41,41,7,69,67,41,59,55,74,74,65,65,65,65,63,63,63,63,63,55,84,76,63,63,63,53,15,15,44,50,50,50,25,25,27,58,18],"gold":58,"neow_bonus":"BOSS_RELIC","is_daily":false,"chose_seed":false,"campfire_upgraded":3,"win_rate":0.0,"timestamp":1611418877,"path_taken":["M","?","M","$","M","R","E","M","T","$","R","E","?","E","R","BOSS","M","?","$","M","?","R","E","?","T","?","E","M","?","E","R","BOSS","M","M","?","?","M","E","?","R","T","R","$","M","$","E","R","BOSS"],"items_purchased_type":["Potion","Relic","Card"],"build_version":"2020-12-22","purchased_purges":2,"victory":true,"max_hp_per_floor":[75,75,75,75,75,75,75,75,75,75,75,75,75,89,89,89,89,89,94,94,94,94,94,94,94,94,94,94,94,94,94,94,94,94,94,94,94,94,94,97,97,97,103,103,103,103,103,106,106,106],"relic_stats":{"Darkstone Periapt":6,"Sozu":4,"Blood Vial":6,"counters":[23,122],"Mummified Hand":[55],"Shuriken":[2],"Pantograph":25,"Cursed Key":2,"obtain_stats":[{"Darkstone Periapt":17,"Girya":12,"Mango":14,"Frozen Egg 2":48,"Cursed Key":0,"Burning Blood":0,"Calling Bell":17,"Sozu":34,"Blood Vial":43,"Anchor":17,"CaptainsWheel":17,"Matryoshka":31,"Mummified Hand":7,"Shuriken":40,"Pantograph":43,"Toolbox":38,"WingedGreaves":9,"Red Skull":28,"Pocketwatch":24},{"Darkstone Periapt":8,"Girya":6,"Mango":7,"Frozen Egg 2":22,"Cursed Key":0,"Burning Blood":0,"Calling Bell":8,"Sozu":15,"Blood Vial":20,"Anchor":8,"CaptainsWheel":8,"Matryoshka":14,"Mummified Hand":4,"Shuriken":19,"Pantograph":20,"Toolbox":17,"WingedGreaves":5,"Red Skull":12,"Pocketwatch":11},{"Darkstone Periapt":36,"Girya":22,"Mango":24,"Frozen Egg 2":113,"Cursed Key":0,"Burning Blood":0,"Calling Bell":36,"Sozu":75,"Blood Vial":101,"Anchor":36,"CaptainsWheel":36,"Matryoshka":61,"Mummified Hand":15,"Shuriken":93,"Pantograph":101,"Toolbox":84,"WingedGreaves":19,"Red Skull":53,"Pocketwatch":48}],"Pocketwatch":[66]},"card_choices":[{"not_picked":["Havoc","Heavy Blade"],"picked":"Twin Strike","floor":1.0},{"not_picked":["Sentinel","Flex"],"picked":"Iron Wave","floor":3.0},{"not_picked":["True Grit","Perfected Strike"],"picked":"Inflame","floor":5.0},{"not_picked":["Warcry","Reckless Charge"],"picked":"Whirlwind","floor":7.0},{"not_picked":["Perfected Strike","Iron Wave","Havoc"],"picked":"SKIP","floor":8.0},{"not_picked":["Body Slam","Double Tap"],"picked":"Anger","floor":12.0},{"not_picked":["Brutality","Infernal Blade"],"picked":"True Grit","floor":14.0},{"not_picked":["Bludgeon","Impervious"],"picked":"Demon Form","floor":16.0},{"not_picked":["Iron Wave","True Grit","Headbutt"],"picked":"SKIP","floor":18.0},{"not_picked":["Anger","Body Slam+1"],"picked":"Pommel Strike","floor":21.0},{"not_picked":["Headbutt","Iron Wave","Pummel+1"],"picked":"SKIP","floor":24.0},{"not_picked":["Iron Wave+1","Armaments","Sentinel"],"picked":"SKIP","floor":28.0},{"not_picked":["Feel No Pain","Warcry"],"picked":"Flame Barrier","floor":29.0},{"not_picked":["Sentinel","True Grit"],"picked":"Barricade","floor":31.0},{"not_picked":["Double Tap","Immolate"],"picked":"Limit Break","floor":33.0},{"not_picked":["Hemokinesis+1","Heavy Blade"],"picked":"Dual Wield","floor":35.0},{"not_picked":["Headbutt","Flex","Warcry"],"picked":"SKIP","floor":36.0},{"not_picked":["Body Slam","Flex"],"picked":"Feed","floor":39.0},{"not_picked":["Infernal Blade","True Grit"],"picked":"Impervious","floor":40.0},{"not_picked":["Iron Wave","Headbutt"],"picked":"Clothesline+1","floor":41},{"not_picked":["Hemokinesis","Whirlwind"],"picked":"Shrug It Off","floor":46},{"not_picked":["Armaments","Iron Wave"],"picked":"Shrug It Off","floor":48}],"player_experience":49635,"relics_obtained":[{"floor":7.0,"key":"Mummified Hand"},{"floor":9.0,"key":"WingedGreaves"},{"floor":12.0,"key":"Girya"},{"floor":14.0,"key":"Mango"},{"floor":17.0,"key":"Anchor"},{"floor":17.0,"key":"Darkstone Periapt"},{"floor":17.0,"key":"CaptainsWheel"},{"floor":24.0,"key":"Pocketwatch"},{"floor":28.0,"key":"Red Skull"},{"floor":31.0,"key":"Matryoshka"},{"floor":40.0,"key":"Shuriken"},{"floor":43,"key":"Blood Vial"},{"floor":43,"key":"Pantograph"},{"floor":48,"key":"Frozen Egg 2"}],"event_choices":[{"cards_removed":["Strike_R"],"damage_healed":0.0,"max_hp_gain":0.0,"max_hp_loss":0.0,"gold_gain":0.0,"event_name":"The Cleric","player_choice":"Card Removal","floor":2.0,"gold_loss":75.0,"damage_taken":0.0},{"damage_healed":0.0,"max_hp_gain":0.0,"max_hp_loss":0.0,"gold_gain":30.0,"event_name":"Dead Adventurer","player_choice":"Searched \u00271\u0027 times","floor":13.0,"gold_loss":0.0,"damage_taken":0.0},{"damage_healed":0.0,"max_hp_gain":5.0,"max_hp_loss":0.0,"gold_gain":0.0,"event_name":"Forgotten Altar","player_choice":"Shed Blood","floor":19.0,"gold_loss":0.0,"damage_taken":31.0},{"damage_healed":19.0,"max_hp_gain":0.0,"max_hp_loss":0.0,"gold_gain":0.0,"event_name":"The Library","player_choice":"Heal","floor":22.0,"gold_loss":0.0,"damage_taken":0.0},{"cards_removed":["Strike_R"],"damage_healed":0.0,"max_hp_gain":0.0,"max_hp_loss":0.0,"gold_gain":0.0,"event_name":"Beggar","player_choice":"Gave Gold","floor":25.0,"gold_loss":75.0,"damage_taken":0.0},{"cards_removed":["Strike_R"],"damage_healed":0.0,"max_hp_gain":0.0,"max_hp_loss":0.0,"gold_gain":0.0,"event_name":"Falling","player_choice":"Removed Attack","floor":37.0,"gold_loss":0.0,"damage_taken":0.0}],"is_beta":false,"boss_relics":[{"not_picked":["Velvet Choker","Busted Crown"],"picked":"Calling Bell"},{"not_picked":["Empty Cage","SacredBark"],"picked":"Sozu"}],"items_purged_floors":[10,20],"is_endless":false,"potions_floor_spawned":[3,5,16,18,24,28,35,40,41,46],"ascension_level":16}}