{"host":"6p0attdrtjqaih7v","time":1611430155,"event":{"mods":["2.2 Compatiblity","AchievementEnabler","Bard","BaseMod","Better Skull","Better Third Choice","Colored Powertips","Hermit","Highlight Path","Jorbs\u0027s Wanderer Trilogy","Key Reminder","Minty Spire (QoL Compilation)","Permanent Neow","Quick Restart","Random Character Button","Relic Stats","Replay The Spire","Robot Space Explorer","StSLib"],"gold_per_floor":[359,329,345,12,25,60,76,1,77,88,88,88],"floor_reached":11,"language":"ENG","playtime":436,"items_purged":["Strike_G"],"score":150,"play_id":"c8681da8-027c-4d29-847c-1b312eddc835","local_time":"20210123142915","is_ascension_mode":true,"campfire_choices":[],"circlet_count":0,"master_deck":["AscendersBane","Strike_G","Strike_G","Strike_G","Strike_G","Defend_G","Defend_G","Defend_G","Defend_G","Defend_G","Survivor","Neutralize","Leg Sweep","Deadly Poison","Malaise","Deadly Poison","Dagger Spray","Predator","Acrobatics","Calculated Gamble"],"relics":["Ring of the Snake","Orrery","Orichalcum","Shovel","White Beast Statue"],"acts_visited":["Exordium"],"potions_floor_usage":[6,6,10,11,11],"damage_taken":[{"damage":4,"enemies":"Cultist","floor":1,"turns":5},{"damage":0,"enemies":"Small Slimes","floor":3,"turns":3},{"damage":0,"enemies":"Jaw Worm","floor":5,"turns":5},{"damage":25,"enemies":"Lagavulin","floor":6,"turns":7},{"damage":0,"enemies":"Blue Slaver","floor":7,"turns":5},{"damage":0,"enemies":"3 Louse","floor":10,"turns":2},{"damage":24,"enemies":"Gremlin Nob","floor":11,"turns":3}],"seed_played":"7387019205282470156","potions_obtained":[{"floor":1,"key":"LifebloodPotion"},{"floor":2,"key":"Venom Potion"},{"floor":6,"key":"Strength Potion"},{"floor":7,"key":"Fire Potion"},{"floor":10,"key":"Poison Potion"}],"is_trial":false,"path_per_floor":["M","?","M","$","M","E","M","$","T","M","E"],"character_chosen":"THE_SILENT","items_purchased":["Orrery","Orichalcum"],"campfire_rested":0,"item_purchase_floors":[4,4],"current_hp_per_floor":[40,40,40,40,40,15,15,15,15,15,0,0],"gold":88,"neow_bonus":"TWO_FIFTY_GOLD","is_daily":false,"chose_seed":false,"campfire_upgraded":0,"win_rate":0.0,"timestamp":1611430155,"path_taken":["M","?","M","$","M","E","M","?","T","M","E"],"items_purchased_type":["Relic","Relic"],"build_version":"2020-12-22","purchased_purges":1,"victory":false,"max_hp_per_floor":[66,66,66,66,66,66,66,66,66,66,66,66],"relic_stats":{"Shovel":0,"counters":[7,30],"Orichalcum":[66],"obtain_stats":[{"Shovel":6,"Orrery":4,"Orichalcum":4,"White Beast Statue":9,"Ring of the Snake":0},{"Shovel":4,"Orrery":2,"Orichalcum":2,"White Beast Statue":5,"Ring of the Snake":0},{"Shovel":20,"Orrery":8,"Orichalcum":8,"White Beast Statue":25,"Ring of the Snake":0}],"Ring of the Snake":[14]},"card_choices":[{"not_picked":["ReplayTheSpireMod:Scrap Shanks","Caltrops"],"picked":"Leg Sweep","floor":1},{"not_picked":["Blur","Distraction"],"picked":"Deadly Poison","floor":3},{"not_picked":["PiercingWail","Flying Knee"],"picked":"Malaise","floor":4},{"not_picked":["Terror","Cloak And Dagger"],"picked":"Deadly Poison","floor":4},{"not_picked":["Infinite Blades","Prepared"],"picked":"Dagger Spray","floor":4},{"not_picked":["Sucker Punch","Blade Dance"],"picked":"Predator","floor":4},{"not_picked":["Masterful Stab","Outmaneuver"],"picked":"Acrobatics","floor":5},{"not_picked":["Reflex","Flechettes","Riddle With Holes"],"picked":"SKIP","floor":6},{"not_picked":["All Out Attack","ReplayTheSpireMod:Scrap Shanks","Cloak And Dagger"],"picked":"SKIP","floor":7},{"not_picked":["Dodge and Roll","Blur"],"picked":"Calculated Gamble","floor":10}],"player_experience":922412,"relics_obtained":[{"floor":6,"key":"Shovel"},{"floor":9,"key":"White Beast Statue"}],"event_choices":[{"damage_healed":0,"gold_gain":0,"player_choice":"Bought 2 Potions","damage_taken":0,"max_hp_gain":0,"max_hp_loss":0,"event_name":"The Woman in Blue","floor":2,"gold_loss":0}],"is_beta":false,"boss_relics":[],"items_purged_floors":[8],"is_endless":false,"potions_floor_spawned":[1,6,7,10],"killed_by":"Gremlin Nob","ascension_level":20}}