{"host":"szzymzkf8nw8othj","time":1611383107,"event":{"mods":["AchievementEnabler","BaseMod","Downfall","Minty Spire (QoL Compilation)","Replay The Spire","StSLib","The Animator"],"gold_per_floor":[99,99,116,101,121,135,187,87,117,131,151,161,171,186,203,298,298,98,112,130,130,130,42,65,65,65,50,69,219,236,249,265,369,369,369,384,80,80,80,80,104,52,52,62,62,87,87,99,114,114,114,145,48,48,48,48,48],"floor_reached":55,"language":"ENG","playtime":5537,"items_purged":["ReplayTheSpireMod:Splinters"],"score":703,"play_id":"90cd3914-d8fc-405b-8c66-bbb11f79d8fe","local_time":"20210123012507","is_ascension_mode":false,"campfire_choices":[{"data":"bronze:Replicate","floor":1,"key":"SMITH"},{"floor":8,"key":"RECALL"},{"data":"bronze:Flail","floor":18,"key":"SMITH"},{"floor":35,"key":"REST"},{"floor":43,"key":"REST"},{"floor":45,"key":"REST"},{"floor":47,"key":"REST"},{"floor":54,"key":"REST"}],"circlet_count":0,"master_deck":["bronze:Strike","bronze:Strike","bronze:Strike","bronze:Strike","bronze:Defend","bronze:Defend","bronze:Defend","bronze:Defend","bronze:Replicate+1","bronze:Goto","bronze:DelayedGuard","bronze:Deprecate","bronze:Shell","bronze:Flail+1","bronze:DelayedSlice","bronze:Repair","bronze:Overheat","bronze:Optimize","bronze:DelayedSlice","bronze:SpaghettiCode","bronze:SpaghettiCode","bronze:Verify","bronze:Branch+1","bronze:Branch+1"],"relics":["bronze:BronzeCore","downfall:HeartBlessingBlue","Pear","sneckomod:SneckoTalon","downfall:HeartBlessingGreen","downfall:HeartBlessingRed","MutagenicStrength","DollysMirror","Fusion Hammer","HandDrill","MealTicket","bronze:BottledCode","Vajra","hexamod:BolsterEngine","Mercury Hourglass","ReplayTheSpireMod:CursedCoin"],"acts_visited":["Exordium","TheCity","TheBeyond","TheEnding"],"potions_floor_usage":[10,13,16,16,16,27,28,31,33,44,48,50,50,50,55,55,55],"damage_taken":[{"damage":0,"enemies":"Cultist","floor":3,"turns":3},{"damage":0,"enemies":"downfall:FleeingMerchant","floor":4,"turns":4},{"damage":0,"enemies":"Small Slimes","floor":5,"turns":4},{"damage":0,"enemies":"2 Louse","floor":6,"turns":4},{"damage":17,"enemies":"3 Sentries","floor":9,"turns":6},{"damage":11,"enemies":"Large Slime","floor":10,"turns":7},{"damage":0,"enemies":"Lots of Slimes","floor":11,"turns":1},{"damage":4,"enemies":"Blue Slaver","floor":12,"turns":4},{"damage":2,"enemies":"3 Louse","floor":13,"turns":2},{"damage":0,"enemies":"Lots of Slimes","floor":14,"turns":1},{"damage":16,"enemies":"Red Slaver","floor":15,"turns":3},{"damage":36,"enemies":"DF_ARCHETYPE_STREAMLINE","floor":16,"turns":10},{"damage":12,"enemies":"Shell Parasite","floor":19,"turns":4},{"damage":0,"enemies":"Spheric Guardian","floor":20,"turns":3},{"damage":4,"enemies":"downfall:FleeingMerchant","floor":23,"turns":4},{"damage":0,"enemies":"downfall:FleeingMerchant","floor":27,"turns":4},{"damage":11,"enemies":"Snecko","floor":28,"turns":4},{"damage":0,"enemies":"downfall:FleeingMerchant","floor":29,"turns":1},{"damage":14,"enemies":"Centurion and Healer","floor":30,"turns":5},{"damage":6,"enemies":"3 Cultists","floor":31,"turns":3},{"damage":11,"enemies":"Sentry and Sphere","floor":32,"turns":4},{"damage":65,"enemies":"IC_MUSHROOM_ARCHETYPE","floor":33,"turns":6},{"damage":0,"enemies":"3 Darklings","floor":36,"turns":1},{"damage":0,"enemies":"Orb Walker","floor":44,"turns":3},{"damage":11,"enemies":"Nemesis","floor":46,"turns":7},{"damage":7,"enemies":"Transient","floor":48,"turns":5},{"damage":0,"enemies":"Sphere and 2 Shapes","floor":49,"turns":1},{"damage":3,"enemies":"WA_ARCHETYPE_DIVINITY","floor":50,"turns":8},{"damage":84,"enemies":"downfall:CharBossMerchant","floor":52,"turns":8},{"damage":57,"enemies":"downfall:NeowBoss","floor":55,"turns":13}],"seed_played":"-1798048639280332595","potions_obtained":[{"floor":2,"key":"CultistPotion"},{"floor":2,"key":"SteroidPotion"},{"floor":2,"key":"Regen Potion"},{"floor":5,"key":"Strength Potion"},{"floor":10,"key":"Block Potion"},{"floor":14,"key":"hexamod:SoulburnPotion"},{"floor":16,"key":"Weak Potion"},{"floor":26,"key":"CultistPotion"},{"floor":28,"key":"PowerPotion"},{"floor":30,"key":"Flashbang"},{"floor":32,"key":"AttackPotion"},{"floor":33,"key":"Languid Potion"},{"floor":46,"key":"EssenceOfSteel"},{"floor":48,"key":"Weak Potion"}],"is_trial":false,"path_per_floor":["R","?","M","$","M","M","T","R","E","M","M","M","M","M","M","B",null,"R","M","M","?","?","$","T","?","?","$","M","$","M","M","M","B",null,"R","M","$","?","?","?","T","$","R","M","R","E","R","M","M","B",null,"E","$","R","B"],"character_chosen":"THE_AUTOMATON","items_purchased":["EssenceOfSteel","DollysMirror","Adrenaline Potion","HandDrill","MealTicket","Block Potion","ReplayTheSpireMod:CursedCoin","Adrenaline Potion","SteroidPotion","Guardian:BlockOnCardUsePotion"],"campfire_rested":5,"item_purchase_floors":[23,29,29,37,37,42,53,53,53,53],"current_hp_per_floor":[77,77,77,77,77,77,77,87,80,84,84,87,85,85,69,40,97,97,85,95,95,95,97,97,97,97,97,86,86,79,80,69,4,97,97,97,97,87,87,87,87,87,87,87,87,82,87,80,80,84,87,3,18,44,0,0,0],"gold":48,"neow_bonus":"TEN_PERCENT_HP_BONUS","is_daily":false,"chose_seed":false,"campfire_upgraded":2,"win_rate":0.0,"timestamp":1611383107,"path_taken":["R","?","M","$","M","M","T","R","E","M","M","M","M","?","M","BOSS","R","M","M","?","?","$","T","?","?","?","M","$","M","M","M","BOSS","R","M","?","?","?","?","T","$","R","M","R","E","R","M","M","BOSS","E","$","R","BOSS"],"items_purchased_type":["Potion","Relic","Potion","Relic","Relic","Potion","Relic","Potion","Potion","Potion"],"build_version":"2020-12-22","purchased_purges":1,"victory":false,"max_hp_per_floor":[77,77,77,77,77,77,77,87,97,97,97,97,97,97,97,97,97,97,97,97,97,97,97,97,97,97,97,97,97,97,97,97,97,97,97,97,97,87,87,87,87,87,87,87,87,87,87,87,87,87,87,87,87,87,87,87,87],"card_choices":[{"not_picked":["bronze:ForceShield","bronze:Fortify"],"picked":"bronze:DelayedGuard","floor":3},{"not_picked":["bronze:BuggyMess","bronze:Allocate"],"picked":"bronze:Deprecate","floor":4},{"not_picked":["bronze:BugBarrage","bronze:ClassDefault"],"picked":"bronze:Shell","floor":5},{"not_picked":["bronze:ItsAFeature","bronze:Deprecate"],"picked":"bronze:Flail","floor":6},{"not_picked":["bronze:CleanCode","bronze:CutThrough"],"picked":"bronze:DelayedSlice","floor":9},{"not_picked":["bronze:BugBarrage","bronze:Frontload"],"picked":"bronze:Repair","floor":10},{"not_picked":["bronze:FineTuning","bronze:Frontload"],"picked":"bronze:OilSpill","floor":11},{"not_picked":["bronze:Turbo","bronze:OilSpill"],"picked":"bronze:Overheat","floor":12},{"not_picked":["bronze:BuggyMess","bronze:Invalidate"],"picked":"bronze:Optimize","floor":13},{"not_picked":["bronze:HardenedForm","bronze:DelayedSlice","bronze:ChosenStrike"],"picked":"SKIP","floor":14},{"not_picked":["bronze:ChildClass","bronze:BugBarrage","bronze:ChosenStrike"],"picked":"SKIP","floor":15},{"not_picked":["bronze:Overheat","bronze:Turbo","bronze:DelayedGuard"],"picked":"SKIP","floor":19},{"not_picked":["bronze:WildBeam","bronze:ShipIt"],"picked":"bronze:DelayedSlice","floor":20},{"not_picked":["bronze:BronzeArmor+1","bronze:FineTuning+1"],"picked":"bronze:SpaghettiCode","floor":23},{"not_picked":["bronze:ChosenStrike+1","bronze:CutThrough","bronze:OilSpill"],"picked":"SKIP","floor":27},{"not_picked":["bronze:Turbo","bronze:MaxOutput","bronze:Overheat"],"picked":"SKIP","floor":28},{"not_picked":["bronze:CutThrough+1","bronze:Turbo","bronze:GetLatest"],"picked":"SKIP","floor":29},{"not_picked":["bronze:ChosenStrike+1","bronze:Overload","bronze:Turbo+1"],"picked":"SKIP","floor":30},{"not_picked":["bronze:OilSpill","bronze:Shield+1","bronze:DelayedGuard"],"picked":"SKIP","floor":31},{"not_picked":["bronze:CutThrough","bronze:WildBeam","bronze:DelayedGuard"],"picked":"SKIP","floor":32},{"not_picked":["bronze:Format","bronze:SpaghettiCode"],"picked":"bronze:Verify","floor":33},{"not_picked":["bronze:Shell+1","bronze:Shield+1","bronze:Backtrace+1"],"picked":"SKIP","floor":36},{"not_picked":["bronze:Deprecate","bronze:Shield"],"picked":"bronze:Branch+1","floor":44},{"not_picked":["bronze:MaxOutput","bronze:DelayedGuard+1","bronze:BitShift"],"picked":"SKIP","floor":46},{"not_picked":["bronze:Overheat","bronze:GetLatest+1"],"picked":"bronze:Branch+1","floor":48},{"not_picked":["bronze:BuggyMess","bronze:Invalidate+1","bronze:Frontload+1"],"picked":"SKIP","floor":49},{"not_picked":["bronze:ForceShield","bronze:BronzeArmor+1","bronze:DelayedSlice"],"picked":"SKIP","floor":52}],"player_experience":765006,"relics_obtained":[{"floor":9,"key":"Pear"},{"floor":41,"key":"Vajra"},{"floor":46,"key":"hexamod:BolsterEngine"},{"floor":52,"key":"Mercury Hourglass"}],"event_choices":[{"damage_healed":0,"gold_gain":0,"player_choice":"Got Potions","damage_taken":0,"max_hp_gain":0,"max_hp_loss":0,"event_name":"Lab","floor":2,"gold_loss":0},{"damage_healed":0,"gold_gain":0,"player_choice":"Inject Mutagens","damage_taken":0,"relics_obtained":["MutagenicStrength"],"max_hp_gain":0,"max_hp_loss":0,"event_name":"Drug Dealer","floor":21,"gold_loss":0},{"damage_healed":0,"gold_gain":0,"player_choice":"Ignored","damage_taken":0,"max_hp_gain":0,"max_hp_loss":0,"event_name":"Ghosts","floor":25,"gold_loss":0},{"cards_removed":["bronze:OilSpill"],"damage_healed":0,"gold_gain":0,"player_choice":"Removed Attack","damage_taken":0,"max_hp_gain":0,"max_hp_loss":0,"event_name":"Falling","floor":39,"gold_loss":0}],"is_beta":false,"boss_relics":[{"not_picked":["Coffee Dripper","Replay:Drink Me"],"picked":"sneckomod:SneckoTalon"},{"not_picked":["Kintsugi","Replay:Wanted Poster"],"picked":"Fusion Hammer"}],"items_purged_floors":[53],"is_endless":false,"potions_floor_spawned":[5,6,10,12,14,16,28,30,32,33,36,46,48,49],"killed_by":"downfall:NeowBoss","ascension_level":0}}