{"host":"kh6fvhxn285ncg0o","time":1611429968,"event":{"mods":["Act Like it!","BaseMod","Colored Map","Friendly Minions","Keyboard Shortcuts","Minty Spire (QoL Compilation)","Quick Restart","Relic Stats","StSLib","SuperFastMode"],"gold_per_floor":[113,188,113,130,55,55,90,90,136,136,51,51,51],"floor_reached":12,"language":"KOR","playtime":73,"items_purged":["Strike_G"],"score":198,"play_id":"ba301c30-2b8c-47a4-96b5-3c245bd54640","local_time":"20210124042608","is_ascension_mode":true,"campfire_choices":[{"data":"Noxious Fumes","floor":6,"key":"SMITH"},{"data":"Neutralize","floor":8,"key":"SMITH"}],"circlet_count":0,"master_deck":["AscendersBane","Strike_G","Strike_G","Strike_G","Defend_G","Defend_G","Defend_G+1","Defend_G+1","Defend_G","Survivor","Neutralize+1","Noxious Fumes+1","Quick Slash","Glass Knife"],"relics":["Ring of the Snake","NeowsBlessing","Singing Bowl","Lantern"],"acts_visited":["Exordium"],"potions_floor_usage":[12],"damage_taken":[{"damage":0,"enemies":"Cultist","floor":1,"turns":1},{"damage":0,"enemies":"Small Slimes","floor":4,"turns":1},{"damage":0,"enemies":"Lagavulin","floor":7,"turns":1},{"damage":24,"enemies":"Gremlin Nob","floor":12,"turns":4}],"seed_played":"-8638238884742428405","potions_obtained":[{"floor":1,"key":"Weak Potion"}],"is_trial":false,"path_per_floor":["M","?","?","M","$","R","E","R","T","?","$","E"],"character_chosen":"THE_SILENT","items_purchased":["Glass Knife"],"campfire_rested":0,"item_purchase_floors":[11],"current_hp_per_floor":[59,48,48,48,48,48,50,50,50,30,30,6,6],"gold":51,"neow_bonus":"THREE_ENEMY_KILL","is_daily":false,"chose_seed":false,"campfire_upgraded":2,"win_rate":0.0,"timestamp":1611429968,"path_taken":["M","?","?","M","?","R","E","R","T","?","$","E"],"items_purchased_type":["Card"],"build_version":"2020-12-22","purchased_purges":1,"victory":false,"max_hp_per_floor":[66,66,66,66,66,66,68,68,68,68,68,68,68],"relic_stats":{"Singing Bowl":2,"counters":[4,7],"obtain_stats":[{"Lantern":9,"NeowsBlessing":0,"Singing Bowl":7,"Ring of the Snake":0},{"Lantern":3,"NeowsBlessing":0,"Singing Bowl":3,"Ring of the Snake":0},{"Lantern":3,"NeowsBlessing":0,"Singing Bowl":3,"Ring of the Snake":0}],"Ring of the Snake":[8]},"card_choices":[{"not_picked":["Heel Hook","Reflex"],"picked":"Noxious Fumes","floor":1},{"not_picked":["Underhanded Strike","Slice"],"picked":"Quick Slash","floor":4},{"not_picked":["Terror","Sucker Punch","Deadly Poison"],"picked":"Singing Bowl","floor":7}],"player_experience":1265826,"relics_obtained":[{"floor":7,"key":"Singing Bowl"},{"floor":9,"key":"Lantern"}],"event_choices":[{"damage_healed":0,"gold_gain":75,"player_choice":"Gather Gold","damage_taken":11,"max_hp_gain":0,"max_hp_loss":0,"event_name":"World of Goop","floor":2,"gold_loss":0},{"cards_removed":["Strike_G"],"damage_healed":0,"gold_gain":0,"player_choice":"Card Removal","damage_taken":0,"max_hp_gain":0,"max_hp_loss":0,"event_name":"The Cleric","floor":3,"gold_loss":75},{"damage_healed":0,"gold_gain":0,"player_choice":"Entered Light","damage_taken":20,"max_hp_gain":0,"max_hp_loss":0,"event_name":"Shining Light","floor":10,"gold_loss":0,"cards_upgraded":["Defend_G","Defend_G"]}],"is_beta":false,"boss_relics":[],"items_purged_floors":[5],"is_endless":false,"potions_floor_spawned":[1],"killed_by":"Gremlin Nob","ascension_level":20}}