{"host":"xb8s6f94jxtwitgf","time":1611443556,"event":{"mods":["Act Like it!","BaseMod","Better Third Choice","BetterRewards","GifTheSpireLib","Hubris","Minty Spire (QoL Compilation)","Remove Card Discount Mod","Spicy Shops","Spikes Relics","StSLib","The Death Knight"],"gold_per_floor":[116,136,25,25,25,25,53,53,53,53,65,78,98,109,109,213,213,225,225,240,195,195,195,195],"floor_reached":23,"language":"ENG","playtime":2394,"items_purged":["DeathKnight:Strike_DeathKnight","DeathKnight:Defend_DeathKnight","DeathKnight:Strike_DeathKnight","DeathKnight:Defend_DeathKnight","DeathKnight:Strike_DeathKnight"],"score":239,"play_id":"ff0ab12c-bd13-4078-b302-433032bb6479","local_time":"20210123231236","is_ascension_mode":true,"campfire_choices":[{"data":"DeathKnight:BloodStrike","floor":6,"key":"SMITH"},{"data":"DeathKnight:UnholyAssault","floor":10,"key":"SMITH"},{"data":"DeathKnight:DancingRuneblade","floor":15,"key":"SMITH"}],"circlet_count":0,"master_deck":["DeathKnight:Strike_DeathKnight","DeathKnight:Strike_DeathKnight","DeathKnight:Defend_DeathKnight","DeathKnight:Defend_DeathKnight","DeathKnight:Defend_DeathKnight","DeathKnight:RuneTap","DeathKnight:RuneStrike","DeathKnight:UnholyAssault+1","DeathKnight:BloodStrike+1","DeathKnight:DancingRuneblade+1","DeathKnight:DeathStrike","DeathKnight:BoneSpear","DeathKnight:MarkOfBlood","DeathKnight:Hysteria+1","DeathKnight:FrosPresence+1","DeathKnight:BludPresence"],"relics":["DeathKnight:BrokenRuneblade","Art of War","Meat on the Bone","MiniBlackHole","Philosopher\u0027s Stone"],"acts_visited":["Exordium","TheCity"],"potions_floor_usage":[16,16,23],"damage_taken":[{"damage":1,"enemies":"Cultist","floor":1,"turns":4},{"damage":1,"enemies":"2 Louse","floor":2,"turns":2},{"damage":15,"enemies":"3 Sentries","floor":7,"turns":5},{"damage":11,"enemies":"Small Slimes","floor":11,"turns":3},{"damage":21,"enemies":"2 Fungi Beasts","floor":12,"turns":4},{"damage":10,"enemies":"Large Slime","floor":13,"turns":3},{"damage":13,"enemies":"Blue Slaver","floor":14,"turns":3},{"damage":36,"enemies":"The Guardian","floor":16,"turns":6},{"damage":19,"enemies":"Shell Parasite","floor":18,"turns":3},{"damage":4,"enemies":"Chosen","floor":20,"turns":3},{"damage":60,"enemies":"Book of Stabbing","floor":23,"turns":4}],"seed_played":"-7624467270505622994","potions_obtained":[{"floor":7,"key":"Strength Potion"},{"floor":8,"key":"SpeedPotion"},{"floor":8,"key":"DeathKnight:VirulencePotion"},{"floor":8,"key":"SpeedPotion"},{"floor":11,"key":"Dexterity Potion"}],"is_trial":false,"path_per_floor":["M","M","$","?","$","R","E","?","T","R","M","M","M","M","R","B",null,"M","?","M","$","?","E"],"character_chosen":"DEATH_KNIGHT","items_purchased":["DeathKnight:BloodStrike","DeathKnight:DancingRuneblade","DeathKnight:BludPresence"],"campfire_rested":0,"item_purchase_floors":[3,3,21],"current_hp_per_floor":[81,80,80,68,68,68,53,53,53,53,42,41,51,46,46,30,69,50,34,50,50,50,0,0],"gold":195,"neow_bonus":"TEN_PERCENT_HP_BONUS","is_daily":false,"chose_seed":false,"campfire_upgraded":3,"win_rate":0.0,"timestamp":1611443556,"path_taken":["M","?","$","?","$","R","E","?","T","R","M","M","?","M","R","BOSS","M","?","M","$","?","E"],"items_purchased_type":["Card","Card","Card"],"build_version":"2020-12-22","purchased_purges":5,"victory":false,"max_hp_per_floor":[82,82,82,82,82,82,82,82,82,82,82,82,82,82,82,82,82,82,87,87,87,87,87,87],"card_choices":[{"not_picked":["DeathKnight:ShatteringStrikes","DeathKnight:UnholyFrenzy","DeathKnight:Ossuary"],"picked":"SKIP","floor":1},{"not_picked":["DeathKnight:ChainsOfIce","DeathKnight:RaiseAlly"],"picked":"DeathKnight:UnholyAssault","floor":2},{"not_picked":["DeathKnight:ShatteringStrikes","DeathKnight:HornOfWinter"],"picked":"DeathKnight:DeathStrike","floor":7},{"not_picked":["DeathKnight:UnholyAssault","DeathKnight:FoulBulwark","DeathKnight:BloodTap"],"picked":"SKIP","floor":11},{"not_picked":["DeathKnight:IceboundArmor","DeathKnight:DreadStrike"],"picked":"DeathKnight:BoneSpear","floor":12},{"not_picked":["DeathKnight:WraithWalk","DeathKnight:UnholyAssault","DeathKnight:Rot"],"picked":"SKIP","floor":13},{"not_picked":["DeathKnight:ChainsOfIce","DeathKnight:FoulBulwark","DeathKnight:ShatteringStrikes"],"picked":"SKIP","floor":14},{"not_picked":["DeathKnight:RunicDetonation","DeathKnight:UnholyExperiment"],"picked":"DeathKnight:MarkOfBlood","floor":16},{"not_picked":["DeathKnight:ShatteringStrikes","DeathKnight:FrostStrike+1"],"picked":"DeathKnight:Hysteria+1","floor":18},{"not_picked":["DeathKnight:DeathCoil+1","DeathKnight:BloodEchoes+1"],"picked":"DeathKnight:FrosPresence+1","floor":20}],"player_experience":1001982,"relics_obtained":[{"floor":7,"key":"Meat on the Bone"},{"floor":9,"key":"MiniBlackHole"}],"event_choices":[{"damage_healed":0,"gold_gain":0,"player_choice":"Relic ","damage_taken":12,"max_hp_gain":0,"max_hp_loss":0,"event_name":"betterThird:BetterScrap","floor":4,"gold_loss":0,"cards_obtained":["Lockon"]},{"damage_healed":0,"gold_gain":0,"player_choice":"Got Potions","damage_taken":0,"max_hp_gain":0,"max_hp_loss":0,"event_name":"Lab","floor":8,"gold_loss":0},{"damage_healed":0,"gold_gain":0,"player_choice":"Shed Blood","damage_taken":21,"max_hp_gain":5,"max_hp_loss":0,"event_name":"Forgotten Altar","floor":19,"gold_loss":0},{"damage_healed":0,"gold_gain":0,"player_choice":"Ignored","damage_taken":0,"max_hp_gain":0,"max_hp_loss":0,"event_name":"Vampires","floor":22,"gold_loss":0}],"is_beta":false,"boss_relics":[{"not_picked":["hubris:Stopwatch","Sandwich"],"picked":"Philosopher\u0027s Stone"}],"items_purged_floors":[3,3,3,3,3],"is_endless":false,"potions_floor_spawned":[7,11,14],"killed_by":"Book of Stabbing","ascension_level":5}}