{"host":"wjyw75lb8j8cz20i","time":1611433388,"event":{"mods":["Act Like it!","Arknights The Spire","BaseMod","Colored Powertips","Friendly Minions","KinomotoSakuraMod(木之本樱)","Kiyohime（清姬）","Koishi","Marisa（F雨　魔理沙）","Minty Spire (QoL Compilation)","Quick Restart","Remilia（蕾米莉亚）","Replay The Spire","StSLib","WarShipGirlsR/战舰少女R mod"],"gold_per_floor":[110,121,46,46,46,46,73,73,73,73,84,99,112,124,124,228,228,248,265,275,289,309,309,209,179,179,54,79,79,94,110,110,214,214,228,243,243,243],"floor_reached":37,"language":"ZHS","playtime":3110,"items_purged":["ClowCardTheSword","ClowCardTheSword","ClowCardTheShield"],"score":420,"play_id":"29fb6778-06be-40bb-8146-77f941cd6222","local_time":"20210124042308","is_ascension_mode":false,"campfire_choices":[{"data":"SpellCardSeal","floor":6.0,"key":"SMITH"},{"data":"ClowCardTheSword","floor":8.0,"key":"SMITH"},{"data":"ClowCardTheSword","floor":10.0,"key":"SMITH"},{"data":"ClowCardTheGlow","floor":15.0,"key":"SMITH"},{"floor":23.0,"key":"REST"},{"floor":29,"key":"REST"},{"floor":32,"key":"REST"}],"circlet_count":0,"master_deck":["SakuraCardTheLock+","SakuraCardTheGlow+","ClowCardTheSword+1","ClowCardTheSword+1","ClowCardTheShield+1","ClowCardTheShield+1","SpellCardSeal+1","SpellCardRelease","ClowCardTheShot","ClowCardTheGlow+1","ClowCardTheWindy","ClowCardTheLight","ClowCardTheFly+1","ClowCardTheSilent","ClowCardTheTwin"],"relics":["KSMOD_SealedBook","KSMOD_StarWand","NeowsBlessing","War Paint","Sozu","Anchor","Strawberry"],"acts_visited":["Exordium","TheCity","TheBeyond"],"potions_floor_usage":[],"damage_taken":[{"damage":0.0,"enemies":"Jaw Worm","floor":1.0,"turns":1.0},{"damage":0.0,"enemies":"2 Louse","floor":2.0,"turns":2.0},{"damage":0.0,"enemies":"Gremlin Nob","floor":7.0,"turns":1.0},{"damage":0.0,"enemies":"Small Slimes","floor":11.0,"turns":2.0},{"damage":0.0,"enemies":"Gremlin Gang","floor":12.0,"turns":6.0},{"damage":1.0,"enemies":"Looter","floor":13.0,"turns":3.0},{"damage":11.0,"enemies":"Lots of Slimes","floor":14.0,"turns":4.0},{"damage":9.0,"enemies":"The Guardian","floor":16.0,"turns":13.0},{"damage":21.0,"enemies":"2 Thieves","floor":18.0,"turns":4.0},{"damage":18.0,"enemies":"Chosen","floor":19.0,"turns":5.0},{"damage":16.0,"enemies":"Snecko","floor":20.0,"turns":4.0},{"damage":3.0,"enemies":"Snake Plant","floor":21.0,"turns":2.0},{"damage":6.0,"enemies":"Shelled Parasite and Fungi","floor":22.0,"turns":7.0},{"damage":22,"enemies":"Slavers","floor":28,"turns":8},{"damage":0,"enemies":"Centurion and Healer","floor":30,"turns":8},{"damage":18,"enemies":"3 Cultists","floor":31,"turns":5},{"damage":7,"enemies":"Automaton","floor":33,"turns":13},{"damage":30,"enemies":"3 Darklings","floor":35,"turns":5},{"damage":15,"enemies":"3 Shapes","floor":36,"turns":8},{"damage":32,"enemies":"Maw","floor":37,"turns":11}],"seed_played":"-7032898905336761861","potions_obtained":[{"floor":7.0,"key":"Swift Potion"},{"floor":11.0,"key":"SkillPotion"}],"is_trial":false,"path_per_floor":["M","M","$","?","$","R","E","R","T","R","M","M","M","M","R","B",null,"M","M","M","M","M","R","$","?","T","$","E","R","M","M","R","B",null,"M","M","M"],"character_chosen":"KINOMOTOSAKURA","items_purchased":[],"campfire_rested":3,"item_purchase_floors":[],"current_hp_per_floor":[70,70,70,70,70,70,70,70,70,70,70,70,69,58,58,49,70,49,31,15,12,6,27,27,27,27,27,12,35,35,17,40,33,77,47,32,0,0],"gold":243,"neow_bonus":"THREE_ENEMY_KILL","is_daily":false,"chose_seed":false,"campfire_upgraded":4,"win_rate":0.0,"timestamp":1611433388,"path_taken":["M","M","$","?","$","R","E","R","T","R","M","M","M","M","R","BOSS","M","M","M","M","M","R","$","?","T","$","E","R","M","?","R","BOSS","M","M","M"],"items_purchased_type":[],"build_version":"2020-12-22","purchased_purges":3,"victory":false,"max_hp_per_floor":[70,70,70,70,70,70,70,70,70,70,70,70,70,70,70,70,70,70,70,70,70,70,70,70,70,70,70,77,77,77,77,77,77,77,77,77,77,77],"card_choices":[{"not_picked":["ClowCardTheWood","ClowCardTheSweet","ClowCardTheErase"],"picked":"SKIP","floor":1.0},{"not_picked":["ClowCardTheRain","ClowCardTheCloud"],"picked":"ClowCardTheShot","floor":2.0},{"not_picked":["ClowCardTheChange","ClowCardTheJump"],"picked":"ClowCardTheGlow","floor":7.0},{"not_picked":["ClowCardTheCloud","ClowCardTheMist"],"picked":"ClowCardTheGlow","floor":11.0},{"not_picked":["ClowCardTheDream","ClowCardTheJump","ClowCardTheShadow"],"picked":"SKIP","floor":12.0},{"not_picked":["ClowCardTheIllusion","ClowCardTheChange"],"picked":"ClowCardTheWindy","floor":13.0},{"not_picked":["ClowCardTheEarthy","ClowCardTheMirror"],"picked":"ClowCardTheLock","floor":14.0},{"not_picked":["ClowCardTheTime","ClowCardTheThrough"],"picked":"ClowCardTheLight","floor":16.0},{"not_picked":["ClowCardTheShadow","ClowCardTheSnow","ClowCardTheDream"],"picked":"SKIP","floor":18.0},{"not_picked":["ClowCardTheShadow","ClowCardTheSnow","ClowCardTheDream"],"picked":"SKIP","floor":18.0},{"not_picked":["ClowCardTheBig","ClowCardTheLibra+1","ClowCardTheShot"],"picked":"SKIP","floor":19.0},{"not_picked":["ClowCardTheSilent+1","ClowCardTheMove"],"picked":"ClowCardTheFly+1","floor":20.0},{"not_picked":["ClowCardTheFly","ClowCardTheLock+1"],"picked":"ClowCardTheSilent","floor":21.0},{"not_picked":["ClowCardTheErase","ClowCardTheVoice","ClowCardTheMirror+1"],"picked":"SKIP","floor":22.0},{"not_picked":["ClowCardTheFly","ClowCardTheSilent"],"picked":"ClowCardTheTwin","floor":28},{"not_picked":["ClowCardTheGlow+1","ClowCardTheErase","ClowCardTheWindy"],"picked":"SKIP","floor":30},{"not_picked":["ClowCardTheRain","ClowCardTheSilent+1","ClowCardTheLock+1"],"picked":"SKIP","floor":31},{"not_picked":["ClowCardTheShot+1","ClowCardTheFreeze","ClowCardTheDream+1"],"picked":"SKIP","floor":35},{"not_picked":["ClowCardTheLoop","ClowCardTheLock","ClowCardTheEarthy"],"picked":"SKIP","floor":36}],"player_experience":82500,"relics_obtained":[{"floor":7.0,"key":"War Paint"},{"floor":26.0,"key":"Anchor"},{"floor":28,"key":"Strawberry"}],"event_choices":[{"cards_removed":["ClowCardTheShield"],"damage_healed":0.0,"max_hp_gain":0.0,"max_hp_loss":0.0,"gold_gain":0.0,"event_name":"Living Wall","player_choice":"Forget","floor":4.0,"gold_loss":0.0,"damage_taken":0.0}],"is_beta":false,"boss_relics":[{"not_picked":["Fusion Hammer","Runic Dome"],"picked":"Sozu"},{"not_picked":["Painkiller Herb","Velvet Choker"],"picked":"KSMOD_StarWand"}],"items_purged_floors":[3,24,27],"is_endless":false,"potions_floor_spawned":[7,11,18,20,28,30],"killed_by":"Maw","ascension_level":0}}