{"host":"k85tjwrh7mjrrc9a","time":1611373052,"event":{"mods":["AchievementEnabler","BaseMod","Colored Powertips","Highlight Path","Minty Spire (QoL Compilation)","Rare Cards Sparkle","StSLib"],"gold_per_floor":[369,388,405,420,196,221,28,44,117,145,145,155,155,155,155,259,259,273,77,93,103,116,116,416,416,416,451,451,463,463,97,97,199,199,217,233,83,103,114,114,114,132,178,178,178,178,178,194,194,194],"floor_reached":51,"language":"ENG","playtime":3054,"items_purged":["Strike_R","Strike_R","Defend_R","Defend_R"],"score":1089,"play_id":"44b4efe3-d91a-441a-b457-cb24eedf082c","local_time":"20210122223732","is_ascension_mode":true,"campfire_choices":[{"floor":11,"key":"REST"},{"data":"True Grit","floor":13,"key":"SMITH"},{"data":"Body Slam","floor":15,"key":"SMITH"},{"floor":23,"key":"REST"},{"data":"Shockwave","floor":25,"key":"SMITH"},{"data":"Shrug It Off","floor":28,"key":"SMITH"},{"floor":32,"key":"DIG"},{"floor":40,"key":"REST"},{"floor":46,"key":"REST"},{"floor":49,"key":"DIG"}],"circlet_count":0,"master_deck":["AscendersBane","Strike_R+1","Strike_R+1","Defend_R+1","Defend_R+1","Bash+1","Clumsy","Twin Strike+1","Body Slam+1","Spot Weakness+1","Ghostly Armor+1","Shockwave+1","True Grit+1","Thunderclap+1","Feed+1","Cleave+1","Shrug It Off+1","Pommel Strike+1","Limit Break+1","Shrug It Off+1","True Grit+1","Writhe"],"relics":["Burning Blood","Red Skull","White Beast Statue","Happy Flower","Pantograph","Shovel","Busted Crown","Old Coin","Eternal Feather","Ancient Tea Set","MutagenicStrength","Matryoshka","Strawberry","Runic Cube","Dream Catcher","Regal Pillow","Lantern","HornCleat","Mark of the Bloom","Nunchaku"],"acts_visited":["Exordium","TheCity","TheBeyond"],"potions_floor_usage":[21,27,33,33,36,38,39,39,50,50],"damage_taken":[{"damage":6,"enemies":"Cultist","floor":1,"turns":4},{"damage":1,"enemies":"2 Louse","floor":2,"turns":2},{"damage":11,"enemies":"Jaw Worm","floor":3,"turns":4},{"damage":20,"enemies":"2 Fungi Beasts","floor":4,"turns":4},{"damage":30,"enemies":"Lagavulin","floor":6,"turns":7},{"damage":7,"enemies":"Exordium Wildlife","floor":8,"turns":4},{"damage":25,"enemies":"3 Sentries","floor":10,"turns":8},{"damage":6,"enemies":"Blue Slaver","floor":12,"turns":3},{"damage":50,"enemies":"Slime Boss","floor":16,"turns":12},{"damage":25,"enemies":"Shell Parasite","floor":18,"turns":5},{"damage":23,"enemies":"Spheric Guardian","floor":20,"turns":5},{"damage":0,"enemies":"3 Cultists","floor":21,"turns":6},{"damage":32,"enemies":"Centurion and Healer","floor":22,"turns":5},{"damage":10,"enemies":"Gremlin Leader","floor":27,"turns":6},{"damage":10,"enemies":"Snake Plant","floor":29,"turns":4},{"damage":79,"enemies":"Collector","floor":33,"turns":12},{"damage":40,"enemies":"3 Shapes","floor":35,"turns":5},{"damage":7,"enemies":"Orb Walker","floor":36,"turns":4},{"damage":25,"enemies":"Writhing Mass","floor":38,"turns":4},{"damage":24,"enemies":"Spire Growth","floor":39,"turns":4},{"damage":53,"enemies":"Transient","floor":42,"turns":5},{"damage":0,"enemies":"Jaw Worm Horde","floor":48,"turns":4},{"damage":66,"enemies":"Donu and Deca","floor":50,"turns":8}],"seed_played":"6947149510940950196","potions_obtained":[{"floor":1,"key":"BlessingOfTheForge"},{"floor":3,"key":"SteroidPotion"},{"floor":8,"key":"Weak Potion"},{"floor":14,"key":"AttackPotion"},{"floor":21,"key":"GamblersBrew"},{"floor":22,"key":"SteroidPotion"},{"floor":27,"key":"HeartOfIron"},{"floor":29,"key":"Weak Potion"},{"floor":33,"key":"FearPotion"},{"floor":35,"key":"FearPotion"},{"floor":36,"key":"Explosive Potion"},{"floor":38,"key":"EssenceOfSteel"},{"floor":39,"key":"SpeedPotion"},{"floor":42,"key":"SpeedPotion"}],"is_trial":false,"path_per_floor":["M","M","M","M","$","E","$","M","T","E","R","M","R","?","R","B",null,"M","$","M","M","M","R","T","R","T","E","R","M","?","$","R","B",null,"M","M","$","M","M","R","?","M","T","?","T","R","?","M","R","B",null],"character_chosen":"IRONCLAD","items_purchased":["Red Skull","Shockwave","Happy Flower","Cleave","Shrug It Off","Matryoshka"],"campfire_rested":4,"item_purchase_floors":[5,7,7,19,19,31],"current_hp_per_floor":[72,77,72,58,58,34,34,33,33,14,38,38,38,38,38,19,65,49,49,35,41,15,40,40,40,40,36,48,44,44,44,63,15,74,43,42,42,26,8,49,74,27,27,27,27,83,83,83,83,17],"gold":194,"neow_bonus":"TWO_FIFTY_GOLD","is_daily":false,"chose_seed":false,"campfire_upgraded":4,"win_rate":0.0,"timestamp":1611373052,"path_taken":["M","M","M","?","$","E","$","?","T","E","R","M","R","?","R","BOSS","M","$","?","M","M","R","?","R","T","E","R","?","?","$","R","BOSS","M","M","$","M","M","R","?","M","T","?","?","R","?","M","R","BOSS"],"items_purchased_type":["Relic","Card","Relic","Card","Card","Relic"],"build_version":"2020-12-22","purchased_purges":4,"victory":true,"max_hp_per_floor":[80,80,80,80,80,80,80,80,80,80,80,80,80,80,80,80,80,83,83,86,86,86,86,86,86,86,86,86,86,86,86,93,93,93,96,96,96,99,99,99,99,99,99,99,99,99,99,103,103,103],"card_choices":[{"not_picked":["Carnage","True Grit"],"picked":"Twin Strike","floor":1},{"not_picked":["Twin Strike","Hemokinesis"],"picked":"Body Slam","floor":2},{"not_picked":["Twin Strike","Anger"],"picked":"Spot Weakness","floor":3},{"not_picked":["Flex","Anger","Clothesline"],"picked":"SKIP","floor":4},{"not_picked":["Flex","Clothesline"],"picked":"Ghostly Armor","floor":6},{"not_picked":["Reckless Charge","Exhume","Anger"],"picked":"SKIP","floor":8},{"not_picked":["Havoc","Anger"],"picked":"True Grit","floor":10},{"not_picked":["Wild Strike","Body Slam"],"picked":"Thunderclap","floor":12},{"not_picked":["Fiend Fire","Exhume"],"picked":"Feed","floor":16},{"not_picked":["Sword Boomerang"],"picked":"SKIP","floor":18},{"not_picked":["Sword Boomerang"],"picked":"SKIP","floor":20},{"not_picked":["Sword Boomerang"],"picked":"SKIP","floor":20},{"not_picked":[],"picked":"Pommel Strike+1","floor":21},{"not_picked":["Metallicize"],"picked":"SKIP","floor":22},{"not_picked":["Flex"],"picked":"SKIP","floor":27},{"not_picked":["Wild Strike"],"picked":"SKIP","floor":29},{"not_picked":[],"picked":"Limit Break","floor":33},{"not_picked":["Havoc+1"],"picked":"SKIP","floor":35},{"not_picked":[],"picked":"Shrug It Off+1","floor":36},{"not_picked":["Clash"],"picked":"SKIP","floor":38},{"not_picked":[],"picked":"True Grit+1","floor":39},{"not_picked":["Inflame+1"],"picked":"SKIP","floor":42},{"not_picked":["Dropkick+1"],"picked":"SKIP","floor":48}],"player_experience":207175,"relics_obtained":[{"floor":6,"key":"White Beast Statue"},{"floor":9,"key":"Pantograph"},{"floor":10,"key":"Shovel"},{"floor":24,"key":"Old Coin"},{"floor":26,"key":"Eternal Feather"},{"floor":27,"key":"Ancient Tea Set"},{"floor":32,"key":"Strawberry"},{"floor":43,"key":"Dream Catcher"},{"floor":43,"key":"Regal Pillow"},{"floor":45,"key":"Lantern"},{"floor":45,"key":"HornCleat"},{"floor":49,"key":"Nunchaku"}],"event_choices":[{"damage_healed":0,"gold_gain":0,"player_choice":"Got Potions","damage_taken":0,"max_hp_gain":0,"max_hp_loss":0,"event_name":"Lab","floor":14,"gold_loss":0},{"damage_healed":0,"gold_gain":0,"player_choice":"Inject Mutagens","damage_taken":0,"relics_obtained":["MutagenicStrength"],"max_hp_gain":0,"max_hp_loss":0,"event_name":"Drug Dealer","floor":30,"gold_loss":0},{"damage_healed":25,"gold_gain":0,"player_choice":"Writhe","damage_taken":0,"max_hp_gain":0,"max_hp_loss":0,"event_name":"Winding Halls","floor":41,"gold_loss":0,"cards_obtained":["Writhe"]},{"cards_removed":["Strike_R"],"damage_healed":0,"gold_gain":0,"player_choice":"Removed Attack","damage_taken":0,"max_hp_gain":0,"max_hp_loss":0,"event_name":"Falling","floor":44,"gold_loss":0},{"damage_healed":0,"gold_gain":0,"player_choice":"Upgrade","damage_taken":0,"relics_obtained":["Mark of the Bloom"],"max_hp_gain":0,"max_hp_loss":0,"event_name":"MindBloom","floor":47,"gold_loss":0,"cards_upgraded":["Strike_R","Strike_R","Defend_R","Defend_R","Bash","Twin Strike","Spot Weakness","Ghostly Armor","Thunderclap","Feed","Cleave","Limit Break"]}],"is_beta":false,"boss_relics":[{"not_picked":["Tiny House","Calling Bell"],"picked":"Busted Crown"},{"not_picked":["Astrolabe","Philosopher\u0027s Stone"],"picked":"Runic Cube"}],"items_purged_floors":[5,19,31,37],"is_endless":false,"potions_floor_spawned":[1,3,8,10,12,16,18,20,21,22,27,29,33,35,36,38,39,42,48],"ascension_level":11}}