{"host":"urvvf8749ekcxo1a","time":1611376123,"event":{"mods":["AchievementEnabler","BaseMod","Better Sensory Stone","Better Third Choice","BetterRewards","Colored Powertips","Evolution","Gold Saver","Minty Spire (QoL Compilation)","Quick Restart","Relic Filter","StSLib","SuperFastMode","The Alterego","The Cursed","The Hierophant","The Servant 0.9.4"],"gold_per_floor":[2034,2034,2051,2051,2066,2066,2101,2111,2111,2126,2126,1707,1739,1698,1698,1698,1698],"floor_reached":16,"language":"ENG","playtime":290,"items_purged":["Strike_R"],"score":220,"play_id":"d51abbaa-9919-4b9d-b314-99ec836c4d1b","local_time":"20210122232843","is_ascension_mode":true,"campfire_choices":[{"data":"Uppercut","floor":6,"key":"SMITH"},{"floor":11,"key":"REST"},{"floor":15,"key":"REST"}],"circlet_count":0,"master_deck":["AscendersBane","Pommel Strike","Wild Strike","Thunderclap","Cleave","Defend_R","Defend_R","Defend_R","Defend_R","Bash","Disarm","Uppercut+1","Secret Weapon","True Grit","Seeing Red"],"relics":["Burning Blood","EVO:Axolotl","Oddly Smooth Stone","Potion Belt","Singing Bowl","Shuriken","Magic Flower"],"acts_visited":["Exordium"],"potions_floor_usage":[8,13,13,13],"damage_taken":[{"damage":15,"enemies":"2 Louse","floor":1,"turns":2},{"damage":4,"enemies":"Jaw Worm","floor":3,"turns":3},{"damage":6,"enemies":"Small Slimes","floor":5,"turns":3},{"damage":40,"enemies":"Lagavulin","floor":7,"turns":6},{"damage":17,"enemies":"Exordium Wildlife","floor":8,"turns":4},{"damage":7,"enemies":"Large Slime","floor":10,"turns":5},{"damage":24,"enemies":"Gremlin Nob","floor":13,"turns":4},{"damage":68,"enemies":"Slime Boss","floor":16,"turns":6}],"seed_played":"2753033682858476045","potions_obtained":[{"floor":1,"key":"SteroidPotion"},{"floor":8,"key":"BlessingOfTheForge"},{"floor":10,"key":"Dexterity Potion"}],"is_trial":false,"path_per_floor":["M","?","M","?","M","R","E","M","T","M","R","$","E","?","R","B"],"character_chosen":"IRONCLAD","items_purchased":["Shuriken","Regen Potion"],"campfire_rested":2,"item_purchase_floors":[12,12],"current_hp_per_floor":[59,59,61,61,61,61,27,16,16,17,40,40,33,33,56,0,0],"gold":1698,"neow_bonus":"RANDOM_COMMON_RELIC","is_daily":false,"chose_seed":false,"campfire_upgraded":1,"win_rate":0.0,"timestamp":1611376123,"path_taken":["M","?","M","?","M","R","E","M","T","M","R","?","E","?","R","BOSS"],"items_purchased_type":["Relic","Potion"],"build_version":"2020-12-22","purchased_purges":1,"victory":false,"max_hp_per_floor":[75,75,75,75,75,75,75,75,75,77,77,77,79,79,79,79,79],"card_choices":[{"not_picked":["Wild Strike","Pommel Strike"],"picked":"Disarm","floor":1},{"not_picked":["Wild Strike","Pommel Strike"],"picked":"Uppercut","floor":3},{"not_picked":["PanicButton","Mayhem"],"picked":"Secret Weapon","floor":4},{"not_picked":["Thunderclap","Pummel"],"picked":"True Grit","floor":5},{"not_picked":["Dark Embrace","Armaments","Sword Boomerang"],"picked":"SKIP","floor":7},{"not_picked":["Wild Strike","Havoc"],"picked":"Seeing Red","floor":8},{"not_picked":["Body Slam","True Grit","Evolve"],"picked":"Singing Bowl","floor":10},{"not_picked":["Power Through","Shrug It Off","Dark Embrace"],"picked":"Singing Bowl","floor":13}],"player_experience":150611,"relics_obtained":[{"floor":7,"key":"Potion Belt"},{"floor":9,"key":"Singing Bowl"},{"floor":13,"key":"Magic Flower"}],"event_choices":[{"damage_healed":0,"gold_gain":0,"player_choice":"Ignored","damage_taken":2034,"max_hp_gain":0,"max_hp_loss":0,"event_name":"betterThird:BetterSerpent","floor":2,"gold_loss":0},{"damage_healed":0,"gold_gain":1,"player_choice":"1","damage_taken":0,"max_hp_gain":0,"max_hp_loss":0,"event_name":"betterStone:BetterStone","floor":4,"gold_loss":0},{"damage_healed":0,"gold_gain":0,"player_choice":"Left","damage_taken":0,"max_hp_gain":0,"max_hp_loss":0,"event_name":"betterThird:BetterGoop","floor":14,"gold_loss":41}],"is_beta":false,"boss_relics":[],"items_purged_floors":[12],"is_endless":false,"potions_floor_spawned":[1,8,10],"killed_by":"Slime Boss","ascension_level":20}}