{"host":"88sw61cmk1203zgj","time":1611379105,"event":{"mods":["BaseMod","Minty Spire (QoL Compilation)"],"gold_per_floor":[368,384,137,157,84,112,112,112,112,141,141,152,167,178,178,255,255,265,265,165,178,103,103,136,136,160,185,195,205,205,233,233,306,356,375,391,391,401,421,421,421,421],"floor_reached":41,"language":"ENG","playtime":3083,"items_purged":["Strike_R","Strike_R"],"score":764,"play_id":"2e2b7476-66fb-4b2b-98a5-36a66794ceab","local_time":"20210123001825","is_ascension_mode":true,"campfire_choices":[{"floor":7.0,"key":"REST"},{"data":"Exhume","floor":11.0,"key":"SMITH"},{"data":"Dark Embrace","floor":15.0,"key":"SMITH"},{"data":"Armaments","floor":23.0,"key":"SMITH"},{"data":"Second Wind","floor":25.0,"key":"SMITH"},{"data":"Power Through","floor":30.0,"key":"SMITH"},{"floor":32.0,"key":"REST"},{"floor":40.0,"key":"RECALL"}],"circlet_count":0,"master_deck":["AscendersBane","Strike_R","Strike_R+1","Strike_R","Defend_R","Defend_R","Defend_R","Defend_R","Bash","Wild Strike","Second Wind","Shrug It Off","Disarm","Dark Embrace+1","Carnage+1","Bloodletting","Exhume+1","Wild Strike","Cleave","Shockwave","Offering","Second Wind+1","Armaments+1","True Grit","Warcry","Normality","Reaper","Power Through+1","Corruption","Limit Break","Infernal Blade","Seeing Red","True Grit+1"],"relics":["Burning Blood","Blue Candle","Akabeko","Red Skull","Cursed Key","Bottled Flame","Bronze Scales","Bottled Tornado","Mummified Hand","Tiny House"],"acts_visited":["Exordium","TheCity","TheBeyond"],"potions_floor_usage":[41,41],"damage_taken":[{"damage":14.0,"enemies":"Jaw Worm","floor":1.0,"turns":5.0},{"damage":6.0,"enemies":"Cultist","floor":2.0,"turns":3.0},{"damage":7.0,"enemies":"Small Slimes","floor":4.0,"turns":4.0},{"damage":29.0,"enemies":"Lagavulin","floor":6.0,"turns":8.0},{"damage":16.0,"enemies":"Gremlin Nob","floor":10.0,"turns":3.0},{"damage":0.0,"enemies":"Exordium Wildlife","floor":12.0,"turns":3.0},{"damage":0.0,"enemies":"3 Louse","floor":13.0,"turns":2.0},{"damage":0.0,"enemies":"2 Fungi Beasts","floor":14.0,"turns":2.0},{"damage":21.0,"enemies":"The Guardian","floor":16.0,"turns":12.0},{"damage":14.0,"enemies":"Chosen","floor":18.0,"turns":5.0},{"damage":11.0,"enemies":"Shell Parasite","floor":21.0,"turns":6.0},{"damage":20.0,"enemies":"Book of Stabbing","floor":24.0,"turns":7.0},{"damage":15.0,"enemies":"Slavers","floor":27.0,"turns":6.0},{"damage":25.0,"enemies":"Centurion and Healer","floor":28.0,"turns":6.0},{"damage":12.0,"enemies":"Snake Plant","floor":29.0,"turns":4.0},{"damage":53.0,"enemies":"Gremlin Leader","floor":31.0,"turns":7.0},{"damage":40.0,"enemies":"Automaton","floor":33.0,"turns":12.0},{"damage":51.0,"enemies":"3 Darklings","floor":35.0,"turns":5.0},{"damage":9.0,"enemies":"Orb Walker","floor":36.0,"turns":2.0},{"damage":9.0,"enemies":"Transient","floor":38.0,"turns":5.0},{"damage":28.0,"enemies":"3 Darklings","floor":39.0,"turns":8.0},{"damage":70,"enemies":"Nemesis","floor":41,"turns":6}],"seed_played":"8932301424118080301","potions_obtained":[{"floor":4.0,"key":"Explosive Potion"},{"floor":6.0,"key":"PowerPotion"},{"floor":10.0,"key":"Explosive Potion"},{"floor":12.0,"key":"Fire Potion"},{"floor":24.0,"key":"Swift Potion"},{"floor":31.0,"key":"Energy Potion"},{"floor":33.0,"key":"GamblersBrew"},{"floor":34.0,"key":"Explosive Potion"},{"floor":35.0,"key":"Swift Potion"}],"is_trial":false,"path_per_floor":["M","M","$","M","$","E","R","?","T","E","R","M","M","M","R","B",null,"M","?","$","M","$","R","E","R","T","E","M","M","R","E","R","B",null,"M","M","?","M","M","R","E"],"character_chosen":"IRONCLAD","items_purchased":["Shrug It Off","Disarm","Dark Embrace","Carnage","Armaments","True Grit"],"campfire_rested":2,"item_purchase_floors":[3,3,3,5,22,22],"current_hp_per_floor":[43,43,43,42,42,19,43,43,43,33,33,39,45,51,51,36,69,61,61,61,56,56,56,42,42,42,33,44,39,39,36,60,33,73,45,49,49,58,48,48,0,0],"gold":421,"neow_bonus":"TWO_FIFTY_GOLD","is_daily":false,"chose_seed":false,"campfire_upgraded":5,"win_rate":0.0,"timestamp":1611379105,"path_taken":["M","M","$","M","$","E","R","?","T","E","R","?","M","M","R","BOSS","M","?","$","M","$","R","E","R","T","E","M","?","R","E","R","BOSS","M","M","?","M","M","R","E"],"items_purchased_type":["Card","Card","Card","Card","Card","Card"],"build_version":"2020-12-22","purchased_purges":2,"victory":false,"max_hp_per_floor":[80,80,80,80,80,80,80,80,80,80,80,80,80,80,80,80,80,80,80,80,80,80,80,80,80,80,80,80,80,80,80,80,80,85,85,85,81,81,81,81,81,81],"card_choices":[{"not_picked":["Warcry","Power Through"],"picked":"Wild Strike","floor":1.0},{"not_picked":["Armaments","Uppercut"],"picked":"Second Wind","floor":2.0},{"not_picked":["Heavy Blade","Body Slam","Anger"],"picked":"SKIP","floor":4.0},{"not_picked":["Havoc","Warcry"],"picked":"Bloodletting","floor":6.0},{"not_picked":["Warcry","Rage"],"picked":"Exhume","floor":10.0},{"not_picked":["Armaments","Sever Soul"],"picked":"Wild Strike","floor":12.0},{"not_picked":["Flex","Sever Soul"],"picked":"Cleave","floor":13.0},{"not_picked":["Anger","Bloodletting"],"picked":"Shockwave","floor":14.0},{"not_picked":["Berserk","Juggernaut"],"picked":"Offering","floor":16.0},{"not_picked":["Anger","Shrug It Off","Body Slam"],"picked":"SKIP","floor":18.0},{"not_picked":["Flex","Battle Trance"],"picked":"Second Wind","floor":21.0},{"not_picked":["Rampage","Thunderclap"],"picked":"Warcry","floor":24.0},{"not_picked":["Headbutt","Armaments"],"picked":"Reaper","floor":27.0},{"not_picked":["Cleave","Clothesline"],"picked":"Power Through","floor":28.0},{"not_picked":["Uppercut","Sever Soul","Infernal Blade"],"picked":"SKIP","floor":29.0},{"not_picked":["Wild Strike","Warcry"],"picked":"Corruption","floor":31.0},{"not_picked":["Offering","Brutality"],"picked":"Limit Break","floor":33.0},{"not_picked":["Perfected Strike","Pommel Strike"],"picked":"Infernal Blade","floor":34.0},{"not_picked":["Heavy Blade","Anger","Thunderclap"],"picked":"SKIP","floor":35.0},{"not_picked":["Whirlwind","Burning Pact"],"picked":"Seeing Red","floor":36.0},{"not_picked":["Metallicize","Clash","Reckless Charge"],"picked":"SKIP","floor":38.0},{"not_picked":["Pommel Strike","Searing Blow"],"picked":"True Grit+1","floor":39.0}],"player_experience":1507200,"relics_obtained":[{"floor":6.0,"key":"Blue Candle"},{"floor":9.0,"key":"Akabeko"},{"floor":10.0,"key":"Red Skull"},{"floor":24.0,"key":"Bottled Flame"},{"floor":26.0,"key":"Bronze Scales"},{"floor":27.0,"key":"Bottled Tornado"},{"floor":31.0,"key":"Mummified Hand"}],"event_choices":[{"damage_healed":0.0,"max_hp_gain":0.0,"max_hp_loss":0.0,"gold_gain":0.0,"event_name":"Upgrade Shrine","player_choice":"Upgraded","floor":8.0,"gold_loss":0.0,"damage_taken":0.0,"cards_upgraded":["Carnage"]},{"damage_healed":0.0,"max_hp_gain":0.0,"max_hp_loss":0.0,"gold_gain":0.0,"event_name":"The Woman in Blue","player_choice":"Bought 0 Potions","floor":19.0,"gold_loss":0.0,"damage_taken":0.0},{"damage_healed":0.0,"max_hp_gain":0.0,"max_hp_loss":4.0,"gold_gain":0.0,"event_name":"Winding Halls","player_choice":"Max HP","floor":37.0,"gold_loss":0.0,"damage_taken":0.0}],"is_beta":false,"boss_relics":[{"not_picked":["Coffee Dripper","Busted Crown"],"picked":"Cursed Key"},{"not_picked":["Calling Bell","SacredBark"],"picked":"Tiny House"}],"items_purged_floors":[3,20],"is_endless":false,"potions_floor_spawned":[4,6,10,12,21,24,31,33,35,36],"killed_by":"Nemesis","ascension_level":13}}