{"host":"sav7uxregyirlf69","time":1611418104,"event":{"mods":["AchievementEnabler","BaseMod","Colored Map","DeckTracker","Keyboard Shortcuts","Minty Spire (QoL Compilation)","READ ME - Guardian Mod","StSLib","SuperFastMode"],"gold_per_floor":[113,8,19,38,50,50,108,108,132,54,54,104,121,136,136,136,136],"floor_reached":16,"language":"KOR","playtime":284,"items_purged":[],"score":184,"play_id":"354ed7b4-6265-43e1-a3c8-142b111f0dd2","local_time":"20210124010824","is_ascension_mode":true,"campfire_choices":[{"data":"Flash of Steel","floor":6,"key":"SMITH"},{"floor":8,"key":"REST"},{"data":"Prepared","floor":11,"key":"SMITH"},{"data":"Eviscerate","floor":15,"key":"SMITH"}],"circlet_count":0,"master_deck":["AscendersBane","Strike_G","Strike_G","Strike_G","Strike_G","Strike_G","Defend_G","Defend_G","Defend_G","Defend_G","Defend_G","Survivor","Neutralize","Backstab","Flash of Steel+1","Eviscerate+1","Heel Hook","Prepared+1"],"relics":["Ring of the Snake","Regal Pillow","Juzu Bracelet","Nunchaku"],"acts_visited":["Exordium"],"potions_floor_usage":[16],"damage_taken":[{"damage":11,"enemies":"Cultist","floor":1,"turns":6},{"damage":0,"enemies":"2 Louse","floor":3,"turns":3},{"damage":0,"enemies":"Small Slimes","floor":4,"turns":2},{"damage":7,"enemies":"Gremlin Gang","floor":5,"turns":5},{"damage":40,"enemies":"3 Sentries","floor":7,"turns":10},{"damage":6,"enemies":"Red Slaver","floor":13,"turns":2},{"damage":3,"enemies":"3 Louse","floor":14,"turns":3},{"damage":43,"enemies":"Slime Boss","floor":16,"turns":7}],"seed_played":"3640736402339016452","potions_obtained":[{"floor":1,"key":"DuplicationPotion"},{"floor":13,"key":"Regen Potion"}],"is_trial":false,"path_per_floor":["M","$","M","M","M","R","?","R","T","?","R","?","M","M","R","B"],"character_chosen":"THE_SILENT","items_purchased":["Flash of Steel"],"campfire_rested":1,"item_purchase_floors":[2],"current_hp_per_floor":[54,54,54,54,47,47,7,43,43,43,43,43,37,34,34,0,0],"gold":136,"neow_bonus":"TEN_PERCENT_HP_BONUS","is_daily":false,"chose_seed":false,"campfire_upgraded":3,"win_rate":0.0,"timestamp":1611418104,"path_taken":["M","?","M","M","M","R","?","R","T","?","R","?","M","M","R","BOSS"],"items_purchased_type":["Card"],"build_version":"2020-12-22","purchased_purges":0,"victory":false,"max_hp_per_floor":[72,72,72,72,72,72,72,72,72,72,72,72,72,72,72,72,72],"card_choices":[{"not_picked":["Acrobatics","Leg Sweep"],"picked":"Backstab","floor":1},{"not_picked":["Outmaneuver","Deadly Poison"],"picked":"Eviscerate","floor":3},{"not_picked":["Poisoned Stab","PiercingWail"],"picked":"Heel Hook","floor":4},{"not_picked":["Flechettes","Flying Knee","Catalyst"],"picked":"SKIP","floor":5},{"not_picked":["Choke","Outmaneuver"],"picked":"Prepared","floor":7},{"not_picked":["Deadly Poison","Flying Knee","Dodge and Roll"],"picked":"SKIP","floor":13},{"not_picked":["Endless Agony","Wraith Form v2","Distraction"],"picked":"SKIP","floor":14}],"player_experience":1368250,"relics_obtained":[{"floor":7,"key":"Regal Pillow"},{"floor":9,"key":"Juzu Bracelet"}],"event_choices":[{"damage_healed":0,"gold_gain":30,"player_choice":"Searched \u00272\u0027 times","damage_taken":0,"max_hp_gain":0,"max_hp_loss":0,"event_name":"Dead Adventurer","floor":7,"gold_loss":0},{"damage_healed":0,"gold_gain":0,"player_choice":"Paid Gold","damage_taken":0,"relics_obtained":["Nunchaku"],"max_hp_gain":0,"max_hp_loss":0,"event_name":"WeMeetAgain","floor":10,"gold_loss":78},{"damage_healed":0,"gold_gain":50,"player_choice":"Pray","damage_taken":0,"max_hp_gain":0,"max_hp_loss":0,"event_name":"Golden Shrine","floor":12,"gold_loss":0}],"is_beta":false,"boss_relics":[],"items_purged_floors":[],"is_endless":false,"potions_floor_spawned":[1,13,14],"killed_by":"Slime Boss","ascension_level":20}}