{"host":"srk2drlvga69hbot","time":1611400621,"event":{"mods":["BaseMod","Bestiary","Block Reminder","Colored Map","Colored Powertips","Dark Map","DeckTracker","Highlight Path","Minty Spire (QoL Compilation)","Quick Restart","Rare Cards Sparkle","Relic Stats","SuperFastMode","Unceasing Turn Reminder"],"gold_per_floor":[119,25,25,39,39,39,73,73,73,92,112,131,56,56,56,152,152,167,20,40,490,503,503,503,503],"floor_reached":24,"language":"ZHS","playtime":948,"items_purged":["Pain"],"score":339,"play_id":"4803c4ed-a9db-4521-bb6a-ee700ea99d66","local_time":"20210123191701","is_ascension_mode":true,"campfire_choices":[{"data":"Flash of Steel","floor":6.0,"key":"SMITH"},{"data":"Bash","floor":15.0,"key":"SMITH"},{"floor":23,"key":"REST"}],"circlet_count":0,"master_deck":["Strike_R","Strike_R","Strike_R","Strike_R","Defend_R","Defend_R+1","Defend_R","Defend_R+1","Bash+1","Warcry","Flash of Steel+1","Twin Strike","Rampage","Battle Trance","Corruption","Sentinel","Shrug It Off"],"relics":["Black Blood","NeowsBlessing","War Paint","WarpedTongs","PreservedInsect","Juzu Bracelet"],"acts_visited":["Exordium","TheCity"],"potions_floor_usage":[22],"damage_taken":[{"damage":0.0,"enemies":"2 Louse","floor":1.0,"turns":1.0},{"damage":0.0,"enemies":"Cultist","floor":4.0,"turns":1.0},{"damage":0.0,"enemies":"Gremlin Nob","floor":7.0,"turns":1.0},{"damage":6.0,"enemies":"Small Slimes","floor":10.0,"turns":3.0},{"damage":20.0,"enemies":"Gremlin Gang","floor":11.0,"turns":5.0},{"damage":6.0,"enemies":"Blue Slaver","floor":12.0,"turns":3.0},{"damage":0.0,"enemies":"Slime Boss","floor":16.0,"turns":5.0},{"damage":17.0,"enemies":"3 Byrds","floor":18.0,"turns":7.0},{"damage":22.0,"enemies":"Chosen","floor":20.0,"turns":5.0},{"damage":15,"enemies":"Snecko","floor":22,"turns":5},{"damage":32,"enemies":"Snake Plant","floor":24,"turns":4}],"seed_played":"-4705205624717657997","potions_obtained":[{"floor":7.0,"key":"Weak Potion"},{"floor":11.0,"key":"Ancient Potion"},{"floor":12.0,"key":"Explosive Potion"},{"floor":18.0,"key":"BlessingOfTheForge"}],"is_trial":false,"path_per_floor":["M","$","?","M","$","R","E","?","T","M","M","M","$","?","R","B",null,"M","$","M","?","M","R","M"],"character_chosen":"IRONCLAD","items_purchased":["Flash of Steel","Juzu Bracelet"],"campfire_rested":1,"item_purchase_floors":[2,19],"current_hp_per_floor":[80,80,80,80,80,80,80,80,80,80,66,66,66,66,66,72,78,73,73,63,17,14,38,6,6],"gold":503,"neow_bonus":"THREE_ENEMY_KILL","is_daily":false,"chose_seed":false,"campfire_upgraded":2,"win_rate":0.0,"timestamp":1611400621,"path_taken":["M","$","?","M","$","R","E","?","T","M","?","?","$","?","R","BOSS","M","$","M","?","M","R","M"],"items_purchased_type":["Card","Relic"],"build_version":"2020-12-22","purchased_purges":1,"victory":false,"max_hp_per_floor":[80,80,80,80,80,80,80,80,80,80,80,80,80,80,80,80,80,80,80,80,80,80,80,80,80],"relic_stats":{"counters":[11,40],"Black Blood":60,"PreservedInsect":0,"Juzu Bracelet":0,"War Paint":["Defend_R","Defend_R"],"obtain_stats":[{"NeowsBlessing":0,"Black Blood":17,"PreservedInsect":9,"Juzu Bracelet":19,"War Paint":7,"Burning Blood":0,"WarpedTongs":8},{"NeowsBlessing":0,"Black Blood":7,"PreservedInsect":3,"Juzu Bracelet":8,"War Paint":3,"Burning Blood":0,"WarpedTongs":3},{"NeowsBlessing":0,"Black Blood":19,"PreservedInsect":3,"Juzu Bracelet":26,"War Paint":3,"Burning Blood":0,"WarpedTongs":3}],"WarpedTongs":[36]},"card_choices":[{"not_picked":["Armaments","Hemokinesis"],"picked":"Warcry","floor":1.0},{"not_picked":["Havoc","Iron Wave"],"picked":"Twin Strike","floor":4.0},{"not_picked":["Clothesline","Inflame"],"picked":"Rampage","floor":7.0},{"not_picked":["True Grit","Perfected Strike","Thunderclap"],"picked":"SKIP","floor":10.0},{"not_picked":["Heavy Blade","Sentinel","Feel No Pain"],"picked":"SKIP","floor":11.0},{"not_picked":["True Grit","Blood for Blood"],"picked":"Battle Trance","floor":12.0},{"not_picked":["Impervious","Brutality"],"picked":"Corruption","floor":16.0},{"not_picked":["Wild Strike","Twin Strike+1"],"picked":"Sentinel","floor":18.0},{"not_picked":["Combust","Blood for Blood","Battle Trance"],"picked":"SKIP","floor":20.0},{"not_picked":["Havoc","Bloodletting+1"],"picked":"Shrug It Off","floor":22}],"player_experience":161992,"relics_obtained":[{"floor":7.0,"key":"War Paint"},{"floor":9.0,"key":"PreservedInsect"}],"event_choices":[{"cards_removed":["Strike_R"],"damage_healed":0.0,"max_hp_gain":0.0,"max_hp_loss":0.0,"gold_gain":0.0,"event_name":"Living Wall","player_choice":"Forget","floor":3.0,"gold_loss":0.0,"damage_taken":0.0},{"damage_healed":0.0,"max_hp_gain":0.0,"max_hp_loss":0.0,"gold_gain":0.0,"event_name":"Accursed Blacksmith","player_choice":"Rummage","floor":8.0,"gold_loss":0.0,"damage_taken":0.0,"relics_obtained":["WarpedTongs"],"cards_obtained":["Pain"]},{"damage_healed":0.0,"max_hp_gain":0.0,"max_hp_loss":0.0,"gold_gain":0.0,"event_name":"Liars Game","player_choice":"Ignored","floor":14.0,"gold_loss":0.0,"damage_taken":0.0},{"damage_healed":0.0,"max_hp_gain":0.0,"max_hp_loss":0.0,"gold_gain":450.0,"event_name":"Knowing Skull","player_choice":"GOLD GOLD GOLD GOLD GOLD ","floor":21.0,"potions_obtained":[],"gold_loss":0.0,"damage_taken":46.0,"cards_obtained":[]}],"is_beta":false,"boss_relics":[{"not_picked":["Velvet Choker","Runic Cube"],"picked":"Black Blood"}],"items_purged_floors":[13],"is_endless":false,"potions_floor_spawned":[7,11,12,18],"killed_by":"Snake Plant","ascension_level":5}}