{"host":"o7j6aatxjwpw1421","time":1611395964,"event":{"mods":["2.2 Compatiblity","AchievementEnabler","BaseMod","Colored Map","DeckTracker","Highlight Path","Keyboard Shortcuts","Minty Spire (QoL Compilation)","Permanent Neow","Quick Restart","StSLib","SuperFastMode","everything is the same but u backflip on backflip"],"gold_per_floor":[116,132,144,157,127,159,159,193,216,229,229,229,229,229,229,327,327,350,377,391,412,70,108,108,144,144,144,169,169,169],"floor_reached":29,"language":"KOR","playtime":1137,"items_purged":["Defend_P"],"score":523,"play_id":"06e3d83f-7b03-4f26-8041-65a3aa6596f5","local_time":"20210123185924","is_ascension_mode":true,"campfire_choices":[{"floor":7.0,"key":"REST"},{"floor":12.0,"key":"REST"},{"data":"PathToVictory","floor":15.0,"key":"SMITH"},{"floor":24.0,"key":"REST"},{"floor":27.0,"key":"REST"}],"circlet_count":0,"master_deck":["AscendersBane","Strike_P","Strike_P","Strike_P","Defend_P","Defend_P","Defend_P","Eruption+1","Vigilance","PathToVictory","EmptyBody","BowlingBash","FearNoEvil","PathToVictory+1","Adaptation","EmptyFist","PathToVictory"],"relics":["PureWater","Mercury Hourglass","Mummified Hand","Tiny Chest","Golden Idol","Sozu","Damaru","Art of War","Blood Vial","Boot"],"acts_visited":["Exordium","TheCity"],"potions_floor_usage":[],"damage_taken":[{"damage":2.0,"enemies":"Cultist","floor":1.0,"turns":4.0},{"damage":2.0,"enemies":"2 Louse","floor":2.0,"turns":3.0},{"damage":7.0,"enemies":"Small Slimes","floor":3.0,"turns":4.0},{"damage":1.0,"enemies":"Blue Slaver","floor":4.0,"turns":4.0},{"damage":5.0,"enemies":"Exordium Thugs","floor":5.0,"turns":4.0},{"damage":15.0,"enemies":"Lagavulin","floor":6.0,"turns":4.0},{"damage":17.0,"enemies":"3 Sentries","floor":8.0,"turns":8.0},{"damage":0.0,"enemies":"Large Slime","floor":10.0,"turns":3.0},{"damage":12.0,"enemies":"The Guardian","floor":16.0,"turns":8.0},{"damage":0.0,"enemies":"Chosen","floor":18.0,"turns":5.0},{"damage":6.0,"enemies":"3 Byrds","floor":20.0,"turns":4.0},{"damage":15.0,"enemies":"Centurion and Healer","floor":21.0,"turns":6.0},{"damage":23.0,"enemies":"Slavers","floor":23.0,"turns":5.0},{"damage":34.0,"enemies":"Gremlin Leader","floor":25.0,"turns":8.0},{"damage":12.0,"enemies":"3 Cultists","floor":28.0,"turns":5.0},{"damage":16,"enemies":"Snecko","floor":29,"turns":3}],"seed_played":"-7405473857275672567","potions_obtained":[{"floor":1.0,"key":"Block Potion"},{"floor":5.0,"key":"PowerPotion"},{"floor":8.0,"key":"AttackPotion"},{"floor":10.0,"key":"ColorlessPotion"}],"is_trial":false,"path_per_floor":["M","M","M","M","M","E","R","E","T","M","?","R","?","?","R","B",null,"M","T","M","M","$","E","R","E","T","R","M","M"],"character_chosen":"WATCHER","items_purchased":["Art of War","Adaptation","EmptyFist"],"campfire_rested":4,"item_purchase_floors":[22,22,22],"current_hp_per_floor":[59,57,50,49,44,29,49,32,32,32,32,50,55,48,48,36,59,59,59,53,38,38,15,35,3,3,23,13,0,0],"gold":169,"neow_bonus":"UPGRADE_CARD","is_daily":false,"chose_seed":false,"campfire_upgraded":1,"win_rate":0.0,"timestamp":1611395964,"path_taken":["M","M","?","M","M","E","R","E","T","M","?","R","?","?","R","BOSS","M","?","M","M","$","E","R","E","T","R","M","M"],"items_purchased_type":["Relic","Card","Card"],"build_version":"2020-12-22","purchased_purges":1,"victory":false,"max_hp_per_floor":[68,68,68,68,68,68,68,68,68,68,62,62,67,67,67,67,67,67,67,67,67,67,67,67,67,67,67,67,67,67],"card_choices":[{"not_picked":["ThirdEye","Protect"],"picked":"PathToVictory","floor":1.0},{"not_picked":["Wireheading","BowlingBash","LikeWater"],"picked":"SKIP","floor":2.0},{"not_picked":["FollowUp","Evaluate"],"picked":"EmptyBody","floor":3.0},{"not_picked":["Consecrate","FlyingSleeves","Prostrate"],"picked":"SKIP","floor":4.0},{"not_picked":["BowlingBash","Pray","Omniscience"],"picked":"SKIP","floor":5.0},{"not_picked":["Pray","Omniscience"],"picked":"BowlingBash","floor":5.0},{"not_picked":["Nirvana","EmptyBody","ClearTheMind"],"picked":"SKIP","floor":6.0},{"not_picked":["ClearTheMind","SashWhip"],"picked":"FearNoEvil","floor":8.0},{"not_picked":["Prostrate","Pray"],"picked":"PathToVictory","floor":10.0},{"not_picked":["Evaluate","ClearTheMind","Consecrate"],"picked":"SKIP","floor":18.0},{"not_picked":["FlyingSleeves","Halt","Prostrate+1"],"picked":"SKIP","floor":20.0},{"not_picked":["ReachHeaven","Conclude","WreathOfFlame+1"],"picked":"SKIP","floor":21.0},{"not_picked":["BattleHymn","FlyingSleeves","Pray"],"picked":"SKIP","floor":23.0},{"not_picked":["Collect+1","Judgement","Halt"],"picked":"SKIP","floor":25.0},{"not_picked":["Meditate","WreathOfFlame"],"picked":"PathToVictory","floor":28.0}],"player_experience":607448,"relics_obtained":[{"floor":6.0,"key":"Mercury Hourglass"},{"floor":8.0,"key":"Mummified Hand"},{"floor":9.0,"key":"Tiny Chest"},{"floor":19.0,"key":"Damaru"},{"floor":23.0,"key":"Blood Vial"},{"floor":25.0,"key":"Boot"}],"event_choices":[{"damage_healed":0.0,"max_hp_gain":0.0,"max_hp_loss":6.0,"gold_gain":0.0,"event_name":"Golden Idol","player_choice":"Lose Max HP","floor":11.0,"gold_loss":0.0,"damage_taken":0.0,"relics_obtained":["Golden Idol"]},{"damage_healed":0.0,"max_hp_gain":5.0,"max_hp_loss":0.0,"gold_gain":0.0,"event_name":"Big Fish","player_choice":"Donut","floor":13.0,"gold_loss":0.0,"damage_taken":0.0},{"cards_removed":["Strike_P"],"damage_healed":0.0,"max_hp_gain":0.0,"max_hp_loss":0.0,"gold_gain":0.0,"event_name":"Golden Wing","player_choice":"Card Removal","floor":14.0,"gold_loss":0.0,"damage_taken":7.0}],"is_beta":false,"boss_relics":[{"not_picked":["Snecko Eye","Busted Crown"],"picked":"Sozu"}],"items_purged_floors":[22],"is_endless":false,"potions_floor_spawned":[1,5,8,10,21,23],"killed_by":"Snecko","ascension_level":18}}