{"host":"88eug9pqmt5m979n","time":1611377925,"event":{"mods":["Arknights The Spire","BaseMod","Downfall","Minty Spire (QoL Compilation)","MostiFishMod","Remilia（蕾米莉亚）","StSLib","WarShipGirlsR/战舰少女R mod"],"gold_per_floor":[115,127,127,127,139,151,181,181,181,256,290,304,321,355,355,455,455,468,468,483,98,113,113,113],"floor_reached":23,"language":"ZHS","playtime":1217,"items_purged":["rmod:strick"],"score":327,"play_id":"3546b745-2488-4a91-ae29-1ae4a2a667f9","local_time":"20210123125845","is_ascension_mode":true,"campfire_choices":[{"data":"rmod:expedition","floor":8,"key":"SMITH"},{"floor":15,"key":"REST"}],"circlet_count":0,"master_deck":["rmod:strick","rmod:strick","rmod:strick","rmod:defend","rmod:defend","rmod:defend+1","rmod:defend","rmod:basicallowance+1","rmod:maingunfire","rmod:fletcherpendant","rmod:circuitoustactics","rmod:expedition+1","rmod:fletcherpendant","rmod:maintain+1","rmod:salvage","rmod:fletcherpendant","rmod:fletcherpendant","rmod:chargemoney","rmod:fletcherpendant","rmod:fletcherpendant","rmod:expeditionaryescort+1","rmod:fletcherpendant+1","rmod:fletcherpendant","rmod:fletcherpendant","rmod:diaomin"],"relics":["rmod:firstchargereward","DaveBox","xbg","SynthV:TestCard","Sundial","Singing Bowl","War Paint","Mummified Hand","Black Star","ArrowTower"],"acts_visited":["Exordium","TheCity"],"potions_floor_usage":[7,18],"damage_taken":[{"damage":0,"enemies":"2 Louse","floor":1,"turns":2},{"damage":0,"enemies":"Jaw Worm","floor":2,"turns":3},{"damage":0,"enemies":"Small Slimes","floor":5,"turns":2},{"damage":0,"enemies":"2 Fungi Beasts","floor":6,"turns":3},{"damage":14,"enemies":"Gremlin Nob","floor":7,"turns":3},{"damage":0,"enemies":"Lagavulin","floor":11,"turns":6},{"damage":4,"enemies":"Gremlin Gang","floor":12,"turns":4},{"damage":6,"enemies":"3 Louse","floor":13,"turns":3},{"damage":14,"enemies":"Gremlin Nob","floor":14,"turns":4},{"damage":0,"enemies":"Slime Boss","floor":16,"turns":8},{"damage":10,"enemies":"Chosen","floor":18,"turns":3},{"damage":17,"enemies":"3 Byrds","floor":20,"turns":4},{"damage":28,"enemies":"Shelled Parasite and Fungi","floor":22,"turns":4},{"damage":21,"enemies":"Slavers","floor":23,"turns":2}],"seed_played":"-8320100634115525393","potions_obtained":[{"floor":2,"key":"Fire Potion"},{"floor":7,"key":"LiquidBronze"},{"floor":16,"key":"FairyPotion"},{"floor":22,"key":"bronze:BurnAndBuffPotion"}],"is_trial":false,"path_per_floor":["M","M","?","?","M","M","E","R","T","?","E","M","M","E","R","B",null,"M","?","M","$","M","E"],"character_chosen":"PRAEFECT","items_purchased":["ArrowTower"],"campfire_rested":1,"item_purchase_floors":[21],"current_hp_per_floor":[75,75,75,75,75,75,61,61,61,50,50,48,42,30,53,53,79,71,71,56,56,28,7,7],"gold":113,"neow_bonus":"UPGRADE_CARD","is_daily":false,"chose_seed":false,"campfire_upgraded":1,"win_rate":0.0,"timestamp":1611377925,"path_taken":["M","M","?","?","M","M","E","R","T","?","E","M","M","E","R","BOSS","M","?","M","$","M","E"],"items_purchased_type":["Relic"],"build_version":"2020-12-22","purchased_purges":1,"victory":false,"max_hp_per_floor":[75,75,75,75,75,75,75,75,75,75,75,77,77,79,79,79,79,81,81,83,83,83,83,83],"card_choices":[{"not_picked":["rmod:aluminumsupply","rmod:ring"],"picked":"rmod:fletcherpendant","floor":1},{"not_picked":["rmod:unsinkable","rmod:robin","rmod:diamondstrike","rmod:luckystar"],"picked":"rmod:circuitoustactics","floor":2},{"not_picked":["rmod:steelsupply","rmod:circuitoustactics","rmod:unsinkable","rmod:robin"],"picked":"rmod:expedition","floor":5},{"not_picked":["rmod:smokecover","rmod:desperatesituation","rmod:steelsupply","rmod:ammunitionsupply"],"picked":"rmod:fletcherpendant","floor":6},{"not_picked":["rmod:wife","rmod:victimresponsibility","rmod:diamondstrike","rmod:guardianhero"],"picked":"rmod:maintain","floor":7},{"not_picked":["rmod:aggressivemary","rmod:punchline","rmod:unsinkable","rmod:diamondstrike"],"picked":"rmod:salvage","floor":11},{"not_picked":["rmod:salvage","rmod:aggressivemary","rmod:ammunitionsupply","rmod:victimresponsibility","rmod:supportescort"],"picked":"Singing Bowl","floor":12},{"not_picked":["rmod:firesupport","rmod:wife","rmod:ammunitionsupply","rmod:unsinkable"],"picked":"rmod:chargemoney","floor":13},{"not_picked":["rmod:aluminumsupply","rmod:combined","rmod:shuttlebombing","rmod:supportescort","rmod:advancebysurprise"],"picked":"Singing Bowl","floor":14},{"not_picked":["rmod:supriseattacks","rmod:secretscript","rmod:u235","rmod:highspeedmaneuver"],"picked":"rmod:expeditionaryescort","floor":16},{"not_picked":["rmod:chargemoney","rmod:diamondstrike","rmod:openingtorpedo","rmod:victimresponsibility","rmod:fletcherpendant"],"picked":"Singing Bowl","floor":18},{"not_picked":["rmod:luckystar","rmod:victimresponsibility","rmod:combined","rmod:tearstotiara","rmod:unsinkable"],"picked":"Singing Bowl","floor":20},{"not_picked":["rmod:diamondstrike","rmod:fletcherpendant","rmod:tearstotiara","rmod:advancebysurprise"],"picked":"rmod:diaomin","floor":22}],"player_experience":331041,"relics_obtained":[{"floor":1,"key":"SynthV:TestCard"},{"floor":7,"key":"Sundial"},{"floor":9,"key":"Singing Bowl"},{"floor":11,"key":"War Paint"},{"floor":14,"key":"Mummified Hand"}],"event_choices":[{"damage_healed":0,"gold_gain":0,"player_choice":"Ignored","damage_taken":0,"max_hp_gain":0,"max_hp_loss":0,"event_name":"Liars Game","floor":3,"gold_loss":0},{"damage_healed":0,"gold_gain":75,"player_choice":"Gather Gold","damage_taken":11,"max_hp_gain":0,"max_hp_loss":0,"event_name":"World of Goop","floor":10,"gold_loss":0},{"damage_healed":0,"gold_gain":0,"player_choice":"Upgraded","damage_taken":0,"max_hp_gain":0,"max_hp_loss":0,"event_name":"Upgrade Shrine","floor":19,"gold_loss":0,"cards_upgraded":["rmod:expeditionaryescort"]}],"is_beta":false,"boss_relics":[{"not_picked":["RhineFirstAidKit","ExusiaiGun"],"picked":"Black Star"}],"items_purged_floors":[21],"is_endless":false,"potions_floor_spawned":[2,7,16,22],"killed_by":"Slavers","ascension_level":1}}