{"host":"2se5dq1do2gp0x9k","time":1611423642,"event":{"mods":["AchievementEnabler","BaseMod","Block Reminder","Colored Map","Colored Powertips","Minty Spire (QoL Compilation)","Relic Stats","StSLib","SuperFastMode"],"gold_per_floor":[117,134,150,75,75,75,75,75],"floor_reached":7,"language":"ENG","playtime":103,"items_purged":[],"score":82,"play_id":"db723fd3-6b61-4de1-997c-cd035027bd5a","local_time":"20210123094042","is_ascension_mode":true,"campfire_choices":[{"data":"Infinite Blades","floor":6,"key":"SMITH"}],"circlet_count":0,"master_deck":["AscendersBane","Strike_G","Strike_G","Strike_G","Strike_G","Defend_G","Defend_G","Defend_G","Defend_G","Defend_G","Survivor","Neutralize","Blade Dance","Infinite Blades+1","Cloak And Dagger"],"relics":["Ring of the Snake","NeowsBlessing","Golden Idol"],"acts_visited":["Exordium"],"potions_floor_usage":[],"damage_taken":[{"damage":0,"enemies":"Cultist","floor":1,"turns":1},{"damage":0,"enemies":"Jaw Worm","floor":2,"turns":1},{"damage":0,"enemies":"Small Slimes","floor":3,"turns":1},{"damage":82,"enemies":"Gremlin Nob","floor":7,"turns":5}],"seed_played":"3141049657677876000","potions_obtained":[],"is_trial":false,"path_per_floor":["M","M","M","?","?","R","E"],"character_chosen":"THE_SILENT","items_purchased":[],"campfire_rested":0,"item_purchase_floors":[],"current_hp_per_floor":[59,59,59,59,59,59,0,0],"gold":75,"neow_bonus":"THREE_ENEMY_KILL","is_daily":false,"chose_seed":false,"campfire_upgraded":1,"win_rate":0.0,"timestamp":1611423642,"path_taken":["M","?","M","?","?","R","E"],"items_purchased_type":[],"build_version":"2020-12-22","purchased_purges":0,"victory":false,"max_hp_per_floor":[66,66,66,66,60,60,60,60],"relic_stats":{"counters":[4,8],"Golden Idol":0,"obtain_stats":[{"NeowsBlessing":0,"Golden Idol":5,"Ring of the Snake":0},{"NeowsBlessing":0,"Golden Idol":3,"Ring of the Snake":0},{"NeowsBlessing":0,"Golden Idol":3,"Ring of the Snake":0}],"Ring of the Snake":[8]},"card_choices":[{"not_picked":["Quick Slash","Bane"],"picked":"Blade Dance","floor":1},{"not_picked":["Dodge and Roll","Deadly Poison"],"picked":"Infinite Blades","floor":2},{"not_picked":["Masterful Stab","Sucker Punch"],"picked":"Cloak And Dagger","floor":3}],"player_experience":3939362,"relics_obtained":[],"event_choices":[{"cards_removed":["Strike_G"],"damage_healed":0,"gold_gain":0,"player_choice":"Card Removal","damage_taken":0,"max_hp_gain":0,"max_hp_loss":0,"event_name":"The Cleric","floor":4,"gold_loss":75},{"damage_healed":0,"gold_gain":0,"player_choice":"Lose Max HP","damage_taken":0,"relics_obtained":["Golden Idol"],"max_hp_gain":0,"max_hp_loss":6,"event_name":"Golden Idol","floor":5,"gold_loss":0}],"is_beta":false,"boss_relics":[],"items_purged_floors":[],"is_endless":false,"potions_floor_spawned":[],"killed_by":"Gremlin Nob","ascension_level":20}}