{"host":"zhec3g4cvsmevugl","time":1611413717,"event":{"mods":["BaseMod","BetterRewards","Curses Come First","Minty Spire (QoL Compilation)","Relic Stats","Slay-I","StSLib"],"gold_per_floor":[110,121,132,307,307,307,307],"floor_reached":6,"language":"ENG","playtime":238,"items_purged":[],"score":40,"play_id":"1d54ed02-71d7-4602-99e1-9b7382e153fe","local_time":"20210123225517","is_ascension_mode":true,"campfire_choices":[],"circlet_count":0,"master_deck":["Strike_R","Strike_R","Strike_R","Strike_R","Strike_R","Defend_R","Defend_R","Defend_R","Defend_R","Bash","Metallicize","Anger","Flex","Armaments","Wild Strike"],"relics":["Burning Blood","Omamori","Meat on the Bone","Membership Card","Girya","Anchor"],"acts_visited":["Exordium"],"potions_floor_usage":[],"damage_taken":[{"damage":0,"enemies":"Cultist","floor":1,"turns":3},{"damage":0,"enemies":"Jaw Worm","floor":2,"turns":3},{"damage":12,"enemies":"Small Slimes","floor":3,"turns":3},{"damage":50,"enemies":"Gremlin Nob","floor":6,"turns":4}],"seed_played":"-3518758749776412999","potions_obtained":[{"floor":2,"key":"LiquidBronze"}],"is_trial":false,"path_per_floor":["M","M","M","?","?","E"],"character_chosen":"IRONCLAD","items_purchased":["Omamori","Meat on the Bone","Membership Card","Girya","Metallicize","Anger"],"campfire_rested":0,"item_purchase_floors":[0,0,0,0,0,0],"current_hp_per_floor":[49,55,49,49,49,0,0],"gold":307,"neow_bonus":"","is_daily":false,"chose_seed":false,"campfire_upgraded":0,"win_rate":0.0,"timestamp":1611413717,"path_taken":["M","M","M","?","?","E"],"items_purchased_type":["Relic","Relic","Relic","Relic","Card","Card"],"build_version":"2020-12-22","purchased_purges":0,"victory":false,"max_hp_per_floor":[80,80,80,80,80,80,80],"relic_stats":{"counters":[30,104],"obtain_stats":[{"Darkstone Periapt":0,"Regal Pillow":22,"Gremlin Horn":36,"Bag of Preparation":17,"Cursed Key":0,"Old Coin":30,"ClockworkSouvenir":36,"Necronomicon":20,"Kunai":26,"InkBottle":9,"Paper Frog":17,"Potion Belt":36,"Girya":0,"Oddly Smooth Stone":23,"The Courier":25,"Pen Nib":36,"Omamori":0,"War Paint":46,"Akabeko":48,"Du-Vu Doll":0,"Calling Bell":17,"Peace Pipe":43,"Anchor":5,"Busted Crown":34,"MutagenicStrength":21,"Turnip":13,"Membership Card":0,"Toy Ornithopter":40,"Pocketwatch":17,"Meat on the Bone":0},{"Darkstone Periapt":0,"Regal Pillow":10,"Gremlin Horn":17,"Bag of Preparation":8,"Cursed Key":0,"Old Coin":14,"ClockworkSouvenir":17,"Necronomicon":10,"Kunai":12,"InkBottle":3,"Paper Frog":8,"Potion Belt":17,"Girya":26,"Oddly Smooth Stone":11,"The Courier":12,"Pen Nib":17,"Omamori":26,"War Paint":23,"Akabeko":25,"Du-Vu Doll":0,"Calling Bell":8,"Peace Pipe":21,"Anchor":29,"Busted Crown":16,"MutagenicStrength":10,"Turnip":6,"Membership Card":26,"Toy Ornithopter":20,"Pocketwatch":8,"Meat on the Bone":26},{"Darkstone Periapt":0,"Regal Pillow":34,"Gremlin Horn":58,"Bag of Preparation":26,"Cursed Key":0,"Old Coin":44,"ClockworkSouvenir":58,"Necronomicon":34,"Kunai":40,"InkBottle":7,"Paper Frog":26,"Potion Belt":58,"Girya":91,"Oddly Smooth Stone":38,"The Courier":40,"Pen Nib":58,"Omamori":91,"War Paint":78,"Akabeko":85,"Du-Vu Doll":0,"Calling Bell":26,"Peace Pipe":73,"Anchor":100,"Busted Crown":54,"MutagenicStrength":34,"Turnip":17,"Membership Card":91,"Toy Ornithopter":68,"Pocketwatch":26,"Meat on the Bone":91}],"Burning Blood":18,"Meat on the Bone":0},"card_choices":[{"not_picked":["Metallicize","True Grit"],"picked":"Flex","floor":1},{"not_picked":["Entrench","Heavy Blade"],"picked":"Armaments","floor":2},{"not_picked":["Dropkick","Rampage"],"picked":"Wild Strike","floor":3}],"player_experience":216109,"relics_obtained":[],"event_choices":[{"damage_healed":0,"gold_gain":175,"player_choice":"AGREE","damage_taken":0,"max_hp_gain":0,"max_hp_loss":0,"event_name":"Liars Game","floor":4,"gold_loss":0,"cards_obtained":["Doubt"]},{"damage_healed":0,"gold_gain":0,"player_choice":"Gave Potion","damage_taken":0,"relics_obtained":["Anchor"],"max_hp_gain":0,"max_hp_loss":0,"event_name":"WeMeetAgain","floor":5,"gold_loss":0}],"is_beta":false,"boss_relics":[],"items_purged_floors":[],"is_endless":false,"potions_floor_spawned":[2],"killed_by":"Gremlin Nob","ascension_level":2}}