{"host":"s2gnxn64lbarj0x7","time":1611404150,"event":{"mods":["AchievementEnabler","BaseMod","Colored Map","Colored Powertips","Faster Ascension Climbing","Googly Eyes","Highlight Path","Minty Spire (QoL Compilation)","Quick Restart","StSLib","SuperFastMode","The Marked"],"gold_per_floor":[113,113,113,188,202,202,40,40,66,98,110,121,121,121,121,121,121],"floor_reached":16,"language":"ENG","playtime":316,"items_purged":[],"score":246,"play_id":"677af893-3039-483e-9544-b623e1b0b561","local_time":"20210123061550","is_ascension_mode":true,"campfire_choices":[{"floor":6,"key":"RECALL"},{"floor":8,"key":"REST"},{"floor":15,"key":"REST"}],"circlet_count":0,"master_deck":["AscendersBane","Strike_G","Strike_G","Strike_G","Strike_G","Strike_G","Defend_G","Defend_G","Defend_G","Defend_G","Survivor","Neutralize","Bane","Sucker Punch","Survivor","Catalyst","PiercingWail"],"relics":["Ring of the Snake","NeowsBlessing","Frozen Egg 2","DollysMirror","Gremlin Horn","Bronze Scales"],"acts_visited":["Exordium"],"potions_floor_usage":[16],"damage_taken":[{"damage":0,"enemies":"2 Louse","floor":1,"turns":1},{"damage":0,"enemies":"Jaw Worm","floor":5,"turns":1},{"damage":0,"enemies":"3 Sentries","floor":10,"turns":1},{"damage":9,"enemies":"Small Slimes","floor":11,"turns":5},{"damage":2,"enemies":"Exordium Wildlife","floor":12,"turns":6},{"damage":71,"enemies":"Slime Boss","floor":16,"turns":10}],"seed_played":"1870848997173088366","potions_obtained":[{"floor":11,"key":"LiquidMemories"},{"floor":12,"key":"Strength Potion"}],"is_trial":false,"path_per_floor":["M","?","?","?","M","R","$","R","T","E","M","M","?","T","R","B"],"character_chosen":"THE_SILENT","items_purchased":["DollysMirror"],"campfire_rested":2,"item_purchase_floors":[7],"current_hp_per_floor":[59,48,53,42,42,42,42,63,63,63,54,52,45,45,66,0,0],"gold":121,"neow_bonus":"THREE_ENEMY_KILL","is_daily":false,"chose_seed":false,"campfire_upgraded":0,"win_rate":0.0,"timestamp":1611404150,"path_taken":["M","?","?","?","M","R","$","R","T","E","M","?","?","?","R","BOSS"],"items_purchased_type":["Relic"],"build_version":"2020-12-22","purchased_purges":0,"victory":false,"max_hp_per_floor":[66,66,71,71,71,71,71,71,71,71,71,71,71,71,71,71,71],"card_choices":[{"not_picked":["Calculated Gamble","Reflex"],"picked":"Bane","floor":1},{"not_picked":["Well Laid Plans+1","Dodge and Roll"],"picked":"Sucker Punch","floor":5},{"not_picked":["Masterful Stab","Deflect"],"picked":"Catalyst","floor":10},{"not_picked":["Setup","Acrobatics"],"picked":"PiercingWail","floor":11},{"not_picked":["Terror","Endless Agony","Blade Dance"],"picked":"SKIP","floor":12}],"player_experience":165405,"relics_obtained":[{"floor":10,"key":"Gremlin Horn"},{"floor":14,"key":"Bronze Scales"}],"event_choices":[{"damage_healed":0,"gold_gain":0,"player_choice":"Success","damage_taken":11,"relics_obtained":["Frozen Egg 2"],"max_hp_gain":0,"max_hp_loss":0,"event_name":"Scrap Ooze","floor":2,"gold_loss":0},{"damage_healed":0,"gold_gain":0,"player_choice":"Donut","damage_taken":0,"max_hp_gain":5,"max_hp_loss":0,"event_name":"Big Fish","floor":3,"gold_loss":0},{"damage_healed":0,"gold_gain":75,"player_choice":"Gather Gold","damage_taken":11,"max_hp_gain":0,"max_hp_loss":0,"event_name":"World of Goop","floor":4,"gold_loss":0},{"cards_removed":["Defend_G"],"damage_healed":0,"gold_gain":0,"player_choice":"Card Removal","damage_taken":7,"max_hp_gain":0,"max_hp_loss":0,"event_name":"Golden Wing","floor":13,"gold_loss":0}],"is_beta":false,"boss_relics":[],"items_purged_floors":[],"is_endless":false,"potions_floor_spawned":[11,12],"killed_by":"Slime Boss","ascension_level":20}}