{"host":"rt42rreu4fwhfpnv","time":1611427165,"event":{"mods":["BaseMod","Bestiary","Minty Spire (QoL Compilation)"],"gold_per_floor":[210,223,223,239,256,174,192,192,192,192,210,210,220,220,220,315,315,326,338,300,300,310,310,324,324,324,334,334,334],"floor_reached":28,"language":"ENG","playtime":1689,"items_purged":[],"score":216,"play_id":"193166f5-2712-40c4-9b54-fbc4f92dc087","local_time":"20210123133925","is_ascension_mode":false,"campfire_choices":[{"floor":8,"key":"RECALL"},{"data":"Feel No Pain","floor":10,"key":"SMITH"},{"data":"Rampage","floor":12,"key":"SMITH"},{"data":"True Grit","floor":15,"key":"SMITH"},{"floor":23,"key":"REST"},{"floor":25,"key":"REST"}],"circlet_count":0,"master_deck":["Strike_R","Strike_R","Strike_R","Strike_R","Strike_R","Defend_R","Defend_R","Defend_R","Defend_R","Bash","Feel No Pain+1","True Grit+1","True Grit","Shrug It Off","Spot Weakness","Rampage+1","Ghostly Armor","Headbutt","Fiend Fire","Shrug It Off","Fire Breathing","Iron Wave+1","Shrug It Off+1"],"relics":["Burning Blood","Bottled Tornado","Black Star"],"acts_visited":["Exordium","TheCity"],"potions_floor_usage":[16,21,22,28],"damage_taken":[{"damage":6,"enemies":"Cultist","floor":1,"turns":3},{"damage":7,"enemies":"Small Slimes","floor":2,"turns":6},{"damage":1,"enemies":"Jaw Worm","floor":4,"turns":5},{"damage":5,"enemies":"Looter","floor":5,"turns":4},{"damage":4,"enemies":"3 Louse","floor":7,"turns":6},{"damage":16,"enemies":"Blue Slaver","floor":11,"turns":5},{"damage":10,"enemies":"Exordium Thugs","floor":13,"turns":5},{"damage":25,"enemies":"The Guardian","floor":16,"turns":13},{"damage":34,"enemies":"Spheric Guardian","floor":18,"turns":10},{"damage":17,"enemies":"Chosen","floor":19,"turns":6},{"damage":3,"enemies":"Snake Plant","floor":21,"turns":2},{"damage":25,"enemies":"Chosen and Byrds","floor":22,"turns":8},{"damage":35,"enemies":"Centurion and Healer","floor":24,"turns":10},{"damage":22,"enemies":"Sentry and Sphere","floor":27,"turns":10},{"damage":28,"enemies":"3 Cultists","floor":28,"turns":7}],"seed_played":"-3952320184824238128","potions_obtained":[{"floor":1,"key":"SpeedPotion"},{"floor":4,"key":"SmokeBomb"},{"floor":7,"key":"ElixirPotion"},{"floor":11,"key":"AttackPotion"},{"floor":19,"key":"LiquidMemories"}],"is_trial":false,"path_per_floor":["M","M","$","M","M","$","M","R","T","R","M","R","M","$","R","B",null,"M","M","$","M","M","R","M","R","T","M","M"],"character_chosen":"IRONCLAD","items_purchased":["Spot Weakness","Fire Breathing"],"campfire_rested":2,"item_purchase_floors":[6,20],"current_hp_per_floor":[80,79,79,80,80,80,80,80,80,80,70,70,66,66,66,47,80,52,41,41,44,25,49,20,44,44,28,0,0],"gold":334,"neow_bonus":"HUNDRED_GOLD","is_daily":false,"chose_seed":false,"campfire_upgraded":3,"win_rate":0.0,"timestamp":1611427165,"path_taken":["M","M","$","M","M","$","M","R","T","R","M","R","M","$","R","BOSS","M","M","$","M","M","R","M","R","T","M","M"],"items_purchased_type":["Card","Card"],"build_version":"2020-12-22","purchased_purges":0,"victory":false,"max_hp_per_floor":[80,80,80,80,80,80,80,80,80,80,80,80,80,80,80,80,80,80,80,80,80,80,80,80,80,80,80,80,80],"card_choices":[{"not_picked":["Whirlwind","Shockwave"],"picked":"Feel No Pain","floor":1},{"not_picked":["Rage","Havoc"],"picked":"True Grit","floor":2},{"not_picked":["Twin Strike","Pummel"],"picked":"True Grit","floor":4},{"not_picked":["Clothesline","Anger"],"picked":"Shrug It Off","floor":5},{"not_picked":["Sever Soul","Perfected Strike"],"picked":"Rampage","floor":7},{"not_picked":["Thunderclap","Perfected Strike"],"picked":"Ghostly Armor","floor":11},{"not_picked":["Warcry","Twin Strike"],"picked":"Headbutt","floor":13},{"not_picked":["Exhume","Reaper"],"picked":"Fiend Fire","floor":16},{"not_picked":["Clash","Perfected Strike","Pommel Strike"],"picked":"SKIP","floor":18},{"not_picked":["Body Slam","Reckless Charge+1"],"picked":"Shrug It Off","floor":19},{"not_picked":["Havoc","Anger+1"],"picked":"Iron Wave+1","floor":22},{"not_picked":["Anger","Body Slam"],"picked":"Shrug It Off+1","floor":24},{"not_picked":["Iron Wave","Rupture","Pummel"],"picked":"SKIP","floor":27}],"player_experience":104435,"relics_obtained":[{"floor":9,"key":"Bottled Tornado"}],"event_choices":[],"is_beta":false,"boss_relics":[{"not_picked":["Snecko Eye","Tiny House"],"picked":"Black Star"}],"items_purged_floors":[],"is_endless":false,"potions_floor_spawned":[1,4,7,11,19,21],"killed_by":"3 Cultists","ascension_level":0}}