{"host":"3jjxuhjpio8e4zkv","time":1611379088,"event":{"mods":["BaseMod","Colored Map","Highlight Path","Minty Spire (QoL Compilation)","Permanent Neow","Relic Stats","StSLib"],"gold_per_floor":[117,37,56,75,75,109,109,123,123,123,123,148,148,148],"floor_reached":13,"language":"ENG","playtime":405,"items_purged":[],"score":170,"play_id":"f1873e40-dc1e-47f6-b22b-8fdf4a417191","local_time":"20210123001808","is_ascension_mode":true,"campfire_choices":[{"data":"Choke","floor":7,"key":"SMITH"},{"data":"Distraction","floor":11,"key":"SMITH"}],"circlet_count":0,"master_deck":["AscendersBane","Strike_G","Strike_G","Strike_G","Strike_G","Strike_G","Defend_G","Defend_G","Defend_G","Defend_G","Defend_G","Survivor","Neutralize+1","Choke+1","Slice","Deflect","Distraction+1","Malaise+1"],"relics":["Ring of the Snake","Golden Idol","Snake Skull","Eternal Feather"],"acts_visited":["Exordium"],"potions_floor_usage":[6,8],"damage_taken":[{"damage":3,"enemies":"Cultist","floor":1,"turns":4},{"damage":0,"enemies":"Small Slimes","floor":3,"turns":3},{"damage":5,"enemies":"2 Louse","floor":4,"turns":5},{"damage":29,"enemies":"Gremlin Nob","floor":6,"turns":4},{"damage":6,"enemies":"Exordium Wildlife","floor":8,"turns":6},{"damage":4,"enemies":"Looter","floor":12,"turns":5},{"damage":32,"enemies":"Lagavulin","floor":13,"turns":10}],"seed_played":"-4640360291410941780","potions_obtained":[{"floor":3,"key":"LiquidMemories"},{"floor":6,"key":"Fire Potion"}],"is_trial":false,"path_per_floor":["M","$","M","M","?","E","R","M","T","?","R","M","E"],"character_chosen":"THE_SILENT","items_purchased":["Slice","Deflect"],"campfire_rested":0,"item_purchase_floors":[2,2],"current_hp_per_floor":[56,56,56,51,51,22,22,16,16,16,25,21,0,0],"gold":148,"neow_bonus":"UPGRADE_CARD","is_daily":false,"chose_seed":false,"campfire_upgraded":2,"win_rate":0.0,"timestamp":1611379088,"path_taken":["M","?","?","?","?","E","R","M","T","?","R","M","E"],"items_purchased_type":["Card","Card"],"build_version":"2020-12-22","purchased_purges":0,"victory":false,"max_hp_per_floor":[66,66,66,66,60,60,60,60,60,60,60,60,60,60],"relic_stats":{"counters":[7,37],"Golden Idol":15,"Eternal Feather":9,"Snake Skull":[0],"obtain_stats":[{"Golden Idol":5,"Eternal Feather":9,"Snake Skull":6,"Ring of the Snake":0},{"Golden Idol":3,"Eternal Feather":5,"Snake Skull":4,"Ring of the Snake":0},{"Golden Idol":12,"Eternal Feather":22,"Snake Skull":16,"Ring of the Snake":0}],"Ring of the Snake":[14]},"card_choices":[{"not_picked":["Prepared","Escape Plan"],"picked":"Choke","floor":1},{"not_picked":["Setup","Backflip"],"picked":"Distraction","floor":3},{"not_picked":["Dodge and Roll","Deflect","Cloak And Dagger"],"picked":"SKIP","floor":4},{"not_picked":["Bane","Outmaneuver","Cloak And Dagger"],"picked":"SKIP","floor":6},{"not_picked":["Underhanded Strike","Deflect"],"picked":"Malaise","floor":8},{"not_picked":["Underhanded Strike","Riddle With Holes","Flechettes"],"picked":"SKIP","floor":12}],"player_experience":1232535,"relics_obtained":[{"floor":6,"key":"Snake Skull"},{"floor":9,"key":"Eternal Feather"}],"event_choices":[{"damage_healed":0,"gold_gain":0,"player_choice":"Lose Max HP","damage_taken":0,"relics_obtained":["Golden Idol"],"max_hp_gain":0,"max_hp_loss":6,"event_name":"Golden Idol","floor":5,"gold_loss":0},{"damage_healed":0,"gold_gain":0,"player_choice":"Grow","damage_taken":0,"max_hp_gain":0,"max_hp_loss":0,"event_name":"Living Wall","floor":10,"gold_loss":0,"cards_upgraded":["Malaise"]}],"is_beta":false,"boss_relics":[],"items_purged_floors":[],"is_endless":false,"potions_floor_spawned":[3,6],"killed_by":"Lagavulin","ascension_level":20}}