{"host":"wgo6ezn0zcq3jgqa","time":1611390044,"event":{"mods":["Act Like it!","BaseMod","Downfall","GifTheSpireLib","Hallownest","Hermit","KinomotoSakuraMod(木之本樱)","Marisa（F雨　魔理沙）","Minty Spire (QoL Compilation)","RumiaBox-露米娅的神秘盒子","SOS（斯巴达之子）","StSLib","The Bug Knight","The Cursed","【功能Mod】混沌之环修复补丁"],"gold_per_floor":[99,99,99,99,2,36,104,118,137,137,165,165,440,460,480,576,576,576,588,605,202,216,216,216,216],"floor_reached":23,"language":"ZHS","playtime":1839,"items_purged":["Regret"],"score":199,"play_id":"fdafea7c-5c65-4e3b-aa56-82aca3586686","local_time":"20210123162044","is_ascension_mode":false,"campfire_choices":[{"data":"champ:Taunt","floor":1.0,"key":"SMITH"},{"floor":12,"key":"REST"},{"data":"champ:StrikeOfGenius","floor":18,"key":"SMITH"}],"circlet_count":0,"master_deck":["champ:Strike","champ:Strike+1","champ:Strike+1","champ:Strike","champ:Defend","champ:Defend","champ:Defend","champ:Defend","champ:Execute","champ:Taunt+1","champ:FanOfKnives+1","champ:RisingSlash+1","champ:BringItOn+1","champ:StrikeOfGenius+1","champ:RecklessLeap","champ:SetATrap","champ:StanceDance","champ:Shatter","champ:CrownThrow","downfall:Malfunctioning","champ:StanceDance","champ:SwordThrow","champ:AdrenalArmor","champ:Endure","champ:Improvising","champ:CrownThrow+1","champ:ArenaPreparation","champ:Duel+1","champ:FanOfKnives","champ:CrookedStrike","champ:EnragedBash"],"relics":["champ:ChampionCrown","downfall:HeartsMalice","Prayer Wheel","MagicDraw1","Whetstone","SlaversCollar","GodSword5"],"acts_visited":["Exordium","TheCity"],"potions_floor_usage":[11,11,11,11,16,16],"damage_taken":[{"damage":0.0,"enemies":"Small Slimes","floor":2.0,"turns":1.0},{"damage":0.0,"enemies":"Jaw Worm","floor":3.0,"turns":1.0},{"damage":0.0,"enemies":"Cultist","floor":4.0,"turns":1.0},{"damage":8.0,"enemies":"downfall:FleeingMerchant","floor":5.0,"turns":4.0},{"damage":47.0,"enemies":"Gremlin Nob","floor":6.0,"turns":4.0},{"damage":36,"enemies":"Gremlin Gang","floor":8,"turns":3},{"damage":6,"enemies":"Lots of Slimes","floor":9,"turns":3},{"damage":14,"enemies":"HollowMod:MossKnight","floor":11,"turns":5},{"damage":25,"enemies":"Large Slime","floor":14,"turns":4},{"damage":14,"enemies":"Red Slaver","floor":15,"turns":2},{"damage":64,"enemies":"SI_SHIV_ARCHETYPE","floor":16,"turns":6},{"damage":16,"enemies":"Spheric Guardian","floor":19,"turns":2},{"damage":78,"enemies":"Cultist and Chosen","floor":20,"turns":5},{"damage":45,"enemies":"downfall:FleeingMerchant","floor":21,"turns":4},{"damage":40,"enemies":"Sentry and Sphere","floor":22,"turns":4},{"damage":51,"enemies":"Centurion and Healer","floor":23,"turns":6}],"seed_played":"8421479701656895793","potions_obtained":[{"floor":8,"key":"Block Potion"},{"floor":9,"key":"EntropicBrew"},{"floor":11,"key":"Fire Potion"},{"floor":16,"key":"BlessingOfTheForge"},{"floor":20,"key":"BlessingOfTheForge"}],"is_trial":false,"path_per_floor":["R","M","M","M","$","E","T","M","M","?","E","R","?","M","M","B",null,"R","M","M","$","M","M"],"character_chosen":"THE_CHAMP","items_purchased":["champ:RecklessLeap","GodSword5","champ:EnragedBash"],"campfire_rested":1,"item_purchase_floors":[5,21,21],"current_hp_per_floor":[90,90,90,90,90,63,63,57,56,56,52,79,79,64,50,11,90,90,89,46,41,39,0,0,0],"gold":216,"neow_bonus":"THREE_ENEMY_KILL","is_daily":false,"chose_seed":false,"campfire_upgraded":2,"win_rate":0.0,"timestamp":1611390044,"path_taken":["R","M","M","M","$","E","T","M","M","?","E","R","?","?","M","BOSS","R","M","?","$","M","M"],"items_purchased_type":["Card","Relic","Card"],"build_version":"2020-12-22","purchased_purges":1,"victory":false,"max_hp_per_floor":[90,90,90,90,90,90,90,90,90,90,90,90,90,90,90,90,90,90,90,90,90,90,90,90,90],"card_choices":[{"not_picked":["champ:FlashCut","champ:GutPunch"],"picked":"champ:FanOfKnives","floor":2.0},{"not_picked":["champ:BringItOn","champ:Backstep"],"picked":"champ:RisingSlash","floor":3.0},{"not_picked":["champ:GutPunch","champ:TornadoPunch"],"picked":"champ:BringItOn","floor":4.0},{"not_picked":["champ:CrookedStrike","champ:BerserkersShout"],"picked":"champ:StrikeOfGenius","floor":5.0},{"not_picked":["champ:GutPunch","champ:PerfectedStrike","champ:FocusedGladiator"],"picked":"SKIP","floor":6.0},{"not_picked":["champ:DefensiveShout","champ:Encircle"],"picked":"champ:SetATrap","floor":8},{"not_picked":["champ:DefensiveShout","champ:BringItOn"],"picked":"champ:StanceDance","floor":8},{"not_picked":["champ:Parry","champ:PreciseThrust"],"picked":"champ:Shatter","floor":9},{"not_picked":["champ:FancyFootwork","champ:SkillfulDodge"],"picked":"champ:CrownThrow","floor":9},{"not_picked":["champ:BladeFlurry","champ:Backstep","champ:DeathBlow"],"picked":"SKIP","floor":11},{"not_picked":["champ:Circumvent","champ:IronFortress"],"picked":"champ:StanceDance","floor":14},{"not_picked":["champ:FanOfKnives","champ:AdrenalArmor"],"picked":"champ:SwordThrow","floor":14},{"not_picked":["champ:FocusedBerserking","champ:EnGarde"],"picked":"champ:AdrenalArmor","floor":15},{"not_picked":["champ:StanceDance","champ:BladeFlurry"],"picked":"champ:Endure","floor":15},{"not_picked":["champ:HeavySlash","champ:IgnorePain"],"picked":"champ:Improvising","floor":16},{"not_picked":["champ:FanOfKnives","champ:BladeFlurry"],"picked":"champ:CrownThrow+1","floor":19},{"not_picked":["champ:AdrenalArmor","champ:ShieldSlam"],"picked":"champ:ArenaPreparation","floor":19},{"not_picked":["champ:AdrenalArmor","champ:PreemptiveStrike"],"picked":"champ:Duel+1","floor":20},{"not_picked":["champ:PreciseThrust","champ:IronFortress+1"],"picked":"champ:FanOfKnives","floor":20},{"not_picked":["champ:ShieldWall+1","champ:AdrenalArmor"],"picked":"champ:CrookedStrike","floor":21},{"not_picked":["champ:CrookedStrike","champ:FanOfKnives","champ:Circumvent"],"picked":"SKIP","floor":22},{"not_picked":["champ:GutPunch","champ:DefensiveShout","champ:BerserkersShout"],"picked":"SKIP","floor":22}],"player_experience":145204,"relics_obtained":[{"floor":6.0,"key":"Prayer Wheel"},{"floor":7.0,"key":"MagicDraw1"},{"floor":11,"key":"Whetstone"}],"event_choices":[],"is_beta":false,"boss_relics":[{"not_picked":["Velvet Choker","SacredBark"],"picked":"SlaversCollar"}],"items_purged_floors":[21],"is_endless":false,"potions_floor_spawned":[8,9,11,16,20],"killed_by":"Centurion and Healer","ascension_level":0}}