{"host":"3jpwrwmmgyabjceh","time":1611402747,"event":{"mods":["AchievementEnabler","BaseMod","Colored Map","Colored Powertips","Highlight Path","Minty Spire (QoL Compilation)","Quick Restart","Relic Stats","StSLib","SuperFastMode"],"gold_per_floor":[14,28,44,58,58,92,92,117,117,149,165,165,165,165,165,296,296,311,26,26,26,50,50,93,93,93,108,143,143,186,204,204,324,324,338,356,296,174,199,239,253,253,253,322,362,385,423,756,756,756,756,756,76,110,110,110],"floor_reached":55,"language":"ENG","playtime":2203,"items_purged":["Pain","Clumsy"],"score":1288,"play_id":"0a261d42-e34f-47bf-9872-6d76bef047e1","local_time":"20210123145227","is_ascension_mode":true,"campfire_choices":[{"data":"Neutralize","floor":7.0,"key":"SMITH"},{"floor":13.0,"key":"REST"},{"data":"Blade Dance","floor":15.0,"key":"SMITH"},{"data":"Cloak And Dagger","floor":23.0,"key":"SMITH"},{"data":"Crippling Poison","floor":25.0,"key":"SMITH"},{"data":"Accuracy","floor":32.0,"key":"SMITH"},{"data":"Prepared","floor":42.0,"key":"SMITH"},{"floor":49.0,"key":"RECALL"},{"data":"Cloak And Dagger","floor":52.0,"key":"SMITH"}],"circlet_count":0,"master_deck":["Strike_G","Strike_G","Defend_G","Defend_G","Defend_G","Defend_G","Survivor","Neutralize+1","Accuracy+1","Deadly Poison","Blade Dance+1","Dagger Throw","Dash","Dagger Spray","Finisher","Dagger Throw","Cloak And Dagger+1","A Thousand Cuts+1","Calculated Gamble+1","Prepared+1","Crippling Poison+1","Deflect+1","Blade Dance","Blade Dance","Blade Dance","Adrenaline","Noxious Fumes+1","Terror","Envenom+1","Tactician","Prepared+1","Backflip+1","Dagger Throw","Finisher+1","Cloak And Dagger+1","Blade Dance+1","Blur+1","Caltrops+1","Blade Dance","A Thousand Cuts+1"],"relics":["Ring of the Snake","Juzu Bracelet","Tough Bandages","Ninja Scroll","Frozen Egg 2","HornCleat","StoneCalendar","Cursed Key","Eternal Feather","Bottled Flame","Kunai","Nunchaku","Blue Candle","HoveringKite","Boot","CaptainsWheel","Ornamental Fan","Bag of Preparation","Torii","Mummified Hand"],"acts_visited":["Exordium","TheCity","TheBeyond","TheEnding"],"potions_floor_usage":[55,55,55],"damage_taken":[{"damage":0.0,"enemies":"Cultist","floor":1.0,"turns":4.0},{"damage":1.0,"enemies":"Small Slimes","floor":2.0,"turns":3.0},{"damage":0.0,"enemies":"2 Louse","floor":3.0,"turns":2.0},{"damage":6.0,"enemies":"Gremlin Gang","floor":4.0,"turns":5.0},{"damage":22.0,"enemies":"Lagavulin","floor":6.0,"turns":4.0},{"damage":7.0,"enemies":"3 Sentries","floor":8.0,"turns":5.0},{"damage":15.0,"enemies":"Lagavulin","floor":10.0,"turns":5.0},{"damage":0.0,"enemies":"Looter","floor":11.0,"turns":1.0},{"damage":8.0,"enemies":"Slime Boss","floor":16.0,"turns":4.0},{"damage":0.0,"enemies":"3 Byrds","floor":18.0,"turns":3.0},{"damage":2.0,"enemies":"2 Thieves","floor":22.0,"turns":2.0},{"damage":16.0,"enemies":"Book of Stabbing","floor":24.0,"turns":5.0},{"damage":7.0,"enemies":"Snake Plant","floor":27.0,"turns":4.0},{"damage":5.0,"enemies":"Slavers","floor":28.0,"turns":3.0},{"damage":2.0,"enemies":"Book of Stabbing","floor":30.0,"turns":5.0},{"damage":2.0,"enemies":"Shelled Parasite and Fungi","floor":31.0,"turns":6.0},{"damage":2.0,"enemies":"Champ","floor":33.0,"turns":8.0},{"damage":0.0,"enemies":"Orb Walker","floor":35.0,"turns":2.0},{"damage":0.0,"enemies":"3 Shapes","floor":36.0,"turns":2.0},{"damage":0.0,"enemies":"Sphere and 2 Shapes","floor":39.0,"turns":2.0},{"damage":1.0,"enemies":"Reptomancer","floor":40.0,"turns":5.0},{"damage":0.0,"enemies":"Transient","floor":41.0,"turns":5.0},{"damage":0.0,"enemies":"2 Orb Walkers","floor":44.0,"turns":3.0},{"damage":0.0,"enemies":"Giant Head","floor":45.0,"turns":4.0},{"damage":0.0,"enemies":"Jaw Worm Horde","floor":46.0,"turns":3.0},{"damage":0.0,"enemies":"Nemesis","floor":47.0,"turns":2.0},{"damage":30.0,"enemies":"Awakened One","floor":50.0,"turns":7.0},{"damage":20.0,"enemies":"Shield and Spear","floor":54.0,"turns":5.0},{"damage":75,"enemies":"The Heart","floor":55,"turns":6}],"seed_played":"-2501159380899599848","potions_obtained":[{"floor":3.0,"key":"FearPotion"},{"floor":6.0,"key":"Strength Potion"},{"floor":8.0,"key":"Dexterity Potion"},{"floor":10.0,"key":"BlessingOfTheForge"},{"floor":22.0,"key":"Ancient Potion"},{"floor":33.0,"key":"AttackPotion"},{"floor":40.0,"key":"Dexterity Potion"},{"floor":44.0,"key":"Weak Potion"},{"floor":47.0,"key":"DistilledChaos"}],"is_trial":false,"path_per_floor":["M","M","M","M","?","E","R","E","T","E","M","?","R","?","R","B",null,"M","$","?","?","M","R","E","R","T","M","E","?","E","M","R","B",null,"M","M","?","$","M","E","M","R","T","?","E","M","E","?","R","B",null,"R","$","E","B"],"character_chosen":"THE_SILENT","items_purchased":["Eternal Feather","Prepared","Prepared","Torii","Caltrops+1","Blade Dance","CultistPotion","EssenceOfSteel"],"campfire_rested":1,"item_purchase_floors":[19,19,38,53,53,53,53,53],"current_hp_per_floor":[63,62,62,56,56,34,34,27,27,12,12,5,26,26,26,18,53,53,53,53,53,51,63,47,59,59,52,47,47,45,43,58,56,63,63,63,63,63,63,62,62,65,65,65,65,65,65,65,65,35,58,65,65,45,0,0],"gold":110,"neow_bonus":"TRANSFORM_TWO_CARDS","is_daily":false,"chose_seed":false,"campfire_upgraded":7,"win_rate":0.0,"timestamp":1611402747,"path_taken":["M","?","M","M","?","E","R","E","T","E","M","?","R","?","R","BOSS","M","$","?","?","M","R","E","R","T","M","E","?","E","M","R","BOSS","M","M","?","$","M","E","M","R","T","?","E","M","E","?","R","BOSS","R","$","E","BOSS"],"items_purchased_type":["Relic","Card","Card","Relic","Card","Card","Potion","Potion"],"build_version":"2020-12-22","purchased_purges":2,"victory":false,"max_hp_per_floor":[70,70,70,70,70,70,70,70,70,70,70,70,70,65,65,65,65,65,65,65,65,65,65,65,65,65,65,65,65,65,65,65,65,65,65,65,65,65,65,65,65,65,65,65,65,65,65,65,65,65,65,65,65,65,65,65],"relic_stats":{"Torii":3,"counters":[29,115],"Blue Candle":[1],"HoveringKite":[30],"StoneCalendar":[54],"Eternal Feather":49,"Juzu Bracelet":3,"Bag of Preparation":[0],"Cursed Key":2,"Boot":[51],"Tough Bandages":[408],"Nunchaku":[34],"Ornamental Fan":[156],"Mummified Hand":[3],"Kunai":[102],"obtain_stats":[{"Torii":53,"Golden Idol":14,"Blue Candle":30,"HoveringKite":34,"StoneCalendar":12,"Eternal Feather":19,"Juzu Bracelet":5,"Bag of Preparation":47,"Frozen Egg 2":9,"Cursed Key":17,"Boot":40,"Tough Bandages":6,"Bottled Flame":24,"Nunchaku":28,"CaptainsWheel":44,"HornCleat":10,"Ninja Scroll":8,"Ornamental Fan":45,"Mummified Hand":54,"Kunai":26,"Ring of the Snake":0},{"Torii":27,"Golden Idol":8,"Blue Candle":15,"HoveringKite":17,"StoneCalendar":8,"Eternal Feather":10,"Juzu Bracelet":4,"Bag of Preparation":26,"Frozen Egg 2":6,"Cursed Key":9,"Boot":21,"Tough Bandages":5,"Bottled Flame":12,"Nunchaku":14,"CaptainsWheel":23,"HornCleat":7,"Ninja Scroll":6,"Ornamental Fan":24,"Mummified Hand":28,"Kunai":12,"Ring of the Snake":0},{"Torii":104,"Golden Idol":29,"Blue Candle":55,"HoveringKite":69,"StoneCalendar":29,"Eternal Feather":36,"Juzu Bracelet":14,"Bag of Preparation":97,"Frozen Egg 2":23,"Cursed Key":33,"Boot":80,"Tough Bandages":18,"Bottled Flame":43,"Nunchaku":50,"CaptainsWheel":88,"HornCleat":28,"Ninja Scroll":23,"Ornamental Fan":92,"Mummified Hand":109,"Kunai":43,"Ring of the Snake":0}],"Ring of the Snake":[58]},"card_choices":[{"not_picked":["Outmaneuver","Prepared"],"picked":"Deadly Poison","floor":1.0},{"not_picked":["Quick Slash","Dagger Throw"],"picked":"Blade Dance","floor":2.0},{"not_picked":["Expertise","Sucker Punch"],"picked":"Dagger Throw","floor":3.0},{"not_picked":["Dagger Throw","Reflex"],"picked":"Dash","floor":4.0},{"not_picked":["Doppelganger","Slice"],"picked":"Dagger Spray","floor":6.0},{"not_picked":["Acrobatics","Flying Knee"],"picked":"Finisher","floor":8.0},{"not_picked":["Expertise","Accuracy+1"],"picked":"Dagger Throw","floor":10.0},{"not_picked":["Predator","Eviscerate"],"picked":"Cloak And Dagger","floor":11.0},{"not_picked":["Phantasmal Killer","Burst"],"picked":"A Thousand Cuts+1","floor":16.0},{"not_picked":["Prepared","Deadly Poison"],"picked":"Calculated Gamble+1","floor":18.0},{"not_picked":["Eviscerate","Dagger Spray"],"picked":"Crippling Poison","floor":22.0},{"not_picked":["PiercingWail","Cloak And Dagger"],"picked":"Deflect+1","floor":24.0},{"not_picked":["Dagger Spray","Finisher+1"],"picked":"Blade Dance","floor":27.0},{"not_picked":["Deflect","Night Terror","Glass Knife"],"picked":"SKIP","floor":28.0},{"not_picked":["Leg Sweep","Dagger Spray"],"picked":"Blade Dance","floor":30.0},{"not_picked":["Eviscerate","Deadly Poison"],"picked":"Blade Dance","floor":31.0},{"not_picked":["Glass Knife","Venomology"],"picked":"Adrenaline","floor":33.0},{"not_picked":["Slice","Underhanded Strike"],"picked":"Noxious Fumes+1","floor":35.0},{"not_picked":["Dagger Throw","Dash+1"],"picked":"Terror","floor":36.0},{"not_picked":["Reflex","Flying Knee+1","Outmaneuver"],"picked":"SKIP","floor":39.0},{"not_picked":["Phantasmal Killer","Accuracy+1"],"picked":"Backflip+1","floor":40.0},{"not_picked":["Flechettes+1","Tactician+1"],"picked":"Dagger Throw","floor":41.0},{"not_picked":["Blur","Bane"],"picked":"Finisher+1","floor":44.0},{"not_picked":["Sucker Punch+1","Backstab+1"],"picked":"Cloak And Dagger","floor":45.0},{"not_picked":["Underhanded Strike","Outmaneuver"],"picked":"Blade Dance+1","floor":46.0},{"not_picked":["Endless Agony","Setup+1"],"picked":"Blur+1","floor":47.0},{"not_picked":["Escape Plan+1","Outmaneuver"],"picked":"A Thousand Cuts+1","floor":54.0}],"player_experience":264662,"relics_obtained":[{"floor":6.0,"key":"Tough Bandages"},{"floor":8.0,"key":"Ninja Scroll"},{"floor":9.0,"key":"Frozen Egg 2"},{"floor":10.0,"key":"HornCleat"},{"floor":24.0,"key":"Bottled Flame"},{"floor":26.0,"key":"Kunai"},{"floor":28.0,"key":"Nunchaku"},{"floor":30.0,"key":"Blue Candle"},{"floor":40.0,"key":"Boot"},{"floor":44.0,"key":"CaptainsWheel"},{"floor":45.0,"key":"Ornamental Fan"},{"floor":47.0,"key":"Bag of Preparation"},{"floor":54.0,"key":"Mummified Hand"}],"event_choices":[{"cards_removed":["Deadly Poison"],"damage_healed":0.0,"max_hp_gain":0.0,"max_hp_loss":0.0,"gold_gain":0.0,"event_name":"WeMeetAgain","player_choice":"Gave Card","floor":5.0,"gold_loss":0.0,"damage_taken":0.0,"relics_obtained":["Juzu Bracelet"]},{"damage_healed":0.0,"max_hp_gain":0.0,"max_hp_loss":0.0,"gold_gain":0.0,"event_name":"Scrap Ooze","player_choice":"Success","floor":12.0,"gold_loss":0.0,"damage_taken":7.0,"relics_obtained":["StoneCalendar"]},{"damage_healed":0.0,"max_hp_gain":0.0,"max_hp_loss":5.0,"gold_gain":0.0,"event_name":"Golden Idol","player_choice":"Lose Max HP","floor":14.0,"gold_loss":0.0,"damage_taken":0.0,"relics_obtained":["Golden Idol"]},{"damage_healed":0.0,"max_hp_gain":0.0,"max_hp_loss":0.0,"gold_gain":0.0,"event_name":"Accursed Blacksmith","player_choice":"Forge","floor":20.0,"gold_loss":0.0,"damage_taken":0.0,"cards_upgraded":["Prepared"]},{"damage_healed":0.0,"max_hp_gain":0.0,"max_hp_loss":0.0,"gold_gain":0.0,"event_name":"Ghosts","player_choice":"Ignored","floor":21.0,"gold_loss":0.0,"damage_taken":0.0},{"damage_healed":0.0,"max_hp_gain":0.0,"max_hp_loss":0.0,"gold_gain":0.0,"event_name":"Vampires","player_choice":"Ignored","floor":29.0,"gold_loss":0.0,"damage_taken":0.0},{"damage_healed":0.0,"max_hp_gain":0.0,"max_hp_loss":0.0,"gold_gain":0.0,"cards_transformed":["Strike_G","Strike_G"],"event_name":"Designer","player_choice":"Transformed Cards","floor":37.0,"gold_loss":60.0,"damage_taken":0.0,"cards_obtained":["Envenom","Tactician"]},{"damage_healed":0.0,"max_hp_gain":0.0,"max_hp_loss":0.0,"gold_gain":0.0,"event_name":"Mysterious Sphere","player_choice":"Fight","floor":44.0,"gold_loss":0.0,"damage_taken":0.0},{"damage_healed":0.0,"max_hp_gain":0.0,"max_hp_loss":0.0,"gold_gain":333.0,"event_name":"The Moai Head","player_choice":"Gave Idol","floor":48.0,"relics_lost":["Golden Idol"],"gold_loss":0.0,"damage_taken":0.0}],"is_beta":false,"boss_relics":[{"not_picked":["Ectoplasm","Runic Dome"],"picked":"Cursed Key"},{"not_picked":["Snecko Eye","Tiny House"],"picked":"HoveringKite"}],"items_purged_floors":[38,53],"is_endless":false,"potions_floor_spawned":[3,6,8,10,22,33,40,44,45,46,47],"killed_by":"The Heart","ascension_level":6}}