{"host":"njo8qgvy2a57fcny","time":1611401325,"event":{"mods":["Ascension Unlocker","Aspiration","BaseMod","BetterRewards","CCEM","Colored Map","Colored Powertips","Conspire","Custom Start","Downfall","GifTheSpireLib","Halation","Hermit","Hubris","Infinite Spire","Jedi Mod","Mimic Mod","Minty Spire (QoL Compilation)","Quick Restart","Random Character Button","Random Character Mod","Rare Cards Sparkle","Relic Sorter","Replay The Spire","Shop Mod","StSLib","Stuff the Spire","The Animator","The Jungle","The Runesmith","The Servant 0.9.4","vexMod"],"gold_per_floor":[110,110,122,122,122,151,151,171,171,188,188,188],"floor_reached":11,"language":"ENG","playtime":356,"items_purged":[],"score":196,"play_id":"8554ce6f-4328-4924-acb3-8b5f199dd3c5","local_time":"20210123222845","is_ascension_mode":true,"campfire_choices":[{"data":"ReturningBlade+1","floor":7,"key":"SMITH"}],"circlet_count":0,"master_deck":["AscendersBane","Strike_S","Strike_S","Strike_S+1","Strike_S","Defend_S","Defend_S","Defend_S","Defend_S","KidneyShot+1","Exchange","Starlight","Starlight","Regret","ReturningBlade+2","TimeWarp+1","Hightail"],"relics":["Uniform","NeowsBlessing","infinitespire:Broken Mirror","Molten Egg 2","ReplayTheSpireMod:TigerMarble","Replay:WaspNest"],"acts_visited":["Exordium"],"potions_floor_usage":[11],"damage_taken":[{"damage":0,"enemies":"2 Louse","floor":1,"turns":1},{"damage":0,"enemies":"Small Slimes","floor":3,"turns":1},{"damage":0,"enemies":"3 Sentries","floor":6,"turns":1},{"damage":9,"enemies":"Jaw Worm","floor":8,"turns":2},{"damage":14,"enemies":"Blue Slaver","floor":10,"turns":2},{"damage":16,"enemies":"Lagavulin","floor":11,"turns":4}],"seed_played":"-3591127393730404311","potions_obtained":[{"floor":8,"key":"sneckomod:MuddlingPotion"}],"is_trial":false,"path_per_floor":["M","?","M","?","T","E","R","M","T","M","E"],"character_chosen":"THE_SERVANT","items_purchased":[],"campfire_rested":0,"item_purchase_floors":[],"current_hp_per_floor":[54,36,36,36,36,36,36,27,27,13,0,0],"gold":188,"neow_bonus":"THREE_ENEMY_KILL","is_daily":false,"chose_seed":false,"campfire_upgraded":1,"win_rate":0.0,"timestamp":1611401325,"path_taken":["M","?","M","?","?","E","R","M","T","?","E"],"items_purchased_type":[],"build_version":"2020-12-22","purchased_purges":0,"victory":false,"max_hp_per_floor":[60,60,60,60,60,60,60,60,60,60,60,60],"card_choices":[{"not_picked":["FastForward","ShatteredReality"],"picked":"Starlight","floor":1},{"not_picked":["Misdirection","Rewind"],"picked":"Starlight","floor":3},{"not_picked":["Alleviate","ShatteredReality+1"],"picked":"ReturningBlade+1","floor":6},{"not_picked":["Rewind","Misdirection"],"picked":"TimeWarp+1","floor":8},{"not_picked":["DoubleEdge+1","Defy"],"picked":"Hightail","floor":10}],"player_experience":665806,"relics_obtained":[{"floor":5,"key":"Molten Egg 2"},{"floor":6,"key":"ReplayTheSpireMod:TigerMarble"},{"floor":9,"key":"Replay:WaspNest"}],"event_choices":[{"damage_healed":0,"gold_gain":0,"player_choice":"Entered Light","damage_taken":18,"max_hp_gain":0,"max_hp_loss":0,"event_name":"Shining Light","floor":2,"gold_loss":0,"cards_upgraded":["KidneyShot","Strike_S"]},{"damage_healed":0,"gold_gain":0,"player_choice":"Box","damage_taken":0,"relics_obtained":["infinitespire:Broken Mirror"],"max_hp_gain":0,"max_hp_loss":0,"event_name":"Big Fish","floor":4,"gold_loss":0,"cards_obtained":["Regret"]}],"is_beta":false,"boss_relics":[],"items_purged_floors":[],"is_endless":false,"potions_floor_spawned":[8],"killed_by":"Lagavulin","ascension_level":20}}