{"host":"csp9nt53rootlkah","time":1611430644,"event":{"mods":["Act Like it!","BaseMod","Colored Powertips","Friendly Minions","Gensokyo","Highlight Path","Marisa£¨ìFÓê¡¡Ä§ÀíÉ³£©","Minty Spire (QoL Compilation)","Quick Restart","Replay The Spire","StSLib","TestMod","The Jungle","¡¾ÒÅÎï¿¨ÅÆ¡¿REMEMod"],"gold_per_floor":[14,14,34,224,87,106,106,106,130,55,66,391,391,426,426,522,522,532,532,545,557,572,635,650,650,675,775,775,794,814,834,834,935,935,954,604,615,625,431,431,444,844,844,876,452,452,493,493,493,543],"floor_reached":51,"language":"ZHS","playtime":2520,"items_purged":["Strike_MRS","Overencumbered","Strike_MRS","Strike_MRS"],"score":937,"play_id":"df593c1a-b542-4708-b27f-d293d9d3c543","local_time":"20210124033724","is_ascension_mode":false,"campfire_choices":[{"data":"BlazingStar","floor":7.0,"key":"SMITH"},{"data":"Acceleration","floor":13.0,"key":"SMITH"},{"data":"Gensokyo:Dawn","floor":15.0,"key":"SMITH"},{"data":"MillisecondPulsars","floor":25.0,"key":"SMITH"},{"data":"EarthLightRay","floor":28.0,"key":"SMITH"},{"floor":32.0,"key":"DIG"},{"data":"EnergyFlow","floor":40.0,"key":"SMITH"},{"data":"BinaryStars","floor":46.0,"key":"SMITH"},{"data":"CollectingQuirk","floor":49,"key":"SMITH"}],"circlet_count":0,"master_deck":["Strike_MRS","Defend_MRS","Defend_MRS","Defend_MRS","Defend_MRS","UpSweep","Gensokyo:Dawn+1","EarthLightRay+1","BlazingStar+1","Acceleration+1","BinaryStars+1","StarBarrage+1","EnergyFlow+1","Acceleration","MillisecondPulsars+1","MagicAbsorber","Acceleration","SporeBomb","ShootingEcho+1","EventHorizon","CollectingQuirk+1"],"relics":["MiniHakkero","REME_ComplimentaryCards","testmod-CardMagician","Happy Flower","Replay:Rubber Ducky","testmod-Antiphasic","Ornamental Fan","Smiling Mask","Thread and Needle","RampagingMagicTools","ReplayFunnel","Replay:Bottled Flurry","Juzu Bracelet","Dream Catcher","testmod-StringDisintegrator","ClockworkSouvenir","Bag of Preparation","MealTicket","testmod-CrystalShield","Orichalcum","Bronze Scales","Replay:Bandana","Peace Pipe"],"acts_visited":["Gensokyo:Gensokyo","TheCity","TheBeyond"],"potions_floor_usage":[],"damage_taken":[{"damage":0.0,"enemies":"Gensokyo:Gryphon","floor":1.0,"turns":2.0},{"damage":1.0,"enemies":"Gensokyo:2_Kodama","floor":3.0,"turns":2.0},{"damage":0.0,"enemies":"Gensokyo:Python","floor":6.0,"turns":2.0},{"damage":0.0,"enemies":"Gensokyo:2_Rabbits","floor":11.0,"turns":8.0},{"damage":17.0,"enemies":"Gensokyo:Aya","floor":12.0,"turns":6.0},{"damage":0.0,"enemies":"Gensokyo:Mamizou","floor":14.0,"turns":4.0},{"damage":21.0,"enemies":"Gensokyo:Kokoro","floor":16.0,"turns":7.0},{"damage":0.0,"enemies":"3 Byrds","floor":18.0,"turns":5.0},{"damage":3.0,"enemies":"Chosen","floor":20.0,"turns":2.0},{"damage":6.0,"enemies":"3 Cultists","floor":21.0,"turns":4.0},{"damage":8.0,"enemies":"Centurion and Healer","floor":22.0,"turns":3.0},{"damage":6.0,"enemies":"Book of Stabbing","floor":23.0,"turns":4.0},{"damage":5.0,"enemies":"Shelled Parasite and Fungi","floor":24.0,"turns":2.0},{"damage":0.0,"enemies":"Cultist and Chosen","floor":29.0,"turns":3.0},{"damage":0.0,"enemies":"Chosen and Byrds","floor":30.0,"turns":2.0},{"damage":0.0,"enemies":"Snake Plant","floor":31.0,"turns":3.0},{"damage":5.0,"enemies":"Pondfish","floor":33.0,"turns":8.0},{"damage":0.0,"enemies":"Orb Walker","floor":35.0,"turns":1.0},{"damage":0.0,"enemies":"3 Shapes","floor":37.0,"turns":1.0},{"damage":0.0,"enemies":"3 Darklings","floor":38.0,"turns":3.0},{"damage":0.0,"enemies":"Jaw Worm Horde","floor":41.0,"turns":3.0},{"damage":0.0,"enemies":"Giant Head","floor":44.0,"turns":5.0},{"damage":2.0,"enemies":"Reptomancer","floor":47.0,"turns":3.0},{"damage":5,"enemies":"Replay:Hell Engine","floor":50,"turns":3}],"seed_played":"-2408013311323720034","potions_obtained":[{"floor":11.0,"key":"Energy Potion"},{"floor":16.0,"key":"testmod-TestPotion"},{"floor":21.0,"key":"REME_GoldPotion"},{"floor":24.0,"key":"Explosive Potion"},{"floor":33.0,"key":"FearPotion"},{"floor":35.0,"key":"testmod-EscapePotion"}],"is_trial":false,"path_per_floor":["M","?","M","?","COS","M","R","?","T","$","M","E","R","E","R","B",null,"M","?","M","M","M","E","M","R","T","?","R","M","M","M","R","B",null,"M","$","M","M","$","R","M","?","T","E","$","R","E","?","R","B",null],"character_chosen":"MARISA","items_purchased":["ClockworkSouvenir","Bag of Preparation","MealTicket","Bronze Scales","Replay:Bandana","EventHorizon"],"campfire_rested":0,"item_purchase_floors":[36,36,39,45,45,45],"current_hp_per_floor":[89,89,88,88,88,89,89,89,89,89,89,76,76,80,80,63,89,89,89,86,80,76,74,73,73,73,73,73,73,73,79,79,80,89,89,89,89,89,89,89,89,89,89,89,89,89,87,87,87,88],"gold":543,"neow_bonus":"TWENTY_PERCENT_HP_BONUS","is_daily":false,"chose_seed":false,"campfire_upgraded":8,"win_rate":0.0,"timestamp":1611430644,"path_taken":["M","?","?","?","COS","M","R","?","T","?","M","E","R","E","R","BOSS","M","?","M","M","M","E","M","R","T","?","R","M","M","M","R","BOSS","M","$","M","M","$","R","M","?","T","E","$","R","E","?","R","BOSS"],"items_purchased_type":["Relic","Relic","Relic","Relic","Relic","Card"],"build_version":"2020-12-22","purchased_purges":4,"victory":true,"max_hp_per_floor":[89,89,89,89,89,89,89,89,89,89,89,89,89,89,89,89,89,89,89,89,89,89,89,89,89,89,89,89,89,89,89,89,89,89,89,89,89,89,89,89,89,89,89,89,89,89,89,89,89,89],"card_choices":[{"not_picked":["GalacticHalo","GrandCross","AsteroidBelt"],"picked":"SKIP","floor":1.0},{"not_picked":["MagicAbsorber","GrandCross"],"picked":"EarthLightRay","floor":3.0},{"not_picked":["GravityBeat","WitchLeyline"],"picked":"BlazingStar","floor":4.0},{"not_picked":["Singularity","Acceleration","ChargeUpSpray"],"picked":"SKIP","floor":6.0},{"not_picked":["GravityBeat","AsteroidBelt"],"picked":"Acceleration","floor":11.0},{"not_picked":["StarlightTyphoon","ShootingEcho","EarthLightRay"],"picked":"SKIP","floor":12.0},{"not_picked":["PowerUp","EventHorizon","DragonMeteor"],"picked":"SKIP","floor":14.0},{"not_picked":["SatelliteIllusion","BigCrunch"],"picked":"BinaryStars","floor":16.0},{"not_picked":["MilkyWay+1","UnstableBomb"],"picked":"StarBarrage+1","floor":18.0},{"not_picked":["MilkyWay","GravityBeat"],"picked":"EnergyFlow","floor":20.0},{"not_picked":["6A+1","ShootingEcho"],"picked":"Acceleration","floor":21.0},{"not_picked":["PulseMagic","SporeBomb"],"picked":"MillisecondPulsars","floor":22.0},{"not_picked":["NonDirectionalLaser+1","GalacticHalo","ChargingUp"],"picked":"SKIP","floor":23.0},{"not_picked":["StarBarrage","MilkyWay+1"],"picked":"MagicAbsorber","floor":24.0},{"not_picked":["WitchOfGreed","WitchLeyline"],"picked":"Acceleration","floor":29.0},{"not_picked":["WitchOfGreed","GravityBeat"],"picked":"SporeBomb","floor":30.0},{"not_picked":["BigCrunch","MeteoricShower","SporeBomb+1"],"picked":"SKIP","floor":31.0},{"not_picked":["StarBarrage","Robbery+1","MilkyWay+1"],"picked":"SKIP","floor":35.0},{"not_picked":["DC+1","WitchOfGreed"],"picked":"ShootingEcho+1","floor":37.0},{"not_picked":["Robbery+1","NonDirectionalLaser","SprinkleStarSeal"],"picked":"SKIP","floor":38.0},{"not_picked":["EnergyRecoil","NonDirectionalLaser+1","SporeBomb"],"picked":"SKIP","floor":41.0},{"not_picked":["MysteriousBeam","RefractionSpark","UnstableBomb+1"],"picked":"SKIP","floor":44.0},{"not_picked":["GrandCross","AsteroidBelt"],"picked":"CollectingQuirk","floor":47.0}],"player_experience":131232,"relics_obtained":[{"floor":9.0,"key":"Replay:Rubber Ducky"},{"floor":12.0,"key":"Ornamental Fan"},{"floor":14.0,"key":"Smiling Mask"},{"floor":23.0,"key":"Replay:Bottled Flurry"},{"floor":26.0,"key":"Juzu Bracelet"},{"floor":32.0,"key":"Dream Catcher"},{"floor":43.0,"key":"testmod-CrystalShield"},{"floor":44.0,"key":"Orichalcum"},{"floor":47.0,"key":"Peace Pipe"}],"event_choices":[{"damage_healed":0.0,"max_hp_gain":0.0,"max_hp_loss":0.0,"gold_gain":100.0,"event_name":"Golden Shrine","player_choice":"Pray","floor":27.0,"gold_loss":0.0,"damage_taken":0.0},{"damage_healed":0.0,"max_hp_gain":0.0,"max_hp_loss":0.0,"gold_gain":400.0,"event_name":"¶÷ÂåË¹µÄÅÌ×Ó","player_choice":"Sell","floor":42.0,"relics_lost":["testmod-TestBox"],"gold_loss":0.0,"damage_taken":0.0}],"is_beta":false,"boss_relics":[{"not_picked":["Cursed Key","testmod-NegativeEmotionEnhancer"],"picked":"RampagingMagicTools"},{"not_picked":["REME_LowDesire","ChewingGum"],"picked":"testmod-StringDisintegrator"}],"items_purged_floors":[10,36,39,45],"is_endless":false,"potions_floor_spawned":[11,16,21,24,30,31,33,35,44],"ascension_level":0}}