{"host":"rjfefv2ruvigm2gb","time":1611431806,"event":{"mods":["A Penny For Your Troubles","Act Like it!","AlwaysNeverKeys","BaseMod","Better Third Choice","Block Reminder","Conspire","Curses Come First","Displayed Cursed Tome","Elementarium","Fox Events","Gensokyo","GifTheSpireLib","Gold Saver","Googly Eyes","HexUI Lib","Hubris","Infinite Spire","Ironclad Rager","Luminous","Marked Mod","Melee Mod","Mimic Mod","Minty Spire (QoL Compilation)","Mirrors Mod","Permanent Neow","Poor People Problems","Quick Restart","Relic Filter","Relic Stats","Replay The Spire","Retaliation","Shop Mod","Small Relic Pack","StS++","StSLib","Stuff the Spire","SuperFastMode","The Blue Laboratory","TheHero","Thieving Mod","Transform Curses","Uncapped","Virulent Crown","Watcher Patcher"],"gold_per_floor":[119,138,154,91,0,0,16,16,16,16,45,45,65,65,65,170,170,185,185,185,200,216,216,243,243,268,268,268,282,282,344,344,442,442,506,202,202,220,240,240,271,271,319,354,354,369,453,514,514,515,515,515,684,717,767],"floor_reached":56,"language":"ENG","playtime":2897,"items_purged":["animeID:DefendMH"],"score":1274,"play_id":"a95569cd-cd8a-443b-af81-9d36a3cb3d26","local_time":"20210123135646","is_ascension_mode":true,"campfire_choices":[{"data":"Enlightenment","floor":6.0,"key":"SMITH"},{"data":"animeID:Uraraka","floor":10.0,"key":"SMITH"},{"data":"animeID:PlusUltra","floor":15.0,"key":"SMITH"},{"data":"animeID:RedRiot","floor":23.0,"key":"SMITH"},{"data":"animeID:MirioTogata","floor":25.0,"key":"SMITH"},{"data":"animeID:Himiko","floor":30.0,"key":"SMITH"},{"floor":32.0,"key":"DIG"},{"data":"animeID:Rei","floor":42.0,"key":"SMITH"},{"data":"animeID:Bakugo","floor":45.0,"key":"SMITH"},{"floor":49.0,"key":"DIG"},{"data":"animeID:Smash","floor":52,"key":"SMITH"},{"data":"animeID:Smash","floor":52,"key":"SMITH"}],"circlet_count":0,"master_deck":["animeID:Deku","animeID:Bakugo+1","animeID:Smash+1","animeID:Smash+1","animeID:Smash","animeID:Smash","animeID:DefendMH","animeID:DefendMH","animeID:Rei+1","animeID:Kirishima+1","animeID:Uraraka+1","animeID:USA_Smash","Enlightenment+1","animeID:PlusUltra+1","animeID:Himiko+1","animeID:RedRiot+1","animeID:Kirishima+1","animeID:Kirishima+1","animeID:MirioTogata+1","animeID:Endeavor+1","animeID:RecoveryGirl+1","animeID:Kirishima+1","animeID:Uraraka+1","animeID:ProminenceBurn+1","animeID:Mineta+1","animeID:USA_Smash","animeID:Endeavor+1","animeID:Kaminari+1","animeID:Hawks"],"relics":["animeID:HeroCostume","NeowsBlessing","relicPack:OneForAll","Philosopher\u0027s Stone","relicPack:KazumaCape","infinitespire:Blanks Blanky","Orichalcum","hubris:Towel","Elementarium:ElementariumTrophy","Honey Jar","Bronze Scales","StuffTheSpire:GreaterSneckoEye","hubris:CrystalStatue","hubris:SlimyHat","infinitespire:Lucky Rock","StSpp:Monolith","MerchantsRug","hubris:BottledRain"],"acts_visited":["Exordium","Exordium","TheBeyond","TheEnding"],"potions_floor_usage":[50,55,55,55],"damage_taken":[{"damage":0.0,"enemies":"infinitespire:Voidling","floor":1.0,"turns":1.0},{"damage":0.0,"enemies":"Cultist","floor":2.0,"turns":2.0},{"damage":0.0,"enemies":"conspire:RoseBush","floor":3.0,"turns":1.0},{"damage":0.0,"enemies":"Looter","floor":7.0,"turns":1.0},{"damage":0.0,"enemies":"Replay:BlueRogue","floor":11.0,"turns":2.0},{"damage":12.0,"enemies":"3 Louse","floor":13.0,"turns":5.0},{"damage":3.0,"enemies":"The Guardian","floor":16.0,"turns":5.0},{"damage":0.0,"enemies":"Elementarium:Cyclone","floor":18.0,"turns":3.0},{"damage":0.0,"enemies":"Elementarium:VoidCorruption","floor":21.0,"turns":2.0},{"damage":9.0,"enemies":"Elementarium:3_ELEMENTALS","floor":22.0,"turns":5.0},{"damage":0.0,"enemies":"Elementarium:WarGolem","floor":24.0,"turns":2.0},{"damage":5.0,"enemies":"Elementarium:Hydrostalker","floor":29.0,"turns":3.0},{"damage":0.0,"enemies":"Elementarium:RubyGolem","floor":31.0,"turns":4.0},{"damage":12.0,"enemies":"Elementarium:GoldenDragon","floor":33.0,"turns":14.0},{"damage":5.0,"enemies":"3 Shapes","floor":35.0,"turns":5.0},{"damage":0.0,"enemies":"Orb Walker","floor":38.0,"turns":2.0},{"damage":0.0,"enemies":"Transient","floor":39.0,"turns":5.0},{"damage":0.0,"enemies":"Reptomancer","floor":41.0,"turns":1.0},{"damage":0.0,"enemies":"Giant Head","floor":44.0,"turns":5.0},{"damage":0.0,"enemies":"Spire Growth","floor":46.0,"turns":3.0},{"damage":0.0,"enemies":"R_Hoarder","floor":47.0,"turns":5.0},{"damage":0.0,"enemies":"4 Shapes","floor":48.0,"turns":2.0},{"damage":10,"enemies":"MirrorBossEncounter","floor":50,"turns":6},{"damage":0,"enemies":"Shield and Spear","floor":54,"turns":2},{"damage":13,"enemies":"The Heart","floor":55,"turns":5}],"seed_played":"8747511897008919497","potions_obtained":[{"floor":1.0,"key":"blueLaboratory:CorrosionFlask"},{"floor":2.0,"key":"SpeedPotion"},{"floor":24.0,"key":"FearPotion"},{"floor":35.0,"key":"SteroidPotion"},{"floor":47.0,"key":"GamblersBrew"},{"floor":48.0,"key":"Fruit Juice"},{"floor":54,"key":"blueLaboratory:NullPotion"}],"is_trial":false,"path_per_floor":["M","M","M","$","?","R","M","?","T","R","E","$","M","T","R","B",null,"M","?","?","M","M","R","E","R","T","?","?","M","R","M","R","B",null,"M","$","?","M","M","?","E","R","T","E","R","M","E","M","R","B",null,"R","$","E","B",null],"character_chosen":"THE_HERO","items_purchased":["BargainBundle","Replay:Wax Seal","blueLaboratory:FruitPunch","blueLaboratory:StoneskinPotion","animeID:USA_Smash","Bronze Scales","relicPack:InfinityGauntlet","MerchantsRug","infinitespire:BlackPotion","blueLaboratory:HummingbirdPotion"],"campfire_rested":0,"item_purchase_floors":[4,4,4,4,4,36,36,53,53,53],"current_hp_per_floor":[75,75,75,75,81,81,81,81,81,81,83,83,73,73,73,74,83,83,83,83,83,78,78,78,78,78,78,78,75,75,79,79,75,83,80,80,80,82,83,63,71,71,71,83,83,83,83,88,88,82,88,88,88,88,87],"gold":767,"neow_bonus":"THREE_ENEMY_KILL","is_daily":false,"chose_seed":false,"campfire_upgraded":10,"win_rate":0.0,"timestamp":1611431806,"path_taken":["M","M","?","?","?","R","M","?","T","R","E","$","M","?","R","BOSS","M","?","?","M","?","R","E","R","T","?","?","M","R","M","R","BOSS","M","$","?","M","M","?","E","R","T","E","R","M","E","M","R","BOSS","R","$","E","BOSS"],"items_purchased_type":["Relic","Relic","Potion","Potion","Card","Relic","Relic","Relic","Potion","Potion"],"build_version":"2020-12-22","purchased_purges":1,"victory":true,"max_hp_per_floor":[75,75,75,75,81,81,81,81,81,81,83,83,83,83,83,83,83,83,83,83,83,83,83,83,83,83,83,83,83,83,83,83,83,83,83,83,83,83,83,83,83,83,83,83,83,83,83,88,88,88,88,88,88,88,88],"relic_stats":{"counters":[25,91],"Bronze Scales":[87],"Orichalcum":[66],"obtain_stats":[{"hubris:CrystalStatue":41,"StuffTheSpire:GrapeVine":11,"hubris:SlimyHat":43,"infinitespire:Blanks Blanky":17,"relicPack:InfinityGauntlet":36,"relicPack:OneForAll":8,"StuffTheSpire:SapphireSignet":9,"Honey Jar":34,"Philosopher\u0027s Stone":17,"Replay:Wax Seal":4,"Replay:Bottled Eggs":14,"Toxic Egg 2":32,"StSpp:Monolith":47,"MerchantsRug":53,"BargainBundle":4,"NeowsBlessing":0,"Replay:Grab Bag":17,"infinitespire:Lucky Rock":44,"Orichalcum":26,"hubris:Towel":28,"Replay:Arrowhead":49,"relicPack:KazumaCape":17,"Elementarium:ElementariumTrophy":33,"Bronze Scales":36,"StuffTheSpire:GreaterSneckoEye":40,"animeID:HeroCostume":0,"hubris:Reverence":20,"hubris:BottledRain":54},{"hubris:CrystalStatue":18,"StuffTheSpire:GrapeVine":5,"hubris:SlimyHat":18,"infinitespire:Blanks Blanky":7,"relicPack:InfinityGauntlet":15,"relicPack:OneForAll":4,"StuffTheSpire:SapphireSignet":4,"Honey Jar":14,"Philosopher\u0027s Stone":7,"Replay:Wax Seal":3,"Replay:Bottled Eggs":6,"Toxic Egg 2":13,"StSpp:Monolith":21,"MerchantsRug":23,"BargainBundle":3,"NeowsBlessing":0,"Replay:Grab Bag":7,"infinitespire:Lucky Rock":19,"Orichalcum":11,"hubris:Towel":11,"Replay:Arrowhead":22,"relicPack:KazumaCape":7,"Elementarium:ElementariumTrophy":14,"Bronze Scales":15,"StuffTheSpire:GreaterSneckoEye":17,"animeID:HeroCostume":0,"hubris:Reverence":8,"hubris:BottledRain":24},{"hubris:CrystalStatue":63,"StuffTheSpire:GrapeVine":7,"hubris:SlimyHat":63,"infinitespire:Blanks Blanky":17,"relicPack:InfinityGauntlet":55,"relicPack:OneForAll":5,"StuffTheSpire:SapphireSignet":5,"Honey Jar":50,"Philosopher\u0027s Stone":17,"Replay:Wax Seal":4,"Replay:Bottled Eggs":12,"Toxic Egg 2":36,"StSpp:Monolith":76,"MerchantsRug":84,"BargainBundle":4,"NeowsBlessing":0,"Replay:Grab Bag":17,"infinitespire:Lucky Rock":68,"Orichalcum":29,"hubris:Towel":29,"Replay:Arrowhead":78,"relicPack:KazumaCape":17,"Elementarium:ElementariumTrophy":50,"Bronze Scales":55,"StuffTheSpire:GreaterSneckoEye":62,"animeID:HeroCostume":0,"hubris:Reverence":20,"hubris:BottledRain":86}]},"card_choices":[{"not_picked":["animeID:Mina","animeID:Tomura"],"picked":"animeID:Rei","floor":1.0},{"not_picked":["animeID:Twice","animeID:DetroitSmash"],"picked":"animeID:Kirishima","floor":2.0},{"not_picked":["animeID:Aoyama","animeID:Rappa"],"picked":"animeID:Uraraka","floor":3.0},{"not_picked":["animeID:Bakugo","animeID:Mineta"],"picked":"animeID:PlusUltra","floor":7.0},{"not_picked":["animeID:Momo","animeID:ToruHagakure"],"picked":"animeID:Himiko","floor":11.0},{"not_picked":["animeID:Momo","animeID:Tomura","animeID:ToruHagakure"],"picked":"SKIP","floor":13.0},{"not_picked":["animeID:Chisaki","animeID:AllMight"],"picked":"animeID:RedRiot","floor":16.0},{"not_picked":["animeID:Stain","animeID:NightEye+1","animeID:Tsuyu"],"picked":"SKIP","floor":18.0},{"not_picked":["animeID:TodorokiShoto+1","animeID:Aoyama"],"picked":"animeID:Kirishima","floor":21.0},{"not_picked":["animeID:PresentMic","animeID:Mina"],"picked":"animeID:Kirishima","floor":22.0},{"not_picked":["animeID:Kendo","animeID:Tomura"],"picked":"animeID:MirioTogata","floor":24.0},{"not_picked":["animeID:Cementoss+1","animeID:HighFive","animeID:Tamaki"],"picked":"SKIP","floor":29.0},{"not_picked":["animeID:SkinnyGum","animeID:Dabi+1","animeID:EraserHead"],"picked":"SKIP","floor":31.0},{"not_picked":["animeID:RedRiot","animeID:Chisaki"],"picked":"animeID:Endeavor+1","floor":33.0},{"not_picked":["animeID:Nomu","animeID:AllMight","animeID:Uraraka+1"],"picked":"animeID:RecoveryGirl+1","floor":35.0},{"not_picked":["animeID:Bakugo","animeID:Uraraka+1","animeID:Ojiro+1"],"picked":"animeID:Kirishima+1","floor":38.0},{"not_picked":["animeID:Mineta+1","animeID:TodorokiShoto+1","animeID:Momo"],"picked":"animeID:Uraraka+1","floor":39.0},{"not_picked":["animeID:Kirishima+1","animeID:Rei","animeID:Ojiro+1"],"picked":"animeID:ProminenceBurn+1","floor":41.0},{"not_picked":["animeID:Muscular+1","animeID:DelawareSmash","animeID:PresentMic+1"],"picked":"animeID:Mineta+1","floor":44.0},{"not_picked":["animeID:Iida+1","animeID:Tsuyu+1","animeID:GranTorino+1"],"picked":"animeID:USA_Smash","floor":46.0},{"not_picked":["animeID:Cementoss+1","animeID:DetroitDelaware","animeID:Mezo"],"picked":"animeID:Endeavor+1","floor":47.0},{"not_picked":["animeID:DetroitSmash","animeID:Momo","animeID:Twice+1"],"picked":"animeID:Kaminari+1","floor":48.0},{"not_picked":["animeID:Momo","animeID:Kaminari+1","animeID:Crystallize"],"picked":"animeID:Hawks","floor":54}],"player_experience":1010745,"relics_obtained":[{"floor":9.0,"key":"StuffTheSpire:SapphireSignet"},{"floor":11.0,"key":"StuffTheSpire:GrapeVine"},{"floor":14.0,"key":"Replay:Bottled Eggs"},{"floor":26.0,"key":"Orichalcum"},{"floor":32.0,"key":"Toxic Egg 2"},{"floor":40.0,"key":"StuffTheSpire:GreaterSneckoEye"},{"floor":41.0,"key":"hubris:CrystalStatue"},{"floor":43.0,"key":"hubris:SlimyHat"},{"floor":44.0,"key":"infinitespire:Lucky Rock"},{"floor":47.0,"key":"StSpp:Monolith"},{"floor":49.0,"key":"Replay:Arrowhead"},{"floor":54,"key":"hubris:BottledRain"}],"event_choices":[{"damage_healed":0.0,"max_hp_gain":0.0,"max_hp_loss":0.0,"gold_gain":0.0,"event_name":"betterThird:BetterSerpent","player_choice":"RENOUNCE","floor":5.0,"gold_loss":91.0,"damage_taken":91.0,"cards_obtained":["Enlightenment"]},{"damage_healed":0.0,"max_hp_gain":0.0,"max_hp_loss":0.0,"gold_gain":0.0,"event_name":"Elementarium:TarCoveredCasket","player_choice":"Open","floor":20.0,"gold_loss":0.0,"damage_taken":0.0,"relics_obtained":["hubris:Reverence"],"cards_obtained":["Elementarium:StickyTar"]},{"cards_removed":["animeID:DefendMH"],"damage_healed":0.0,"max_hp_gain":0.0,"max_hp_loss":0.0,"gold_gain":0.0,"event_name":"Elementarium:LostScrolls","player_choice":"Burn","floor":27.0,"gold_loss":0.0,"damage_taken":0.0}],"is_beta":false,"boss_relics":[{"not_picked":["Velvet Choker","StuffTheSpire:RunicHypercube"],"picked":"Replay:Grab Bag"},{"not_picked":["conspire:RoyalGoblet","Abe\u0027s Treasure"],"picked":"Philosopher\u0027s Stone"},{"not_picked":["StSpp:FireArrow","Runic Pyramid"],"picked":"relicPack:KazumaCape"},{"not_picked":["conspire:SpecialSausage","SacredBark"],"picked":"infinitespire:Blanks Blanky"},{"not_picked":["Replay:Ancient Bell","Replay:Wanted Poster"],"picked":"Honey Jar"}],"items_purged_floors":[4],"is_endless":false,"potions_floor_spawned":[1,2,3,18,24,33,35,47,48,54],"ascension_level":1}}