{"host":"q349ucdsdrgdzjwk","time":1611443772,"event":{"mods":["2.2 Compatiblity","A Penny For Your Troubles","AchievementEnabler","BaseMod","Beaked The Cultist","Better Altar","Better Match","Better Note","Better Skull","Better Third Choice","BetterRewards","Displayed Cursed Tome","Downfall","Friendly Minions","Googly Eyes","Gremlin Mod","Hermit","Hubris","Marisa????????","Minty Spire (QoL Compilation)","Permanent Neow","Robot Space Explorer","Shop Mod","Spire Arcade","StSLib","The Construct","The Cursed","The Disciple","The Marked","The Necromancer","The Servant 0.9.4","TheVacant","Transform Curses"],"gold_per_floor":[112,112,112,124,143,172,172,186,210,226,241,261,292,14,14,117,117,127,127,127,139,201,213,213],"floor_reached":23,"language":"ENG","playtime":1742,"items_purged":[],"score":226,"play_id":"86ee0d4e-c6ff-4ee5-a962-432af16806ff","local_time":"20210123231612","is_ascension_mode":false,"campfire_choices":[{"data":"Gremlin:Rhythm","floor":7,"key":"SMITH"},{"data":"Gremlin:Rhythm","floor":15,"key":"SMITH"}],"circlet_count":0,"master_deck":["Gremlin:Strike","Gremlin:Strike","Gremlin:Strike","Gremlin:Strike","Gremlin:Defend","Gremlin:Defend","Gremlin:Defend","Gremlin:Defend","Gremlin:TagTeam","Gremlin:GremlinDance","Gremlin:Rhythm+1","Gremlin:Irritability","Gremlin:IrksomeBlow","Gremlin:Rhythm+1","Gremlin:CounterStrike","Gremlin:Pinprick","Gremlin:PartyStick","Gremlin:TwistTheKnife","Gremlin:BubbleBarrier","Gremlin:DaggerDance","Gremlin:FairyDust","Gremlin:Pretaliation+1","Stop_Heart+1","Writhe"],"relics":["Gremlin:GremlinKnob","hubris:Zylophone","hubris:CuriousFeather","Mummified Hand","Blood Vial","sneckomod:BlankCard","MerchantsRug","hubris:64BitClover","Cursed Key","MawBank"],"acts_visited":["Exordium","TheCity"],"potions_floor_usage":[6,10,13,13],"damage_taken":[{"damage":5,"enemies":"Cultist","floor":1,"turns":4},{"damage":4,"enemies":"Jaw Worm","floor":4,"turns":4},{"damage":5,"enemies":"2 Louse","floor":5,"turns":2},{"damage":39,"enemies":"Gremlin Nob","floor":6,"turns":4},{"damage":0,"enemies":"Exordium Wildlife","floor":8,"turns":2},{"damage":1,"enemies":"2 Fungi Beasts","floor":10,"turns":2},{"damage":6,"enemies":"Looter","floor":11,"turns":3},{"damage":15,"enemies":"Exordium Thugs","floor":12,"turns":2},{"damage":0,"enemies":"Lagavulin","floor":13,"turns":2},{"damage":62,"enemies":"Slime Boss","floor":16,"turns":13},{"damage":10,"enemies":"Spheric Guardian","floor":18,"turns":8},{"damage":19,"enemies":"Gremlin Leader","floor":23,"turns":1}],"seed_played":"-7411537002441174707","potions_obtained":[{"floor":4,"key":"Strength Potion"},{"floor":6,"key":"FearPotion"},{"floor":8,"key":"Weak Potion"},{"floor":10,"key":"SteroidPotion"},{"floor":16,"key":"SpeedPotion"}],"is_trial":false,"path_per_floor":["M","T","?","M","M","E","R","M","T","M","M","M","E","$","R","B",null,"M","?","?","$","?","E"],"character_chosen":"GREMLIN","items_purchased":["Gremlin:Rhythm","hubris:Zylophone","ClockworkSouvenir","MerchantsRug","hubris:64BitClover"],"campfire_rested":0,"item_purchase_floors":[0,0,0,14,14],"current_hp_per_floor":[16,16,13,19,13,13,13,13,13,15,15,12,8,8,8,8,20,10,10,10,10,10,0,0],"gold":213,"neow_bonus":"","is_daily":false,"chose_seed":false,"campfire_upgraded":2,"win_rate":0.0,"timestamp":1611443772,"path_taken":["M","?","?","M","M","E","R","M","T","M","M","M","E","?","R","BOSS","M","?","?","$","?","E"],"items_purchased_type":["Card","Relic","Relic","Relic","Relic"],"build_version":"2020-12-22","purchased_purges":0,"victory":false,"max_hp_per_floor":[20,20,20,20,20,20,20,20,20,20,20,20,20,20,20,20,20,20,20,20,20,20,20,20],"card_choices":[{"not_picked":["Gremlin:Patsy","Gremlin:ToeStub"],"picked":"Gremlin:Irritability","floor":1},{"not_picked":["Gremlin:Pinprick","Gremlin:Irritability"],"picked":"Gremlin:IrksomeBlow","floor":4},{"not_picked":["Gremlin:GremlinToss","Gremlin:Tricksy"],"picked":"Gremlin:Rhythm","floor":5},{"not_picked":["Gremlin:Mockery","Gremlin:Jeer"],"picked":"Gremlin:CounterStrike","floor":6},{"not_picked":["Gremlin:Pretaliation","Gremlin:Tadah"],"picked":"Gremlin:Pinprick","floor":8},{"not_picked":["Gremlin:Unforgiving+1","Gremlin:Tadah"],"picked":"Gremlin:PartyStick","floor":10},{"not_picked":["Gremlin:Tadah","Gremlin:PartyStick"],"picked":"Gremlin:TwistTheKnife","floor":11},{"not_picked":["Gremlin:PinNeedle","Gremlin:Tricksy"],"picked":"Gremlin:BubbleBarrier","floor":12},{"not_picked":["Gremlin:BubbleBarrier","Gremlin:Irritability"],"picked":"Gremlin:DaggerDance","floor":13},{"not_picked":["Gremlin:ShowStopper","Gremlin:Duplicate"],"picked":"Gremlin:FairyDust","floor":16},{"not_picked":["Gremlin:Tadah","Gremlin:FanOfKnives"],"picked":"Gremlin:Pretaliation+1","floor":18}],"player_experience":440036,"relics_obtained":[{"floor":2,"key":"hubris:CuriousFeather"},{"floor":6,"key":"Mummified Hand"},{"floor":9,"key":"Blood Vial"},{"floor":13,"key":"sneckomod:BlankCard"}],"event_choices":[{"damage_healed":0,"gold_gain":0,"player_choice":"Relic ","damage_taken":3,"max_hp_gain":0,"max_hp_loss":0,"event_name":"betterThird:BetterScrap","floor":3,"gold_loss":0,"cards_obtained":["Fasting2"]},{"cards_removed":["Gremlin:Pinprick"],"damage_healed":0,"gold_gain":0,"player_choice":"Take \u0026 Give","damage_taken":0,"max_hp_gain":0,"max_hp_loss":0,"event_name":"betterNote:BetterNote","floor":19,"gold_loss":0,"cards_obtained":["Stop_Heart"]},{"damage_healed":0,"gold_gain":0,"player_choice":"Opened","damage_taken":0,"relics_obtained":["MawBank"],"max_hp_gain":0,"max_hp_loss":0,"event_name":"The Mausoleum","floor":20,"gold_loss":0,"cards_obtained":["Writhe"]},{"damage_healed":0,"gold_gain":100,"player_choice":"Bet on Murderer","damage_taken":0,"max_hp_gain":0,"max_hp_loss":0,"event_name":"The Joust","floor":22,"gold_loss":50}],"is_beta":false,"boss_relics":[{"not_picked":["Fusion Hammer","hubris:VirtuousBlindfold"],"picked":"Cursed Key"}],"items_purged_floors":[],"is_endless":false,"potions_floor_spawned":[4,6,8,10,16],"killed_by":"Gremlin Leader","ascension_level":0}}