{"host":"f0dbpmn0khgeoqc0","time":1611435702,"event":{"mods":["2.2 Compatiblity","A Penny For Your Troubles","AchievementEnabler","Act Like it!","Ascension Unlocker","Aspiration","BaseMod","Better Altar","Better Match","Better Sensory Stone","Better Skull","Better Third Choice","BetterRewards","Block Reminder","Colored Map","Colored Powertips","Conspire","DNKmod","Disable Question Mark Monsters","Displayed Cursed Tome","Downfall","Evolution","Friendly Minions","Hermit","Highlight Path","Humility","Infinite Spire","Jorbs\u0027s Wanderer Trilogy","Koishi","Marisa????????","Minty Spire (QoL Compilation)","MostiFishMod","Permanent Neow","Random Character Button","Relic Filter","Relic Stats","Spicy Shops","Spire Arcade","StSLib","Td1madao Mod","The Gatherer","Treasure Hunter","Wandering Minibosses","??????REMEMod"],"gold_per_floor":[149,149,149,160,1,1,33,49,49,65,81,111,126,142,142,239,239,257,17,32,44,56,56,85,85,85,99,110,110,145,158,158,255,255,266,283,283,283,283,283,311,311,311,342,342,360,79,96,96,97],"floor_reached":51,"language":"ENG","playtime":3862,"items_purged":[],"score":1111,"play_id":"6ecd5744-cf2b-4330-92d3-9baaa271f7e8","local_time":"20210123160142","is_ascension_mode":true,"campfire_choices":[{"data":"bronze:FineTuning","floor":6,"key":"SMITH"},{"data":"bronze:Mutator","floor":15,"key":"SMITH"},{"floor":23,"key":"REST"},{"data":"MostiFishMod:PerfectForm","floor":25,"key":"SMITH"},{"data":"bronze:Repair","floor":32,"key":"SMITH"},{"floor":40,"key":"RECALL"},{"data":"bronze:FindAndReplace","floor":42,"key":"SMITH"},{"data":"MostiFishMod:FantasySummer","floor":45,"key":"SMITH"},{"data":"bronze:Boost","floor":49,"key":"SMITH"}],"circlet_count":0,"master_deck":["bronze:CutThrough","bronze:Strike","bronze:Strike","bronze:Defend","bronze:Defend","bronze:Defend","bronze:Defend","bronze:Replicate","bronze:Goto","Gatherer:HeartToFruit","bronze:CutThrough","bronze:CleanCode","bronze:FineTuning+1","TH:CopperCoins","bronze:Iterate","bronze:BronzeArmor","TH:CursedSword","bronze:Philosophize","bronze:Mutator+1","TH:DeckOfManyThings","bronze:OilSpill","bronze:WildBeam","bronze:DarkDash","TH:PixieDust","bronze:FindAndReplace+1","MostiFishMod:PerfectForm+1","bronze:Flail","bronze:Terminator","bronze:Repair+1","bronze:FineTuning","bronze:CutThrough","TH:CopperCoins","bronze:Iterate","bronze:Branch","Ghostly","Ghostly","Ghostly","Ghostly","Ghostly","TH:TreasureMap","bronze:Terminator","bronze:FineTuning","TH:DeckOfManyThings","bronze:Virus","MostiFishMod:Neptune","MostiFishMod:TheEndOfMoonlight","MostiFishMod:SparklingWater","MostiFishMod:FantasySummer+1","MostiFishMod:NightSea","bronze:WhirlingStrike+1","bronze:Optimize+1","AscendersBane","bronze:Shell+1","TH:CopperCoins","bronze:FineTuning+1","TH:CopperCoins","TH:BikiniMail","bronze:ItsAFeature+1","bronze:BuggyMess","bronze:Boost+1","bronze:Flail","bronze:DelayedSlice","bronze:Allocate","bronze:Invalidate"],"relics":["bronze:BronzeCore","EVO:Axolotl","DaveBox","REME_ComplimentaryCards","EGODaCapo","NeowsBlessing","SynthV:TestCard","Membership Card","MealTicket","Bottled Flame","bronze:SilverBullet","aspiration:PoetsPen","Oddly Smooth Stone","infinitespire:Satchel","Red Mask","Anchor","wanderingMiniBosses:AbyssPearl","Pear","MoonlightInvasionPlan","Sling","ChiXiaoBlade","Pen Nib","Bottled Lightning","conspire:DeflatedDodgeball","Sling","Ancient Tea Set"],"acts_visited":["Exordium","TheCity","TheBeyond"],"potions_floor_usage":[12,12,18,18,20,21,27,27,50],"damage_taken":[{"damage":0,"enemies":"Cultist","floor":1,"turns":1},{"damage":0,"enemies":"infinitespire:Voidling","floor":4,"turns":1},{"damage":0,"enemies":"Lagavulin","floor":7,"turns":2},{"damage":8,"enemies":"Jaw Worm","floor":8,"turns":2},{"damage":3,"enemies":"2 Fungi Beasts","floor":10,"turns":2},{"damage":0,"enemies":"Blue Slaver","floor":11,"turns":3},{"damage":0,"enemies":"3 Sentries","floor":12,"turns":3},{"damage":0,"enemies":"Looter","floor":13,"turns":2},{"damage":6,"enemies":"Large Slime","floor":14,"turns":6},{"damage":33,"enemies":"The Guardian","floor":16,"turns":10},{"damage":43,"enemies":"Shell Parasite","floor":18,"turns":5},{"damage":31,"enemies":"Spheric Guardian","floor":20,"turns":7},{"damage":0,"enemies":"Centurion and Healer","floor":21,"turns":3},{"damage":26,"enemies":"Snecko","floor":22,"turns":4},{"damage":6,"enemies":"Masked Bandits","floor":24,"turns":1},{"damage":3,"enemies":"conspire:HollyBat","floor":27,"turns":8},{"damage":0,"enemies":"Cultist and Chosen","floor":28,"turns":4},{"damage":0,"enemies":"conspire:Head Lice","floor":30,"turns":6},{"damage":24,"enemies":"Snecko","floor":31,"turns":8},{"damage":1,"enemies":"conspire:MysteriousRune","floor":33,"turns":10},{"damage":0,"enemies":"Orb Walker","floor":35,"turns":5},{"damage":0,"enemies":"3 Shapes","floor":36,"turns":1},{"damage":1,"enemies":"Nemesis","floor":41,"turns":5},{"damage":0,"enemies":"Giant Head","floor":44,"turns":3},{"damage":0,"enemies":"Writhing Mass","floor":46,"turns":3},{"damage":0,"enemies":"Transient","floor":48,"turns":6},{"damage":0,"enemies":"Time Eater","floor":50,"turns":4}],"seed_played":"4805221442160694596","potions_obtained":[{"floor":3,"key":"AttackPotion"},{"floor":3,"key":"conspire:TimeTravelPotion"},{"floor":3,"key":"Energy Potion"},{"floor":12,"key":"sneckomod:MuddlingPotion"},{"floor":13,"key":"bronze:BurnAndBuffPotion"},{"floor":16,"key":"SkillPotion"},{"floor":18,"key":"Explosive Potion"},{"floor":21,"key":"sneckomod:MuddlingPotion"},{"floor":24,"key":"SteroidPotion"},{"floor":28,"key":"Dexterity Potion"},{"floor":36,"key":"BlessingOfTheForge"},{"floor":41,"key":"SteroidPotion"}],"is_trial":false,"path_per_floor":["M","?","?","M","$","R","E","M","T","M","M","E","M","M","R","B",null,"M","$","M","M","M","R","?","R","T","M","M","?","E","M","R","B",null,"M","M","?","AVR","?","R","E","R","T","E","R","M","$","M","R","B",null],"character_chosen":"THE_AUTOMATON","items_purchased":["Membership Card","bronze:FineTuning","MostiFishMod:PerfectForm","bronze:Flail","Oddly Smooth Stone","infinitespire:Satchel","bronze:Boost","bronze:Flail","bronze:DelayedSlice","bronze:Allocate","Sling","Ancient Tea Set"],"campfire_rested":1,"item_purchase_floors":[5,5,19,19,19,19,47,47,47,47,47,47],"current_hp_per_floor":[73,73,73,76,76,76,79,74,74,74,74,74,74,68,68,35,85,63,78,50,50,32,59,53,53,53,50,57,45,55,40,40,49,55,58,58,58,58,58,58,58,58,58,58,58,58,58,58,58,58],"gold":97,"neow_bonus":"THREE_ENEMY_KILL","is_daily":false,"chose_seed":false,"campfire_upgraded":7,"win_rate":0.0,"timestamp":1611435702,"path_taken":["M","?","?","M","$","R","E","M","T","M","M","E","?","M","R","BOSS","M","$","M","M","M","R","?","R","T","M","M","?","E","M","R","BOSS","M","M","?","AVR","?","R","E","R","T","E","R","M","$","M","R","BOSS"],"items_purchased_type":["Relic","Card","Card","Card","Relic","Relic","Card","Card","Card","Card","Relic","Relic"],"build_version":"2020-12-22","purchased_purges":0,"victory":true,"max_hp_per_floor":[73,73,73,76,76,76,79,82,82,85,85,85,85,85,85,85,85,88,88,91,91,91,91,91,91,91,91,91,45,55,55,55,55,55,58,58,58,58,58,58,58,58,58,58,58,58,58,58,58,58],"relic_stats":{"counters":[16,68],"MealTicket":15,"Pen Nib":[6],"obtain_stats":[{"bronze:BronzeCore":0,"Pear":6,"DaveBox":0,"NeowsBlessing":0,"Pen Nib":41,"EVO:Axolotl":0,"aspiration:SeaSaltIceCream":6,"Boot":19,"Sling":38,"Ancient Tea Set":47,"Old Coin":0,"Sozu":17,"Centennial Puzzle":8,"SynthV:TestCard":1,"infinitespire:WardingShard":9,"HaiYi:Twilight":19,"ChiXiaoBlade":38,"Bottled Lightning":43,"conspire:DeflatedDodgeball":44,"REME_ComplimentaryCards":0},{"bronze:BronzeCore":0,"Pear":3,"DaveBox":0,"NeowsBlessing":0,"Pen Nib":12,"EVO:Axolotl":0,"aspiration:SeaSaltIceCream":3,"Boot":9,"Sling":11,"Ancient Tea Set":14,"Old Coin":0,"Sozu":8,"Centennial Puzzle":4,"SynthV:TestCard":1,"infinitespire:WardingShard":4,"HaiYi:Twilight":9,"ChiXiaoBlade":11,"Bottled Lightning":12,"conspire:DeflatedDodgeball":13,"REME_ComplimentaryCards":0},{"bronze:BronzeCore":0,"Pear":3,"DaveBox":0,"NeowsBlessing":0,"Pen Nib":52,"EVO:Axolotl":0,"aspiration:SeaSaltIceCream":3,"Boot":32,"Sling":47,"Ancient Tea Set":58,"Old Coin":0,"Sozu":27,"Centennial Puzzle":6,"SynthV:TestCard":1,"infinitespire:WardingShard":6,"HaiYi:Twilight":32,"ChiXiaoBlade":47,"Bottled Lightning":52,"conspire:DeflatedDodgeball":55,"REME_ComplimentaryCards":0}]},"card_choices":[{"not_picked":["bronze:OilSpill","bronze:Deprecate"],"picked":"bronze:CutThrough","floor":1},{"not_picked":["bronze:BitShift","bronze:WildBeam","bronze:DigitalCarnage","bronze:Frontload"],"picked":"bronze:CleanCode","floor":4},{"not_picked":["TH:EnergyPotion","TH:Mimic","TH:TreasureMap"],"picked":"TH:CopperCoins","floor":7},{"not_picked":["bronze:Boost","bronze:Overheat","bronze:Flail","bronze:Format"],"picked":"bronze:Iterate","floor":7},{"not_picked":["bronze:Shield","bronze:MaxOutput","bronze:BugBarrage","bronze:Repulsor"],"picked":"bronze:BronzeArmor","floor":8},{"not_picked":["TH:ElvenBoots","TH:EnergyPotion","TH:Mimic"],"picked":"TH:CursedSword","floor":9},{"not_picked":["bronze:BronzeOrb","bronze:BronzeArmor","bronze:ForceShield","bronze:Overheat"],"picked":"bronze:Philosophize","floor":10},{"not_picked":["bronze:Deprecate","bronze:WhirlingStrike","bronze:Branch","bronze:Terminator"],"picked":"bronze:Mutator","floor":11},{"not_picked":["TH:PixieDust","TH:Mimic","TH:ArmorSpikes"],"picked":"TH:DeckOfManyThings","floor":12},{"not_picked":["bronze:Turbo","bronze:ItsAFeature","bronze:DarkDash","bronze:Frontload"],"picked":"bronze:OilSpill","floor":12},{"not_picked":["bronze:BitShift","bronze:Constructor","bronze:GetLatest","bronze:CloningBeam"],"picked":"bronze:WildBeam","floor":13},{"not_picked":["bronze:HardenedForm","bronze:DelayedSlice","bronze:CutThrough","bronze:Overheat"],"picked":"bronze:DarkDash","floor":14},{"not_picked":["TH:ArmorSpikes","TH:ElvenBoots","TH:TreasureMap"],"picked":"TH:PixieDust","floor":16},{"not_picked":["bronze:Mutator","bronze:AlphaBuild","bronze:HyperBeam","bronze:BurnOut"],"picked":"bronze:FindAndReplace","floor":16},{"not_picked":["bronze:Return","bronze:DelayedSlice+1","bronze:BitShift+1","bronze:Constructor+1"],"picked":"bronze:Frontload","floor":18},{"not_picked":["bronze:Invalidate","bronze:BronzeOrb","bronze:CutThrough","bronze:Deprecate"],"picked":"bronze:Terminator","floor":20},{"not_picked":["bronze:WhirlingStrike+1","bronze:HardenedForm","bronze:Boost","bronze:Constructor"],"picked":"bronze:Repair","floor":21},{"not_picked":["bronze:Iterate","bronze:Shield","bronze:Turbo","bronze:CutThrough"],"picked":"bronze:FineTuning","floor":22},{"not_picked":["bronze:Invalidate","bronze:Return","bronze:ClassDefault+1","bronze:WhirlingStrike+1"],"picked":"bronze:CutThrough","floor":24},{"not_picked":["TH:Mimic","TH:TreasureMap","TH:EnergyPotion"],"picked":"TH:CopperCoins","floor":26},{"not_picked":["bronze:Shield","bronze:WhirlingStrike","bronze:Turbo+1","bronze:Branch"],"picked":"bronze:Iterate","floor":27},{"not_picked":["bronze:WhirlingStrike+1","bronze:Shield","bronze:BugBarrage","bronze:FineTuning"],"picked":"bronze:Branch","floor":28},{"not_picked":["TH:Mimic","TH:BikiniMail","TH:ElvenBoots"],"picked":"TH:TreasureMap","floor":30},{"not_picked":["bronze:WhirlingStrike","bronze:Deprecate","bronze:Constructor","bronze:Philosophize+1"],"picked":"bronze:Terminator","floor":30},{"not_picked":["bronze:Shield","bronze:Turbo","bronze:BugBarrage","bronze:Iterate"],"picked":"bronze:FineTuning","floor":31},{"not_picked":["TH:EnergyPotion","TH:PixieDust","TH:BikiniMail"],"picked":"TH:DeckOfManyThings","floor":33},{"not_picked":["bronze:Assembly","bronze:CleanCode","bronze:RecursiveStrike","bronze:HyperBeam"],"picked":"bronze:Virus","floor":33},{"not_picked":["bronze:Turbo+1","bronze:WildBeam","bronze:OilSpill","bronze:Overheat+1"],"picked":"bronze:WhirlingStrike+1","floor":35},{"not_picked":["bronze:MaxOutput+1","bronze:Branch","bronze:FineTuning+1","bronze:Frontload+1"],"picked":"bronze:Optimize+1","floor":36},{"not_picked":["TH:BikiniMail","TH:Mimic","TH:ArmorSpikes"],"picked":"TH:CopperCoins","floor":41},{"not_picked":["bronze:Invalidate","bronze:WhirlingStrike+1","bronze:Repulsor","bronze:FollowUp"],"picked":"bronze:FineTuning+1","floor":41},{"not_picked":["TH:PixieDust","TH:DeckOfManyThings","TH:EnergyPotion"],"picked":"TH:CopperCoins","floor":43},{"not_picked":["TH:PixieDust","TH:EnergyPotion","TH:ArmorSpikes"],"picked":"TH:BikiniMail","floor":44},{"not_picked":["bronze:MaxOutput+1","bronze:BronzeOrb","bronze:Format","bronze:ClassDefault"],"picked":"bronze:ItsAFeature+1","floor":44},{"not_picked":["bronze:Invalidate","bronze:DelayedSlice","bronze:CutThrough","bronze:Return"],"picked":"bronze:BuggyMess","floor":46},{"not_picked":["bronze:ItsAFeature+1","bronze:Philosophize+1","bronze:Turbo","bronze:Constructor+1"],"picked":"bronze:Invalidate","floor":48}],"player_experience":569255,"relics_obtained":[{"floor":1,"key":"SynthV:TestCard"},{"floor":7,"key":"MealTicket"},{"floor":9,"key":"Bottled Flame"},{"floor":12,"key":"bronze:SilverBullet"},{"floor":24,"key":"Red Mask"},{"floor":26,"key":"Anchor"},{"floor":27,"key":"wanderingMiniBosses:AbyssPearl"},{"floor":30,"key":"Pear"},{"floor":41,"key":"Pen Nib"},{"floor":43,"key":"Bottled Lightning"},{"floor":44,"key":"conspire:DeflatedDodgeball"}],"event_choices":[{"cards_removed":["bronze:Strike"],"damage_healed":0,"gold_gain":0,"player_choice":"Purged","damage_taken":0,"max_hp_gain":0,"max_hp_loss":0,"event_name":"Purifier","floor":2,"gold_loss":0},{"damage_healed":0,"gold_gain":0,"player_choice":"Got Potions","damage_taken":0,"max_hp_gain":0,"max_hp_loss":0,"event_name":"Lab","floor":3,"gold_loss":0},{"damage_healed":0,"gold_gain":0,"player_choice":"Fought Bandits","damage_taken":0,"max_hp_gain":0,"max_hp_loss":0,"event_name":"Masked Bandits","floor":24,"gold_loss":0},{"damage_healed":0,"gold_gain":0,"player_choice":"Became a Ghost","damage_taken":0,"max_hp_gain":0,"max_hp_loss":46,"event_name":"Ghosts","floor":29,"gold_loss":0,"cards_obtained":["Ghostly","Ghostly","Ghostly","Ghostly","Ghostly"]},{"damage_healed":0,"gold_gain":3,"player_choice":"3","damage_taken":0,"max_hp_gain":0,"max_hp_loss":0,"event_name":"betterStone:BetterStone","floor":37,"gold_loss":0,"cards_obtained":["bronze:Shell"]},{"cards_removed":["bronze:Frontload"],"damage_healed":0,"gold_gain":0,"player_choice":"Removed Skill","damage_taken":0,"max_hp_gain":0,"max_hp_loss":0,"event_name":"Falling","floor":39,"gold_loss":0}],"is_beta":false,"boss_relics":[{"not_picked":["PatriotShield","HaiYi:Twilight"],"picked":"aspiration:PoetsPen"},{"not_picked":["REME_DemonsWealth","aspiration:RitualDagger"],"picked":"MoonlightInvasionPlan"}],"items_purged_floors":[],"is_endless":false,"potions_floor_spawned":[10,12,13,14,16,18,21,24,28,36,41,48],"ascension_level":1}}