{"host":"qgpqu878cmwvz894","time":1611406257,"event":{"mods":["AchievementEnabler","BaseMod","Colored Map","Minty Spire (QoL Compilation)","Rare Cards Sparkle","SuperFastMode"],"gold_per_floor":[119,69,80,80,54,97,97,113,113,148,148,148,173,173,173,294,294,309,356,356,369,369,369,369,369],"floor_reached":24,"language":"KOR","playtime":697,"items_purged":[],"score":228,"play_id":"e79f9fd6-1f72-44a4-acfb-02923415bc4b","local_time":"20210123215057","is_ascension_mode":true,"campfire_choices":[{"floor":7,"key":"RECALL"},{"data":"Seeing Red","floor":11,"key":"SMITH"},{"data":"Rupture","floor":15,"key":"SMITH"},{"data":"Corruption","floor":23,"key":"SMITH"}],"circlet_count":0,"master_deck":["Strike_R","Strike_R","Strike_R","Strike_R","Defend_R","Defend_R","Defend_R","Defend_R","Bash","Ghostly Armor","Infernal Blade+1","Heavy Blade","Rupture+1","Thunderclap","Seeing Red+1","Hemokinesis","Brutality","Headbutt","Bash","Corruption+1"],"relics":["Burning Blood","NeowsBlessing","Golden Idol","Torii","Odd Mushroom","Toxic Egg 2","Busted Crown","Tiny Chest"],"acts_visited":["Exordium","TheCity"],"potions_floor_usage":[10,16,24,24],"damage_taken":[{"damage":0,"enemies":"Jaw Worm","floor":1,"turns":1},{"damage":0,"enemies":"Small Slimes","floor":3,"turns":1},{"damage":0,"enemies":"Gremlin Nob","floor":6,"turns":1},{"damage":1,"enemies":"2 Louse","floor":8,"turns":3},{"damage":14,"enemies":"The Mushroom Lair","floor":10,"turns":4},{"damage":5,"enemies":"Lots of Slimes","floor":13,"turns":4},{"damage":30,"enemies":"Hexaghost","floor":16,"turns":9},{"damage":19,"enemies":"Shell Parasite","floor":18,"turns":4},{"damage":4,"enemies":"Chosen","floor":21,"turns":3},{"damage":70,"enemies":"Book of Stabbing","floor":24,"turns":5}],"seed_played":"-381938527880914373","potions_obtained":[{"floor":6,"key":"AttackPotion"},{"floor":8,"key":"BlessingOfTheForge"},{"floor":16,"key":"GamblersBrew"},{"floor":21,"key":"Ancient Potion"}],"is_trial":false,"path_per_floor":["M","?","M","?","$","E","R","M","T","?","R","T","M","?","R","B",null,"M","T","?","M","?","R","E"],"character_chosen":"IRONCLAD","items_purchased":["Heavy Blade"],"campfire_rested":0,"item_purchase_floors":[5],"current_hp_per_floor":[80,80,80,80,80,80,80,80,80,72,72,72,73,73,73,49,80,67,67,67,69,69,69,0,0],"gold":369,"neow_bonus":"THREE_ENEMY_KILL","is_daily":false,"chose_seed":false,"campfire_upgraded":3,"win_rate":0.0,"timestamp":1611406257,"path_taken":["M","?","M","?","$","E","R","M","T","?","R","?","?","?","R","BOSS","M","?","?","?","?","R","E"],"items_purchased_type":["Card"],"build_version":"2020-12-22","purchased_purges":0,"victory":false,"max_hp_per_floor":[80,80,80,80,80,80,80,80,80,80,80,80,80,80,80,80,80,80,80,80,80,80,80,80,80],"card_choices":[{"not_picked":["Armaments","Thunderclap"],"picked":"Ghostly Armor","floor":1},{"not_picked":["Armaments","Perfected Strike"],"picked":"Infernal Blade","floor":3},{"not_picked":["Barricade","Carnage"],"picked":"Rupture","floor":6},{"not_picked":["Clash","Dark Embrace"],"picked":"Thunderclap","floor":8},{"not_picked":["Havoc","Searing Blow"],"picked":"Seeing Red","floor":10},{"not_picked":["Dark Embrace","Iron Wave"],"picked":"Hemokinesis","floor":13},{"not_picked":["Berserk","Impervious+1"],"picked":"Brutality","floor":16},{"not_picked":["Fire Breathing"],"picked":"SKIP","floor":18},{"not_picked":[],"picked":"Headbutt","floor":21}],"player_experience":111270,"relics_obtained":[{"floor":6,"key":"Torii"},{"floor":10,"key":"Odd Mushroom"},{"floor":12,"key":"Toxic Egg 2"},{"floor":19,"key":"Tiny Chest"}],"event_choices":[{"cards_removed":["Strike_R"],"damage_healed":0,"gold_gain":0,"player_choice":"Card Removal","damage_taken":0,"max_hp_gain":0,"max_hp_loss":0,"event_name":"The Cleric","floor":2,"gold_loss":50},{"damage_healed":0,"gold_gain":0,"player_choice":"Take Wound","damage_taken":0,"relics_obtained":["Golden Idol"],"max_hp_gain":0,"max_hp_loss":0,"event_name":"Golden Idol","floor":4,"gold_loss":0,"cards_obtained":["Injury"]},{"damage_healed":0,"gold_gain":0,"player_choice":"Fought Mushrooms","damage_taken":0,"max_hp_gain":0,"max_hp_loss":0,"event_name":"Mushrooms","floor":10,"gold_loss":0},{"damage_healed":0,"gold_gain":0,"player_choice":"Upgraded","damage_taken":0,"max_hp_gain":0,"max_hp_loss":0,"event_name":"Upgrade Shrine","floor":14,"gold_loss":0,"cards_upgraded":["Infernal Blade"]},{"cards_removed":["Injury"],"damage_healed":0,"gold_gain":0,"player_choice":"Purged","damage_taken":0,"max_hp_gain":0,"max_hp_loss":0,"event_name":"Purifier","floor":20,"gold_loss":0},{"damage_healed":0,"gold_gain":0,"player_choice":"2 cards matched","damage_taken":0,"max_hp_gain":0,"max_hp_loss":0,"event_name":"Match and Keep!","floor":22,"gold_loss":0,"cards_obtained":["Bash","Corruption"]}],"is_beta":false,"boss_relics":[{"not_picked":["Velvet Choker","Runic Dome"],"picked":"Busted Crown"}],"items_purged_floors":[],"is_endless":false,"potions_floor_spawned":[6,8,16,21],"killed_by":"Book of Stabbing","ascension_level":1}}