{"host":"skr63qsdfgeey3it","time":1611377048,"event":{"mods":["BaseMod","Colored Map","Hubris","Minty Spire (QoL Compilation)","Replay The Spire","Spicy Shops","StSLib"],"gold_per_floor":[112,16,34,52,69,69,84,84,84,84,84,15,39,39,39,111,111,121,21,21,21,21,53,53,84,84,96,96],"floor_reached":27,"language":"ENG","playtime":845,"items_purged":["Pain","Strike_G"],"score":391,"play_id":"ef3a10ca-45a6-4958-9d7a-e98052500d47","local_time":"20210122224408","is_ascension_mode":true,"campfire_choices":[{"data":"Deadly Poison","floor":6,"key":"SMITH"},{"floor":8,"key":"REST"},{"data":"Neutralize","floor":10,"key":"SMITH"},{"data":"Terror","floor":15,"key":"SMITH"},{"floor":24,"key":"REST"}],"circlet_count":0,"master_deck":["AscendersBane","Strike_G","Strike_G","Strike_G","Strike_G","Defend_G","Defend_G","Defend_G","Defend_G","Defend_G","Survivor","Neutralize+1","AbeCurse","Terror+1","Quick Slash","Deadly Poison+1","Hidden Blade","Footwork","ReplayTheSpireMod:Necrosis","Adrenaline","Catalyst"],"relics":["Abe\u0027s Treasure","Lantern","hubris:Zylophone","ReplayTheSpireMod:CursedCoin","Akabeko","Molten Egg 2","Painkiller Herb","Replay:Bottled Steam","Pet Ghost","MawBank"],"acts_visited":["Exordium","TheCity"],"potions_floor_usage":[16,27],"damage_taken":[{"damage":7,"enemies":"Cultist","floor":1,"turns":5},{"damage":0,"enemies":"2 Louse","floor":3,"turns":2},{"damage":5,"enemies":"Small Slimes","floor":4,"turns":3},{"damage":4,"enemies":"Looter","floor":5,"turns":4},{"damage":13,"enemies":"Exordium Wildlife","floor":7,"turns":5},{"damage":33,"enemies":"The Guardian","floor":16,"turns":7},{"damage":12,"enemies":"Chosen","floor":18,"turns":2},{"damage":10,"enemies":"Replay:Snechameleon","floor":23,"turns":4},{"damage":25,"enemies":"Gremlin Leader","floor":25,"turns":3},{"damage":39,"enemies":"3 Byrds","floor":27,"turns":3}],"seed_played":"3827937558899569038","potions_obtained":[{"floor":1,"key":"Languid Potion"},{"floor":3,"key":"FearPotion"},{"floor":18,"key":"SteroidPotion"}],"is_trial":false,"path_per_floor":["M","$","M","M","M","R","M","R","T","R","?","$","T","?","R","B",null,"?","T","T","?","T","E","T","E","T","?"],"character_chosen":"THE_SILENT","items_purchased":["Lantern","Quick Slash","ReplayTheSpireMod:CursedCoin","ReplayTheSpireMod:Necrosis"],"campfire_rested":2,"item_purchase_floors":[2,2,12,12],"current_hp_per_floor":[56,56,56,51,47,47,34,55,55,55,55,55,55,55,55,22,58,46,46,46,46,46,36,57,32,32,0,0],"gold":96,"neow_bonus":"BOSS_RELIC","is_daily":false,"chose_seed":false,"campfire_upgraded":3,"win_rate":0.0,"timestamp":1611377048,"path_taken":["M","?","M","?","M","R","M","R","T","R","?","$","?","?","R","BOSS","?","?","T","?","T","E","T","E","T","?"],"items_purchased_type":["Relic","Card","Relic","Card"],"build_version":"2020-12-22","purchased_purges":2,"victory":false,"max_hp_per_floor":[70,70,70,70,70,70,70,70,70,70,70,70,70,70,70,70,70,70,70,70,70,70,70,70,70,70,70,70],"card_choices":[{"not_picked":["Well Laid Plans","Replay:Poison Smokescreen"],"picked":"Terror","floor":1},{"not_picked":["Underhanded Strike","Blade Dance","Slice"],"picked":"SKIP","floor":3},{"not_picked":["Dagger Throw","Underhanded Strike"],"picked":"Deadly Poison","floor":4},{"not_picked":["Flying Knee","All Out Attack"],"picked":"Hidden Blade","floor":5},{"not_picked":["hubris:SlightOfHand","Dodge and Roll"],"picked":"Footwork","floor":7},{"not_picked":["Phantasmal Killer","Bullet Time"],"picked":"Adrenaline","floor":16},{"not_picked":["Quick Slash+1","Dodge and Roll","Backflip"],"picked":"SKIP","floor":18},{"not_picked":["Underhanded Strike+1","Blur","Dagger Throw+1"],"picked":"SKIP","floor":23},{"not_picked":["Dodge and Roll","Deflect"],"picked":"Catalyst","floor":25}],"player_experience":804794,"relics_obtained":[{"floor":9,"key":"hubris:Zylophone"},{"floor":13,"key":"Akabeko"},{"floor":14,"key":"Molten Egg 2"},{"floor":23,"key":"Replay:Bottled Steam"},{"floor":25,"key":"Pet Ghost"},{"floor":26,"key":"MawBank"}],"event_choices":[{"damage_healed":0,"gold_gain":0,"player_choice":"Bought 0 Potions","damage_taken":0,"max_hp_gain":0,"max_hp_loss":0,"event_name":"The Woman in Blue","floor":11,"gold_loss":0},{"damage_healed":0,"gold_gain":0,"player_choice":"Relic","damage_taken":0,"max_hp_gain":0,"max_hp_loss":0,"event_name":"Wheel of Change","floor":14,"gold_loss":0}],"is_beta":false,"boss_relics":[{"not_picked":["Snecko Eye","hubris:GrandSneckoEye"],"picked":"Painkiller Herb"}],"items_purged_floors":[12,19],"is_endless":false,"potions_floor_spawned":[1,3,7,18],"killed_by":"3 Byrds","ascension_level":13}}