{"host":"vfjw5z5u57sxa51v","time":1611425818,"event":{"mods":["AchievementEnabler","Act Like it!","Aspiration","BaseMod","Beaked The Cultist","Better Altar","Better Match","Better Note","Better Sensory Stone","Better Skull","Better Synergies","Better Third Choice","BetterRewards","CCEM","Colored Map","Conspire","Dota2Spire","Downfall","GifTheSpireLib","GungeonMod","Halation","Hallownest","Hermit","Highlight Path","Hubris","Hunter ??","Infinite Spire","Jedi Mod","Jorbs\u0027s Wanderer Trilogy","Mad Scientist","Minty Spire (QoL Compilation)","Permanent Neow","Replay The Spire","Shop Mod","Spicy Shops","StSLib","Stuff the Spire","The Blackbeard","The Bug Knight","The Cursed","The Disciple","The Gatherer","Unceasing Turn Reminder","everything is the same but u backflip on backflip"],"gold_per_floor":[117,192,31,131,152,187,187,210,210,210,250,250,287,299,299,414,414,436,436,436,455,483,516,2,2,2,2,26,53,78,102,102,102],"floor_reached":32,"language":"DEU","playtime":3022,"items_purged":["Normality"],"score":382,"play_id":"7b90e92d-4b35-4a70-a47b-145b5fc9e683","local_time":"20210123191658","is_ascension_mode":false,"campfire_choices":[{"data":"beaked:Ceremony","floor":7,"key":"SMITH"},{"data":"beaked:Overpower","floor":15,"key":"SMITH"},{"data":"beaked:MaddeningMurmurs","floor":27,"key":"SMITH"}],"circlet_count":0,"master_deck":["beaked:Strike_Y","beaked:Strike_Y","beaked:Strike_Y","beaked:Strike_Y","beaked:Strike_Y","beaked:Strike_Y","beaked:Defend_Y","beaked:Defend_Y","beaked:Defend_Y","beaked:Defend_Y","beaked:Ceremony","beaked:Ceremony","beaked:Ceremony+1","beaked:Windmill","beaked:Insight","beaked:Overpower+1","Magnetism","beaked:Foresight","beaked:WarriorEssence","jedi:LeechingStrike","StuffTheSpire:FreeRealEstate","Jack Of All Trades","beaked:Foresight","beaked:MimicMachine","beaked:RitualOfBody","beaked:MaddeningMurmurs","Injury","beaked:SacrificialScars","beaked:Hexing","beaked:Strike_Y+1","beaked:Strike_Y+1","beaked:Strike_Y+1","beaked:Strike_Y+1","beaked:Strike_Y+1","beaked:Strike_Y+1","beaked:Defend_Y","beaked:Defend_Y","beaked:Defend_Y","beaked:Defend_Y","beaked:Ceremony","beaked:Ceremony","beaked:Ceremony+1","beaked:Windmill+1","beaked:Insight","beaked:Overpower+1","Magnetism","beaked:Foresight","beaked:WarriorEssence+1","jedi:LeechingStrike","StuffTheSpire:FreeRealEstate","Jack Of All Trades","beaked:Foresight","beaked:MimicMachine","beaked:RitualOfBody","beaked:MaddeningMurmurs+1","Injury","beaked:SacrificialScars","beaked:Hexing","beaked:SacrificialScars","ReplayTheSpireMod:Prepare the Ceremony","beaked:Poke+1","beaked:MimicWarrior","beaked:MachineSpirit","beaked:DigDeep"],"relics":["beaked:MendingPlumage","halation:AfternoonTea","BargainBundle","infinitespire:Lucky Rock","ReplayTheSpireMod:ShopPack","infinitespire:Satchel","Incense Burner","conspire:BottledYoYo","Dota2Spire:Satanic","Oddly Smooth Stone","Molten Egg 2","Dota2Spire:OctarineCore","Philosopher\u0027s Stone","DemoMod:OrangeGuonStone","beaked:SacrificeDoll","hubris:Reverence","ReplayTheSpireMod:TigerMarble","jedi:arcanewood","Blue Doll","GremlinMask","CultistMask"],"acts_visited":["Exordium","TheCity","TheCity"],"potions_floor_usage":[],"damage_taken":[{"damage":15,"enemies":"Cultist","floor":1,"turns":4},{"damage":11,"enemies":"2 Louse","floor":5,"turns":3},{"damage":23,"enemies":"3 Sentries","floor":6,"turns":6},{"damage":18,"enemies":"Jaw Worm","floor":8,"turns":3},{"damage":20,"enemies":"Gremlin Nob","floor":11,"turns":4},{"damage":26,"enemies":"3 Sentries","floor":13,"turns":7},{"damage":0,"enemies":"Looter","floor":14,"turns":3},{"damage":23,"enemies":"The Guardian","floor":16,"turns":8},{"damage":21,"enemies":"conspire:FuzzyDice","floor":18,"turns":5},{"damage":26,"enemies":"2 Thieves","floor":21,"turns":3},{"damage":17,"enemies":"conspire:HollyBat","floor":22,"turns":7},{"damage":25,"enemies":"Replay:Snechameleon","floor":23,"turns":6},{"damage":1,"enemies":"DemoMod:4_Bullet_Kins_with_one_veteran","floor":28,"turns":8},{"damage":6,"enemies":"DemoMod:2_Veteran_bullet_kins_and_red_shotgun_kin","floor":29,"turns":2},{"damage":19,"enemies":"DemoMod:Veteran_shot_gun_kin_and_red_shotgun_kin_with_gunsinger","floor":30,"turns":4},{"damage":42,"enemies":"DemoMod:2_Mousers","floor":31,"turns":5},{"damage":40,"enemies":"DemoMod:Red_and_blue_shotgun_kin_with_gunsinger","floor":32,"turns":1}],"seed_played":"7213501682103425711","potions_obtained":[{"floor":14,"key":"AttackPotion"},{"floor":22,"key":"jedi:StrikingPotion"}],"is_trial":false,"path_per_floor":["M","?","$","?","M","E","R","M","T","$","E","?","E","M","R","B",null,"M","AVR","?","M","M","E","$","?","T","R","M","M","M","M","M"],"character_chosen":"BEAKED_THE_CULTIST","items_purchased":["BargainBundle","infinitespire:Lucky Rock","beaked:Insight","beaked:Overpower","Magnetism","beaked:Foresight","DemoMod:GnawedKey","ReplayTheSpireMod:ShopPack","infinitespire:Satchel","Incense Burner","Block Potion","DuplicationPotion","jedi:wingpotion","beaked:WarriorEssence","ReplayTheSpireMod:TigerMarble","jedi:arcanewood","Blue Doll","ReplayTheSpireMod:Prepare the Ceremony","beaked:Poke+1"],"campfire_rested":0,"item_purchase_floors":[3,3,3,3,3,3,3,3,3,3,3,3,3,3,24,24,24,24,24],"current_hp_per_floor":[40,29,29,29,42,50,50,41,41,41,30,30,44,50,50,47,50,52,52,52,33,31,37,37,37,60,60,62,58,54,36,0,0],"gold":102,"neow_bonus":"RANDOM_COMMON_RELIC","is_daily":false,"chose_seed":false,"campfire_upgraded":3,"win_rate":0.0,"timestamp":1611425818,"path_taken":["M","?","$","?","M","E","R","?","T","?","E","?","E","M","R","BOSS","M","AVR","?","M","?","E","?","?","T","R","M","M","M","M","M"],"items_purchased_type":["Relic","Relic","Card","Card","Card","Card","Relic","Relic","Relic","Relic","Potion","Potion","Potion","Card","Relic","Relic","Relic","Card","Card"],"build_version":"2020-12-22","purchased_purges":1,"victory":false,"max_hp_per_floor":[50,50,50,50,50,50,50,50,50,50,50,50,50,50,50,50,50,52,52,52,54,58,60,60,60,60,60,62,64,68,72,74,74],"card_choices":[{"not_picked":["beaked:Flinch","beaked:Redirect"],"picked":"beaked:Windmill","floor":1},{"not_picked":["Metamorphosis","Transmutation"],"picked":"jedi:LeechingStrike","floor":3},{"not_picked":["Replay:Sssssssssshield","Forethought"],"picked":"StuffTheSpire:FreeRealEstate","floor":3},{"not_picked":["Violence","Replay:Bootleg Shield Generator"],"picked":"Jack Of All Trades","floor":3},{"not_picked":["beaked:Redirect","beaked:CursingBlood"],"picked":"beaked:Foresight","floor":5},{"not_picked":["beaked:Tradeoff","beaked:Brace"],"picked":"beaked:MimicMachine","floor":6},{"not_picked":["beaked:KnowThyFoe","beaked:TuckingFeathers"],"picked":"beaked:RitualOfBody","floor":8},{"not_picked":["beaked:FeelMyPain","beaked:SurvivalInstinct"],"picked":"beaked:MaddeningMurmurs","floor":11},{"not_picked":["beaked:RuinSticks+1","beaked:Foresight","ReplayTheSpireMod:RavenHex"],"picked":"SKIP","floor":13},{"not_picked":["beaked:FeelMyPain","beaked:BraceForImpact","beaked:HuntressEssence"],"picked":"SKIP","floor":14},{"not_picked":["beaked:ShadowFade","beaked:DarkPact"],"picked":"beaked:SacrificialScars","floor":16},{"not_picked":["beaked:Insight+1","beaked:Cower"],"picked":"beaked:Hexing","floor":18},{"not_picked":["beaked:TuckingFeathers","beaked:Brace","beaked:SurvivalInstinct+1"],"picked":"SKIP","floor":21},{"not_picked":["beaked:Tradeoff","ReplayTheSpireMod:Wings of Steel","beaked:Insight"],"picked":"SKIP","floor":22},{"not_picked":["beaked:Tradeoff","beaked:BraceForImpact"],"picked":"beaked:SacrificialScars","floor":23},{"not_picked":["beaked:BloodForTheGods+1","beaked:WindBringer+1"],"picked":"beaked:MimicWarrior","floor":28},{"not_picked":["beaked:Foresight","beaked:Evade+1"],"picked":"beaked:MachineSpirit","floor":29},{"not_picked":["beaked:BloodForTheGods+1","beaked:Tweet+1"],"picked":"beaked:DigDeep","floor":30},{"not_picked":["beaked:Daydream","beaked:BraceForImpact+1","beaked:Windmill+1"],"picked":"SKIP","floor":31}],"player_experience":35090,"relics_obtained":[{"floor":6,"key":"conspire:BottledYoYo"},{"floor":9,"key":"Dota2Spire:Satanic"},{"floor":11,"key":"Oddly Smooth Stone"},{"floor":13,"key":"Dota2Spire:OctarineCore"},{"floor":23,"key":"hubris:Reverence"}],"event_choices":[{"damage_healed":0,"gold_gain":75,"player_choice":"Gold","damage_taken":11,"max_hp_gain":0,"max_hp_loss":0,"event_name":"betterThird:BetterGoop","floor":2,"gold_loss":0},{"damage_healed":0,"gold_gain":100,"player_choice":"Pray","damage_taken":0,"max_hp_gain":0,"max_hp_loss":0,"event_name":"Golden Shrine","floor":4,"gold_loss":0},{"damage_healed":0,"gold_gain":0,"player_choice":"Trade","damage_taken":0,"relics_obtained":["GremlinMask"],"max_hp_gain":0,"max_hp_loss":0,"event_name":"FaceTrader","floor":25,"gold_loss":0}],"is_beta":false,"boss_relics":[{"not_picked":["ReplayTheSpireMod:SealedPack","StuffTheSpire:RunicConfusion"],"picked":"Philosopher\u0027s Stone"}],"items_purged_floors":[3],"is_endless":false,"potions_floor_spawned":[5,6,14,16,22,28],"killed_by":"DemoMod:Red_and_blue_shotgun_kin_with_gunsinger","ascension_level":0}}