{"host":"sav7uxregyirlf69","time":1611410168,"event":{"mods":["AchievementEnabler","BaseMod","Colored Map","DeckTracker","Keyboard Shortcuts","Minty Spire (QoL Compilation)","READ ME - Guardian Mod","StSLib","SuperFastMode"],"gold_per_floor":[109,126,136,136,148,148,148,148,148,181,194,108,143,161,161,238,238,255,178,178,190,32,32,46,57,57,92,272,288,51,64,64,64,64],"floor_reached":33,"language":"KOR","playtime":584,"items_purged":["Combust"],"score":608,"play_id":"c65e495e-f42a-43a3-b76f-05bee54f5cf3","local_time":"20210123225608","is_ascension_mode":true,"campfire_choices":[{"data":"Perfected Strike","floor":6.0,"key":"SMITH"},{"data":"Feed","floor":8.0,"key":"SMITH"},{"data":"Blood for Blood","floor":15.0,"key":"SMITH"},{"data":"Battle Trance","floor":23,"key":"SMITH"},{"floor":32,"key":"REST"}],"circlet_count":0,"master_deck":["AscendersBane","Strike_R","Strike_R","Strike_R","Strike_R","Strike_R","Defend_R","Defend_R","Defend_R","Bash","Feed+1","Blood for Blood+1","Perfected Strike+1","Wild Strike","Twin Strike","Shockwave","Battle Trance+1","Shrug It Off","Impervious","Bloodletting","Shrug It Off","Fire Breathing","Perfected Strike+1"],"relics":["Burning Blood","Pear","HornCleat","Boot","CaptainsWheel","Sozu","Pen Nib","Juzu Bracelet","Toy Ornithopter","DollysMirror"],"acts_visited":["Exordium","TheCity"],"potions_floor_usage":[16,25],"damage_taken":[{"damage":23.0,"enemies":"Small Slimes","floor":1.0,"turns":5.0},{"damage":7.0,"enemies":"2 Louse","floor":2.0,"turns":3.0},{"damage":7.0,"enemies":"Cultist","floor":3.0,"turns":4.0},{"damage":19.0,"enemies":"Blue Slaver","floor":5.0,"turns":4.0},{"damage":15.0,"enemies":"3 Sentries","floor":10.0,"turns":6.0},{"damage":10.0,"enemies":"Lots of Slimes","floor":11.0,"turns":4.0},{"damage":24.0,"enemies":"Gremlin Nob","floor":13.0,"turns":4.0},{"damage":2.0,"enemies":"Exordium Thugs","floor":14.0,"turns":5.0},{"damage":18,"enemies":"Slime Boss","floor":16,"turns":9},{"damage":8,"enemies":"2 Thieves","floor":18,"turns":3},{"damage":16,"enemies":"Shell Parasite","floor":21,"turns":3},{"damage":4,"enemies":"Cultist and Chosen","floor":24,"turns":5},{"damage":10,"enemies":"Snake Plant","floor":25,"turns":4},{"damage":33,"enemies":"Slavers","floor":27,"turns":6},{"damage":19,"enemies":"Shelled Parasite and Fungi","floor":29,"turns":5},{"damage":0,"enemies":"Centurion and Healer","floor":31,"turns":7},{"damage":83,"enemies":"Collector","floor":33,"turns":5}],"seed_played":"7103383661699302756","potions_obtained":[{"floor":1.0,"key":"GamblersBrew"},{"floor":2.0,"key":"Block Potion"},{"floor":3.0,"key":"DuplicationPotion"},{"floor":13.0,"key":"DuplicationPotion"}],"is_trial":false,"path_per_floor":["M","M","M","?","M","R","?","R","T","E","M","?","E","M","R","B",null,"M","$","?","M","$","R","M","M","T","E","?","M","$","M","R","B"],"character_chosen":"IRONCLAD","items_purchased":["Bloodletting","Pen Nib","DollysMirror"],"campfire_rested":1,"item_purchase_floors":[19,22,30],"current_hp_per_floor":[54,56,58,58,45,45,45,45,55,50,50,50,36,40,40,32,85,83,83,83,73,73,73,79,75,75,52,33,24,24,34,69,0,0],"gold":64,"neow_bonus":"THREE_RARE_CARDS","is_daily":false,"chose_seed":false,"campfire_upgraded":4,"win_rate":0.0,"timestamp":1611410168,"path_taken":["M","M","M","?","M","R","?","R","T","E","?","?","E","M","R","BOSS","M","?","?","M","$","R","M","M","T","E","?","M","$","M","R","BOSS"],"items_purchased_type":["Card","Relic","Relic"],"build_version":"2020-12-22","purchased_purges":1,"victory":false,"max_hp_per_floor":[71,74,77,77,77,77,77,77,87,91,95,95,99,99,99,103,103,103,103,103,103,103,103,107,107,107,111,111,115,115,119,119,119,119],"card_choices":[{"not_picked":["Demon Form","Brutality"],"picked":"Feed","floor":0.0},{"not_picked":["Body Slam","Anger"],"picked":"Blood for Blood","floor":1.0},{"not_picked":["Anger","Second Wind"],"picked":"Perfected Strike","floor":2.0},{"not_picked":["True Grit","Heavy Blade"],"picked":"Wild Strike","floor":3.0},{"not_picked":["Rampage","Shockwave"],"picked":"Twin Strike","floor":5.0},{"not_picked":["Carnage","Sentinel","Cleave"],"picked":"SKIP","floor":10.0},{"not_picked":["Sentinel","Dropkick"],"picked":"Shockwave","floor":11.0},{"not_picked":["Clash","Rampage"],"picked":"Battle Trance","floor":13.0},{"not_picked":["Clash","Burning Pact"],"picked":"Shrug It Off","floor":14.0},{"not_picked":["Reaper","Exhume"],"picked":"Impervious","floor":16},{"not_picked":["Uppercut","Shockwave","Inflame"],"picked":"SKIP","floor":18},{"not_picked":["Headbutt","Warcry","Anger+1"],"picked":"SKIP","floor":21},{"not_picked":["Combust","Iron Wave"],"picked":"Shrug It Off","floor":24},{"not_picked":["Iron Wave","Flex","Flame Barrier"],"picked":"SKIP","floor":25},{"not_picked":["Body Slam+1","Havoc"],"picked":"Fire Breathing","floor":27},{"not_picked":["Headbutt","Body Slam+1","Whirlwind"],"picked":"SKIP","floor":29},{"not_picked":["Demon Form","Headbutt","Warcry"],"picked":"SKIP","floor":31}],"player_experience":1364578,"relics_obtained":[{"floor":9.0,"key":"Pear"},{"floor":10.0,"key":"HornCleat"},{"floor":13.0,"key":"CaptainsWheel"},{"floor":26,"key":"Juzu Bracelet"},{"floor":27,"key":"Toy Ornithopter"}],"event_choices":[{"damage_healed":0.0,"max_hp_gain":0.0,"max_hp_loss":0.0,"gold_gain":0.0,"event_name":"The Cleric","player_choice":"Leave","floor":4.0,"gold_loss":0.0,"damage_taken":0.0},{"damage_healed":0.0,"max_hp_gain":0.0,"max_hp_loss":0.0,"gold_gain":0.0,"event_name":"Lab","player_choice":"Got Potions","floor":7.0,"gold_loss":0.0,"damage_taken":0.0},{"damage_healed":0.0,"max_hp_gain":0.0,"max_hp_loss":0.0,"gold_gain":0.0,"event_name":"WeMeetAgain","player_choice":"Paid Gold","floor":12.0,"gold_loss":86.0,"damage_taken":0.0,"relics_obtained":["Boot"]},{"damage_healed":0,"gold_gain":0,"cards_transformed":["Defend_R"],"player_choice":"Transformed","damage_taken":0,"max_hp_gain":0,"max_hp_loss":0,"event_name":"Transmorgrifier","floor":20,"gold_loss":0,"cards_obtained":["Combust"]},{"damage_healed":0,"gold_gain":180,"player_choice":"GOLD GOLD ","damage_taken":19,"max_hp_gain":0,"max_hp_loss":0,"event_name":"Knowing Skull","floor":28,"potions_obtained":[],"gold_loss":0,"cards_obtained":[]}],"is_beta":false,"boss_relics":[{"not_picked":["Runic Pyramid","Coffee Dripper"],"picked":"Sozu"}],"items_purged_floors":[30],"is_endless":false,"potions_floor_spawned":[1,2,3,13,21,24,29,31],"killed_by":"Collector","ascension_level":20}}