{"host":"74uvi6kym3vf3uk6","time":1611379697,"event":{"mods":["AchievementEnabler","BaseMod","Better Altar","Better Match","Better Note","Better Sensory Stone","Better Skull","Better Third Choice","CatGirl Mod","Colored Map","Colored Powertips","Custom Start","Dark Map","Highlight Path","Minty Spire (QoL Compilation)","Permanent Neow","Rare Cards Sparkle","Shop Mod","StSLib","The Elementalist","The Exalted","The Runesmith","The Servant 0.9.4"],"gold_per_floor":[117,127,138,313,13,45,45,72,96,96,109,109,109,124,124,220,220,231,247,247,19,19,49,64,64,64],"floor_reached":25,"language":"ENG","playtime":3006,"items_purged":["Doubt"],"score":256,"play_id":"62e93d60-ae93-485e-9064-e67417575498","local_time":"20210122232817","is_ascension_mode":false,"campfire_choices":[{"floor":7,"key":"REST"},{"floor":10,"key":"REST"},{"floor":15,"key":"REST"}],"circlet_count":0,"master_deck":["Runesmith:Strike_RS","Runesmith:Strike_RS","Runesmith:Strike_RS","Runesmith:Defend_RS","Runesmith:Defend_RS","Runesmith:Defend_RS","Runesmith:Defend_RS","Runesmith:CraftFirestone","Runesmith:Fortify","Runesmith:Firestorm","Runesmith:RuneHurl","Runesmith:Firewall","Runesmith:CraftMagma","Runesmith:Permafrost+1","Runesmith:DoubleUp","Runesmith:ReplicatingBarrier","Runesmith:CraftReservo","Runesmith:Supernova","Runesmith:CraftIncendium","Runesmith:Refine+1","theCatGirl:PoisedStrike+1","Runesmith:RuneHurl+1"],"relics":["Runesmith:BrokenRuby","Runesmith:EmergencyProvisions","Pen Nib","Bronze Scales","CultistMask","Busted Crown","MerchantsRug","Bag of Preparation","Mango"],"acts_visited":["Exordium","TheCity"],"potions_floor_usage":[],"damage_taken":[{"damage":0,"enemies":"Cultist","floor":1,"turns":4},{"damage":7,"enemies":"2 Louse","floor":2,"turns":3},{"damage":0,"enemies":"Small Slimes","floor":3,"turns":4},{"damage":12,"enemies":"Lagavulin","floor":6,"turns":8},{"damage":53,"enemies":"Gremlin Nob","floor":8,"turns":6},{"damage":8,"enemies":"Red Slaver","floor":11,"turns":4},{"damage":4,"enemies":"Exordium Thugs","floor":14,"turns":6},{"damage":19,"enemies":"The Guardian","floor":16,"turns":10},{"damage":7,"enemies":"Shell Parasite","floor":18,"turns":6},{"damage":31,"enemies":"Chosen","floor":19,"turns":6},{"damage":64,"enemies":"Slavers","floor":23,"turns":6},{"damage":3,"enemies":"Shelled Parasite and Fungi","floor":24,"turns":6},{"damage":20,"enemies":"Cultist and Chosen","floor":25,"turns":4}],"seed_played":"-7045285046516164473","potions_obtained":[{"floor":2,"key":"Ancient Potion"},{"floor":3,"key":"Fire Potion"},{"floor":8,"key":"PowerPotion"},{"floor":11,"key":"ColorlessPotion"},{"floor":18,"key":"FairyPotion"}],"is_trial":false,"path_per_floor":["M","M","M","?","$","E","R","E","T","R","M","?","?","M","R","B",null,"M","M","?","$","?","E","M","M"],"character_chosen":"RUNESMITH_CLASS","items_purchased":["Runesmith:Permafrost","Runesmith:EmergencyProvisions","MerchantsRug","Bag of Preparation"],"campfire_rested":3,"item_purchase_floors":[5,5,21,21],"current_hp_per_floor":[70,63,63,63,63,51,70,24,24,47,39,39,39,35,58,39,77,70,39,39,39,43,18,15,0,0],"gold":64,"neow_bonus":"TRANSFORM_CARD","is_daily":false,"chose_seed":false,"campfire_upgraded":0,"win_rate":0.0,"timestamp":1611379697,"path_taken":["M","M","M","?","$","E","R","E","T","R","M","?","?","M","R","BOSS","M","M","?","$","?","E","?","M"],"items_purchased_type":["Card","Relic","Relic","Relic"],"build_version":"2020-12-22","purchased_purges":1,"victory":false,"max_hp_per_floor":[70,70,70,70,70,70,70,77,77,77,77,77,77,77,77,77,77,77,77,77,77,77,91,91,91,91],"card_choices":[{"not_picked":["Runesmith:ShiftingStrike","Runesmith:Terraform"],"picked":"Runesmith:RuneHurl","floor":1},{"not_picked":["Runesmith:NegativeSpace","Runesmith:StaticCage"],"picked":"Runesmith:Firewall","floor":2},{"not_picked":["Runesmith:Firestorm","Runesmith:EarthShield"],"picked":"Runesmith:CraftMagma","floor":3},{"not_picked":["Runesmith:HammerThrow","Runesmith:Discharge"],"picked":"Runesmith:DoubleUp","floor":6},{"not_picked":["Runesmith:OneForEveryone","Runesmith:StaticCage"],"picked":"Runesmith:ReplicatingBarrier","floor":8},{"not_picked":["Runesmith:HeatedChisel","Runesmith:Reinforce"],"picked":"Runesmith:CraftReservo","floor":11},{"not_picked":["Runesmith:HammerThrow","Runesmith:Superposition","Runesmith:HammerAndChisel"],"picked":"SKIP","floor":14},{"not_picked":["Runesmith:CraftPrismatica","Runesmith:GrandSlam"],"picked":"Runesmith:Supernova","floor":16},{"not_picked":[],"picked":"Runesmith:CraftIncendium","floor":18},{"not_picked":[],"picked":"Runesmith:Refine+1","floor":19},{"not_picked":[],"picked":"Runesmith:RuneHurl+1","floor":23},{"not_picked":["Runesmith:HeatedChisel"],"picked":"SKIP","floor":24}],"player_experience":168359,"relics_obtained":[{"floor":6,"key":"Pen Nib"},{"floor":8,"key":"Strawberry"},{"floor":9,"key":"Bronze Scales"},{"floor":23,"key":"Mango"}],"event_choices":[{"damage_healed":0,"gold_gain":175,"player_choice":"AGREE","damage_taken":138,"max_hp_gain":0,"max_hp_loss":0,"event_name":"betterThird:BetterSerpent","floor":4,"gold_loss":0},{"damage_healed":0,"gold_gain":0,"player_choice":"Grow","damage_taken":0,"max_hp_gain":0,"max_hp_loss":0,"event_name":"Living Wall","floor":12,"gold_loss":0,"cards_upgraded":["Runesmith:Permafrost"]},{"damage_healed":0,"gold_gain":0,"player_choice":"Trade","damage_taken":0,"relics_obtained":["CultistMask"],"max_hp_gain":0,"max_hp_loss":0,"event_name":"FaceTrader","floor":13,"gold_loss":0},{"cards_removed":["Runesmith:Permafrost"],"damage_healed":0,"gold_gain":0,"player_choice":"Take \u0026 Give","damage_taken":0,"max_hp_gain":0,"max_hp_loss":0,"event_name":"betterNote:BetterNote","floor":20,"gold_loss":0,"cards_obtained":["theCatGirl:PoisedStrike"]},{"damage_healed":4,"gold_gain":0,"player_choice":"LEAVE ","damage_taken":0,"relics_obtained":[],"max_hp_gain":0,"max_hp_loss":0,"event_name":"betterSkull:BetterSkull","floor":22,"gold_loss":0,"cards_upgraded":[]}],"is_beta":false,"boss_relics":[{"not_picked":["Calling Bell","Coffee Dripper"],"picked":"Busted Crown"}],"items_purged_floors":[5],"is_endless":false,"potions_floor_spawned":[2,3,8,11,18],"killed_by":"Cultist and Chosen","ascension_level":0}}