{"host":"ypphcgdomtfqpc2w","time":1611388039,"event":{"mods":["BaseMod","Minty Spire (QoL Compilation)","StSLib"],"gold_per_floor":[118,133,149,11,28,28,54,74,74,74,224,249,249,174,174,251,251,265,265,265,265,142,167,178,178,178,178,198,198,113,113,113,187,187,200,200,213,231,244,272,272,307,358,358,387,387,387,406,406,406,406,406,406,12,37,37],"floor_reached":57,"language":"ENG","playtime":4720,"items_purged":["Strike_R+1","Doubt"],"score":2736,"play_id":"849f2b29-ada9-4b4d-b2bf-46bc5d728b51","local_time":"20210123164719","is_ascension_mode":true,"campfire_choices":[{"data":"Blood for Blood","floor":6.0,"key":"SMITH"},{"floor":10,"key":"REST"},{"data":"Fire Breathing","floor":13,"key":"SMITH"},{"data":"Shrug It Off","floor":15,"key":"SMITH"},{"data":"Corruption","floor":25,"key":"SMITH"},{"floor":27,"key":"REST"},{"floor":32,"key":"REST"},{"data":"Dark Embrace","floor":41,"key":"SMITH"},{"floor":44,"key":"REST"},{"floor":49,"key":"RECALL"},{"data":"True Grit","floor":53,"key":"SMITH"}],"circlet_count":0,"master_deck":["AscendersBane","Strike_R+1","Strike_R+1","Strike_R+1","Strike_R+1","Defend_R+1","Defend_R+1","Defend_R+1","Defend_R+1","Cleave","Sever Soul+1","Evolve","Fire Breathing+1","Blood for Blood+1","Ghostly Armor","Shrug It Off+1","Immolate","Corruption+1","Shrug It Off","Dark Embrace+1","Necronomicurse","Feed+1","Feel No Pain+1","Shrug It Off","True Grit+1","Demon Form","Disarm","Second Wind","Enlightenment","Uppercut+1","Bloodletting","Burning Pact"],"relics":["Burning Blood","Tiny Chest","Sundial","The Courier","SacredBark","FossilizedHelix","Ornamental Fan","Red Skull","Necronomicon","Bird Faced Urn","Runic Pyramid","Strawberry","Whetstone","Oddly Smooth Stone","HornCleat","OrangePellets","Torii"],"acts_visited":["Exordium","TheCity","TheBeyond","TheEnding"],"potions_floor_usage":[7,7,19,23,23,33,33,33,33,39,40,51,55,56],"damage_taken":[{"damage":6.0,"enemies":"Cultist","floor":1.0,"turns":3.0},{"damage":7.0,"enemies":"2 Louse","floor":2.0,"turns":3.0},{"damage":12.0,"enemies":"Jaw Worm","floor":3.0,"turns":2.0},{"damage":12.0,"enemies":"Looter","floor":5.0,"turns":4.0},{"damage":30,"enemies":"Lagavulin","floor":7,"turns":7},{"damage":14,"enemies":"3 Louse","floor":8,"turns":3},{"damage":20,"enemies":"3 Sentries","floor":12,"turns":5},{"damage":22,"enemies":"Slime Boss","floor":16,"turns":7},{"damage":54,"enemies":"Shell Parasite","floor":18,"turns":12},{"damage":0,"enemies":"3 Byrds","floor":19,"turns":1},{"damage":18,"enemies":"Gremlin Leader","floor":23,"turns":11},{"damage":42,"enemies":"Centurion and Healer","floor":24,"turns":9},{"damage":0,"enemies":"Cultist and Chosen","floor":28,"turns":5},{"damage":14,"enemies":"Champ","floor":33,"turns":9},{"damage":51,"enemies":"3 Darklings","floor":35,"turns":5},{"damage":19,"enemies":"3 Shapes","floor":37,"turns":6},{"damage":5,"enemies":"3 Darklings","floor":38,"turns":6},{"damage":0,"enemies":"4 Shapes","floor":39,"turns":5},{"damage":0,"enemies":"Reptomancer","floor":40,"turns":5},{"damage":89,"enemies":"Giant Head","floor":42,"turns":9},{"damage":30,"enemies":"Nemesis","floor":45,"turns":7},{"damage":3,"enemies":"Jaw Worm Horde","floor":48,"turns":4},{"damage":18,"enemies":"Time Eater","floor":50,"turns":12},{"damage":51,"enemies":"Awakened One","floor":51,"turns":11},{"damage":92,"enemies":"Shield and Spear","floor":55,"turns":7},{"damage":37,"enemies":"The Heart","floor":56,"turns":9}],"seed_played":"-3313672679877374250","potions_obtained":[{"floor":1.0,"key":"SneckoOil"},{"floor":3.0,"key":"GamblersBrew"},{"floor":7,"key":"PowerPotion"},{"floor":18,"key":"SmokeBomb"},{"floor":31,"key":"EntropicBrew"},{"floor":31,"key":"Block Potion"},{"floor":37,"key":"DistilledChaos"},{"floor":38,"key":"Explosive Potion"},{"floor":48,"key":"LiquidBronze"}],"is_trial":false,"path_per_floor":["M","M","M","$","M","R","E","M","T","R","?","E","R","?","R","B",null,"M","M","?","T","$","E","M","R","T","R","M","?","?","?","R","B",null,"M","T","M","M","M","E","R","E","T","R","E","?","?","M","R","B","B",null,"R","$","E","B",null],"character_chosen":"IRONCLAD","items_purchased":["Fire Breathing","Energy Potion","Regen Potion","Regen Potion","OrangePellets","EssenceOfSteel","Bloodletting"],"campfire_rested":4,"item_purchase_floors":[4,4,22,54,54,54,54],"current_hp_per_floor":[75,74,68,68,62,62,38,30,30,54,54,40,40,40,40,24,68,20,26,26,26,26,66,30,30,30,54,60,39,39,39,63,63,77,39,46,44,56,75,94,94,25,25,57,47,47,47,58,58,58,17,87,87,87,13,46],"gold":37,"neow_bonus":"TEN_PERCENT_HP_BONUS","is_daily":false,"chose_seed":false,"campfire_upgraded":6,"win_rate":0.0,"timestamp":1611388039,"path_taken":["M","M","M","$","M","R","E","M","T","R","?","E","R","?","R","BOSS","M","M","?","?","$","E","M","R","T","R","M","?","?","?","R","BOSS","M","?","?","M","M","E","R","E","T","R","E","?","?","M","R","BOSS","BOSS","R","$","E","BOSS"],"items_purchased_type":["Card","Potion","Potion","Potion","Relic","Potion","Card"],"build_version":"2020-12-22","purchased_purges":2,"victory":true,"max_hp_per_floor":[82,82,82,82,82,82,82,82,82,82,82,82,82,82,82,82,82,82,82,82,82,82,82,82,82,82,82,82,82,82,82,82,82,82,85,92,95,98,101,104,104,108,108,108,112,106,106,110,110,110,110,110,110,110,110,110],"card_choices":[{"not_picked":["Power Through","Twin Strike"],"picked":"Cleave","floor":1.0},{"not_picked":["Rupture","Havoc"],"picked":"Sever Soul","floor":2.0},{"not_picked":["Shrug It Off","Flex"],"picked":"Evolve","floor":3.0},{"not_picked":["Uppercut","Rupture"],"picked":"Blood for Blood","floor":5.0},{"not_picked":["Cleave","Twin Strike","Flex"],"picked":"SKIP","floor":7},{"not_picked":["Heavy Blade","Blood for Blood"],"picked":"Ghostly Armor","floor":8},{"not_picked":["Dark Embrace","Armaments"],"picked":"Shrug It Off","floor":12},{"not_picked":["Exhume","Limit Break"],"picked":"Immolate","floor":16},{"not_picked":["Combust","Evolve","Iron Wave"],"picked":"SKIP","floor":18},{"not_picked":["Shrug It Off","Infernal Blade"],"picked":"Corruption","floor":23},{"not_picked":["Cleave","Thunderclap+1"],"picked":"Shrug It Off","floor":24},{"not_picked":["Combust","Entrench"],"picked":"Dark Embrace","floor":28},{"not_picked":["Berserk","Exhume"],"picked":"Feed","floor":33},{"not_picked":["Cleave","Wild Strike+1","Sword Boomerang"],"picked":"SKIP","floor":35},{"not_picked":["Whirlwind+1","Armaments"],"picked":"Feel No Pain+1","floor":37},{"not_picked":["Anger+1","Body Slam"],"picked":"Shrug It Off","floor":38},{"not_picked":["Wild Strike","Bludgeon"],"picked":"True Grit","floor":39},{"not_picked":["Battle Trance","Flex"],"picked":"Demon Form","floor":40},{"not_picked":["Perfected Strike","Combust"],"picked":"Disarm","floor":42},{"not_picked":["Cleave","Twin Strike+1"],"picked":"Second Wind","floor":45},{"not_picked":["Finesse","Sadistic Nature"],"picked":"Enlightenment","floor":47},{"not_picked":["Headbutt+1","Clash"],"picked":"Uppercut+1","floor":48},{"not_picked":["Whirlwind","Shrug It Off"],"picked":"Burning Pact","floor":55}],"player_experience":2094084,"relics_obtained":[{"floor":7,"key":"Tiny Chest"},{"floor":9,"key":"Sundial"},{"floor":12,"key":"The Courier"},{"floor":21,"key":"FossilizedHelix"},{"floor":23,"key":"Ornamental Fan"},{"floor":26,"key":"Red Skull"},{"floor":29,"key":"Necronomicon"},{"floor":36,"key":"Strawberry"},{"floor":40,"key":"Whetstone"},{"floor":42,"key":"Oddly Smooth Stone"},{"floor":45,"key":"HornCleat"},{"floor":55,"key":"Torii"}],"event_choices":[{"damage_healed":0,"gold_gain":150,"player_choice":"AGREE","damage_taken":0,"max_hp_gain":0,"max_hp_loss":0,"event_name":"Liars Game","floor":11,"gold_loss":0,"cards_obtained":["Doubt"]},{"cards_removed":["Bash"],"damage_healed":0,"gold_gain":0,"player_choice":"Card Removal","damage_taken":0,"max_hp_gain":0,"max_hp_loss":0,"event_name":"The Cleric","floor":14,"gold_loss":75},{"damage_healed":0,"gold_gain":0,"player_choice":"Simplicity","damage_taken":0,"max_hp_gain":0,"max_hp_loss":0,"event_name":"Back to Basics","floor":20,"gold_loss":0,"cards_upgraded":["Strike_R","Strike_R","Strike_R","Strike_R","Strike_R","Defend_R","Defend_R","Defend_R","Defend_R"]},{"damage_healed":0,"gold_gain":0,"player_choice":"Obtained Book","damage_taken":21,"max_hp_gain":0,"max_hp_loss":0,"event_name":"Cursed Tome","floor":29,"gold_loss":0},{"damage_healed":0,"gold_gain":0,"player_choice":"Obtained Relic","damage_taken":0,"relics_obtained":["Bird Faced Urn"],"max_hp_gain":0,"max_hp_loss":0,"event_name":"Addict","floor":30,"gold_loss":85},{"damage_healed":0,"gold_gain":0,"player_choice":"Got Potions","damage_taken":0,"max_hp_gain":0,"max_hp_loss":0,"event_name":"Lab","floor":31,"gold_loss":0},{"damage_healed":0,"gold_gain":0,"player_choice":"Max HP","damage_taken":0,"max_hp_gain":0,"max_hp_loss":6,"event_name":"Winding Halls","floor":46,"gold_loss":0},{"damage_healed":0,"gold_gain":0,"player_choice":"Memory 1","damage_taken":0,"max_hp_gain":0,"max_hp_loss":0,"event_name":"SensoryStone","floor":47,"gold_loss":0}],"is_beta":false,"boss_relics":[{"not_picked":["Ectoplasm","Runic Dome"],"picked":"SacredBark"},{"not_picked":["Philosopher\u0027s Stone","Black Blood"],"picked":"Runic Pyramid"}],"items_purged_floors":[22,54],"is_endless":false,"potions_floor_spawned":[1,3,7,18,37,38,48],"ascension_level":20}}