{"host":"x7xd4wkamhrqrrvw","time":1611381031,"event":{"mods":["AchievementEnabler","BaseMod","Minty Spire (QoL Compilation)","StSLib"],"gold_per_floor":[116,191,204,47,67,67,101,101,101,131,131,281,297,332,332,408,408,423,37,37,36,63,63,63],"floor_reached":23,"language":"ENG","playtime":1479,"items_purged":["Strike_R"],"score":373,"play_id":"ed990662-4292-4c1f-8a3c-afd36deb7743","local_time":"20210123035031","is_ascension_mode":true,"campfire_choices":[{"data":"Sever Soul","floor":6.0,"key":"SMITH"},{"data":"Flame Barrier","floor":8.0,"key":"SMITH"},{"data":"ThirdEye","floor":11.0,"key":"SMITH"},{"data":"Panacea","floor":15,"key":"SMITH"}],"circlet_count":0,"master_deck":["AscendersBane","Strike_R","Strike_R","Strike_R","Strike_R","Defend_R","Defend_R","Defend_R","Defend_R","Bash","Sever Soul+1","Flame Barrier+1","Finesse","ThirdEye+1","Adrenaline","Deadly Poison","Panacea+1","Wraith Form v2","Barricade","Flame Barrier+1","Conserve Battery+1"],"relics":["Burning Blood","PrismaticShard","Pear","Vajra","Omamori","Blood Vial","Black Star","Medical Kit","Red Mask"],"acts_visited":["Exordium","TheCity"],"potions_floor_usage":[21,22],"damage_taken":[{"damage":3.0,"enemies":"2 Louse","floor":1.0,"turns":3.0},{"damage":4.0,"enemies":"Jaw Worm","floor":3.0,"turns":7.0},{"damage":1.0,"enemies":"Cultist","floor":5.0,"turns":3.0},{"damage":14.0,"enemies":"Lagavulin","floor":7.0,"turns":9.0},{"damage":18.0,"enemies":"Gremlin Nob","floor":10.0,"turns":4.0},{"damage":0,"enemies":"Red Slaver","floor":13,"turns":4},{"damage":9,"enemies":"3 Sentries","floor":14,"turns":7},{"damage":31,"enemies":"The Guardian","floor":16,"turns":16},{"damage":19,"enemies":"Spheric Guardian","floor":18,"turns":6},{"damage":21,"enemies":"2 Thieves","floor":21,"turns":5},{"damage":42,"enemies":"Masked Bandits","floor":22,"turns":8},{"damage":50,"enemies":"Gremlin Leader","floor":23,"turns":7}],"seed_played":"-3116245774763774743","potions_obtained":[{"floor":1.0,"key":"EntropicBrew"},{"floor":3.0,"key":"Dexterity Potion"},{"floor":7.0,"key":"DuplicationPotion"},{"floor":14,"key":"Weak Potion"},{"floor":18,"key":"Regen Potion"}],"is_trial":false,"path_per_floor":["M","?","M","$","M","R","E","R","T","E","R","?","M","E","R","B",null,"M","$","?","M","?","E"],"character_chosen":"IRONCLAD","items_purchased":["PrismaticShard","Medical Kit","Barricade"],"campfire_rested":0,"item_purchase_floors":[4,19,19],"current_hp_per_floor":[78,67,69,69,74,74,76,76,76,76,76,76,82,79,79,56,83,72,72,72,59,40,0,0],"gold":63,"neow_bonus":"TEN_PERCENT_HP_BONUS","is_daily":false,"chose_seed":false,"campfire_upgraded":4,"win_rate":0.0,"timestamp":1611381031,"path_taken":["M","?","M","$","M","R","E","R","T","E","R","?","?","E","R","BOSS","M","$","?","?","?","E"],"items_purchased_type":["Relic","Relic","Card"],"build_version":"2020-12-22","purchased_purges":1,"victory":false,"max_hp_per_floor":[82,82,82,82,82,82,92,92,92,92,92,92,92,92,92,92,92,92,92,92,92,92,92,92],"card_choices":[{"not_picked":["Body Slam","Disarm"],"picked":"Sever Soul","floor":1.0},{"not_picked":["Clothesline","Headbutt"],"picked":"Flame Barrier","floor":3.0},{"not_picked":["Slice","Sweeping Beam"],"picked":"Finesse","floor":5.0},{"not_picked":["Juggernaut","Cold Snap"],"picked":"ThirdEye","floor":7.0},{"not_picked":["Go for the Eyes","Perfected Strike"],"picked":"Adrenaline","floor":10.0},{"not_picked":["Gash","EmptyFist"],"picked":"Deadly Poison","floor":13},{"not_picked":["Prostrate","Demon Form"],"picked":"Panacea","floor":14},{"not_picked":["Secret Weapon","Brutality"],"picked":"Wraith Form v2","floor":16},{"not_picked":["Hello World+1","Rampage","Consecrate"],"picked":"SKIP","floor":18},{"not_picked":["Clothesline","Blade Dance","Flying Knee"],"picked":"SKIP","floor":21},{"not_picked":["Sword Boomerang","Ball Lightning"],"picked":"Conserve Battery+1","floor":22}],"player_experience":391802,"relics_obtained":[{"floor":7.0,"key":"Pear"},{"floor":9.0,"key":"Vajra"},{"floor":10.0,"key":"Omamori"},{"floor":14,"key":"Blood Vial"},{"floor":22,"key":"Red Mask"}],"event_choices":[{"damage_healed":0.0,"max_hp_gain":0.0,"max_hp_loss":0.0,"gold_gain":75.0,"event_name":"World of Goop","player_choice":"Gather Gold","floor":2.0,"gold_loss":0.0,"damage_taken":11.0},{"damage_healed":0,"gold_gain":150,"player_choice":"AGREE","damage_taken":0,"max_hp_gain":0,"max_hp_loss":0,"event_name":"Liars Game","floor":12,"gold_loss":0,"cards_obtained":["Doubt"]},{"damage_healed":0,"gold_gain":0,"player_choice":"Copied","damage_taken":0,"max_hp_gain":0,"max_hp_loss":0,"event_name":"Duplicator","floor":20,"gold_loss":0,"cards_obtained":["Flame Barrier"]},{"damage_healed":0,"gold_gain":0,"player_choice":"Fought Bandits","damage_taken":0,"max_hp_gain":0,"max_hp_loss":0,"event_name":"Masked Bandits","floor":22,"gold_loss":0}],"is_beta":false,"boss_relics":[{"not_picked":["Tiny House","Runic Cube"],"picked":"Black Star"}],"items_purged_floors":[19],"is_endless":false,"potions_floor_spawned":[1,3,7,14,18],"killed_by":"Gremlin Leader","ascension_level":16}}