{"host":"gbop6m4qugddaz18","time":1611394656,"event":{"mods":["2.2 Compatiblity","BaseMod","Better Third Choice","Block Reminder","Downfall","GifTheSpireLib","Highlight Path","Minty Spire (QoL Compilation)","Replay The Spire","StSLib"],"gold_per_floor":[112,122,140,158,158,185,201,236,236,254,274,285,302,331,331,427,427,447,447,447,447,287,387,422,422,445,445,225,245,265,291,291,391,391,403,417,444,444,474,474,532,532,532,577,629,629,658,37,37,57],"floor_reached":51,"language":"ENG","playtime":4207,"items_purged":[],"score":1023,"play_id":"d848f40b-1f46-4405-a899-bc8de8616193","local_time":"20210123043736","is_ascension_mode":true,"campfire_choices":[{"floor":15,"key":"REST"},{"data":"Cloak And Dagger","floor":25,"key":"SMITH"},{"floor":27,"key":"REST"},{"floor":32,"key":"REST"},{"data":"Accuracy","floor":40,"key":"SMITH"},{"floor":42,"key":"REST"}],"circlet_count":0,"master_deck":["Strike_G","Strike_G","Strike_G","Strike_G","Strike_G","Defend_G","Defend_G","Defend_G","Defend_G","Defend_G","Survivor","Neutralize","CurseOfTheBell","Crippling Poison","Blade Dance","Blade Dance","Acrobatics","Dodge and Roll","Slice","Outmaneuver","Blade Dance","Dodge and Roll","ReplayTheSpireMod:Scrap Shanks","Backflip","Dodge and Roll","Tools of the Trade+1","Escape Plan+1","Well Laid Plans","Dramatic Entrance","Cloak And Dagger+1","Accuracy+1","Cloak And Dagger","Blade Dance","ReplayTheSpireMod:Scrap Shanks","Envenom+1","CommonCold","Writhe","Spreading Infection","Caltrops","Endless Agony","Madness+1","Madness+1","Blur+1","Blade Dance+1","Backstab+1","Accuracy","Mind Blast","Slice+1","Noxious Fumes","Masterful Stab","Deadly Poison+1","Languid"],"relics":["Calling Bell","Bronze Scales","ReplayTheSpireMod:Ninjato","Replay:Kaleidoscope","Happy Flower","Tiny Chest","ReplayTheSpireMod:Shallot","PreservedInsect","WristBlade","Enchiridion","Replay:Accelerometer","Torii","Pet Ghost","TwistedFunnel","Bag of Preparation","Replay:Ancient Bell","Replay:Rubber Ducky","Toxic Egg 2","Du-Vu Doll","Replay:Bandana","Vajra","Mercury Hourglass","ReplayTheSpireMod:TigerMarble","Ice Cream","Guide Book","Ring of Hypnosis","Ring of Chaos"],"acts_visited":["Exordium","TheCity","TheBeyond"],"potions_floor_usage":[6,16,16,16,50,50,50],"damage_taken":[{"damage":11,"enemies":"Jaw Worm","floor":1,"turns":4},{"damage":0,"enemies":"Cultist","floor":2,"turns":5},{"damage":0,"enemies":"2 Louse","floor":3,"turns":2},{"damage":0,"enemies":"Large Slime","floor":4,"turns":4},{"damage":11,"enemies":"3 Sentries","floor":6,"turns":7},{"damage":13,"enemies":"Exordium Thugs","floor":7,"turns":5},{"damage":18,"enemies":"Gremlin Nob","floor":8,"turns":5},{"damage":0,"enemies":"Blue Slaver","floor":10,"turns":2},{"damage":3,"enemies":"2 Fungi Beasts","floor":11,"turns":3},{"damage":0,"enemies":"Gremlin Gang","floor":12,"turns":3},{"damage":3,"enemies":"Blue Slaver","floor":13,"turns":3},{"damage":2,"enemies":"3 Sentries","floor":14,"turns":6},{"damage":35,"enemies":"Slime Boss","floor":16,"turns":11},{"damage":0,"enemies":"2 Thieves","floor":18,"turns":3},{"damage":2,"enemies":"Slavers","floor":24,"turns":4},{"damage":0,"enemies":"Chosen","floor":29,"turns":3},{"damage":22,"enemies":"Snecko","floor":30,"turns":5},{"damage":0,"enemies":"Gremlin Leader","floor":31,"turns":2},{"damage":20,"enemies":"Champ","floor":33,"turns":6},{"damage":2,"enemies":"3 Darklings","floor":35,"turns":5},{"damage":1,"enemies":"Orb Walker","floor":36,"turns":3},{"damage":2,"enemies":"Sphere and 2 Shapes","floor":39,"turns":2},{"damage":0,"enemies":"R_Hoarder","floor":41,"turns":4},{"damage":0,"enemies":"Transient","floor":44,"turns":5},{"damage":0,"enemies":"Nemesis","floor":45,"turns":1},{"damage":0,"enemies":"3 Darklings","floor":47,"turns":1},{"damage":45,"enemies":"Replay:Hell Engine","floor":50,"turns":5}],"seed_played":"-9101043966160556095","potions_obtained":[{"floor":2,"key":"Slimebound:ThreeZeroPotion"},{"floor":3,"key":"GamblersBrew"},{"floor":4,"key":"sneckomod:MuddlingPotion"},{"floor":7,"key":"bronze:BurnAndBuffPotion"},{"floor":14,"key":"Poison Potion"},{"floor":16,"key":"Strength Potion"},{"floor":29,"key":"hexamod:SoulburnPotion"},{"floor":31,"key":"Swift Potion"},{"floor":41,"key":"Energy Potion"},{"floor":47,"key":"PowerPotion"}],"is_trial":false,"path_per_floor":["M","M","M","M","?","E","M","E","T","M","M","M","M","E","R","B",null,"M","?","?","T","$","?","E","R","T","R","$","M","M","E","R","B",null,"M","M","T","?","M","R","E","R","T","M","E","?","M","$","R","B",null],"character_chosen":"THE_SILENT","items_purchased":["Well Laid Plans","Dramatic Entrance","Accuracy","TwistedFunnel","Ice Cream","Noxious Fumes","Masterful Stab","Guide Book","Deadly Poison+1"],"campfire_rested":4,"item_purchase_floors":[22,22,28,28,48,48,48,48,48],"current_hp_per_floor":[59,59,59,59,70,59,46,28,28,28,25,25,22,20,41,6,70,70,54,54,54,54,54,52,52,52,70,70,70,48,48,69,49,70,68,67,67,58,56,56,56,70,70,70,70,70,70,70,70,25],"gold":57,"neow_bonus":"BOSS_RELIC","is_daily":false,"chose_seed":false,"campfire_upgraded":2,"win_rate":0.0,"timestamp":1611394656,"path_taken":["M","M","M","M","?","E","M","E","T","M","M","?","M","E","R","BOSS","M","?","?","?","?","?","E","R","T","R","$","M","M","E","R","BOSS","M","?","?","?","M","R","E","R","T","?","E","?","M","$","R","BOSS"],"items_purchased_type":["Card","Card","Card","Relic","Relic","Card","Card","Relic","Card"],"build_version":"2020-12-22","purchased_purges":0,"victory":true,"max_hp_per_floor":[70,70,70,70,70,70,70,70,70,70,70,70,70,70,70,70,70,70,70,70,70,70,70,70,70,70,70,70,70,70,70,70,70,70,70,70,70,70,70,70,70,70,70,70,70,70,70,70,70,70],"card_choices":[{"not_picked":["Eviscerate","Acrobatics"],"picked":"Crippling Poison","floor":1},{"not_picked":["Slice","Quick Slash"],"picked":"Blade Dance","floor":2},{"not_picked":["Well Laid Plans","Prepared"],"picked":"Blade Dance","floor":3},{"not_picked":["Glass Knife","Bane"],"picked":"Acrobatics","floor":4},{"not_picked":["Dagger Spray","Fluid Movement"],"picked":"Dodge and Roll","floor":6},{"not_picked":["Deadly Poison","Backflip"],"picked":"Slice","floor":7},{"not_picked":["Poisoned Stab","Poison Darts"],"picked":"Outmaneuver","floor":8},{"not_picked":["Sucker Punch","Deflect"],"picked":"Blade Dance","floor":10},{"not_picked":["Acrobatics","Bouncing Flask"],"picked":"Dodge and Roll","floor":11},{"not_picked":["Dodge and Roll","Backflip"],"picked":"ReplayTheSpireMod:Scrap Shanks","floor":12},{"not_picked":["Poisoned Stab","Calculated Gamble"],"picked":"Backflip","floor":13},{"not_picked":["Catalyst","Backstab"],"picked":"Dodge and Roll","floor":14},{"not_picked":["Grand Finale","Doppelganger"],"picked":"Tools of the Trade","floor":16},{"not_picked":["Deadly Poison","Predator"],"picked":"Escape Plan+1","floor":18},{"not_picked":["Deflect","PiercingWail"],"picked":"Cloak And Dagger","floor":24},{"not_picked":["Reflex","Deadly Poison"],"picked":"Cloak And Dagger","floor":29},{"not_picked":["Underhanded Strike","Slice"],"picked":"Blade Dance","floor":30},{"not_picked":["Poisoned Stab","Underhanded Strike"],"picked":"ReplayTheSpireMod:Scrap Shanks","floor":31},{"not_picked":["Poison Darts","Bullet Time"],"picked":"Envenom","floor":33},{"not_picked":["Writhe","Hallucinations"],"picked":"CommonCold","floor":34},{"not_picked":["Looming Evil","Sickly"],"picked":"Writhe","floor":34},{"not_picked":["downfall:Bewildered","Normality"],"picked":"Spreading Infection","floor":34},{"not_picked":["Underhanded Strike+1","Dash+1"],"picked":"Caltrops","floor":35},{"not_picked":["Well Laid Plans","Dash+1"],"picked":"Endless Agony","floor":36},{"not_picked":["Underhanded Strike","Wraith Form v2"],"picked":"Blur+1","floor":39},{"not_picked":["Blur+1","Cloak And Dagger+1"],"picked":"Blade Dance+1","floor":41},{"not_picked":["Dodge and Roll+1","Toxin Wave+1"],"picked":"Backstab+1","floor":44},{"not_picked":["Deflect+1","Leg Sweep+1"],"picked":"Accuracy","floor":45},{"not_picked":["Master of Strategy+1","Poisoned Strike"],"picked":"Mind Blast","floor":46},{"not_picked":["Sucker Punch","ReplayTheSpireMod:Speed Training+1"],"picked":"Slice+1","floor":47}],"player_experience":603888,"relics_obtained":[{"floor":0,"key":"Bronze Scales"},{"floor":0,"key":"ReplayTheSpireMod:Ninjato"},{"floor":0,"key":"Replay:Kaleidoscope"},{"floor":6,"key":"Happy Flower"},{"floor":8,"key":"Tiny Chest"},{"floor":9,"key":"ReplayTheSpireMod:Shallot"},{"floor":14,"key":"PreservedInsect"},{"floor":19,"key":"Enchiridion"},{"floor":21,"key":"Replay:Accelerometer"},{"floor":24,"key":"Torii"},{"floor":26,"key":"Pet Ghost"},{"floor":31,"key":"Bag of Preparation"},{"floor":37,"key":"Replay:Bandana"},{"floor":41,"key":"Vajra"},{"floor":43,"key":"Mercury Hourglass"},{"floor":45,"key":"ReplayTheSpireMod:TigerMarble"},{"floor":49,"key":"Ring of Hypnosis"},{"floor":49,"key":"Ring of Chaos"}],"event_choices":[{"damage_healed":11,"gold_gain":0,"player_choice":"Full Heal","damage_taken":0,"max_hp_gain":0,"max_hp_loss":0,"event_name":"Wheel of Change","floor":5,"gold_loss":0},{"damage_healed":0,"gold_gain":0,"player_choice":"Obtained Book","damage_taken":16,"max_hp_gain":0,"max_hp_loss":0,"event_name":"Cursed Tome","floor":19,"gold_loss":0},{"damage_healed":0,"gold_gain":0,"player_choice":"Ignored","damage_taken":0,"max_hp_gain":0,"max_hp_loss":0,"event_name":"Beggar","floor":20,"gold_loss":0},{"damage_healed":0,"gold_gain":100,"player_choice":"Pray","damage_taken":0,"max_hp_gain":0,"max_hp_loss":0,"event_name":"Golden Shrine","floor":23,"gold_loss":0},{"damage_healed":0,"gold_gain":0,"player_choice":"Embrace Madness","damage_taken":9,"max_hp_gain":0,"max_hp_loss":0,"event_name":"Winding Halls","floor":38,"gold_loss":0,"cards_obtained":["Madness","Madness"]},{"damage_healed":0,"gold_gain":0,"player_choice":"Memory 1","damage_taken":0,"max_hp_gain":0,"max_hp_loss":0,"event_name":"SensoryStone","floor":46,"gold_loss":0}],"is_beta":false,"boss_relics":[{"not_picked":["Tiny House","HoveringKite"],"picked":"WristBlade"},{"not_picked":["Cursed Key","Kintsugi"],"picked":"Replay:Ancient Bell"},{"not_picked":["Strawberry","Blue Doll"],"picked":"Replay:Rubber Ducky"},{"not_picked":["Sundial","Molten Egg 2"],"picked":"Toxic Egg 2"},{"not_picked":["Thread and Needle","Girya"],"picked":"Du-Vu Doll"}],"items_purged_floors":[],"is_endless":false,"potions_floor_spawned":[2,3,4,7,14,16,29,31,41,45,47],"ascension_level":4}}