{"host":"1tl36azeqm6yhdgj","time":1611401748,"event":{"mods":["AchievementEnabler","BaseMod","Minty Spire (QoL Compilation)","StSLib","The IronCluck","everything is the same but u backflip on backflip"],"gold_per_floor":[111,121,34,184,197,197,272,272,272],"floor_reached":8,"language":"ENG","playtime":132,"items_purged":[],"score":92,"play_id":"76c4f62d-a7c5-45fb-86aa-a9264acc5119","local_time":"20210123063548","is_ascension_mode":true,"campfire_choices":[{"data":"Fire Breathing","floor":6,"key":"SMITH"}],"circlet_count":0,"master_deck":["AscendersBane","Strike_R","Strike_R","Strike_R","Strike_R","Strike_R","Defend_R","Defend_R","Defend_R","Defend_R","Bash","Bludgeon","Thunderclap","Dark Embrace","Fire Breathing+1","Doubt","Burning Pact"],"relics":["Burning Blood"],"acts_visited":["Exordium"],"potions_floor_usage":[],"damage_taken":[{"damage":12,"enemies":"Jaw Worm","floor":1,"turns":2},{"damage":9,"enemies":"2 Louse","floor":2,"turns":4},{"damage":6,"enemies":"Cultist","floor":5,"turns":3},{"damage":60,"enemies":"Gremlin Nob","floor":8,"turns":4}],"seed_played":"-526454811911071707","potions_obtained":[],"is_trial":false,"path_per_floor":["M","M","$","?","M","R","?","E"],"character_chosen":"IRONCLAD","items_purchased":["Fire Breathing"],"campfire_rested":0,"item_purchase_floors":[3],"current_hp_per_floor":[62,59,59,59,59,59,48,0,0],"gold":272,"neow_bonus":"ONE_RANDOM_RARE_CARD","is_daily":false,"chose_seed":false,"campfire_upgraded":1,"win_rate":0.0,"timestamp":1611401748,"path_taken":["M","M","$","?","M","R","?","E"],"items_purchased_type":["Card"],"build_version":"2020-12-22","purchased_purges":0,"victory":false,"max_hp_per_floor":[75,75,75,75,75,75,75,75,75],"card_choices":[{"not_picked":["Heavy Blade","Sever Soul"],"picked":"Thunderclap","floor":1},{"not_picked":["Hemokinesis","Shrug It Off"],"picked":"Dark Embrace","floor":2},{"not_picked":["Clothesline","Battle Trance"],"picked":"Burning Pact","floor":5}],"player_experience":2023770,"relics_obtained":[],"event_choices":[{"damage_healed":0,"gold_gain":150,"player_choice":"AGREE","damage_taken":0,"max_hp_gain":0,"max_hp_loss":0,"event_name":"Liars Game","floor":4,"gold_loss":0,"cards_obtained":["Doubt"]},{"damage_healed":0,"gold_gain":75,"player_choice":"Gather Gold","damage_taken":11,"max_hp_gain":0,"max_hp_loss":0,"event_name":"World of Goop","floor":7,"gold_loss":0}],"is_beta":false,"boss_relics":[],"items_purged_floors":[],"is_endless":false,"potions_floor_spawned":[],"killed_by":"Gremlin Nob","ascension_level":20}}