{"host":"sav7uxregyirlf69","time":1611375918,"event":{"mods":["AchievementEnabler","BaseMod","Colored Map","DeckTracker","Keyboard Shortcuts","Minty Spire (QoL Compilation)","READ ME - Guardian Mod","StSLib","SuperFastMode"],"gold_per_floor":[135,3,3,3,56,56,97,161,161,213,254,264,280,280,280,280,280],"floor_reached":16,"language":"KOR","playtime":230,"items_purged":["Decay"],"score":208,"play_id":"876a3648-fd41-42a8-93a2-6cd16f5f7f71","local_time":"20210123132518","is_ascension_mode":true,"campfire_choices":[{"data":"HandOfGreed","floor":6,"key":"SMITH"},{"floor":15,"key":"REST"}],"circlet_count":0,"master_deck":["AscendersBane","Strike_B","Strike_B","Strike_B","Defend_B","Defend_B","Defend_B","Defend_B","Zap","Dualcast","HandOfGreed+1","Go for the Eyes","Cold Snap","Ball Lightning","Turbo","Consume","Compile Driver","Static Discharge","Capacitor","Chaos"],"relics":["Cracked Core","Mercury Hourglass","Sundial"],"acts_visited":["Exordium"],"potions_floor_usage":[11],"damage_taken":[{"damage":6,"enemies":"Small Slimes","floor":1,"turns":3},{"damage":0,"enemies":"2 Louse","floor":5,"turns":3},{"damage":4,"enemies":"Jaw Worm","floor":7,"turns":2},{"damage":20,"enemies":"Gremlin Gang","floor":8,"turns":5},{"damage":14,"enemies":"3 Sentries","floor":10,"turns":6},{"damage":12,"enemies":"Exordium Thugs","floor":11,"turns":3},{"damage":0,"enemies":"Large Slime","floor":12,"turns":2},{"damage":0,"enemies":"Red Slaver","floor":13,"turns":3},{"damage":29,"enemies":"Hexaghost","floor":16,"turns":7}],"seed_played":"3405659055808849256","potions_obtained":[{"floor":10,"key":"ColorlessPotion"}],"is_trial":false,"path_per_floor":["M","$","?","?","M","R","M","M","T","E","M","M","M","?","R","B"],"character_chosen":"DEFECT","items_purchased":["Cold Snap"],"campfire_rested":1,"item_purchase_floors":[2],"current_hp_per_floor":[58,58,51,56,56,56,52,32,32,18,6,6,6,6,28,0,0],"gold":280,"neow_bonus":"RANDOM_COLORLESS_2","is_daily":false,"chose_seed":false,"campfire_upgraded":1,"win_rate":0.0,"timestamp":1611375918,"path_taken":["M","$","?","?","M","R","M","M","T","E","M","M","M","?","R","BOSS"],"items_purchased_type":["Card"],"build_version":"2020-12-22","purchased_purges":1,"victory":false,"max_hp_per_floor":[71,71,71,76,76,76,76,76,76,76,76,76,76,76,76,76,76],"card_choices":[{"not_picked":["Chrysalis","Metamorphosis"],"picked":"HandOfGreed","floor":0},{"not_picked":["Redo","Skim"],"picked":"Go for the Eyes","floor":1},{"not_picked":["Melter","Steam"],"picked":"Ball Lightning","floor":5},{"not_picked":["Sweeping Beam","Double Energy"],"picked":"Turbo","floor":7},{"not_picked":["Stack","Steam"],"picked":"Consume","floor":8},{"not_picked":["Sweeping Beam","Machine Learning"],"picked":"Compile Driver","floor":10},{"not_picked":["Go for the Eyes","Aggregate"],"picked":"Static Discharge","floor":11},{"not_picked":["White Noise","Stack"],"picked":"Capacitor","floor":12},{"not_picked":["Streamline","Hello World"],"picked":"Chaos","floor":13}],"player_experience":1363876,"relics_obtained":[{"floor":9,"key":"Mercury Hourglass"},{"floor":10,"key":"Sundial"}],"event_choices":[{"cards_removed":["Strike_B"],"damage_healed":0,"gold_gain":0,"player_choice":"Card Removal","damage_taken":7,"max_hp_gain":0,"max_hp_loss":0,"event_name":"Golden Wing","floor":3,"gold_loss":0},{"damage_healed":0,"gold_gain":0,"player_choice":"Donut","damage_taken":0,"max_hp_gain":5,"max_hp_loss":0,"event_name":"Big Fish","floor":4,"gold_loss":0},{"damage_healed":0,"gold_gain":0,"player_choice":"Ignored","damage_taken":0,"max_hp_gain":0,"max_hp_loss":0,"event_name":"Shining Light","floor":14,"gold_loss":0}],"is_beta":false,"boss_relics":[],"items_purged_floors":[2],"is_endless":false,"potions_floor_spawned":[10],"killed_by":"Hexaghost","ascension_level":20}}