{"host":"sian7qp8a9pc9xwd","time":1611411680,"event":{"mods":["BaseMod","Minty Spire (QoL Compilation)","StSLib","SuperFastMode"],"gold_per_floor":[116,116,46,59,0,0,25,25,25,51,62,78,78,89,89,187,187,203,36,36,46,58,58,58,58],"floor_reached":24,"language":"ENG","playtime":774,"items_purged":["Clash"],"score":334,"play_id":"c94fc90c-9259-4dc5-8fe8-f7920d988060","local_time":"20210123092120","is_ascension_mode":true,"campfire_choices":[{"data":"Bash","floor":6.0,"key":"SMITH"},{"data":"Demon Form","floor":8.0,"key":"SMITH"},{"data":"Twin Strike","floor":13.0,"key":"SMITH"},{"data":"Battle Trance","floor":15.0,"key":"SMITH"},{"floor":23,"key":"REST"}],"circlet_count":0,"master_deck":["AscendersBane","Strike_R+1","Strike_R","Strike_R+1","Strike_R","Defend_R","Defend_R","Defend_R","Defend_R","Bash+1","Twin Strike+1","Ghostly Armor","Demon Form+1","Battle Trance+1","CurseOfTheBell","Ghostly Armor","Perfected Strike","Flash of Steel"],"relics":["Burning Blood","Whetstone","Matryoshka","Bag of Preparation","Smiling Mask","Darkstone Periapt","Singing Bowl","Calling Bell","Boot","White Beast Statue","Unceasing Top"],"acts_visited":["Exordium","TheCity"],"potions_floor_usage":[22,22,24,24],"damage_taken":[{"damage":4.0,"enemies":"2 Louse","floor":1.0,"turns":3.0},{"damage":0.0,"enemies":"Small Slimes","floor":4.0,"turns":2.0},{"damage":17.0,"enemies":"Gremlin Nob","floor":7.0,"turns":4.0},{"damage":25.0,"enemies":"3 Sentries","floor":10.0,"turns":6.0},{"damage":1.0,"enemies":"Cultist","floor":11.0,"turns":3.0},{"damage":0.0,"enemies":"Exordium Wildlife","floor":12.0,"turns":3.0},{"damage":12.0,"enemies":"Lots of Slimes","floor":14.0,"turns":6.0},{"damage":46.0,"enemies":"Hexaghost","floor":16.0,"turns":6.0},{"damage":36.0,"enemies":"3 Byrds","floor":18.0,"turns":7.0},{"damage":31.0,"enemies":"2 Thieves","floor":21.0,"turns":5.0},{"damage":11,"enemies":"Sentry and Sphere","floor":22,"turns":4},{"damage":56,"enemies":"Gremlin Leader","floor":24,"turns":6}],"seed_played":"3474694896951690915","potions_obtained":[{"floor":7.0,"key":"FearPotion"},{"floor":10.0,"key":"BlessingOfTheForge"},{"floor":14.0,"key":"SkillPotion"},{"floor":18.0,"key":"Strength Potion"},{"floor":20.0,"key":"Strength Potion"},{"floor":20.0,"key":"Strength Potion"},{"floor":22,"key":"BlessingOfTheForge"}],"is_trial":false,"path_per_floor":["M","?","$","M","?","R","E","R","T","E","M","M","R","M","R","B",null,"M","$","?","M","M","R","E"],"character_chosen":"IRONCLAD","items_purchased":["Ghostly Armor","Perfected Strike","Flash of Steel"],"campfire_rested":1,"item_purchase_floors":[3,19,19],"current_hp_per_floor":[74,67,67,73,73,73,62,62,62,45,50,58,58,54,54,16,76,46,46,46,23,20,49,0,0],"gold":58,"neow_bonus":"RANDOM_COMMON_RELIC","is_daily":false,"chose_seed":false,"campfire_upgraded":4,"win_rate":0.0,"timestamp":1611411680,"path_taken":["M","?","$","M","?","R","E","R","T","E","?","M","R","M","R","BOSS","M","$","?","M","?","R","E"],"items_purchased_type":["Card","Card","Card"],"build_version":"2020-12-22","purchased_purges":1,"victory":false,"max_hp_per_floor":[80,80,80,80,80,80,80,80,80,82,82,84,84,86,86,88,94,94,94,94,96,98,98,98,98],"card_choices":[{"not_picked":["True Grit","Headbutt"],"picked":"Twin Strike","floor":1.0},{"not_picked":["Searing Blow","Pommel Strike"],"picked":"Clash","floor":4.0},{"not_picked":["Heavy Blade","Double Tap"],"picked":"Demon Form","floor":7.0},{"not_picked":["Iron Wave","True Grit","Rupture"],"picked":"Singing Bowl","floor":10.0},{"not_picked":["Power Through","Warcry"],"picked":"Battle Trance","floor":11.0},{"not_picked":["Pommel Strike","Thunderclap","Shockwave"],"picked":"Singing Bowl","floor":12.0},{"not_picked":["Flex","Pommel Strike","Iron Wave"],"picked":"Singing Bowl","floor":14.0},{"not_picked":["Brutality","Immolate","Demon Form"],"picked":"Singing Bowl","floor":16.0},{"not_picked":["Thunderclap","Spot Weakness"],"picked":"Ghostly Armor","floor":18.0},{"not_picked":["Sentinel","Rage","Armaments"],"picked":"Singing Bowl","floor":21.0},{"not_picked":["Whirlwind+1","Iron Wave","Carnage+1"],"picked":"Singing Bowl","floor":22}],"player_experience":763187,"relics_obtained":[{"floor":7.0,"key":"Bag of Preparation"},{"floor":9.0,"key":"Smiling Mask"},{"floor":9.0,"key":"Darkstone Periapt"},{"floor":10.0,"key":"Singing Bowl"},{"floor":17.0,"key":"Boot"},{"floor":17.0,"key":"White Beast Statue"},{"floor":17.0,"key":"Unceasing Top"}],"event_choices":[{"cards_removed":["Strike_R"],"damage_healed":0.0,"max_hp_gain":0.0,"max_hp_loss":0.0,"gold_gain":0.0,"event_name":"Golden Wing","player_choice":"Card Removal","floor":2.0,"gold_loss":0.0,"damage_taken":7.0},{"damage_healed":0.0,"max_hp_gain":0.0,"max_hp_loss":0.0,"gold_gain":0.0,"event_name":"WeMeetAgain","player_choice":"Paid Gold","floor":5.0,"gold_loss":59.0,"damage_taken":0.0,"relics_obtained":["Matryoshka"]},{"damage_healed":0.0,"max_hp_gain":0.0,"max_hp_loss":0.0,"gold_gain":0.0,"event_name":"Lab","player_choice":"Got Potions","floor":20.0,"gold_loss":0.0,"damage_taken":0.0}],"is_beta":false,"boss_relics":[{"not_picked":["Snecko Eye","Runic Cube"],"picked":"Calling Bell"}],"items_purged_floors":[19],"is_endless":false,"potions_floor_spawned":[7,10,14,18,21,22],"killed_by":"Gremlin Leader","ascension_level":10}}