{"host":"8efry9zhj4tjp5kw","time":1611405111,"event":{"mods":["Act Like it!","Aspiration","Bard","BaseMod","Beaked The Cultist","Colored Map","Colored Powertips","Conspire","Downfall","Glutton Mod","Halation","Hallownest","Hermit","Highlight Path","Hubris","Infinite Spire","Jedi Mod","Jorbs\u0027s Wanderer Trilogy","Koishi","Mad Scientist","Marisa????????","Mimic Mod","Minty Spire (QoL Compilation)","Reworked Bosses","Shop Mod","StSLib","The Administrix","The Construct","The Disciple","The Elementalist","The Jungle","The Mystic","The Necromancer","The Runesmith","The Servant 0.9.4","Unceasing Turn Reminder"],"gold_per_floor":[99,112,132,152,152,152,179,210,47,61,61,98,114,130,147,147,147,147],"floor_reached":16,"language":"ENG","playtime":1238,"items_purged":[],"score":109,"play_id":"e92f9997-0d7c-483f-905c-970442c4acbe","local_time":"20210123133151","is_ascension_mode":true,"campfire_choices":[{"data":"champ:ViciousMockery","floor":1,"key":"SMITH"},{"floor":11,"key":"REST"}],"circlet_count":0,"master_deck":["champ:Strike","champ:Strike","champ:Strike","champ:Defend","champ:Defend","champ:Defend","champ:Execute","champ:Taunt","champ:ViciousMockery+1","champ:EnGarde","champ:PreciseThrust+1","champ:FanOfKnives","champ:FancyFootwork","champ:EndlessRage","champ:Shatter","champ:PreciseThrust","champ:FanOfKnives"],"relics":["champ:ChampionCrown","halation:EternalFortune","hubris:SlimyHat","hubris:OldNail","aspiration:Lifesprig"],"acts_visited":["Exordium"],"potions_floor_usage":[16,16,16],"damage_taken":[{"damage":0,"enemies":"Small Slimes","floor":2,"turns":4},{"damage":10,"enemies":"2 Louse","floor":3,"turns":3},{"damage":10,"enemies":"Cultist","floor":4,"turns":3},{"damage":37,"enemies":"3 Sentries","floor":8,"turns":10},{"damage":15,"enemies":"downfall:FleeingMerchant","floor":9,"turns":4},{"damage":7,"enemies":"conspire:2 RoseBushes","floor":10,"turns":4},{"damage":21,"enemies":"3 Louse","floor":12,"turns":7},{"damage":10,"enemies":"3 Louse","floor":13,"turns":4},{"damage":10,"enemies":"Gremlin Gang","floor":14,"turns":3},{"damage":9,"enemies":"conspire:2 RoseBushes","floor":15,"turns":5},{"damage":54,"enemies":"DF_ARCHETYPE_STREAMLINE","floor":16,"turns":11}],"seed_played":"1965274993488145896","potions_obtained":[{"floor":3,"key":"SpeedPotion"},{"floor":4,"key":"Block Potion"},{"floor":8,"key":"FearPotion"},{"floor":14,"key":"champ:OpenerPotion"}],"is_trial":false,"path_per_floor":["R","M","M","M","?","?","T","E","$","M","R","MIM","M","M","M","B"],"character_chosen":"THE_CHAMP","items_purchased":["hubris:OldNail"],"campfire_rested":1,"item_purchase_floors":[9],"current_hp_per_floor":[63,63,63,63,63,66,66,39,34,32,59,58,58,58,54,0,0,0],"gold":147,"neow_bonus":"TRANSFORM_TWO_CARDS","is_daily":false,"chose_seed":false,"campfire_upgraded":1,"win_rate":0.0,"timestamp":1611405111,"path_taken":["R","M","M","M","?","?","T","E","$","M","R","?","M","?","M","BOSS"],"items_purchased_type":["Relic"],"build_version":"2020-12-22","purchased_purges":0,"victory":false,"max_hp_per_floor":[90,90,90,90,90,93,93,93,93,93,93,93,93,93,93,93,93,93],"card_choices":[{"not_picked":["champ:GutPunch","champ:DefensiveShout"],"picked":"champ:PreciseThrust","floor":2},{"not_picked":["champ:CrookedStrike","champ:FlashCut","champ:IronFortress"],"picked":"SKIP","floor":3},{"not_picked":["champ:FlashCut","champ:Shatter"],"picked":"champ:FanOfKnives","floor":4},{"not_picked":["champ:ArenaPreparation","champ:FalseCounter","champ:CalledShot"],"picked":"SKIP","floor":8},{"not_picked":["champ:PerfectedStrike","champ:BladeFlurry"],"picked":"champ:FancyFootwork","floor":9},{"not_picked":["champ:ShieldSigil","champ:Backstep"],"picked":"champ:EndlessRage","floor":10},{"not_picked":["champ:BladeFlurry","champ:Parry"],"picked":"champ:Shatter","floor":13},{"not_picked":["champ:BerserkersShout","champ:FalseCounter"],"picked":"champ:PreciseThrust","floor":14},{"not_picked":["champ:SwordSigil","champ:Shatter"],"picked":"champ:FanOfKnives","floor":15}],"player_experience":1109636,"relics_obtained":[{"floor":8,"key":"hubris:SlimyHat"},{"floor":12,"key":"aspiration:Lifesprig"}],"event_choices":[],"is_beta":false,"boss_relics":[],"items_purged_floors":[],"is_endless":false,"potions_floor_spawned":[3,4,8,14,15],"killed_by":"DF_ARCHETYPE_STREAMLINE","ascension_level":1}}