{"host":"6a9c3xws62y7efyw","time":1611388407,"event":{"mods":["BaseMod","Colored Map","Minty Spire (QoL Compilation)","Relic Stats","StSLib"],"gold_per_floor":[366,0,10,27,41,61,61,61,86,86,101,126,126,141,141,213,213,225,245,245,21,21,54,54,84,84,84,104,132,57,77,77,149,149,164,184,158,175,192,224,239,265,265,290,304,330,358,386,398,410,422,434,446,118,148,148],"floor_reached":57,"language":"ENG","playtime":3924,"items_purged":["Strike_G","Pain"],"score":3166,"play_id":"47a7a2d3-8dc6-4268-8752-230df816986a","local_time":"20210122235327","is_ascension_mode":true,"campfire_choices":[{"data":"Crippling Poison","floor":8.0,"key":"SMITH"},{"data":"Poisoned Stab","floor":10.0,"key":"SMITH"},{"floor":13.0,"key":"REST"},{"data":"Catalyst","floor":15.0,"key":"SMITH"},{"data":"Burst","floor":24.0,"key":"SMITH"},{"data":"Cloak And Dagger","floor":27.0,"key":"SMITH"},{"floor":32.0,"key":"REST"},{"floor":49.0,"key":"RECALL"},{"data":"After Image","floor":53.0,"key":"SMITH"}],"circlet_count":0,"master_deck":["AscendersBane","Strike_G","Strike_G","Defend_G","Defend_G","Defend_G","Defend_G","Defend_G+1","Survivor+1","Neutralize","Crippling Poison+1","Poisoned Stab+1","Sucker Punch","Bane","Endless Agony","Burst+1","Catalyst+1","Envenom","Bouncing Flask","Cloak And Dagger+1","Cloak And Dagger","Outmaneuver","After Image","Blade Dance","Blade Dance","After Image+1","PiercingWail+1","Blade Dance","Catalyst","Blade Dance+1","Calculated Gamble+1","Concentrate","Well Laid Plans"],"relics":["Ring of the Snake","Dead Branch","War Paint","MealTicket","Cursed Key","TwistedFunnel","Tiny Chest","Bag of Preparation","Snake Skull","Coffee Dripper","InkBottle","Girya","FossilizedHelix","MawBank","Membership Card","Lantern","Bird Faced Urn"],"acts_visited":["Exordium","TheCity","TheBeyond","TheEnding"],"potions_floor_usage":[56],"damage_taken":[{"damage":2.0,"enemies":"Small Slimes","floor":1.0,"turns":5.0},{"damage":2.0,"enemies":"2 Louse","floor":3.0,"turns":2.0},{"damage":0.0,"enemies":"Cultist","floor":4.0,"turns":3.0},{"damage":14.0,"enemies":"Lots of Slimes","floor":5.0,"turns":4.0},{"damage":8.0,"enemies":"Large Slime","floor":6.0,"turns":5.0},{"damage":0.0,"enemies":"3 Louse","floor":11.0,"turns":2.0},{"damage":30.0,"enemies":"Gremlin Nob","floor":12.0,"turns":4.0},{"damage":0.0,"enemies":"Looter","floor":14.0,"turns":2.0},{"damage":11.0,"enemies":"Hexaghost","floor":16.0,"turns":6.0},{"damage":11.0,"enemies":"Shell Parasite","floor":18.0,"turns":4.0},{"damage":0.0,"enemies":"Spheric Guardian","floor":19.0,"turns":1.0},{"damage":0.0,"enemies":"Gremlin Leader","floor":23.0,"turns":5.0},{"damage":15.0,"enemies":"Slavers","floor":25.0,"turns":5.0},{"damage":0.0,"enemies":"Chosen and Byrds","floor":28.0,"turns":4.0},{"damage":26.0,"enemies":"Book of Stabbing","floor":29.0,"turns":4.0},{"damage":0.0,"enemies":"Snecko","floor":31.0,"turns":2.0},{"damage":0.0,"enemies":"Automaton","floor":33.0,"turns":6.0},{"damage":0.0,"enemies":"3 Shapes","floor":35.0,"turns":4.0},{"damage":3.0,"enemies":"3 Darklings","floor":36.0,"turns":3.0},{"damage":0.0,"enemies":"4 Shapes","floor":38.0,"turns":3.0},{"damage":0.0,"enemies":"Jaw Worm Horde","floor":39.0,"turns":3.0},{"damage":0.0,"enemies":"Reptomancer","floor":40.0,"turns":2.0},{"damage":0.0,"enemies":"3 Darklings","floor":41.0,"turns":3.0},{"damage":0.0,"enemies":"Nemesis","floor":42.0,"turns":5.0},{"damage":1.0,"enemies":"Mind Bloom Boss Battle","floor":44.0,"turns":5.0},{"damage":0.0,"enemies":"Transient","floor":45.0,"turns":5.0},{"damage":0.0,"enemies":"Reptomancer","floor":46.0,"turns":5.0},{"damage":0.0,"enemies":"Writhing Mass","floor":47.0,"turns":2.0},{"damage":0.0,"enemies":"Maw","floor":48.0,"turns":4.0},{"damage":21.0,"enemies":"Time Eater","floor":50.0,"turns":5.0},{"damage":1.0,"enemies":"Awakened One","floor":51.0,"turns":8.0},{"damage":7.0,"enemies":"Shield and Spear","floor":55.0,"turns":6.0},{"damage":9,"enemies":"The Heart","floor":56,"turns":8}],"seed_played":"-273287882550683173","potions_obtained":[{"floor":1.0,"key":"BlessingOfTheForge"},{"floor":5.0,"key":"Regen Potion"},{"floor":11.0,"key":"Weak Potion"},{"floor":14.0,"key":"Weak Potion"},{"floor":16.0,"key":"AttackPotion"},{"floor":18.0,"key":"DuplicationPotion"},{"floor":29.0,"key":"Swift Potion"}],"is_trial":false,"path_per_floor":["M","$","M","M","M","M","?","R","T","R","M","E","R","M","R","B",null,"M","M","?","$","?","E","R","E","T","R","M","E","$","M","R","B",null,"M","M","$","M","M","E","M","E","T","?","M","E","M","M","R","B","B",null,"R","$","E","B",null],"character_chosen":"THE_SILENT","items_purchased":["Dead Branch","Poisoned Stab","TwistedFunnel","Cloak And Dagger","Blade Dance","Membership Card","Lantern","Well Laid Plans"],"campfire_rested":2,"item_purchase_floors":[2,2,21,21,37,54,54,54],"current_hp_per_floor":[57,57,55,55,41,33,33,33,33,33,33,15,33,33,33,22,51,40,40,40,55,55,55,55,40,40,40,40,14,29,29,47,47,57,57,54,60,60,60,60,60,60,60,59,59,59,59,59,59,38,37,54,54,60,53,57],"gold":148,"neow_bonus":"TWO_FIFTY_GOLD","is_daily":false,"chose_seed":false,"campfire_upgraded":6,"win_rate":0.0,"timestamp":1611388407,"path_taken":["M","$","M","M","M","M","?","R","T","R","M","E","R","M","R","BOSS","M","M","?","$","?","E","R","E","T","R","?","E","?","M","R","BOSS","M","M","$","M","M","E","M","E","T","?","M","E","M","M","R","BOSS","BOSS","R","$","E","BOSS"],"items_purchased_type":["Relic","Card","Relic","Card","Card","Relic","Relic","Card"],"build_version":"2020-12-22","purchased_purges":2,"victory":true,"max_hp_per_floor":[60,60,60,60,60,60,60,60,60,60,60,60,60,60,60,60,60,60,60,60,60,60,60,60,60,60,60,60,60,60,60,60,60,60,60,60,60,60,60,60,60,60,60,60,60,60,60,60,60,60,60,60,60,60,60,60],"relic_stats":{"counters":[33,135],"Dead Branch":[422],"Snake Skull":[292],"Bag of Preparation":[42],"War Paint":["Survivor","Defend_G"],"Cursed Key":1,"MawBank":96,"Bird Faced Urn":[13],"MealTicket":42,"Tiny Chest":0,"obtain_stats":[{"TwistedFunnel":21,"Girya":42,"Lantern":54,"Dead Branch":2,"Snake Skull":29,"Bag of Preparation":25,"War Paint":9,"Cursed Key":17,"MawBank":46,"Bird Faced Urn":55,"MealTicket":12,"Tiny Chest":23,"Coffee Dripper":34,"Membership Card":54,"InkBottle":40,"FossilizedHelix":44,"Ring of the Snake":0},{"TwistedFunnel":11,"Girya":24,"Lantern":31,"Dead Branch":1,"Snake Skull":15,"Bag of Preparation":13,"War Paint":5,"Cursed Key":9,"MawBank":27,"Bird Faced Urn":32,"MealTicket":7,"Tiny Chest":12,"Coffee Dripper":17,"Membership Card":31,"InkBottle":22,"FossilizedHelix":25,"Ring of the Snake":0},{"TwistedFunnel":38,"Girya":87,"Lantern":121,"Dead Branch":5,"Snake Skull":56,"Bag of Preparation":48,"War Paint":19,"Cursed Key":33,"MawBank":102,"Bird Faced Urn":127,"MealTicket":25,"Tiny Chest":43,"Coffee Dripper":64,"Membership Card":121,"InkBottle":79,"FossilizedHelix":92,"Ring of the Snake":0}],"InkBottle":[52],"Ring of the Snake":[67]},"card_choices":[{"not_picked":["Expertise","Flechettes"],"picked":"Crippling Poison","floor":1.0},{"not_picked":["Underhanded Strike","Quick Slash"],"picked":"Sucker Punch","floor":3.0},{"not_picked":["Poisoned Stab","Deadly Poison"],"picked":"Bane","floor":4.0},{"not_picked":["Skewer","Eviscerate","Caltrops"],"picked":"SKIP","floor":5.0},{"not_picked":["Slice","Reflex","Masterful Stab"],"picked":"SKIP","floor":6.0},{"not_picked":["Quick Slash","Poisoned Stab"],"picked":"Endless Agony","floor":11.0},{"not_picked":["PiercingWail","Backflip"],"picked":"Burst","floor":12.0},{"not_picked":["Sucker Punch","PiercingWail"],"picked":"Catalyst","floor":14.0},{"not_picked":["Doppelganger","A Thousand Cuts"],"picked":"Envenom","floor":16.0},{"not_picked":["Catalyst","Poisoned Stab"],"picked":"Bouncing Flask","floor":18.0},{"not_picked":["Dagger Spray","Distraction"],"picked":"Cloak And Dagger","floor":19.0},{"not_picked":["Underhanded Strike","Flechettes","Concentrate"],"picked":"SKIP","floor":23.0},{"not_picked":["Expertise","Finisher"],"picked":"After Image","floor":25.0},{"not_picked":["Terror","PiercingWail"],"picked":"Blade Dance","floor":28.0},{"not_picked":["Deadly Poison","Underhanded Strike","Masterful Stab"],"picked":"SKIP","floor":29.0},{"not_picked":["Riddle With Holes","Blur"],"picked":"Blade Dance","floor":31.0},{"not_picked":["Adrenaline","Doppelganger"],"picked":"After Image","floor":33.0},{"not_picked":["Poisoned Stab","Choke"],"picked":"PiercingWail+1","floor":35.0},{"not_picked":["Slice","Expertise","Setup"],"picked":"SKIP","floor":36.0},{"not_picked":["Backstab+1","All Out Attack+1","Terror"],"picked":"SKIP","floor":38.0},{"not_picked":["Dodge and Roll","Flying Knee","Slice"],"picked":"SKIP","floor":39.0},{"not_picked":["Bane+1","Finisher+1","Endless Agony"],"picked":"SKIP","floor":40.0},{"not_picked":["Slice","Underhanded Strike"],"picked":"Catalyst","floor":41.0},{"not_picked":["Catalyst","Flying Knee"],"picked":"Blade Dance+1","floor":42.0},{"not_picked":["Poisoned Stab","Heel Hook+1","Envenom"],"picked":"SKIP","floor":45.0},{"not_picked":["Noxious Fumes","Acrobatics"],"picked":"Calculated Gamble+1","floor":46.0},{"not_picked":["Noxious Fumes","Dagger Throw"],"picked":"Concentrate","floor":47.0},{"not_picked":["Caltrops+1","Flying Knee","Flechettes"],"picked":"SKIP","floor":48.0},{"not_picked":["Backstab+1","Underhanded Strike","Dagger Spray"],"picked":"SKIP","floor":55.0}],"player_experience":1399338,"relics_obtained":[{"floor":9.0,"key":"War Paint"},{"floor":12.0,"key":"MealTicket"},{"floor":23.0,"key":"Tiny Chest"},{"floor":25.0,"key":"Bag of Preparation"},{"floor":29.0,"key":"Snake Skull"},{"floor":40.0,"key":"InkBottle"},{"floor":42.0,"key":"Girya"},{"floor":44.0,"key":"FossilizedHelix"},{"floor":46.0,"key":"MawBank"},{"floor":55.0,"key":"Bird Faced Urn"}],"event_choices":[{"cards_removed":["Strike_G"],"damage_healed":0.0,"max_hp_gain":0.0,"max_hp_loss":0.0,"gold_gain":0.0,"event_name":"Living Wall","player_choice":"Forget","floor":7.0,"gold_loss":0.0,"damage_taken":0.0},{"damage_healed":0.0,"max_hp_gain":0.0,"max_hp_loss":0.0,"gold_gain":0.0,"event_name":"The Mausoleum","player_choice":"Ignored","floor":20.0,"gold_loss":0.0,"damage_taken":0.0},{"damage_healed":0.0,"max_hp_gain":0.0,"max_hp_loss":0.0,"gold_gain":0.0,"cards_transformed":["Strike_G"],"event_name":"Transmorgrifier","player_choice":"Transformed","floor":22.0,"gold_loss":0.0,"damage_taken":0.0,"cards_obtained":["Outmaneuver"]},{"damage_healed":0.0,"max_hp_gain":0.0,"max_hp_loss":0.0,"gold_gain":0.0,"event_name":"MindBloom","player_choice":"Fight","floor":44.0,"gold_loss":0.0,"damage_taken":0.0}],"is_beta":false,"boss_relics":[{"not_picked":["Pandora\u0027s Box","Ectoplasm"],"picked":"Cursed Key"},{"not_picked":["Sozu","Astrolabe"],"picked":"Coffee Dripper"}],"items_purged_floors":[30,54],"is_endless":false,"potions_floor_spawned":[1,5,11,14,16,18,23,29,31,35,36,40,45,47,48],"ascension_level":20}}