{"host":"n91w9dq5l8qws978","time":1611429625,"event":{"mods":["BaseMod","Bestiary","Challenge The Spire","Custom Start","Defuse TimeMaze Blight","Keyboard Shortcuts","Minty Spire (QoL Compilation)","MonsterHotkey","Relic Stats","StSLib","Uncapped"],"gold_per_floor":[209,224,237,21,21,21,48,48,72,72,72,347,364,364,364],"floor_reached":14,"language":"ENG","playtime":544,"items_purged":[],"score":158,"play_id":"6df2117e-d91a-4b8e-94c2-467dee22df20","local_time":"20210123192025","is_ascension_mode":true,"campfire_choices":[{"data":"Acrobatics","floor":6,"key":"SMITH"},{"floor":8,"key":"REST"},{"data":"Survivor","floor":11,"key":"SMITH"}],"circlet_count":0,"master_deck":["AscendersBane","Strike_G","Strike_G","Strike_G","Strike_G","Strike_G","Defend_G","Defend_G","Defend_G","Defend_G","Defend_G","Survivor+1","Neutralize+1","Tactician+1","Predator+1","PiercingWail","Acrobatics+1","Flying Knee","Regret","Escape Plan"],"relics":["Ring of the Snake","Frozen Eye","Regal Pillow","Ancient Tea Set"],"acts_visited":["Exordium"],"potions_floor_usage":[7,14],"damage_taken":[{"damage":0,"enemies":"Small Slimes","floor":1,"turns":5},{"damage":3,"enemies":"2 Louse","floor":2,"turns":3},{"damage":0,"enemies":"Cultist","floor":3,"turns":4},{"damage":25,"enemies":"Lagavulin","floor":7,"turns":8},{"damage":19,"enemies":"Large Slime","floor":13,"turns":8},{"damage":33,"enemies":"Gremlin Nob","floor":14,"turns":4}],"seed_played":"4396959032356413735","potions_obtained":[{"floor":1,"key":"SteroidPotion"},{"floor":3,"key":"DistilledChaos"},{"floor":13,"key":"DistilledChaos"}],"is_trial":false,"path_per_floor":["M","M","M","$","?","R","E","R","T","?","R","?","M","E"],"character_chosen":"THE_SILENT","items_purchased":["Frozen Eye","Acrobatics"],"campfire_rested":1,"item_purchase_floors":[4,4],"current_hp_per_floor":[59,56,56,56,36,36,11,45,45,45,45,45,26,0,0],"gold":364,"neow_bonus":"HUNDRED_GOLD","is_daily":false,"chose_seed":false,"campfire_upgraded":2,"win_rate":0.0,"timestamp":1611429625,"path_taken":["M","M","M","$","?","R","E","R","T","?","R","?","M","E"],"items_purchased_type":["Relic","Card"],"build_version":"2020-12-22","purchased_purges":0,"victory":false,"max_hp_per_floor":[66,66,66,66,66,66,66,66,66,66,66,66,66,66,66],"relic_stats":{"Regal Pillow":15,"counters":[6,32],"obtain_stats":[{"Frozen Eye":4,"Regal Pillow":7,"Ancient Tea Set":9,"Ring of the Snake":0},{"Frozen Eye":3,"Regal Pillow":4,"Ancient Tea Set":4,"Ring of the Snake":0},{"Frozen Eye":12,"Regal Pillow":20,"Ancient Tea Set":20,"Ring of the Snake":0}],"Ring of the Snake":[12]},"card_choices":[{"not_picked":["Masterful Stab","Prepared"],"picked":"Tactician","floor":1},{"not_picked":["Prepared","Blade Dance"],"picked":"Predator","floor":2},{"not_picked":["Bouncing Flask","Distraction"],"picked":"PiercingWail","floor":3},{"not_picked":["Sucker Punch","Outmaneuver"],"picked":"Flying Knee","floor":7},{"not_picked":["Heel Hook","Expertise"],"picked":"Escape Plan","floor":13}],"player_experience":412241,"relics_obtained":[{"floor":7,"key":"Regal Pillow"},{"floor":9,"key":"Ancient Tea Set"}],"event_choices":[{"damage_healed":0,"gold_gain":0,"player_choice":"Entered Light","damage_taken":20,"max_hp_gain":0,"max_hp_loss":0,"event_name":"Shining Light","floor":5,"gold_loss":0,"cards_upgraded":["Neutralize","Tactician"]},{"damage_healed":0,"gold_gain":0,"player_choice":"Grow","damage_taken":0,"max_hp_gain":0,"max_hp_loss":0,"event_name":"Living Wall","floor":10,"gold_loss":0,"cards_upgraded":["Predator"]},{"damage_healed":0,"gold_gain":275,"player_choice":"Desecrate","damage_taken":0,"max_hp_gain":0,"max_hp_loss":0,"event_name":"Golden Shrine","floor":12,"gold_loss":0,"cards_obtained":["Regret"]}],"is_beta":false,"boss_relics":[],"items_purged_floors":[],"is_endless":false,"potions_floor_spawned":[1,3,13],"killed_by":"Gremlin Nob","ascension_level":16}}