{"host":"9xv6exvwmlpefxuw","time":1611394605,"event":{"mods":["ATMod(阿瑾Mod)","AchievementEnabler","Act Like it!","Aspiration","BaseMod","Chen","Colored Powertips","Conspire","Downfall","Friendly Minions","Gensokyo","GifTheSpireLib","KinomotoSakuraMod(木之本樱)","Koishi","KomeijiMod","Marisa（F雨　魔理沙）","Minty Spire (QoL Compilation)","Pale of the Ancients","Rare Cards Sparkle","Reimu（博丽灵梦）","Remilia_Scarlet Moed（蕾米莉亚・斯卡雷特）3.3.5","Remilia（蕾米莉亚）","RumiaBox-露米娅的神秘盒子","StSLib","The Administrix","The Animator","The Blackbeard","The Mystic","The Servant 0.9.4","WarShipGirlsR/战舰少女R mod","Yakumo Yukari mod","Youmu（魂魄妖梦）","Yuyuko","【功能Mod】混沌之环修复补丁","【功能Mod】聪明的最终Boss"],"gold_per_floor":[114,125,125,140,160,193,193,223,271,289,52,52,63,76,76,171,171,185,198,209,223,234,234,234],"floor_reached":23,"language":"ZHS","playtime":1187,"items_purged":[],"score":209,"play_id":"86ac6b1b-11f0-4bcd-a0ef-c06e5eed150f","local_time":"20210123173645","is_ascension_mode":false,"campfire_choices":[{"data":"Anger","floor":7,"key":"SMITH"},{"floor":12,"key":"REST"},{"data":"Limit Break","floor":15,"key":"SMITH"}],"circlet_count":0,"master_deck":["Strike_R","Strike_R","Strike_R","Strike_R","Strike_R","Defend_R","Defend_R","Defend_R","Defend_R","Bash","AT_ShrugMaster+1","Armaments","Thunderclap","Dual Wield","Anger+1","Heavy Blade","Inflame","Limit Break+1","Evolve","Bloodletting","Seeing Red","Demon Form","Cleave","Perfected Strike","Anger","conspire:HitWhereItHurts"],"relics":["Burning Blood","AT_ATBox","AT_ImmortalShieldbow","MagicDraw2","PreservedInsect","AT_TrinityForce"],"acts_visited":["Exordium","TheCity"],"potions_floor_usage":[16],"damage_taken":[{"damage":1,"enemies":"Jaw Worm","floor":1,"turns":5},{"damage":2,"enemies":"Small Slimes","floor":2,"turns":3},{"damage":1,"enemies":"Cultist","floor":4,"turns":4},{"damage":14,"enemies":"3 Louse","floor":5,"turns":3},{"damage":17,"enemies":"3 Sentries","floor":6,"turns":10},{"damage":37,"enemies":"Lagavulin","floor":8,"turns":10},{"damage":7,"enemies":"Blue Slaver","floor":10,"turns":4},{"damage":12,"enemies":"Exordium Wildlife","floor":13,"turns":6},{"damage":10,"enemies":"Large Slime","floor":14,"turns":4},{"damage":42,"enemies":"Slime Boss","floor":16,"turns":7},{"damage":23,"enemies":"2 Thieves","floor":18,"turns":4},{"damage":15,"enemies":"Spheric Guardian","floor":19,"turns":4},{"damage":14,"enemies":"Centurion and Healer","floor":20,"turns":4},{"damage":12,"enemies":"Chosen and Byrds","floor":21,"turns":4},{"damage":0,"enemies":"3 Cultists","floor":22,"turns":4},{"damage":80,"enemies":"Gremlin Leader","floor":23,"turns":4}],"seed_played":"1257116079806393776","potions_obtained":[{"floor":2,"key":"Fire Potion"},{"floor":6,"key":"SkillPotion"},{"floor":8,"key":"FairyPotion"},{"floor":16,"key":"AttackPotion"}],"is_trial":false,"path_per_floor":["M","M","?","M","M","E","R","E","T","M","$","R","M","M","R","B",null,"M","M","M","M","M","E"],"character_chosen":"IRONCLAD","items_purchased":["Limit Break","Evolve"],"campfire_rested":1,"item_purchase_floors":[11,11],"current_hp_per_floor":[80,80,80,80,72,61,61,30,30,36,36,60,54,50,50,39,80,63,54,46,40,46,0,0],"gold":234,"neow_bonus":"UPGRADE_CARD","is_daily":false,"chose_seed":false,"campfire_upgraded":2,"win_rate":0.0,"timestamp":1611394605,"path_taken":["M","M","?","M","M","E","R","E","T","M","$","R","M","M","R","BOSS","M","M","M","M","M","E"],"items_purchased_type":["Card","Card"],"build_version":"2020-12-22","purchased_purges":0,"victory":false,"max_hp_per_floor":[80,80,80,80,80,80,80,80,80,80,80,80,80,80,80,80,80,80,80,80,80,80,80,80],"card_choices":[{"not_picked":["Power Through","Clash"],"picked":"Armaments","floor":1},{"not_picked":["Body Slam","Headbutt"],"picked":"Thunderclap","floor":2},{"not_picked":["Twin Strike","Uppercut"],"picked":"Dual Wield","floor":4},{"not_picked":["Warcry","AT_GerminateFire","Armaments"],"picked":"SKIP","floor":5},{"not_picked":["Power Through","Clash"],"picked":"Anger","floor":6},{"not_picked":["Armaments","Searing Blow"],"picked":"Heavy Blade","floor":8},{"not_picked":["Pommel Strike","True Grit"],"picked":"Inflame","floor":10},{"not_picked":["Feel No Pain","Sever Soul"],"picked":"Bloodletting","floor":13},{"not_picked":["Burning Pact","Combust"],"picked":"Seeing Red","floor":14},{"not_picked":["Double Tap","Barricade"],"picked":"Demon Form","floor":16},{"not_picked":["Clash","Warcry"],"picked":"Cleave","floor":18},{"not_picked":["conspire:ExplosiveBarrier","AT_BodySlamDance"],"picked":"Perfected Strike","floor":19},{"not_picked":["Iron Wave","Cleave"],"picked":"Anger","floor":20},{"not_picked":["Thunderclap","AT_BodySlamDance","Armaments"],"picked":"SKIP","floor":21},{"not_picked":["Entrench+1","Blood for Blood"],"picked":"conspire:HitWhereItHurts","floor":22}],"player_experience":12643,"relics_obtained":[{"floor":6,"key":"AT_ImmortalShieldbow"},{"floor":8,"key":"MagicDraw2"},{"floor":9,"key":"PreservedInsect"}],"event_choices":[],"is_beta":false,"boss_relics":[{"not_picked":["conspire:SeveredTorchhead","aspiration:RunicSpoon"],"picked":"AT_TrinityForce"}],"items_purged_floors":[],"is_endless":false,"potions_floor_spawned":[2,6,8,13,16],"killed_by":"Gremlin Leader","ascension_level":0}}