{"host":"ldsuendt1u5dwthu","time":1611405446,"event":{"mods":["Act Like it!","BaseMod","Marisa£®ÏF”Í°°ƒß¿Ì…≥£©","Minty Spire (QoL Compilation)","Shop Mod","StSLib","The Animator"],"gold_per_floor":[110,127,144,144,144,144,171,234,257,257,282,64,77,93,93,188,238,256,273,69,79,91,91,91,91],"floor_reached":24,"language":"ZHS","playtime":1359,"items_purged":["Defend_MRS","Strike_MRS"],"score":208,"play_id":"06a3a52b-62dc-4ad5-b6be-a5e19e7a7920","local_time":"20210123203726","is_ascension_mode":false,"campfire_choices":[{"data":"RefractionSpark","floor":6.0,"key":"SMITH"},{"data":"EnergyRecoil","floor":10.0,"key":"SMITH"},{"data":"MachineGunSpark","floor":15.0,"key":"SMITH"},{"data":"EscapeVelocity","floor":23,"key":"SMITH"}],"circlet_count":0,"master_deck":["Strike_MRS","Strike_MRS","Strike_MRS","Defend_MRS","Defend_MRS","Defend_MRS","MasterSpark","UpSweep","RefractionSpark+1","EnergyFlow","ShootingEcho+1","EnergyRecoil+1","DarkMatter","ShootTheMoon","MachineGunSpark+1","UltimateShortwave","BlazeAway","EscapeVelocity+1","SuperPerseids","WitchLeyline"],"relics":["MiniHakkero","NeowsBlessing","Art of War","InkBottle","Strawberry","Happy Flower","Tiny House","Membership Card"],"acts_visited":["Exordium","TheCity"],"potions_floor_usage":[22,22,24],"damage_taken":[{"damage":0.0,"enemies":"Cultist","floor":1.0,"turns":1.0},{"damage":0.0,"enemies":"Jaw Worm","floor":2.0,"turns":1.0},{"damage":0.0,"enemies":"Small Slimes","floor":3.0,"turns":2.0},{"damage":25.0,"enemies":"3 Sentries","floor":7.0,"turns":7.0},{"damage":13.0,"enemies":"3 Sentries","floor":8.0,"turns":6.0},{"damage":6.0,"enemies":"Lagavulin","floor":11.0,"turns":4.0},{"damage":0.0,"enemies":"3 Louse","floor":13.0,"turns":4.0},{"damage":0.0,"enemies":"Blue Slaver","floor":14.0,"turns":1.0},{"damage":7.0,"enemies":"Slime Boss","floor":16.0,"turns":7.0},{"damage":20.0,"enemies":"2 Thieves","floor":18.0,"turns":3.0},{"damage":5.0,"enemies":"Shell Parasite","floor":19.0,"turns":5.0},{"damage":35.0,"enemies":"Centurion and Healer","floor":21.0,"turns":4.0},{"damage":7,"enemies":"Snecko","floor":22,"turns":6},{"damage":21,"enemies":"Book of Stabbing","floor":24,"turns":1}],"seed_played":"4163338704313558193","potions_obtained":[{"floor":2.0,"key":"Ancient Potion"},{"floor":3.0,"key":"FearPotion"},{"floor":7.0,"key":"Energy Potion"},{"floor":11.0,"key":"SpeedPotion"},{"floor":17.0,"key":"StarNLove"},{"floor":21.0,"key":"Dexterity Potion"},{"floor":22,"key":"LiquidBronze"}],"is_trial":false,"path_per_floor":["M","M","M","?","?","R","E","?","T","R","E","$","M","M","R","B",null,"M","M","$","M","M","R","E"],"character_chosen":"MARISA","items_purchased":["Happy Flower","Membership Card"],"campfire_rested":0,"item_purchase_floors":[12,20],"current_hp_per_floor":[75,75,75,75,75,75,50,37,37,37,38,38,38,38,38,31,87,67,62,62,27,20,20,0,0],"gold":91,"neow_bonus":"THREE_ENEMY_KILL","is_daily":false,"chose_seed":false,"campfire_upgraded":4,"win_rate":0.0,"timestamp":1611405446,"path_taken":["M","M","?","?","?","R","E","?","T","R","E","?","M","?","R","BOSS","M","M","?","?","M","R","E"],"items_purchased_type":["Relic","Relic"],"build_version":"2020-12-22","purchased_purges":2,"victory":false,"max_hp_per_floor":[75,75,75,75,75,75,75,75,75,75,82,82,82,82,82,82,87,87,87,87,87,87,87,87,87],"card_choices":[{"not_picked":["WitchLeyline","ShootingEcho"],"picked":"RefractionSpark","floor":1.0},{"not_picked":["UnstableBomb","DoubleSpark"],"picked":"EnergyFlow","floor":2.0},{"not_picked":["MysteriousBeam","DC"],"picked":"ShootingEcho","floor":3.0},{"not_picked":["NonDirectionalLaser","UnstableBomb"],"picked":"EnergyRecoil","floor":7.0},{"not_picked":["SatelliteIllusion","MysteriousBeam"],"picked":"DarkMatter","floor":8.0},{"not_picked":["IllusionStar","OortCloud"],"picked":"ShootTheMoon","floor":11.0},{"not_picked":["WitchLeyline","MysteriousBeam"],"picked":"MachineGunSpark","floor":13.0},{"not_picked":["MysteriousBeam","OortCloud","EarthLightRay"],"picked":"SKIP","floor":14.0},{"not_picked":["SuperNova","BigCrunch"],"picked":"UltimateShortwave","floor":16.0},{"not_picked":["IllusionStar","GravityBeat"],"picked":"BlazeAway","floor":17.0},{"not_picked":["NonDirectionalLaser","GravityBeat","DarkSpark"],"picked":"SKIP","floor":18.0},{"not_picked":["PowerUp","UnstableBomb"],"picked":"EscapeVelocity","floor":19.0},{"not_picked":["Acceleration","NonDirectionalLaser"],"picked":"SuperPerseids","floor":21.0},{"not_picked":["EventHorizon+1","DarkSpark"],"picked":"WitchLeyline","floor":22}],"player_experience":145082,"relics_obtained":[{"floor":7.0,"key":"Art of War"},{"floor":11.0,"key":"Strawberry"}],"event_choices":[{"damage_healed":0.0,"max_hp_gain":0.0,"max_hp_loss":0.0,"gold_gain":0.0,"event_name":"Scrap Ooze","player_choice":"Fled","floor":4.0,"gold_loss":0.0,"damage_taken":0.0},{"damage_healed":0.0,"max_hp_gain":0.0,"max_hp_loss":0.0,"gold_gain":0.0,"event_name":"Shining Light","player_choice":"Ignored","floor":5.0,"gold_loss":0.0,"damage_taken":0.0},{"damage_healed":0.0,"max_hp_gain":0.0,"max_hp_loss":0.0,"gold_gain":0.0,"event_name":"Dead Adventurer","player_choice":"Searched \u00272\u0027 times","floor":8.0,"gold_loss":0.0,"damage_taken":0.0,"relics_obtained":["InkBottle"]}],"is_beta":false,"boss_relics":[{"not_picked":["Busted Crown","Sozu"],"picked":"Tiny House"}],"items_purged_floors":[12,20],"is_endless":false,"potions_floor_spawned":[2,3,7,11,21,22],"killed_by":"Book of Stabbing","ascension_level":0}}