{"host":"uwn09o5xwhkruua3","time":1611370418,"event":{"mods":["BaseMod","Colored Map","Colored Powertips","Conspire","Downfall","Gold Saver","Highlight Path","Hubris","Minty Spire (QoL Compilation)","Replay The Spire","StSLib"],"gold_per_floor":[580,580,206,156,176,176,176,176],"floor_reached":7,"language":"ENG","playtime":246,"items_purged":["Strike_B"],"score":51,"play_id":"b5926b1e-d578-489f-a362-f78b3e4368d0","local_time":"20210122205338","is_ascension_mode":true,"campfire_choices":[{"data":"Zap","floor":6,"key":"SMITH"}],"circlet_count":0,"master_deck":["Strike_B","Strike_B","Strike_B","Defend_B","Defend_B","Defend_B","Zap+1","Dualcast","BasicCrystalCard","Genetic Algorithm","Ball Lightning"],"relics":["Cracked Core","conspire:TreasureMap","Replay:Mystery Machine"],"acts_visited":["Exordium"],"potions_floor_usage":[7],"damage_taken":[{"damage":7,"enemies":"2 Louse","floor":1,"turns":3},{"damage":13,"enemies":"Jaw Worm","floor":5,"turns":4},{"damage":52,"enemies":"3 Sentries","floor":7,"turns":6}],"seed_played":"-2253175250710096898","potions_obtained":[{"floor":1,"key":"Block Potion"}],"is_trial":false,"path_per_floor":["M","?","$","?","M","R","E"],"character_chosen":"DEFECT","items_purchased":["conspire:TreasureMap","Replay:Mystery Machine"],"campfire_rested":0,"item_purchase_floors":[3,3],"current_hp_per_floor":[61,61,61,61,48,48,0,0],"gold":176,"neow_bonus":"THREE_CARDS","is_daily":false,"chose_seed":false,"campfire_upgraded":1,"win_rate":0.0,"timestamp":1611370418,"path_taken":["M","?","$","?","M","R","E"],"items_purchased_type":["Relic","Relic"],"build_version":"2020-12-22","purchased_purges":1,"victory":false,"max_hp_per_floor":[75,75,75,75,75,75,75,75],"card_choices":[{"not_picked":["Conserve Battery","Hologram"],"picked":"BasicCrystalCard","floor":0},{"not_picked":["conspire:Rain","ReplayTheSpireMod:Reroute Power"],"picked":"Genetic Algorithm","floor":1},{"not_picked":["Sweeping Beam","conspire:Rain"],"picked":"Ball Lightning","floor":5}],"player_experience":194173,"relics_obtained":[],"event_choices":[{"damage_healed":0,"gold_gain":0,"player_choice":"Leave","damage_taken":0,"max_hp_gain":0,"max_hp_loss":0,"event_name":"conspire:Investor","floor":2,"gold_loss":0},{"cards_removed":["Defend_B"],"damage_healed":0,"gold_gain":0,"player_choice":"Card Removal","damage_taken":0,"max_hp_gain":0,"max_hp_loss":0,"event_name":"The Cleric","floor":4,"gold_loss":50}],"is_beta":false,"boss_relics":[],"items_purged_floors":[3],"is_endless":false,"potions_floor_spawned":[1],"killed_by":"3 Sentries","ascension_level":6}}