{"host":"4axoa1rfjgnprp9l","time":1611368249,"event":{"mods":["2.2 Compatiblity","AchievementEnabler","BaseMod","Colored Map","DeckTracker","Highlight Path","Minty Spire (QoL Compilation)","Permanent Neow","StSLib","SuperFastMode"],"gold_per_floor":[117,133,143,143,160,160,187,187,187,201,219,47,75,88,88,88,88],"floor_reached":16,"language":"KOR","playtime":588,"items_purged":[],"score":228,"play_id":"ff3148c4-2da1-4019-8398-0dd4d12ff5fa","local_time":"20210123111729","is_ascension_mode":true,"campfire_choices":[{"data":"Rage","floor":6.0,"key":"SMITH"},{"data":"Wild Strike","floor":8.0,"key":"SMITH"},{"data":"Bash","floor":15,"key":"SMITH"}],"circlet_count":0,"master_deck":["AscendersBane","Strike_R","Strike_R","Strike_R","Strike_R","Strike_R","Defend_R","Defend_R","Defend_R","Defend_R","Bash+1","Pummel","Rage+1","Battle Trance","Wild Strike+1","Impervious","Shrug It Off","Second Wind"],"relics":["Burning Blood","Torii","Paper Frog","Toy Ornithopter","White Beast Statue","Chemical X","Prayer Wheel"],"acts_visited":[],"potions_floor_usage":[13,16],"damage_taken":[{"damage":2.0,"enemies":"Cultist","floor":1.0,"turns":4.0},{"damage":2.0,"enemies":"Jaw Worm","floor":2.0,"turns":4.0},{"damage":7.0,"enemies":"2 Louse","floor":3.0,"turns":3.0},{"damage":37.0,"enemies":"Large Slime","floor":5.0,"turns":8.0},{"damage":12.0,"enemies":"Lagavulin","floor":7.0,"turns":8.0},{"damage":0.0,"enemies":"Blue Slaver","floor":10.0,"turns":3.0},{"damage":7,"enemies":"Exordium Thugs","floor":11,"turns":5},{"damage":14,"enemies":"3 Sentries","floor":13,"turns":10},{"damage":19,"enemies":"Large Slime","floor":14,"turns":7},{"damage":51,"enemies":"Hexaghost","floor":16,"turns":13}],"seed_played":"-7988311205818208613","potions_obtained":[{"floor":1.0,"key":"GamblersBrew"},{"floor":5.0,"key":"HeartOfIron"},{"floor":7.0,"key":"FairyPotion"},{"floor":13,"key":"ElixirPotion"}],"is_trial":false,"path_per_floor":["M","M","M","T","M","R","E","R","T","M","M","$","E","M","R","B"],"character_chosen":"IRONCLAD","items_purchased":["Chemical X"],"campfire_rested":0,"item_purchase_floors":[12],"current_hp_per_floor":[68,68,67,67,36,36,30,30,30,36,35,35,32,19,19,0,0],"gold":88,"neow_bonus":"ONE_RARE_RELIC","is_daily":false,"chose_seed":false,"campfire_upgraded":3,"win_rate":0.0,"timestamp":1611368249,"path_taken":["M","M","M","?","M","R","E","R","T","M","M","?","E","M","R","BOSS"],"items_purchased_type":["Relic"],"build_version":"2020-12-22","purchased_purges":0,"victory":false,"max_hp_per_floor":[68,68,68,68,68,68,68,68,68,68,68,68,68,68,68,68,68],"card_choices":[{"not_picked":["Pommel Strike","Havoc"],"picked":"Pummel","floor":1.0},{"not_picked":["Body Slam","Perfected Strike"],"picked":"Rage","floor":2.0},{"not_picked":["Rage","Thunderclap","Body Slam"],"picked":"SKIP","floor":3.0},{"not_picked":["Pommel Strike","Clothesline"],"picked":"Battle Trance","floor":5.0},{"not_picked":["Cleave","Anger"],"picked":"Wild Strike","floor":7.0},{"not_picked":["Searing Blow","Blood for Blood"],"picked":"Impervious","floor":10.0},{"not_picked":["Pommel Strike","Cleave","Rupture"],"picked":"SKIP","floor":11},{"not_picked":["Havoc","Sword Boomerang"],"picked":"Shrug It Off","floor":13},{"not_picked":["Sword Boomerang","Iron Wave"],"picked":"Second Wind","floor":14},{"not_picked":["Body Slam","Cleave","Dropkick"],"picked":"SKIP","floor":14}],"player_experience":911685,"relics_obtained":[{"floor":4.0,"key":"Paper Frog"},{"floor":7.0,"key":"Toy Ornithopter"},{"floor":9.0,"key":"White Beast Statue"},{"floor":13,"key":"Prayer Wheel"}],"event_choices":[],"is_beta":false,"boss_relics":[],"items_purged_floors":[],"is_endless":false,"potions_floor_spawned":[1,5,7,10,11,13,14],"killed_by":"Hexaghost","ascension_level":20}}