{"host":"xkyjkr020mio9edy","time":1611380991,"event":{"mods":["BaseMod","Clockwork Mod","Colored Map","Colored Powertips","Downfall","Glutton Mod","Gold Saver","Minty Spire (QoL Compilation)","Quick Restart","StSLib","TheHeartMod"],"gold_per_floor":[891,901,911,530,49712,49739,49752,49784,49852,49852,49852,49878,49007,49021,49021,49120,49120,49136,49136,50000,50000,50000,50029,49193,49207,49289,49305,49322,49322,49353,49365,49365,49463,49463,49475,49475,49494,49511,49511,49544,49544,49560,49610,49625,48741,48741,48772,48772,48772,48772,48772],"floor_reached":50,"language":"ENG","playtime":2646,"items_purged":["Defend_B","Strike_B","Storm","Chaos","Coolheaded+1"],"score":763,"play_id":"aa5dd46d-67c6-4896-aae0-d575cd7481f9","local_time":"20210123004951","is_ascension_mode":true,"campfire_choices":[{"floor":10,"key":"REST"},{"floor":15,"key":"REST"},{"floor":29,"key":"REST"},{"floor":32,"key":"REST"},{"floor":41,"key":"REST"},{"floor":49,"key":"RECALL"}],"circlet_count":0,"master_deck":["Strike_B+1","Strike_B+1","Strike_B+1","Defend_B+1","Defend_B+1","Defend_B+1","Zap+1","Dualcast","Heatsinks+1","Streamline","Capacitor","Genetic Algorithm","Coolheaded+1","Loop+1","Streamline","Capacitor","Reinforced Body","Electrodynamics","BootSequence+1","Consume","Mind Blast","Panache","Static Discharge","Loop","Auto Shields+1","Trip+1","Lockon"],"relics":["FrozenCore","Toy Ornithopter","Vajra","champ:Barbells","Happy Flower","Singing Bowl","Du-Vu Doll","Incense Burner","sneckomod:BlankCard","Ornamental Fan","Ancient Tea Set","Medical Kit","Black Star","sneckomod:BabySnecko","Spirit Poop","Calipers","hexamod:BolsterEngine","Pantograph","Regal Pillow","Toxic Egg 2","MealTicket","Bag of Marbles","bronze:DecasWashers","Smiling Mask","Blue Candle","Blood Vial","Juzu Bracelet","Bottled Flame","Chemical X","Unceasing Top","Centennial Puzzle"],"acts_visited":["Exordium","TheCity","TheBeyond"],"potions_floor_usage":[6,16,16,16,30,30,33,33,38,47,47],"damage_taken":[{"damage":1,"enemies":"Cultist","floor":1,"turns":4},{"damage":18,"enemies":"2 Louse","floor":2,"turns":3},{"damage":0,"enemies":"Small Slimes","floor":3,"turns":3},{"damage":35,"enemies":"Gremlin Nob","floor":6,"turns":5},{"damage":11,"enemies":"3 Louse","floor":7,"turns":4},{"damage":7,"enemies":"Lagavulin","floor":8,"turns":7},{"damage":12,"enemies":"Gremlin Nob","floor":12,"turns":4},{"damage":11,"enemies":"Blue Slaver","floor":14,"turns":4},{"damage":34,"enemies":"Slime Boss","floor":16,"turns":10},{"damage":21,"enemies":"Spheric Guardian","floor":18,"turns":4},{"damage":56,"enemies":"Slavers","floor":23,"turns":5},{"damage":0,"enemies":"Chosen","floor":25,"turns":4},{"damage":0,"enemies":"Snake Plant","floor":27,"turns":3},{"damage":0,"enemies":"Snecko","floor":28,"turns":4},{"damage":0,"enemies":"Gremlin Leader","floor":30,"turns":5},{"damage":16,"enemies":"Sentry and Sphere","floor":31,"turns":4},{"damage":12,"enemies":"Champ","floor":33,"turns":9},{"damage":17,"enemies":"3 Darklings","floor":35,"turns":7},{"damage":0,"enemies":"3 Shapes","floor":37,"turns":5},{"damage":17,"enemies":"Transient","floor":38,"turns":5},{"damage":39,"enemies":"Nemesis","floor":40,"turns":9},{"damage":7,"enemies":"Jaw Worm Horde","floor":42,"turns":6},{"damage":11,"enemies":"Maw","floor":44,"turns":10},{"damage":62,"enemies":"Reptomancer","floor":47,"turns":6},{"damage":99,"enemies":"Awakened One","floor":50,"turns":5}],"seed_played":"-1418755459418513796","potions_obtained":[{"floor":3,"key":"FearPotion"},{"floor":6,"key":"Ancient Potion"},{"floor":7,"key":"Guardian:BlockOnCardUsePotion"},{"floor":12,"key":"Weak Potion"},{"floor":16,"key":"Guardian:BlockOnCardUsePotion"},{"floor":23,"key":"Strength Potion"},{"floor":25,"key":"hexamod:SoulburnPotion"},{"floor":30,"key":"hexamod:SoulburnPotion"},{"floor":35,"key":"ColorlessPotion"},{"floor":38,"key":"hexamod:SoulburnPotion"},{"floor":40,"key":"ColorlessPotion"}],"is_trial":false,"path_per_floor":["M","M","M","$","$","E","M","E","T","R","?","E","$","M","R","B",null,"M","?","?","?","?","E","$","M","T","M","M","R","E","M","R","B",null,"M","?","M","M","T","E","R","M","T","M","$","?","E","?","R","B"],"character_chosen":"DEFECT","items_purchased":["Vajra","Capacitor","Genetic Algorithm","champ:Barbells","Happy Flower","Singing Bowl","Storm","Chaos","Coolheaded","Ornamental Fan","Ancient Tea Set","Medical Kit","Streamline","Capacitor","Reinforced Body","Pantograph","Regal Pillow","Consume","Mind Blast","Panache","Juzu Bracelet","Bottled Flame","Chemical X","Loop","Auto Shields+1","Trip+1","Lockon"],"campfire_rested":5,"item_purchase_floors":[4,4,4,5,5,5,5,5,5,13,13,13,13,13,13,24,24,24,24,24,45,45,45,45,45,45,45],"current_hp_per_floor":[74,56,56,56,56,28,17,12,12,35,35,25,25,16,40,21,83,64,64,64,64,64,8,8,10,10,12,14,56,68,54,95,85,97,82,82,82,72,72,35,80,75,75,68,83,83,35,95,95,0,0],"gold":48772,"neow_bonus":"RANDOM_COMMON_RELIC","is_daily":false,"chose_seed":false,"campfire_upgraded":0,"win_rate":0.0,"timestamp":1611380991,"path_taken":["M","?","?","?","$","E","M","E","T","R","?","E","$","M","R","BOSS","M","?","?","?","?","E","$","?","T","M","M","R","E","M","R","BOSS","M","?","M","M","?","E","R","M","T","M","$","?","E","?","R","BOSS"],"items_purchased_type":["Relic","Card","Card","Relic","Relic","Relic","Card","Card","Card","Relic","Relic","Relic","Card","Card","Card","Relic","Relic","Card","Card","Card","Relic","Relic","Relic","Card","Card","Card","Card"],"build_version":"2020-12-22","purchased_purges":5,"victory":false,"max_hp_per_floor":[75,75,75,75,75,77,77,79,79,79,79,81,81,83,83,83,83,85,85,85,85,85,85,85,87,87,89,91,91,93,95,95,97,97,99,99,99,101,101,103,103,105,105,107,107,107,109,95,95,95,95],"card_choices":[{"not_picked":["Barrage","Aggregate"],"picked":"Heatsinks","floor":1},{"not_picked":["Scrape","Rebound"],"picked":"Streamline","floor":2},{"not_picked":["Reprogram","Steam"],"picked":"Coolheaded","floor":3},{"not_picked":["Steam","Rainbow","Hologram"],"picked":"Singing Bowl","floor":6},{"not_picked":["Undo","Hello World"],"picked":"Loop","floor":7},{"not_picked":["Coolheaded","Chaos","Melter"],"picked":"Singing Bowl","floor":8},{"not_picked":["Loop","Redo","Darkness"],"picked":"Singing Bowl","floor":12},{"not_picked":["Darkness","Sweeping Beam","Loop"],"picked":"Singing Bowl","floor":14},{"not_picked":["Echo Form","Machine Learning"],"picked":"Electrodynamics","floor":16},{"not_picked":["Steam","Storm","Rebound+1"],"picked":"Singing Bowl","floor":18},{"not_picked":["Go for the Eyes","Multi-Cast"],"picked":"BootSequence","floor":23},{"not_picked":["Heatsinks+1","Fusion+1","Conserve Battery"],"picked":"Singing Bowl","floor":25},{"not_picked":["Tempest+1","Conserve Battery+1","Chaos+1"],"picked":"Singing Bowl","floor":27},{"not_picked":["Stack+1","Double Energy+1","Coolheaded+1"],"picked":"Singing Bowl","floor":28},{"not_picked":["Streamline","Machine Learning","Rebound+1"],"picked":"Singing Bowl","floor":30},{"not_picked":["Go for the Eyes","Sweeping Beam","Ball Lightning+1"],"picked":"Singing Bowl","floor":31},{"not_picked":["Multi-Cast+1","Rainbow+1","Amplify+1"],"picked":"Singing Bowl","floor":33},{"not_picked":["Rebound","Coolheaded+1","Sweeping Beam+1"],"picked":"Singing Bowl","floor":35},{"not_picked":["Hologram+1","Beam Cell"],"picked":"Static Discharge","floor":37},{"not_picked":["Ball Lightning+1","Conserve Battery+1","Rip and Tear"],"picked":"Singing Bowl","floor":38},{"not_picked":["Consume+1","Rebound+1","Storm+1"],"picked":"Singing Bowl","floor":40},{"not_picked":["Sweeping Beam+1","Cold Snap+1","Gash"],"picked":"Singing Bowl","floor":42},{"not_picked":["Capacitor+1","Barrage","Rebound+1"],"picked":"Singing Bowl","floor":44},{"not_picked":["Barrage+1","Glacier+1","Steam+1"],"picked":"Singing Bowl","floor":47}],"player_experience":113997,"relics_obtained":[{"floor":6,"key":"Du-Vu Doll"},{"floor":8,"key":"Incense Burner"},{"floor":12,"key":"sneckomod:BlankCard"},{"floor":23,"key":"Calipers"},{"floor":23,"key":"hexamod:BolsterEngine"},{"floor":26,"key":"Toxic Egg 2"},{"floor":30,"key":"MealTicket"},{"floor":30,"key":"Bag of Marbles"},{"floor":39,"key":"bronze:DecasWashers"},{"floor":40,"key":"Smiling Mask"},{"floor":40,"key":"Blue Candle"},{"floor":43,"key":"Blood Vial"},{"floor":47,"key":"Unceasing Top"},{"floor":47,"key":"Centennial Puzzle"}],"event_choices":[{"damage_healed":0,"gold_gain":0,"player_choice":"Grow","damage_taken":0,"max_hp_gain":0,"max_hp_loss":0,"event_name":"Living Wall","floor":11,"gold_loss":0,"cards_upgraded":["Loop"]},{"damage_healed":0,"gold_gain":0,"player_choice":"Simplicity","damage_taken":0,"max_hp_gain":0,"max_hp_loss":0,"event_name":"Back to Basics","floor":19,"gold_loss":0,"cards_upgraded":["Strike_B","Strike_B","Defend_B","Defend_B","Defend_B"]},{"damage_healed":0,"gold_gain":0,"player_choice":"Paid Fearfully","damage_taken":0,"max_hp_gain":0,"max_hp_loss":0,"event_name":"Masked Bandits","floor":20,"gold_loss":49136},{"cards_removed":["downfall:Bewildered"],"damage_healed":0,"gold_gain":0,"player_choice":"Offered Curse","damage_taken":0,"relics_obtained":["Spirit Poop"],"max_hp_gain":0,"max_hp_loss":0,"event_name":"Bonfire Elementals","floor":22,"gold_loss":0},{"damage_healed":0,"gold_gain":0,"player_choice":"Ignored","damage_taken":0,"max_hp_gain":0,"max_hp_loss":0,"event_name":"Mysterious Sphere","floor":36,"gold_loss":0},{"damage_healed":0,"gold_gain":0,"player_choice":"Bought 0 Potions","damage_taken":0,"max_hp_gain":0,"max_hp_loss":0,"event_name":"The Woman in Blue","floor":46,"gold_loss":0},{"damage_healed":95,"gold_gain":0,"player_choice":"Heal","damage_taken":0,"max_hp_gain":0,"max_hp_loss":14,"event_name":"The Moai Head","floor":48,"gold_loss":0}],"is_beta":false,"boss_relics":[{"not_picked":["Runic Pyramid","Busted Crown"],"picked":"Black Star"},{"not_picked":["Cursed Key","Sozu"],"picked":"FrozenCore"}],"items_purged_floors":[4,5,13,24,45],"is_endless":false,"potions_floor_spawned":[3,6,7,12,16,23,25,27,30,35,38,40],"killed_by":"Awakened One","ascension_level":1}}