{"host":"w8xisjf5mgmfjvmt","time":1611392405,"event":{"mods":["BaseMod","BetterRewards","Challenge The Spire","Conspire","Dota2Spire","Energized Spire","Filter the Spire","Minty Spire (QoL Compilation)","Quarter Circle Forward PUNCH!","Quick Restart","Relic Stats","Replay The Spire","Shop Mod","Spicy Shops","StSLib","Starting Relic: Pandora\u0027s Box","¡¾ÒÅÎï¿¨ÅÆ¡¿REMEMod","óô»ðÖ¸ÄÏ"],"gold_per_floor":[111,81,93,110,76,103,103,132,157,191,205,215,215,234,82,182,282,302,319,338,263,538,570,495,526,596,596,503,503,529,548,635,730,730,745,745,758,775,586,586,615,615,615,647,660,695,730,763,763,763,763,763,518,552,552],"floor_reached":56,"language":"ZHS","playtime":2852,"items_purged":["Regret","CutThroughFate"],"score":1979,"play_id":"3b0bd0fe-46e0-42b5-88eb-82d6723c0d56","local_time":"20210123170005","is_ascension_mode":true,"campfire_choices":[{"data":"Eruption","floor":7.0,"key":"SMITH"},{"data":"Scrawl","floor":27.0,"key":"SMITH"},{"data":"Adaptation","floor":29.0,"key":"SMITH"},{"data":"SpiritShield","floor":40.0,"key":"SMITH"},{"data":"Vengeance","floor":42,"key":"SMITH"},{"floor":49,"key":"RECALL"},{"data":"ForeignInfluence","floor":52,"key":"SMITH"}],"circlet_count":0,"master_deck":["Eruption+1","Vigilance","EmptyMind+1","WheelKick","Adaptation","Sanctity","Swivel","Indignation+1","ClearTheMind+1","SpiritShield+1","Halt","Vengeance+1","ForeignInfluence+1","Perseverance","DeusExMachina+1","FearNoEvil","Crescendo","InnerPeace","SandsOfTime","Scrawl+1","Fasting2+1","FlurryOfBlows+1","EmptyFist+1","Wallop","Adaptation+1","Tantrum","Tantrum","Establishment+1","ClearTheMind+1","DeceiveReality+1","DeceiveReality","Blasphemy+1","Omniscience"],"relics":["REME_ComplimentaryCards","Astrolabe","Happy Flower","REME_PuzzleBoxRelic","Nunchaku","qcfpunch:Red_Beret","Dota2Spire:PowerTreads","Replay:Wanted Poster","Orichalcum","Blue Doll","REME_HourglassOfDeath","Frozen Egg 2","Philosopher\u0027s Stone","ClockworkSouvenir","Anchor","conspire:BottledYoYo","qcfpunch:Chain_With_Nametags","War Paint","Guide Book","White Beast Statue"],"acts_visited":["Exordium","TheCity","TheBeyond","TheEnding"],"potions_floor_usage":[55,55,55],"damage_taken":[{"damage":2.0,"enemies":"Small Slimes","floor":1.0,"turns":2.0},{"damage":0.0,"enemies":"Cultist","floor":3.0,"turns":3.0},{"damage":0.0,"enemies":"2 Louse","floor":4.0,"turns":2.0},{"damage":13.0,"enemies":"Gremlin Nob","floor":6.0,"turns":3.0},{"damage":0.0,"enemies":"Lagavulin","floor":8.0,"turns":4.0},{"damage":0.0,"enemies":"3 Sentries","floor":10.0,"turns":4.0},{"damage":1.0,"enemies":"Lots of Slimes","floor":11.0,"turns":2.0},{"damage":0.0,"enemies":"3 Louse","floor":12.0,"turns":2.0},{"damage":0.0,"enemies":"Blue Slaver","floor":14.0,"turns":2.0},{"damage":5.0,"enemies":"Fading Forest","floor":16.0,"turns":9.0},{"damage":0.0,"enemies":"3 Byrds","floor":18.0,"turns":2.0},{"damage":0.0,"enemies":"Spheric Guardian","floor":19.0,"turns":2.0},{"damage":0.0,"enemies":"Snecko","floor":20.0,"turns":3.0},{"damage":6.0,"enemies":"Gremlin Leader","floor":23.0,"turns":2.0},{"damage":0.0,"enemies":"Book of Stabbing","floor":25.0,"turns":1.0},{"damage":15.0,"enemies":"Slavers","floor":30.0,"turns":3.0},{"damage":0.0,"enemies":"Cultist and Chosen","floor":31.0,"turns":2.0},{"damage":0.0,"enemies":"Collector","floor":33.0,"turns":3.0},{"damage":0.0,"enemies":"3 Darklings","floor":35.0,"turns":3.0},{"damage":0.0,"enemies":"3 Shapes","floor":37.0,"turns":2.0},{"damage":0.0,"enemies":"Transient","floor":38.0,"turns":5.0},{"damage":0,"enemies":"R_Hoarder","floor":41,"turns":5},{"damage":2,"enemies":"Reptomancer","floor":44,"turns":3},{"damage":0,"enemies":"4 Shapes","floor":45,"turns":2},{"damage":0,"enemies":"R_Hoarder","floor":46,"turns":4},{"damage":0,"enemies":"conspire:MimicChest","floor":47,"turns":4},{"damage":0,"enemies":"Reptomancer","floor":48,"turns":3},{"damage":5,"enemies":"Time Eater","floor":50,"turns":5},{"damage":9,"enemies":"Shield and Spear","floor":54,"turns":2},{"damage":24,"enemies":"The Heart","floor":55,"turns":5}],"seed_played":"1310842196518047589","potions_obtained":[{"floor":2.0,"key":"DistilledChaos"},{"floor":2.0,"key":"Regen Potion"},{"floor":3.0,"key":"ColorlessPotion"},{"floor":20.0,"key":"PowerPotion"},{"floor":41,"key":"Venom Potion"},{"floor":45,"key":"Ancient Potion"}],"is_trial":false,"path_per_floor":["M","?","M","M","$","E","R","E","T","E","M","M","?","M","R","B",null,"M","M","M","?","?","E","$","E","T","R","$","R","E","M","R","B",null,"M","?","M","M","$","R","E","R","T","E","M","E","?","E","R","B",null,"R","$","E","B",null],"character_chosen":"WATCHER","items_purchased":["ForeignInfluence","Dota2Spire:PowerTreads","SandsOfTime","Adaptation","Tantrum","ClockworkSouvenir","DeceiveReality","Guide Book"],"campfire_rested":0,"item_purchase_floors":[5,15,15,28,28,39,39,53],"current_hp_per_floor":[70,70,70,70,70,57,57,57,57,57,56,56,56,56,56,59,69,69,69,69,69,69,63,63,63,63,63,63,63,48,48,48,48,66,72,72,72,72,72,72,72,72,72,70,70,70,70,70,70,65,70,70,70,61,37],"gold":552,"neow_bonus":"BOSS_RELIC","is_daily":false,"chose_seed":false,"campfire_upgraded":6,"win_rate":0.0,"timestamp":1611392405,"path_taken":["M","?","M","?","?","E","R","E","T","E","?","M","?","M","R","BOSS","M","M","?","?","?","E","$","E","T","R","$","R","E","M","R","BOSS","M","?","?","?","$","R","E","R","T","E","M","E","?","E","R","BOSS","R","$","E","BOSS"],"items_purchased_type":["Card","Relic","Card","Card","Card","Relic","Card","Relic"],"build_version":"2020-12-22","purchased_purges":2,"victory":true,"max_hp_per_floor":[72,72,72,72,72,72,72,72,72,72,72,72,72,72,72,72,72,72,72,72,72,72,72,72,72,72,72,72,72,72,72,72,72,72,72,72,72,72,72,72,72,72,72,72,72,72,72,72,72,72,72,72,72,72,72],"relic_stats":{"Nunchaku":[25],"Happy Flower":[28],"counters":[30,94],"Astrolabe":["Indignation","ThirdEye","ClearTheMind"],"Orichalcum":[24],"War Paint":["DeceiveReality","Blasphemy"],"obtain_stats":[{"Dota2Spire:PowerTreads":15,"Happy Flower":6,"Astrolabe":0,"Guide Book":53,"Blue Doll":25,"qcfpunch:Red_Beret":10,"Orichalcum":23,"Frozen Egg 2":30,"War Paint":48,"White Beast Statue":54,"ClockworkSouvenir":39,"Replay:Wanted Poster":17,"Nunchaku":9,"Anchor":41,"REME_HourglassOfDeath":26,"Philosopher\u0027s Stone":34,"conspire:BottledYoYo":44,"PureWater":0,"REME_PuzzleBoxRelic":8,"qcfpunch:Chain_With_Nametags":47,"REME_ComplimentaryCards":0},{"Dota2Spire:PowerTreads":9,"Happy Flower":4,"Astrolabe":0,"Guide Book":28,"Blue Doll":15,"qcfpunch:Red_Beret":6,"Orichalcum":14,"Frozen Egg 2":16,"War Paint":27,"White Beast Statue":29,"ClockworkSouvenir":21,"Replay:Wanted Poster":10,"Nunchaku":5,"Anchor":22,"REME_HourglassOfDeath":15,"Philosopher\u0027s Stone":18,"conspire:BottledYoYo":23,"PureWater":0,"REME_PuzzleBoxRelic":5,"qcfpunch:Chain_With_Nametags":26,"REME_ComplimentaryCards":0},{"Dota2Spire:PowerTreads":24,"Happy Flower":10,"Astrolabe":0,"Guide Book":87,"Blue Doll":43,"qcfpunch:Red_Beret":18,"Orichalcum":42,"Frozen Egg 2":46,"War Paint":82,"White Beast Statue":89,"ClockworkSouvenir":61,"Replay:Wanted Poster":33,"Nunchaku":14,"Anchor":66,"REME_HourglassOfDeath":43,"Philosopher\u0027s Stone":51,"conspire:BottledYoYo":69,"PureWater":0,"REME_PuzzleBoxRelic":14,"qcfpunch:Chain_With_Nametags":79,"REME_ComplimentaryCards":0}]},"card_choices":[{"not_picked":["PathToVictory","REME_MusicOfDeath"],"picked":"FollowUp","floor":1.0},{"not_picked":["JustLucky","Evaluate"],"picked":"Halt","floor":3.0},{"not_picked":["EmptyBody","Swivel"],"picked":"Vengeance","floor":4.0},{"not_picked":["ForeignInfluence","Prostrate"],"picked":"Perseverance","floor":6.0},{"not_picked":["Worship","Collect"],"picked":"DeusExMachina","floor":8.0},{"not_picked":["Perseverance","SashWhip"],"picked":"CutThroughFate","floor":10.0},{"not_picked":["Replay:Battleflow","Consecrate"],"picked":"FearNoEvil","floor":11.0},{"not_picked":["WaveOfTheHand","WheelKick"],"picked":"Crescendo","floor":12.0},{"not_picked":["Crescendo","JustLucky","Worship"],"picked":"SKIP","floor":14.0},{"not_picked":["DeusExMachina","REME_WorshipGod"],"picked":"Scrawl","floor":16.0},{"not_picked":["InnerPeace","Wireheading"],"picked":"Fasting2+1","floor":18.0},{"not_picked":["Replay:DivineShield","ClearTheMind","Pray"],"picked":"SKIP","floor":19.0},{"not_picked":["EmptyBody","EmptyFist"],"picked":"FlurryOfBlows+1","floor":20.0},{"not_picked":["InnerPeace","FlyingSleeves"],"picked":"EmptyFist+1","floor":23.0},{"not_picked":["Wireheading","Replay:AtTheReady"],"picked":"Wallop","floor":25.0},{"not_picked":["Replay:BluntJabs+1","Collect","Halt"],"picked":"SKIP","floor":30.0},{"not_picked":["Wireheading+1","Perseverance","REME_MusicOfDeath+1"],"picked":"SKIP","floor":31.0},{"not_picked":["Brilliance","Alpha"],"picked":"Establishment+1","floor":33.0},{"not_picked":["FollowUp+1","BowlingBash+1"],"picked":"ClearTheMind+1","floor":35.0},{"not_picked":["Pray","ThirdEye","FlyingSleeves+1","Halt+1"],"picked":"SKIP","floor":37.0},{"not_picked":["Consecrate+1","JustLucky+1","WaveOfTheHand+1"],"picked":"SKIP","floor":38.0},{"not_picked":["EmptyFist+1","Wireheading+1","PathToVictory"],"picked":"SKIP","floor":41},{"not_picked":["WindmillStrike","Tantrum","Conclude"],"picked":"SKIP","floor":44},{"not_picked":["ClearTheMind+1","InnerPeace+1","Wireheading+1"],"picked":"SKIP","floor":45},{"not_picked":["Crescendo","Fasting2+1"],"picked":"Blasphemy","floor":46},{"not_picked":["Replay:AllIn","Conclude","FlyingSleeves"],"picked":"SKIP","floor":48},{"not_picked":["Replay:AllIn","Conclude","FlyingSleeves"],"picked":"SKIP","floor":48},{"not_picked":["SashWhip+1","LikeWater+1"],"picked":"Omniscience","floor":54}],"player_experience":1227333,"relics_obtained":[{"floor":6.0,"key":"Happy Flower"},{"floor":8.0,"key":"REME_PuzzleBoxRelic"},{"floor":9.0,"key":"Nunchaku"},{"floor":10.0,"key":"qcfpunch:Red_Beret"},{"floor":23.0,"key":"Orichalcum"},{"floor":25.0,"key":"Blue Doll"},{"floor":26.0,"key":"REME_HourglassOfDeath"},{"floor":30.0,"key":"Frozen Egg 2"},{"floor":41,"key":"Anchor"},{"floor":44,"key":"conspire:BottledYoYo"},{"floor":47,"key":"qcfpunch:Chain_With_Nametags"},{"floor":48,"key":"War Paint"},{"floor":54,"key":"White Beast Statue"}],"event_choices":[{"damage_healed":0.0,"max_hp_gain":0.0,"max_hp_loss":0.0,"gold_gain":0.0,"event_name":"The Woman in Blue","player_choice":"Bought 2 Potions","floor":2.0,"gold_loss":0.0,"damage_taken":0.0},{"damage_healed":0.0,"max_hp_gain":0.0,"max_hp_loss":0.0,"gold_gain":0.0,"cards_transformed":["FollowUp"],"event_name":"Transmorgrifier","player_choice":"Transformed","floor":13.0,"gold_loss":0.0,"damage_taken":0.0,"cards_obtained":["InnerPeace"]},{"cards_removed":["ThirdEye"],"damage_healed":0.0,"max_hp_gain":0.0,"max_hp_loss":0.0,"gold_gain":0.0,"event_name":"Beggar","player_choice":"Gave Gold","floor":21.0,"gold_loss":75.0,"damage_taken":0.0},{"damage_healed":0.0,"max_hp_gain":0.0,"max_hp_loss":0.0,"gold_gain":275.0,"event_name":"Golden Shrine","player_choice":"Desecrate","floor":22.0,"gold_loss":0.0,"damage_taken":0.0,"cards_obtained":["Regret"]},{"damage_healed":0.0,"max_hp_gain":0.0,"max_hp_loss":0.0,"gold_gain":0.0,"event_name":"Lab","player_choice":"Got Potions","floor":36.0,"gold_loss":0.0,"damage_taken":0.0}],"is_beta":false,"boss_relics":[{"not_picked":["Runic Dome","energizedSpire:StickyHand"],"picked":"Replay:Wanted Poster"},{"not_picked":["REME_ChargedStone","Velvet Choker"],"picked":"Philosopher\u0027s Stone"}],"items_purged_floors":[24,53],"is_endless":false,"potions_floor_spawned":[3,4,6,10,20,23,30,33,35,41,45,48],"ascension_level":5}}