{"host":"nolo0osttpwefhwj","time":1611424093,"event":{"mods":["AchievementEnabler","BaseMod","Bestiary","Colored Powertips","Minty Spire (QoL Compilation)","Permanent Neow","Quick Restart","Relic Stats"],"gold_per_floor":[117,127,127,127,127,127,165,179,479,498,30,63,76,91,91,184,184,197,197,197,220,244,285,285,285,366,407,430,430,465,489,489,588,588,611,629,650,674,695,728,749,789,789,824,824,847,352,390,390,390,390,390,66,110,110],"floor_reached":56,"language":"ENG","playtime":4240,"items_purged":["Strike_G","Decay"],"score":2655,"play_id":"11a4d71b-9c58-4112-a17c-a62e1d7b947b","local_time":"20210123184813","is_ascension_mode":true,"campfire_choices":[{"data":"Neutralize","floor":6.0,"key":"SMITH"},{"data":"Burst","floor":15.0,"key":"SMITH"},{"floor":25.0,"key":"RECALL"},{"floor":32.0,"key":"REST"},{"floor":45.0,"key":"REST"},{"floor":49.0,"key":"REST"},{"floor":52.0,"key":"REST"}],"circlet_count":0,"master_deck":["AscendersBane","Strike_G+1","Strike_G+1","Defend_G+1","Defend_G+1","Defend_G+1","Defend_G+1","Survivor+1","Neutralize+1","Riddle With Holes+1","Crippling Poison+1","Quick Slash+1","Noxious Fumes","After Image","Blade Dance+1","Blade Dance","Footwork","Burst+1","After Image","Blade Dance","Ghostly+1","Ghostly","Ghostly","Ghostly","Ghostly","Accuracy","Pain","Bouncing Flask","Terror","After Image","Acrobatics","Backflip","After Image","Calculated Gamble+1","Night Terror","Acrobatics","Blade Dance","Acrobatics","Accuracy","Footwork+1"],"relics":["Astrolabe","Golden Idol","InkBottle","Blue Candle","Old Coin","Mummified Hand","Lizard Tail","Fusion Hammer","Calipers","Question Card","Gremlin Horn","HornCleat","WarpedTongs","Dream Catcher","Cursed Key","Toy Ornithopter","War Paint","Orichalcum","Vajra","Lee\u0027s Waffle","Pocketwatch","Ornamental Fan","StoneCalendar"],"acts_visited":["Exordium","TheCity","TheBeyond","TheEnding"],"potions_floor_usage":[55],"damage_taken":[{"damage":4.0,"enemies":"2 Louse","floor":1.0,"turns":3.0},{"damage":4.0,"enemies":"Jaw Worm","floor":2.0,"turns":4.0},{"damage":10.0,"enemies":"Lagavulin","floor":7.0,"turns":6.0},{"damage":0.0,"enemies":"Cultist","floor":8.0,"turns":3.0},{"damage":2.0,"enemies":"Exordium Thugs","floor":10.0,"turns":3.0},{"damage":1.0,"enemies":"Gremlin Nob","floor":12.0,"turns":4.0},{"damage":0.0,"enemies":"Exordium Wildlife","floor":13.0,"turns":3.0},{"damage":1.0,"enemies":"3 Louse","floor":14.0,"turns":2.0},{"damage":8.0,"enemies":"Slime Boss","floor":16.0,"turns":12.0},{"damage":0.0,"enemies":"3 Byrds","floor":18.0,"turns":4.0},{"damage":0.0,"enemies":"Chosen","floor":21.0,"turns":7.0},{"damage":0.0,"enemies":"Centurion and Healer","floor":22.0,"turns":7.0},{"damage":0.0,"enemies":"Book of Stabbing","floor":23.0,"turns":6.0},{"damage":0.0,"enemies":"Slavers","floor":27.0,"turns":5.0},{"damage":0.0,"enemies":"Snake Plant","floor":28.0,"turns":7.0},{"damage":1.0,"enemies":"Book of Stabbing","floor":30.0,"turns":6.0},{"damage":1.0,"enemies":"Shelled Parasite and Fungi","floor":31.0,"turns":5.0},{"damage":1.0,"enemies":"Collector","floor":33.0,"turns":8.0},{"damage":1.0,"enemies":"3 Darklings","floor":35.0,"turns":5.0},{"damage":0.0,"enemies":"3 Shapes","floor":36.0,"turns":5.0},{"damage":1.0,"enemies":"Maw","floor":37.0,"turns":5.0},{"damage":1.0,"enemies":"Sphere and 2 Shapes","floor":38.0,"turns":6.0},{"damage":0.0,"enemies":"Jaw Worm Horde","floor":39.0,"turns":5.0},{"damage":1.0,"enemies":"Nemesis","floor":40.0,"turns":5.0},{"damage":0.0,"enemies":"Writhing Mass","floor":41.0,"turns":7.0},{"damage":1.0,"enemies":"Reptomancer","floor":42.0,"turns":4.0},{"damage":2.0,"enemies":"Nemesis","floor":44.0,"turns":9.0},{"damage":1.0,"enemies":"Sphere and 2 Shapes","floor":46.0,"turns":5.0},{"damage":1.0,"enemies":"Giant Head","floor":48.0,"turns":7.0},{"damage":1.0,"enemies":"Time Eater","floor":50.0,"turns":13.0},{"damage":1.0,"enemies":"Shield and Spear","floor":54.0,"turns":8.0},{"damage":17,"enemies":"The Heart","floor":55,"turns":11}],"seed_played":"8630771742312596171","potions_obtained":[{"floor":7.0,"key":"SmokeBomb"},{"floor":13.0,"key":"AttackPotion"},{"floor":14.0,"key":"PowerPotion"},{"floor":16.0,"key":"Strength Potion"},{"floor":40.0,"key":"DuplicationPotion"}],"is_trial":false,"path_per_floor":["M","M","?","?","T","R","E","M","T","M","$","E","M","M","R","B",null,"M","?","?","M","M","E","?","R","T","E","M","?","E","M","R","B",null,"M","M","M","M","M","E","M","E","T","E","R","M","$","E","R","B",null,"R","$","E","B",null],"character_chosen":"THE_SILENT","items_purchased":["Mummified Hand","Blade Dance","Footwork","Strength Potion","Vajra","Lee\u0027s Waffle","GhostInAJar","Ornamental Fan","Accuracy"],"campfire_rested":4,"item_purchase_floors":[11,11,11,11,47,47,47,53,53],"current_hp_per_floor":[55,51,38,38,38,38,28,28,28,26,26,25,25,24,24,16,50,50,50,30,30,30,30,30,30,30,30,30,30,29,28,30,29,30,29,29,28,27,27,26,26,25,25,23,30,29,37,36,37,36,37,37,37,36,22],"gold":110,"neow_bonus":"BOSS_RELIC","is_daily":false,"chose_seed":false,"campfire_upgraded":2,"win_rate":0.0,"timestamp":1611424093,"path_taken":["M","M","?","?","?","R","E","M","T","?","?","E","M","M","R","BOSS","M","?","?","M","?","E","?","R","T","E","M","?","E","M","R","BOSS","M","M","M","M","?","E","M","E","T","E","R","M","$","E","R","BOSS","R","$","E","BOSS"],"items_purchased_type":["Relic","Card","Card","Potion","Relic","Relic","Potion","Relic","Card"],"build_version":"2020-12-22","purchased_purges":2,"victory":true,"max_hp_per_floor":[66,66,66,61,61,61,61,61,61,61,61,61,61,61,61,61,61,61,61,30,30,30,30,30,30,30,30,30,30,30,30,30,30,30,30,30,30,30,30,30,30,30,30,30,30,30,37,37,37,37,37,37,37,37,37],"relic_stats":{"Lee\u0027s Waffle":8,"Gremlin Horn":[20,20],"counters":[32,190],"Golden Idol":220,"Astrolabe":["Riddle With Holes","Crippling Poison","Quick Slash"],"Blue Candle":[14],"StoneCalendar":[52],"War Paint":["Ghostly","Blade Dance"],"Orichalcum":[0],"Question Card":21,"Cursed Key":1,"WarpedTongs":[106],"Lizard Tail":0,"Dream Catcher":4,"Mummified Hand":[161],"Ornamental Fan":[88],"obtain_stats":[{"Lee\u0027s Waffle":47,"Calipers":23,"Gremlin Horn":26,"Golden Idol":4,"Astrolabe":0,"Blue Candle":7,"Vajra":47,"StoneCalendar":54,"War Paint":42,"Orichalcum":44,"Question Card":24,"Cursed Key":34,"Old Coin":9,"WarpedTongs":29,"Lizard Tail":12,"Dream Catcher":30,"HornCleat":27,"Mummified Hand":11,"Ornamental Fan":53,"Fusion Hammer":17,"InkBottle":5,"Toy Ornithopter":40,"Ring of the Snake":0,"Pocketwatch":48},{"Lee\u0027s Waffle":28,"Calipers":13,"Gremlin Horn":13,"Golden Idol":2,"Astrolabe":0,"Blue Candle":3,"Vajra":28,"StoneCalendar":31,"War Paint":26,"Orichalcum":27,"Question Card":13,"Cursed Key":18,"Old Coin":4,"WarpedTongs":15,"Lizard Tail":6,"Dream Catcher":16,"HornCleat":14,"Mummified Hand":5,"Ornamental Fan":30,"Fusion Hammer":9,"InkBottle":2,"Toy Ornithopter":24,"Ring of the Snake":0,"Pocketwatch":29},{"Lee\u0027s Waffle":151,"Calipers":64,"Gremlin Horn":64,"Golden Idol":7,"Astrolabe":0,"Blue Candle":13,"Vajra":151,"StoneCalendar":179,"War Paint":137,"Orichalcum":146,"Question Card":64,"Cursed Key":95,"Old Coin":16,"WarpedTongs":76,"Lizard Tail":23,"Dream Catcher":82,"HornCleat":69,"Mummified Hand":19,"Ornamental Fan":171,"Fusion Hammer":40,"InkBottle":7,"Toy Ornithopter":126,"Ring of the Snake":0,"Pocketwatch":158}],"InkBottle":[128],"Toy Ornithopter":3,"Pocketwatch":[3]},"card_choices":[{"not_picked":["Quick Slash","Slice"],"picked":"Noxious Fumes","floor":1.0},{"not_picked":["Acrobatics","Skewer","All Out Attack"],"picked":"SKIP","floor":2.0},{"not_picked":["Sucker Punch","Dodge and Roll"],"picked":"After Image","floor":7.0},{"not_picked":["Footwork","Dagger Spray"],"picked":"Blade Dance","floor":8.0},{"not_picked":["Dagger Spray","Reflex","PiercingWail"],"picked":"SKIP","floor":10.0},{"not_picked":["Poisoned Stab","Leg Sweep","Riddle With Holes"],"picked":"SKIP","floor":12.0},{"not_picked":["Quick Slash","Acrobatics"],"picked":"Burst","floor":13.0},{"not_picked":["Underhanded Strike","Expertise","Poisoned Stab"],"picked":"SKIP","floor":14.0},{"not_picked":["Wraith Form v2","Unload"],"picked":"After Image","floor":16.0},{"not_picked":["Slice","Outmaneuver+1"],"picked":"Blade Dance","floor":18.0},{"not_picked":["Deadly Poison","Setup"],"picked":"Accuracy","floor":21.0},{"not_picked":["Poisoned Stab","Deflect","Bane"],"picked":"SKIP","floor":22.0},{"not_picked":["Dagger Spray+1","Dodge and Roll","Bane"],"picked":"SKIP","floor":23.0},{"not_picked":["PiercingWail","Bullet Time","Setup","Distraction"],"picked":"SKIP","floor":27.0},{"not_picked":["Slice","Catalyst","Quick Slash","Dodge and Roll"],"picked":"SKIP","floor":28.0},{"not_picked":["Choke","All Out Attack","Slice+1","Distraction"],"picked":"SKIP","floor":30.0},{"not_picked":["Blur","Tactician","Reflex"],"picked":"Bouncing Flask","floor":31.0},{"not_picked":["Blur","Heel Hook","Deflect"],"picked":"Terror","floor":32.0},{"not_picked":["Corpse Explosion","Adrenaline","Tools of the Trade"],"picked":"After Image","floor":33.0},{"not_picked":["Underhanded Strike","Flechettes","Prepared"],"picked":"Acrobatics","floor":35.0},{"not_picked":["Endless Agony","Poisoned Stab","Flying Knee+1"],"picked":"Backflip","floor":36.0},{"not_picked":["Noxious Fumes","Terror","Tactician","Masterful Stab"],"picked":"SKIP","floor":37.0},{"not_picked":["Flechettes","Slice","Skewer"],"picked":"After Image","floor":38.0},{"not_picked":["Prepared","Crippling Poison","Endless Agony"],"picked":"Calculated Gamble+1","floor":39.0},{"not_picked":["Expertise+1","PiercingWail","Flying Knee"],"picked":"Night Terror","floor":40.0},{"not_picked":["Sucker Punch","Deadly Poison","Dodge and Roll","Masterful Stab"],"picked":"SKIP","floor":41.0},{"not_picked":["Quick Slash","Dodge and Roll","Flechettes+1","Caltrops"],"picked":"SKIP","floor":42.0},{"not_picked":["Deadly Poison","Finisher","Dagger Throw","Bane"],"picked":"SKIP","floor":44.0},{"not_picked":["Bane","Caltrops+1","Riddle With Holes"],"picked":"Acrobatics","floor":46.0},{"not_picked":["Dagger Throw","Dash","Predator"],"picked":"Blade Dance","floor":48.0},{"not_picked":["Noxious Fumes","Masterful Stab","Outmaneuver"],"picked":"Acrobatics","floor":52.0},{"not_picked":["Terror","Dagger Spray","Prepared"],"picked":"Footwork+1","floor":54.0}],"player_experience":262487,"relics_obtained":[{"floor":5.0,"key":"InkBottle"},{"floor":7.0,"key":"Blue Candle"},{"floor":9.0,"key":"Old Coin"},{"floor":12.0,"key":"Lizard Tail"},{"floor":23.0,"key":"Calipers"},{"floor":26.0,"key":"Gremlin Horn"},{"floor":27.0,"key":"HornCleat"},{"floor":30.0,"key":"Dream Catcher"},{"floor":40.0,"key":"Toy Ornithopter"},{"floor":42.0,"key":"War Paint"},{"floor":44.0,"key":"Orichalcum"},{"floor":48.0,"key":"Pocketwatch"},{"floor":54.0,"key":"StoneCalendar"}],"event_choices":[{"damage_healed":0.0,"max_hp_gain":0.0,"max_hp_loss":0.0,"gold_gain":0.0,"event_name":"Shining Light","player_choice":"Entered Light","floor":3.0,"gold_loss":0.0,"damage_taken":13.0,"cards_upgraded":["Survivor","Strike_G"]},{"damage_healed":0.0,"max_hp_gain":0.0,"max_hp_loss":5.0,"gold_gain":0.0,"event_name":"Golden Idol","player_choice":"Lose Max HP","floor":4.0,"gold_loss":0.0,"damage_taken":0.0,"relics_obtained":["Golden Idol"]},{"damage_healed":0.0,"max_hp_gain":0.0,"max_hp_loss":0.0,"gold_gain":0.0,"event_name":"Back to Basics","player_choice":"Simplicity","floor":19.0,"gold_loss":0.0,"damage_taken":0.0,"cards_upgraded":["Strike_G","Defend_G","Defend_G","Defend_G","Defend_G"]},{"damage_healed":0.0,"max_hp_gain":0.0,"max_hp_loss":31.0,"gold_gain":0.0,"event_name":"Ghosts","player_choice":"Became a Ghost","floor":20.0,"gold_loss":0.0,"damage_taken":0.0,"cards_obtained":["Ghostly","Ghostly","Ghostly","Ghostly","Ghostly"]},{"damage_healed":0.0,"max_hp_gain":0.0,"max_hp_loss":0.0,"gold_gain":0.0,"event_name":"The Mausoleum","player_choice":"Opened","floor":24.0,"gold_loss":0.0,"damage_taken":0.0,"relics_obtained":["Question Card"]},{"damage_healed":0.0,"max_hp_gain":0.0,"max_hp_loss":0.0,"gold_gain":0.0,"event_name":"Accursed Blacksmith","player_choice":"Rummage","floor":29.0,"gold_loss":0.0,"damage_taken":0.0,"relics_obtained":["WarpedTongs"],"cards_obtained":["Pain"]}],"is_beta":false,"boss_relics":[{"not_picked":["Tiny House","Philosopher\u0027s Stone"],"picked":"Fusion Hammer"},{"not_picked":["Calling Bell","Black Star"],"picked":"Cursed Key"}],"items_purged_floors":[11,47],"is_endless":false,"potions_floor_spawned":[7,13,14,16,18,21,30,37,38,39,40,46],"ascension_level":14}}