{"host":"17eltwdkyvydzbrm","time":1611400980,"event":{"mods":["BaseMod","Better Vampires","Dota2Spire","Downfall","Minty Spire (QoL Compilation)","Robot Space Explorer","StSLib","noobMod","¡¾ÒÅÎï¿¨ÅÆ¡¿REMEMod","óô»ðÖ¸ÄÏ"],"gold_per_floor":[112,112,112,131,131,166,166,180,180,214,230,230,244,270,20,118,118,128,6,21,21,36,69,19,53,53,53,3,3,3,16,16,111,111,126,226,246,72,72,72,72,72,33,67,67],"floor_reached":46,"language":"ZHS","playtime":3991,"items_purged":["Writhe","downfall:Bewildered","Strike_R"],"score":1187,"play_id":"d7cf001f-9396-417b-b3bb-ac151ded9c85","local_time":"20210123192300","is_ascension_mode":false,"campfire_choices":[{"floor":7,"key":"RECALL"},{"data":"Heavy Blade","floor":32,"key":"SMITH"},{"data":"Limit Break","floor":42,"key":"SMITH"}],"circlet_count":0,"master_deck":["Strike_R","Strike_R","Strike_R","Strike_R+1","Defend_R+1","Defend_R","Defend_R","Defend_R","Bash","Double Tap+1","Perfected Strike","Heavy Blade","Combust","Feed","Iron Wave","Cleave","Shrug It Off","Apotheosis","Inflame","Bludgeon","Headbutt","Seeing Red","Fire Breathing","Armaments","Impervious","Heavy Blade+1","Inflame","Barricade","Limit Break+1","Flex","Warcry","REME_TwoStrings","Inflame","Infernal Blade","Offering"],"relics":["Burning Blood","ice","REME_ComplimentaryCards","NeowsBlessing","HornCleat","Gremlin Horn","Smiling Mask","bronze:MakeshiftBattery","REME_HourglassOfDeath","Pantograph","Dota2Spire:PowerTreads","Mango","sneckomod:BabySnecko","REME_LowDesire","Dota2Spire:UrnOfShadows","Happy Flower","Bag of Preparation"],"acts_visited":["Exordium","TheCity","TheBeyond","TheEnding"],"potions_floor_usage":[16,23,23,40,45,45],"damage_taken":[{"damage":0,"enemies":"Small Slimes","floor":1,"turns":1},{"damage":0,"enemies":"Cultist","floor":4,"turns":1},{"damage":0,"enemies":"Gremlin Nob","floor":6,"turns":1},{"damage":3,"enemies":"Jaw Worm","floor":8,"turns":3},{"damage":33,"enemies":"Lagavulin","floor":10,"turns":6},{"damage":5,"enemies":"Looter","floor":11,"turns":2},{"damage":2,"enemies":"3 Louse","floor":13,"turns":2},{"damage":44,"enemies":"Hexaghost","floor":16,"turns":9},{"damage":41,"enemies":"Shell Parasite","floor":18,"turns":6},{"damage":20,"enemies":"2 Thieves","floor":20,"turns":3},{"damage":2,"enemies":"3 Cultists","floor":22,"turns":3},{"damage":55,"enemies":"Slavers","floor":23,"turns":4},{"damage":71,"enemies":"REME_1_Revenger","floor":25,"turns":5},{"damage":14,"enemies":"Centurion and Healer","floor":31,"turns":4},{"damage":22,"enemies":"Collector","floor":33,"turns":7},{"damage":18,"enemies":"3 Darklings","floor":35,"turns":3},{"damage":9,"enemies":"Orb Walker","floor":37,"turns":3},{"damage":125,"enemies":"Donu and Deca","floor":40,"turns":8},{"damage":93,"enemies":"Shield and Spear","floor":44,"turns":7},{"damage":217,"enemies":"The Heart","floor":45,"turns":14}],"seed_played":"-1061740784341281047","potions_obtained":[{"floor":4,"key":"SmokeBomb"},{"floor":11,"key":"LiquidMemories"},{"floor":20,"key":"PowerPotion"},{"floor":22,"key":"PowerPotion"},{"floor":33,"key":"Dota2Spire:Clarity"},{"floor":37,"key":"Explosive Potion"},{"floor":44,"key":"DistilledChaos"}],"is_trial":false,"path_per_floor":["M","?","?","M","?","E","R","M","T","E","M","?","M","T","R","B",null,"M","$","M","?","M","E","R","E","T","?","$","?","?","M","R","B",null,"M","?","M","$","?","B",null,"R","$","E","B",null],"character_chosen":"IRONCLAD","items_purchased":["Apotheosis","Inflame","Seeing Red","Fire Breathing","REME_TwoStrings","Inflame","Infernal Blade"],"campfire_rested":0,"item_purchase_floors":[15,15,19,19,38,38,43],"current_hp_per_floor":[80,80,64,70,75,81,81,84,84,60,64,64,71,71,71,33,94,59,59,45,45,53,8,8,40,54,54,54,54,54,50,50,59,129,117,117,114,114,114,16,149,149,149,62,15],"gold":67,"neow_bonus":"THREE_ENEMY_KILL","is_daily":false,"chose_seed":false,"campfire_upgraded":2,"win_rate":0.0,"timestamp":1611400980,"path_taken":["M","?","?","M","?","E","R","M","T","E","M","?","?","?","R","BOSS","M","$","M","?","M","E","R","E","T","?","?","?","?","M","R","BOSS","M","?","M","?","?","BOSS","R","$","E","BOSS"],"items_purchased_type":["Card","Card","Card","Card","Card","Card","Card"],"build_version":"2020-12-22","purchased_purges":3,"victory":true,"max_hp_per_floor":[80,80,80,80,85,85,85,85,85,88,91,91,94,94,94,94,94,94,94,94,94,98,102,102,105,119,119,119,119,119,125,125,129,129,133,133,135,135,135,149,149,149,149,162,243],"card_choices":[{"not_picked":["Anger","Second Wind"],"picked":"Perfected Strike","floor":1},{"not_picked":["Armaments","Anger"],"picked":"Heavy Blade","floor":4},{"not_picked":["Pummel","REME_Cut"],"picked":"Combust","floor":6},{"not_picked":["Intimidate","Carnage"],"picked":"Feed","floor":8},{"not_picked":["Carnage","Impervious"],"picked":"Iron Wave","floor":10},{"not_picked":["Dual Wield","Shrug It Off"],"picked":"Cleave","floor":11},{"not_picked":["True Grit","Entrench"],"picked":"Shrug It Off","floor":13},{"not_picked":["Corruption","REME_TheLastStrike"],"picked":"Bludgeon","floor":16},{"not_picked":["Flex","Cleave"],"picked":"Headbutt","floor":18},{"not_picked":["Feel No Pain","Headbutt"],"picked":"Armaments","floor":20},{"not_picked":["Feel No Pain","Cleave+1"],"picked":"Impervious","floor":22},{"not_picked":["Sever Soul","Perfected Strike"],"picked":"Heavy Blade","floor":23},{"not_picked":["Body Slam","Iron Wave+1"],"picked":"Inflame","floor":25},{"not_picked":["Pummel","Cleave","Clash"],"picked":"SKIP","floor":31},{"not_picked":["Berserk","REME_TheLastStrike"],"picked":"Limit Break","floor":33},{"not_picked":["REME_Scribble+1","Clothesline","Apotheosis"],"picked":"Flex","floor":35},{"not_picked":["True Grit+1","Body Slam+1","REME_BodyOfCthun"],"picked":"Warcry","floor":37},{"not_picked":["Reckless Charge","Corruption","Blind+1"],"picked":"Offering","floor":44}],"player_experience":35990,"relics_obtained":[{"floor":6,"key":"HornCleat"},{"floor":10,"key":"Gremlin Horn"},{"floor":14,"key":"Smiling Mask"},{"floor":23,"key":"Pantograph"},{"floor":25,"key":"Dota2Spire:PowerTreads"},{"floor":26,"key":"Mango"},{"floor":34,"key":"Dota2Spire:UrnOfShadows"},{"floor":34,"key":"Happy Flower"},{"floor":44,"key":"Bag of Preparation"}],"event_choices":[{"damage_healed":0,"gold_gain":0,"player_choice":"Ignored","damage_taken":0,"max_hp_gain":0,"max_hp_loss":0,"event_name":"Golden Wing","floor":2,"gold_loss":0},{"damage_healed":0,"gold_gain":0,"player_choice":"Entered Light","damage_taken":16,"max_hp_gain":0,"max_hp_loss":0,"event_name":"Shining Light","floor":3,"gold_loss":0,"cards_upgraded":["Defend_R","Strike_R"]},{"damage_healed":0,"gold_gain":0,"player_choice":"Donut","damage_taken":0,"max_hp_gain":5,"max_hp_loss":0,"event_name":"Big Fish","floor":5,"gold_loss":0},{"damage_healed":0,"gold_gain":0,"player_choice":"Upgraded","damage_taken":0,"max_hp_gain":0,"max_hp_loss":0,"event_name":"Upgrade Shrine","floor":12,"gold_loss":0,"cards_upgraded":["Double Tap"]},{"damage_healed":0,"gold_gain":0,"player_choice":"Opened","damage_taken":0,"relics_obtained":["REME_HourglassOfDeath"],"max_hp_gain":0,"max_hp_loss":0,"event_name":"The Mausoleum","floor":21,"gold_loss":0,"cards_obtained":["Writhe"]},{"damage_healed":0,"gold_gain":0,"player_choice":"Ignored","damage_taken":0,"max_hp_gain":0,"max_hp_loss":0,"event_name":"Vampires","floor":29,"gold_loss":0},{"damage_healed":0,"gold_gain":0,"player_choice":"Read","damage_taken":0,"max_hp_gain":0,"max_hp_loss":0,"event_name":"The Library","floor":30,"gold_loss":0,"cards_obtained":["Barricade"]},{"damage_healed":0,"gold_gain":100,"player_choice":"Pray","damage_taken":0,"max_hp_gain":0,"max_hp_loss":0,"event_name":"Golden Shrine","floor":36,"gold_loss":0},{"damage_healed":0,"gold_gain":0,"player_choice":"Took Portal","damage_taken":0,"max_hp_gain":0,"max_hp_loss":0,"event_name":"SecretPortal","floor":39,"gold_loss":0}],"is_beta":false,"boss_relics":[{"not_picked":["SacredBark","Ectoplasm"],"picked":"bronze:MakeshiftBattery"},{"not_picked":["Calling Bell","Mark of Pain"],"picked":"REME_LowDesire"}],"items_purged_floors":[24,28,38],"is_endless":false,"potions_floor_spawned":[4,11,20,22,33,37,44],"ascension_level":0}}