{"host":"uyl32cpx3nuu9keb","time":1611435269,"event":{"mods":["2.2 Compatiblity","AchievementEnabler","Act Like it!","BaseMod","Bestiary","Better Note","Better Sensory Stone","BetterRewards","Card Forge","Colored Map","Colored Powertips","DeckTracker","Downfall","GifTheSpireLib","Highlight Path","Hubris","Marisa????????","Minty Spire (QoL Compilation)","Pale of the Ancients","Quick Restart","Replay The Spire","Shop Mod","Spikes Relics","StSLib","Stuff the Spire","Synergy Search","The Bladedancer","The Bug Knight","The Construct","The Mystic","The Necromancer","The Runesmith","Virulent Crown"],"gold_per_floor":[141,141,141,192,173,326,500,602,602,767,926,1076,1331,711,882,1269,1278,1332,1332,1332,1431,1542,1788,1887,1950,1983,2163,2250,9437,2926,2381,2546,2930,2930,2963,2972,3179,3229,3326,3495,3597,3061,3084,3171,3180,3291,2866,2293,2293,2295,2356,2440,2449,1845,1845,1878,1878,1455,1455,1473],"floor_reached":61,"language":"ENG","playtime":8217,"items_purged":["Well Laid Plans","FinalSpark+1","ChargeUpSpray+1"],"score":1940,"play_id":"897093ae-c65a-484c-9a86-407a8e6f067b","local_time":"20210123135429","daily_mods":["Vintage","Diverse","Heirloom","Time Dilation","Flight","downfall:Lament","DeadlyEvents","Elite Swarm","Midas"],"is_ascension_mode":false,"campfire_choices":[{"floor":25,"key":"REST"},{"data":"champ:BerserkersShout","floor":45,"key":"PURGE"},{"data":"HollowMod:SlysStrikes","floor":49,"key":"SMITH"},{"floor":55,"key":"DIG"},{"floor":57,"key":"DIG"}],"circlet_count":0,"master_deck":["Strike_MRS","Strike_MRS","Defend_MRS","Defend_MRS","Defend_MRS","Defend_MRS","MasterSpark+1","UpSweep+1","6A+1","CasketOfStar+1","ChargingUp+1","EnergyFlow+1","GalacticHalo+1","MachineGunSpark+1","MagicAbsorber+1","ManaConvection+1","MillisecondPulsars+1","OortCloud+1","OrrerysSun+1","PropBag+1","TreasureHunter+1","GuidingStar+1","Double Tap+1","Runesmith:ArcReactor+1","Guardian:Gem_Synthetic","construct:SiegeForm+1","construct:Bunker+1","CurseOfTheBell","sneckomod:CheapStock+1","Echo Form+1","UltimateShortwave+1","Singularity+1","bronze:ItsAFeature+1","HollowMod:Weaversong+1","blademaster:Stability+1","Buffer+1","Berserk+1","blademaster:Quickstep+1","HollowMod:SlysStrikes+1","blademaster:Stability+1","Defend_MRS","Well Laid Plans"],"relics":["MiniHakkero","Hammer of Thor","Seething Fire","Anvil of the Gods","NeowsBlessing","replay:Trail_Library","mysticmod:CrystalBall","TungstenRod","ReplayTheSpireMod:Ring of Collecting","Replay:Bottled Flurry","MerchantsRug","sneckomod:BlankCard","Runesmith:Nanobots","hubris:TenFootPole","Runesmith:Locket","StuffTheSpire:Tea","Replay:Mystery Machine","ReplayTheSpireMod:Ninjato","Darkstone Periapt","hubris:FunFungus","Gremlin Horn","Ancient Tea Set","SimpleLauncher","CeramicFish","Vajra","ShroomBag","Replay:PocketPolymizer","Bag of Marbles","RoseTintedShades","hubris:CuriousFeather","bronze:DecasWashers","Red Mask","AmplifyWand","StuffTheSpire:Rhapsscallions","Replay:Wax Seal","Turnip","Ring of Hypnosis","Lantern","hexamod:TheBrokenSeal","Slimebound:StickyStick","Pen Nib","HollowMod:JonisBlessing","hubris:BottledRain","Strawberry","hubris:PeanutButter","Blood Vial","Sling","StuffTheSpire:Nightcore","Coffee Dripper","hubris:SphereOfDissonance","ReplayFunnel","Replay:Bandana","Prayer Wheel","StuffTheSpire:Barrel","Matryoshka","hexamod:BolsterEngine","Replay:Multitool","Nunchaku","Mercury Hourglass","ReplayTheSpireMod:Lightbulb","Pet Ghost","Guide Book","Akabeko","hubris:MysteriousPyramids","HollowMod:PaleOreRelic","Durian","Bronze Scales","bronze:BronzeIdol","Strange Spoon","ExplosiveVial","StuffTheSpire:Gunfinga","StuffTheSpire:OldFever","paleoftheancients:Timepiece","Letter Opener","CultistMask","Simple Rune","BlackRope","Mummified Hand","Whetstone","Guardian:BottledAnomaly","StuffTheSpire:Experiment12","Du-Vu Doll","paleoftheancients:SoulOfTheBandit","RetroEgg","Membership Card","Slimebound:PreparedRelic","WizardHat"],"acts_visited":["Exordium","TheCity","TheBeyond","paleoftheancients:PaleOfTheAncients"],"potions_floor_usage":[22,30],"damage_taken":[{"damage":0,"enemies":"Jaw Worm","floor":1,"turns":1},{"damage":0,"enemies":"2 Louse","floor":4,"turns":2},{"damage":1,"enemies":"Lagavulin","floor":6,"turns":6},{"damage":2,"enemies":"3 Sentries","floor":7,"turns":6},{"damage":0,"enemies":"Gremlin Nob","floor":8,"turns":2},{"damage":1,"enemies":"Lagavulin","floor":10,"turns":5},{"damage":2,"enemies":"3 Sentries","floor":11,"turns":5},{"damage":0,"enemies":"Lagavulin","floor":12,"turns":4},{"damage":0,"enemies":"Gremlin Nob","floor":13,"turns":3},{"damage":0,"enemies":"The Mushroom Lair","floor":15,"turns":3},{"damage":4,"enemies":"Fading Forest","floor":16,"turns":7},{"damage":0,"enemies":"Chosen","floor":18,"turns":3},{"damage":0,"enemies":"Masked Bandits","floor":21,"turns":2},{"damage":57,"enemies":"Gremlin Leader","floor":22,"turns":5},{"damage":6,"enemies":"Replay:Snechameleon","floor":23,"turns":4},{"damage":0,"enemies":"HollowMod:Nosk","floor":24,"turns":3},{"damage":0,"enemies":"Slavers","floor":27,"turns":6},{"damage":1,"enemies":"Replay:Snechameleon","floor":28,"turns":4},{"damage":0,"enemies":"Spheric Guardian","floor":30,"turns":22},{"damage":0,"enemies":"Champ","floor":33,"turns":6},{"damage":0,"enemies":"Orb Walker","floor":35,"turns":3},{"damage":0,"enemies":"3 Darklings","floor":37,"turns":5},{"damage":0,"enemies":"Jaw Worm Horde","floor":38,"turns":3},{"damage":0,"enemies":"R_Hoarder","floor":39,"turns":3},{"damage":31,"enemies":"Reptomancer","floor":40,"turns":5},{"damage":0,"enemies":"R_Hoarder","floor":41,"turns":6},{"damage":0,"enemies":"Giant Head","floor":44,"turns":5},{"damage":0,"enemies":"R_Hoarder","floor":46,"turns":7},{"damage":0,"enemies":"Replay:Hell Engine","floor":50,"turns":4},{"damage":21,"enemies":"Replay:Hell Engine","floor":51,"turns":4},{"damage":0,"enemies":"Replay:Hell Engine","floor":52,"turns":3},{"damage":0,"enemies":"Replay:Hell Engine","floor":56,"turns":4},{"damage":0,"enemies":"paleoftheancients:N","floor":60,"turns":3}],"seed_played":"-4699738322200268610","potions_obtained":[{"floor":1,"key":"Swift Potion"},{"floor":6,"key":"BlessingOfTheForge"},{"floor":7,"key":"Elixir"},{"floor":10,"key":"SpeedPotion"},{"floor":10,"key":"Energy Potion"},{"floor":15,"key":"hexamod:SoulburnPotion"},{"floor":15,"key":"FearPotion"},{"floor":16,"key":"ColorlessPotion"},{"floor":22,"key":"SteroidPotion"},{"floor":23,"key":"Regen Potion"},{"floor":27,"key":"Ancient Potion"},{"floor":30,"key":"LiquidMemories"},{"floor":30,"key":"Explosive Potion"},{"floor":30,"key":"Fruit Juice"},{"floor":33,"key":"Ancient Potion"},{"floor":37,"key":"Explosive Potion"}],"is_trial":true,"path_per_floor":["M","?","?","M","$","E","E","E","T","E","E","E","E","$","R_BF","B",null,"M","?","?","?","E","E","E","R","T","E","E","$","M","$","R_BF","B",null,"M","?","M","M","E","E","E","$","T","E","R","E","$","$","R","B","M","M","?","$","R","M","R","$","?","B",null],"character_chosen":"MARISA","items_purchased":["MerchantsRug","SimpleLauncher","CeramicFish","Vajra","HollowMod:JonisBlessing","hubris:BottledRain","hubris:PeanutButter","Blood Vial","Sling","blademaster:Stability","blademaster:Quickstep","ReplayTheSpireMod:Lightbulb","Pet Ghost","Guide Book","bronze:BronzeIdol","Strange Spoon","blademaster:Stability","ExplosiveVial","StuffTheSpire:Gunfinga","StuffTheSpire:OldFever","Mummified Hand","Whetstone","Well Laid Plans","Guardian:BottledAnomaly","Membership Card","Slimebound:PreparedRelic","WizardHat"],"campfire_rested":1,"item_purchase_floors":[5,14,14,14,29,29,31,31,31,31,42,42,42,42,47,47,47,48,48,48,54,54,54,54,58,58,58],"current_hp_per_floor":[75,75,75,75,75,74,72,72,72,71,69,69,69,69,81,78,87,87,87,87,87,45,39,39,65,65,98,97,499,511,511,511,511,512,512,518,518,518,518,487,487,487,487,492,492,492,492,492,492,523,502,502,502,502,502,502,502,502,502,502],"gold":1473,"neow_bonus":"","is_daily":false,"chose_seed":false,"campfire_upgraded":1,"win_rate":0.0,"timestamp":1611435269,"path_taken":["M","?","?","?","?","E","E","E","T","E","?","E","?","$","R_BF","BOSS","M","?","?","?","?","E","E","R","T","E","E","$","M","$","R_BF","BOSS","M","?","?","?","?","E","E","$","T","E","R","E","$","$","R","BOSS","M","M","?","$","R","M","R","$","?","BOSS"],"items_purchased_type":["Relic","Relic","Relic","Relic","Relic","Relic","Relic","Relic","Relic","Card","Card","Relic","Relic","Relic","Relic","Relic","Card","Relic","Relic","Relic","Relic","Relic","Card","Relic","Relic","Relic","Relic"],"build_version":"2020-12-22","purchased_purges":3,"victory":true,"max_hp_per_floor":[75,75,75,75,75,75,75,75,75,75,75,75,75,75,81,81,87,87,87,87,87,88,88,88,88,88,98,98,500,512,512,512,512,512,512,518,518,518,518,518,518,518,518,523,523,523,523,523,523,523,523,523,523,523,523,523,523,523,523,523],"card_choices":[{"not_picked":["blademaster:UnrelentingWind","hexamod:TurnItUp","champ:Devastate"],"picked":"SKIP","floor":6},{"not_picked":["construct:MassProduction","Meteor Strike"],"picked":"Double Tap","floor":7},{"not_picked":["hexamod:SixthSeal","blademaster:LightningDraw"],"picked":"Runesmith:ArcReactor","floor":8},{"not_picked":["Corruption","bronze:HyperBeam","SatelliteIllusion"],"picked":"SKIP","floor":10},{"not_picked":["Eclipse","champ:ShieldThrow"],"picked":"Guardian:Gem_Synthetic","floor":11},{"not_picked":["Hellfire","mysticmod:SpontaneousCaster","Slimebound:DouseInSlime"],"picked":"SKIP","floor":12},{"not_picked":["Guardian:StasisStrike","blademaster:StanceMastery"],"picked":"construct:SiegeForm","floor":13},{"not_picked":["Shackles_Of_Pain","bronze:Overheat"],"picked":"blademaster:Sharpen","floor":15},{"not_picked":["Runesmith:ReplicatingBarrier","Impervious"],"picked":"construct:Bunker","floor":16},{"not_picked":["WindmillStrike+1","Death_Coil"],"picked":"sneckomod:CheapStock+1","floor":21},{"not_picked":["Runesmith:CreatorForm","Ragnarok"],"picked":"Echo Form","floor":22},{"not_picked":["Tools of the Trade","construct:Bunker","Hyperbeam"],"picked":"SKIP","floor":23},{"not_picked":["champ:SteelEdge","construct:GatlingGun"],"picked":"hexamod:FifthSeal","floor":24},{"not_picked":["Meteor Strike","Judgement"],"picked":"HollowMod:Weaversong","floor":27},{"not_picked":["MasterReality","champ:MurderStrike","mysticmod:SpontaneousCaster"],"picked":"SKIP","floor":28},{"not_picked":["BigCrunch","bronze:Verify"],"picked":"Buffer","floor":33},{"not_picked":["Runesmith:GrandSlam","blademaster:HighVoltage","bronze:RecursiveStrike"],"picked":"SKIP","floor":39},{"not_picked":["CasketOfStar","champ:SteelEdge"],"picked":"Berserk","floor":40},{"not_picked":["hexamod:UnlimitedPower","bronze:ThunderWave","StarDustReverie"],"picked":"SKIP","floor":41},{"not_picked":["Burst","champ:IgnorePain","SuperNova"],"picked":"SKIP","floor":44},{"not_picked":["mysticmod:EnchantedMoulinet","bronze:SpaghettiCode"],"picked":"HollowMod:SlysStrikes","floor":46}],"player_experience":144795,"relics_obtained":[{"floor":1,"key":"Golden Egg"},{"floor":2,"key":"ReplayTheSpireMod:Ring of Collecting"},{"floor":4,"key":"Replay:Bottled Flurry"},{"floor":6,"key":"Orichalcum"},{"floor":6,"key":"sneckomod:BlankCard"},{"floor":7,"key":"Runesmith:Nanobots"},{"floor":7,"key":"hubris:TenFootPole"},{"floor":8,"key":"Runesmith:Locket"},{"floor":9,"key":"StuffTheSpire:Tea"},{"floor":10,"key":"Dream Catcher"},{"floor":10,"key":"Replay:Mystery Machine"},{"floor":11,"key":"Gremlin Food"},{"floor":11,"key":"ReplayTheSpireMod:Ninjato"},{"floor":12,"key":"Darkstone Periapt"},{"floor":12,"key":"hubris:FunFungus"},{"floor":13,"key":"Gremlin Horn"},{"floor":13,"key":"Ancient Tea Set"},{"floor":15,"key":"ShroomBag"},{"floor":16,"key":"Replay:PocketPolymizer"},{"floor":17,"key":"Bag of Marbles"},{"floor":17,"key":"RoseTintedShades"},{"floor":17,"key":"hubris:CuriousFeather"},{"floor":18,"key":"bronze:DecasWashers"},{"floor":21,"key":"Red Mask"},{"floor":22,"key":"AmplifyWand"},{"floor":22,"key":"StuffTheSpire:Rhapsscallions"},{"floor":23,"key":"Replay:Wax Seal"},{"floor":24,"key":"Turnip"},{"floor":26,"key":"Ring of Hypnosis"},{"floor":26,"key":"Lantern"},{"floor":27,"key":"HollowMod:StagPassRelic"},{"floor":27,"key":"Slimebound:StickyStick"},{"floor":28,"key":"Pen Nib"},{"floor":30,"key":"Strawberry"},{"floor":33,"key":"StuffTheSpire:Nightcore"},{"floor":35,"key":"hubris:SphereOfDissonance"},{"floor":37,"key":"Replay:Bandana"},{"floor":38,"key":"Prayer Wheel"},{"floor":39,"key":"StuffTheSpire:Barrel"},{"floor":39,"key":"Matryoshka"},{"floor":40,"key":"hexamod:BolsterEngine"},{"floor":40,"key":"Replay:Multitool"},{"floor":41,"key":"Nunchaku"},{"floor":41,"key":"Mercury Hourglass"},{"floor":43,"key":"Akabeko"},{"floor":43,"key":"hubris:MysteriousPyramids"},{"floor":44,"key":"HollowMod:PaleOreRelic"},{"floor":44,"key":"Durian"},{"floor":46,"key":"Bronze Scales"},{"floor":51,"key":"Simple Rune"},{"floor":52,"key":"BlackRope"},{"floor":55,"key":"StuffTheSpire:Experiment12"},{"floor":56,"key":"Du-Vu Doll"},{"floor":56,"key":"paleoftheancients:SoulOfTheBandit"},{"floor":57,"key":"RetroEgg"}],"event_choices":[{"damage_healed":0,"gold_gain":0,"player_choice":"Rummage","damage_taken":0,"relics_obtained":["WarpedTongs"],"max_hp_gain":0,"max_hp_loss":0,"event_name":"Accursed Blacksmith","floor":3,"gold_loss":0,"cards_obtained":["Pain"]},{"damage_healed":0,"gold_gain":0,"player_choice":"Fought Mushrooms","damage_taken":0,"max_hp_gain":0,"max_hp_loss":0,"event_name":"Mushrooms_MRS","floor":15,"gold_loss":0},{"damage_healed":0,"gold_gain":0,"player_choice":"Ignored","damage_taken":0,"max_hp_gain":0,"max_hp_loss":0,"event_name":"betterNote:BetterNote","floor":19,"gold_loss":0,"cards_obtained":["hubris:EnhanceAbility"]},{"damage_healed":0,"gold_gain":0,"player_choice":"Simplicity","damage_taken":0,"max_hp_gain":0,"max_hp_loss":0,"event_name":"Back to Basics","floor":20,"gold_loss":0,"cards_upgraded":[]},{"damage_healed":0,"gold_gain":0,"player_choice":"Fought Bandits","damage_taken":0,"max_hp_gain":0,"max_hp_loss":0,"event_name":"Masked Bandits","floor":21,"gold_loss":0}],"is_beta":false,"boss_relics":[{"not_picked":["hubris:GrandSneckoEye","Fusion Hammer"],"picked":"Calling Bell"},{"not_picked":["Painkiller Herb","CosmicIsotope"],"picked":"Coffee Dripper"}],"items_purged_floors":[14,47,48],"is_endless":false,"potions_floor_spawned":[1,10,11,13,15,16,22,23,27,28,30,39,41,44,46,52,56],"ascension_level":0}}