{"host":"9kesdg97wkrx2bva","time":1611446052,"event":{"mods":["AchievementEnabler","BaseMod","Colored Map","GifTheSpireLib","Infinite Spire","Minty Spire (QoL Compilation)","Replay The Spire","StSLib"],"gold_per_floor":[211,79,79,96,108,108,123,133,133,143,143,43,43,54,54,127,127,127,87,37,37,37,37,37,37,37,37,37,37,37,37,37,37,37,37,37,37,37],"floor_reached":37,"language":"ENG","playtime":1020,"items_purged":["Strike_B","Strike_B","Strike_B"],"score":754,"play_id":"d842b9f4-366d-4319-b467-6cd81d4e96cf","local_time":"20210123175412","is_ascension_mode":true,"campfire_choices":[{"data":"Zap","floor":6.0,"key":"SMITH"},{"floor":11.0,"key":"REST"},{"data":"Barrage","floor":15.0,"key":"SMITH"},{"floor":24.0,"key":"REST"},{"data":"Echo Form","floor":29.0,"key":"SMITH"},{"floor":32.0,"key":"REST"}],"circlet_count":0,"master_deck":["AscendersBane","Defend_B+1","Defend_B+1","Defend_B","Defend_B","Zap+1","Dualcast","Lockon","Ball Lightning","Capacitor","Barrage+1","Panic Button","Electrodynamics","Echo Form+1","Cold Snap","Glacier","Coolheaded+1","Seek","Ball Lightning+1"],"relics":["Cracked Core","Pantograph","Replay:Grab Bag","Philosopher\u0027s Stone","Ectoplasm","Black Star","Cauldron","Simple Rune","MealTicket","ReplayTheSpireMod:Lightbulb","Replay:Bandana","Replay:Rubber Ducky","Empty Cage"],"acts_visited":["Exordium","TheCity","TheBeyond"],"potions_floor_usage":[],"damage_taken":[{"damage":5.0,"enemies":"2 Louse","floor":1.0,"turns":2.0},{"damage":0.0,"enemies":"Cultist","floor":4.0,"turns":3.0},{"damage":4.0,"enemies":"Small Slimes","floor":5.0,"turns":3.0},{"damage":16.0,"enemies":"2 Fungi Beasts","floor":7.0,"turns":3.0},{"damage":11.0,"enemies":"Exordium Thugs","floor":8.0,"turns":4.0},{"damage":7.0,"enemies":"Exordium Wildlife","floor":10.0,"turns":3.0},{"damage":1.0,"enemies":"3 Louse","floor":14.0,"turns":2.0},{"damage":35.0,"enemies":"Fading Forest","floor":16.0,"turns":11.0},{"damage":0.0,"enemies":"3 Byrds","floor":18.0,"turns":2.0},{"damage":22.0,"enemies":"2 Thieves","floor":19.0,"turns":2.0},{"damage":38.0,"enemies":"Gremlin Leader","floor":23.0,"turns":5.0},{"damage":0.0,"enemies":"Snecko","floor":25.0,"turns":3.0},{"damage":11.0,"enemies":"Slavers","floor":31.0,"turns":4.0},{"damage":28.0,"enemies":"Champ","floor":33.0,"turns":13.0},{"damage":2,"enemies":"3 Shapes","floor":35,"turns":4},{"damage":28,"enemies":"3 Darklings","floor":37,"turns":3}],"seed_played":"-1133702918182206903","potions_obtained":[{"floor":1.0,"key":"DuplicationPotion"},{"floor":3.0,"key":"EntropicBrew"},{"floor":16.0,"key":"LifebloodPotion"},{"floor":19.0,"key":"Elixir"},{"floor":21.0,"key":"infinitespire:BlackPotion"},{"floor":21.0,"key":"EntropicBrew"},{"floor":31.0,"key":"BlessingOfTheForge"}],"is_trial":false,"path_per_floor":["M","$","?","M","M","R","M","M","T","M","R","$","?","M","R","B",null,"M","M","?","AVR","$","E","R","M","T","?","$","R","?","E","R","B",null,"M","$","M"],"character_chosen":"DEFECT","items_purchased":["Ball Lightning"],"campfire_rested":3,"item_purchase_floors":[2],"current_hp_per_floor":[59,59,59,59,55,55,39,28,28,21,42,42,42,41,41,31,61,61,39,39,39,39,1,22,22,22,22,37,37,30,19,40,37,63,61,71,43,43],"gold":37,"neow_bonus":"HUNDRED_GOLD","is_daily":false,"chose_seed":false,"campfire_upgraded":3,"win_rate":0.0,"timestamp":1611446052,"path_taken":["M","$","?","M","M","R","M","M","T","?","R","$","?","M","R","BOSS","M","M","?","AVR","?","E","R","?","T","?","$","R","?","E","R","BOSS","M","$","?"],"items_purchased_type":["Card"],"build_version":"2020-12-22","purchased_purges":3,"victory":false,"max_hp_per_floor":[71,71,71,71,71,71,71,71,71,71,71,71,71,71,71,71,71,71,71,71,71,71,71,71,71,71,71,71,71,71,71,71,71,71,71,71,71,71],"card_choices":[{"not_picked":["Cold Snap","ReplayTheSpireMod:Repulse"],"picked":"Lockon","floor":1.0},{"not_picked":["Beam Cell","Reprogram"],"picked":"Capacitor","floor":4.0},{"not_picked":["Beam Cell","Blizzard","FTL"],"picked":"SKIP","floor":5.0},{"not_picked":["Conserve Battery","Fusion"],"picked":"Barrage","floor":7.0},{"not_picked":["ReplaySolidLightProjector","Coolheaded"],"picked":"Panic Button","floor":8.0},{"not_picked":["Steam","Chill"],"picked":"Electrodynamics","floor":10.0},{"not_picked":["Blizzard","Beam Cell"],"picked":"Conserve Battery","floor":14.0},{"not_picked":["Creative AI","Meteor Strike"],"picked":"Echo Form","floor":16.0},{"not_picked":["Turbo","Auto Shields"],"picked":"Cold Snap","floor":18.0},{"not_picked":["Doom and Gloom+1","Hologram"],"picked":"Glacier","floor":19.0},{"not_picked":["Stack","Compile Driver","Hyperbeam"],"picked":"SKIP","floor":23.0},{"not_picked":["ReplayGash","BasicCrystalCard"],"picked":"Coolheaded+1","floor":25.0},{"not_picked":["Go for the Eyes","Hello World+1","FTL"],"picked":"SKIP","floor":31.0},{"not_picked":["Multi-Cast","Reboot"],"picked":"Seek","floor":33.0},{"not_picked":["Darkness+1","ReplayTheSpireMod:System Scan"],"picked":"Ball Lightning+1","floor":35}],"player_experience":962327,"relics_obtained":[{"floor":9.0,"key":"Pantograph"},{"floor":23.0,"key":"Simple Rune"},{"floor":23.0,"key":"MealTicket"},{"floor":26.0,"key":"ReplayTheSpireMod:Lightbulb"},{"floor":31.0,"key":"Replay:Bandana"},{"floor":31.0,"key":"Replay:Rubber Ducky"}],"event_choices":[{"damage_healed":0.0,"max_hp_gain":0.0,"max_hp_loss":0.0,"gold_gain":0.0,"event_name":"Lab","player_choice":"Got Potions","floor":3.0,"gold_loss":0.0,"damage_taken":0.0},{"damage_healed":0.0,"max_hp_gain":0.0,"max_hp_loss":0.0,"gold_gain":0.0,"event_name":"The Joust","player_choice":"Bet on Owner","floor":20.0,"gold_loss":50.0,"damage_taken":0.0},{"damage_healed":0.0,"max_hp_gain":0.0,"max_hp_loss":0.0,"gold_gain":50.0,"event_name":"FaceTrader","player_choice":"Touch","floor":30.0,"gold_loss":0.0,"damage_taken":7.0}],"is_beta":false,"boss_relics":[{"not_picked":["Painkiller Herb","Cursed Key"],"picked":"Replay:Grab Bag"},{"not_picked":["Velvet Choker","Fusion Hammer"],"picked":"Philosopher\u0027s Stone"},{"not_picked":["infinitespire:Cupcake","ReplayTheSpireMod:DimensionalGlitch"],"picked":"Ectoplasm"},{"not_picked":["Snecko Heart","ReplayTheSpireMod:SealedPack"],"picked":"Black Star"},{"not_picked":["Replay:Drink Me","Replay:Bronze Core"],"picked":"Empty Cage"}],"items_purged_floors":[2,12,21],"is_endless":false,"potions_floor_spawned":[1,4,10,16,19,31],"killed_by":"3 Darklings","ascension_level":18}}