{"host":"hg5f5xpe2mj7bq9e","time":1611407527,"event":{"mods":["Act Like it!","BaseMod","Minty Spire (QoL Compilation)","Pale of the Ancients","StSLib","TestMod","[IsaacMod]以撒尖塔"],"gold_per_floor":[116,41,441,341,175,250,278,297,297,308,407,431,431,460,460,460,460],"floor_reached":16,"language":"ZHS","playtime":298,"items_purged":["Strike_R","Strike_R"],"score":262,"play_id":"62970129-1aac-41f7-985c-8c006f73b185","local_time":"20210123211207","is_ascension_mode":true,"campfire_choices":[{"data":"Inflame","floor":13.0,"key":"SMITH"},{"data":"Bludgeon","floor":15.0,"key":"SMITH"}],"circlet_count":0,"master_deck":["AscendersBane","Strike_R","Strike_R","Strike_R","Defend_R","Defend_R","Defend_R","Defend_R","Bash","Inflame+1","Bludgeon+1"],"relics":["Burning Blood","HushsDoor","testmod-CrystalShield","Chaos","NeowsBlessing","BookOfRevelations","Potion Belt","TheBible","testmod-Antiphasic","SteamSale"],"acts_visited":["Exordium"],"potions_floor_usage":[],"damage_taken":[{"damage":0.0,"enemies":"2 Louse","floor":1.0,"turns":1.0},{"damage":0.0,"enemies":"3 Sentries","floor":7.0,"turns":2.0},{"damage":0.0,"enemies":"Jaw Worm","floor":8.0,"turns":1.0},{"damage":1.0,"enemies":"Cultist","floor":10.0,"turns":3.0},{"damage":56.0,"enemies":"Gremlin Nob","floor":14.0,"turns":5.0},{"damage":22,"enemies":"Slime Boss","floor":16,"turns":9}],"seed_played":"9010340373756447206","potions_obtained":[{"floor":8.0,"key":"CultistPotion"}],"is_trial":false,"path_per_floor":["M","$","?","$","$","?","E","M","T","M","?","T","R","E","R","B"],"character_chosen":"IRONCLAD","items_purchased":["BookOfRevelations"],"campfire_rested":0,"item_purchase_floors":[5],"current_hp_per_floor":[74,74,74,74,74,63,69,75,75,75,60,60,60,20,20,0,0],"gold":460,"neow_bonus":"THREE_ENEMY_KILL","is_daily":false,"chose_seed":false,"campfire_upgraded":2,"win_rate":0.0,"timestamp":1611407527,"path_taken":["M","$","?","?","$","?","E","M","T","?","?","?","R","E","R","BOSS"],"items_purchased_type":["Relic"],"build_version":"2020-12-22","purchased_purges":2,"victory":false,"max_hp_per_floor":[75,75,75,75,75,75,75,75,75,75,75,75,75,85,85,85,85],"card_choices":[{"not_picked":[],"picked":"ChaosCard","floor":0.0},{"not_picked":["Heavy Blade","Warcry","Clothesline"],"picked":"SKIP","floor":1.0},{"not_picked":["Anger","Rage","Heavy Blade"],"picked":"SKIP","floor":7.0},{"not_picked":["Heavy Blade","Twin Strike"],"picked":"Inflame","floor":8.0},{"not_picked":["Uppercut","Flex","Thunderclap"],"picked":"SKIP","floor":10.0},{"not_picked":["Spot Weakness","Reckless Charge"],"picked":"Bludgeon","floor":14.0}],"player_experience":934105,"relics_obtained":[{"floor":7.0,"key":"Potion Belt"},{"floor":9.0,"key":"TheBible"},{"floor":12.0,"key":"testmod-Antiphasic"},{"floor":14.0,"key":"SteamSale"}],"event_choices":[{"damage_healed":0.0,"max_hp_gain":0.0,"max_hp_loss":0.0,"gold_gain":400.0,"event_name":"恩洛斯的盘子","player_choice":"Sell","floor":3.0,"relics_lost":["testmod-TestBox"],"gold_loss":0.0,"damage_taken":0.0},{"damage_healed":0.0,"max_hp_gain":0.0,"max_hp_loss":0.0,"gold_gain":75.0,"event_name":"World of Goop","player_choice":"Gather Gold","floor":6.0,"gold_loss":0.0,"damage_taken":11.0}],"is_beta":false,"boss_relics":[],"items_purged_floors":[2,4],"is_endless":false,"potions_floor_spawned":[8],"killed_by":"Slime Boss","ascension_level":20}}