{"host":"szp1d6dso4pv7ddl","time":1611368931,"event":{"mods":["AchievementEnabler","Alarm Clock","BaseMod","Bestiary","Block Reminder","Colored Map","Colored Powertips","Curses Come First","Dark Map","Displayed Cursed Tome","Highlight Path","Minty Spire (QoL Compilation)","Permanent Neow","Quick Restart","Relic Sorter","Relic Stats","StSLib","Synergy Search"],"gold_per_floor":[364,376,243,257,95,95,124,124,151,210,232,249,327,337,337,337,337],"floor_reached":16,"language":"ENG","playtime":1049,"items_purged":["Injury"],"score":185,"play_id":"2afdbd42-b1d8-4b39-b39c-29ad2c3a6721","local_time":"20210122182851","is_ascension_mode":true,"campfire_choices":[{"data":"Bash","floor":6,"key":"SMITH"},{"floor":8,"key":"REST"},{"floor":15,"key":"REST"}],"circlet_count":0,"master_deck":["AscendersBane","Strike_R","Strike_R","Strike_R","Strike_R","Strike_R","Defend_R","Defend_R","Defend_R","Defend_R","Bash+1","Shrug It Off","Cleave","Shrug It Off","Battle Trance","Twin Strike","Perfected Strike","Disarm"],"relics":["Burning Blood","Lantern","Akabeko","Juzu Bracelet","Odd Mushroom","Frozen Egg 2"],"acts_visited":["Exordium"],"potions_floor_usage":[11,16,16],"damage_taken":[{"damage":6,"enemies":"Cultist","floor":1,"turns":3},{"damage":19,"enemies":"Small Slimes","floor":2,"turns":5},{"damage":7,"enemies":"2 Louse","floor":4,"turns":3},{"damage":53,"enemies":"Lagavulin","floor":7,"turns":8},{"damage":14,"enemies":"The Mushroom Lair","floor":11,"turns":4},{"damage":0,"enemies":"Blue Slaver","floor":12,"turns":2},{"damage":4,"enemies":"Red Slaver","floor":14,"turns":4},{"damage":57,"enemies":"Slime Boss","floor":16,"turns":10}],"seed_played":"-2431072565212574349","potions_obtained":[{"floor":7,"key":"PowerPotion"},{"floor":11,"key":"HeartOfIron"},{"floor":14,"key":"Block Potion"}],"is_trial":false,"path_per_floor":["M","M","$","M","$","R","E","R","T","?","?","M","T","M","R","B"],"character_chosen":"IRONCLAD","items_purchased":["Cleave","Lantern"],"campfire_rested":2,"item_purchase_floors":[3,5],"current_hp_per_floor":[68,55,55,54,54,54,7,29,29,29,21,27,27,29,51,0,0],"gold":337,"neow_bonus":"TWO_FIFTY_GOLD","is_daily":false,"chose_seed":false,"campfire_upgraded":1,"win_rate":0.0,"timestamp":1611368931,"path_taken":["M","M","$","?","$","R","E","R","T","?","?","M","?","M","R","BOSS"],"items_purchased_type":["Card","Relic"],"build_version":"2020-12-22","purchased_purges":1,"victory":false,"max_hp_per_floor":[75,75,75,75,75,75,75,75,75,75,75,75,75,75,75,75,75],"relic_stats":{"counters":[8,39],"Juzu Bracelet":0,"obtain_stats":[{"Lantern":5,"Juzu Bracelet":9,"Odd Mushroom":11,"Frozen Egg 2":13,"Burning Blood":0,"Akabeko":7},{"Lantern":3,"Juzu Bracelet":4,"Odd Mushroom":5,"Frozen Egg 2":6,"Burning Blood":0,"Akabeko":4},{"Lantern":11,"Juzu Bracelet":19,"Odd Mushroom":23,"Frozen Egg 2":25,"Burning Blood":0,"Akabeko":19}],"Burning Blood":42},"card_choices":[{"not_picked":["True Grit","Burning Pact"],"picked":"Shrug It Off","floor":1},{"not_picked":["Clothesline","Anger","Bloodletting"],"picked":"SKIP","floor":2},{"not_picked":["Twin Strike","Iron Wave"],"picked":"Shrug It Off","floor":4},{"not_picked":["Shrug It Off","Armaments"],"picked":"Battle Trance","floor":7},{"not_picked":["Intimidate","Clash"],"picked":"Twin Strike","floor":11},{"not_picked":["Searing Blow","Iron Wave"],"picked":"Perfected Strike","floor":12},{"not_picked":["Warcry","Hemokinesis"],"picked":"Disarm","floor":14}],"player_experience":1260842,"relics_obtained":[{"floor":7,"key":"Akabeko"},{"floor":9,"key":"Juzu Bracelet"},{"floor":11,"key":"Odd Mushroom"},{"floor":13,"key":"Frozen Egg 2"}],"event_choices":[{"damage_healed":0,"gold_gain":59,"player_choice":"Gained Gold","damage_taken":0,"max_hp_gain":0,"max_hp_loss":0,"event_name":"Golden Wing","floor":10,"gold_loss":0},{"damage_healed":0,"gold_gain":0,"player_choice":"Fought Mushrooms","damage_taken":0,"max_hp_gain":0,"max_hp_loss":0,"event_name":"Mushrooms","floor":11,"gold_loss":0}],"is_beta":false,"boss_relics":[],"items_purged_floors":[3],"is_endless":false,"potions_floor_spawned":[7,11,14],"killed_by":"Slime Boss","ascension_level":17}}