{"host":"sboty77psj7t2cnn","time":1611383581,"event":{"mods":["Aspiration","BaseMod","Beaked The Cultist","Better Match","Better Vampires","ChefMod","Colored Map","Conspire","Dio Mod","Downfall","Hubris","Infinite Spire","Jorbs\u0027s Wanderer Trilogy","Minty Spire (QoL Compilation)","StSLib","The Witch"],"gold_per_floor":[99,111,128,228,238,257,309,364,396,396,396,45,62,91,119,233,233,233,265,265,265,265],"floor_reached":21,"language":"SPA","playtime":1467,"items_purged":["Strike_Witch"],"score":181,"play_id":"7ffbf9df-4f1e-4de4-b633-f851887f0918","local_time":"20210123003301","is_ascension_mode":false,"campfire_choices":[{"data":"ZombieSpit","floor":1,"key":"SMITH"},{"floor":10,"key":"REST"},{"floor":18,"key":"RECALL"}],"circlet_count":0,"master_deck":["Defend_Witch","Defend_Witch","Defend_Witch","Defend_Witch","Hexguard","ZombieSpit+1","GrimVengeance","SummonBatFamiliar","Malady","Puncture","SummonRatFamiliar","hubris:EnhanceAbility","hubris:Greed","hubris:Greed","hubris:Greed","IllusionOfStrength","SummonOwlFamiliar+1","KarmaDrain+1","SummonBatFamiliar+1","BleedOut","Slimebound:CheckThePlaybook","downfall:Icky"],"relics":["BlackCat","Dream Catcher","Pen Nib","Bag of Preparation","Astrolabe"],"acts_visited":["Exordium","TheCity"],"potions_floor_usage":[6,8,9,9,21,21],"damage_taken":[{"damage":0,"enemies":"Small Slimes","floor":2,"turns":3},{"damage":1,"enemies":"Cultist","floor":3,"turns":4},{"damage":3,"enemies":"2 Louse","floor":5,"turns":5},{"damage":5,"enemies":"Gremlin Gang","floor":6,"turns":5},{"damage":19,"enemies":"Gremlin Nob","floor":8,"turns":5},{"damage":13,"enemies":"Gremlin Nob","floor":9,"turns":5},{"damage":5,"enemies":"downfall:FleeingMerchant","floor":12,"turns":4},{"damage":3,"enemies":"Blue Slaver","floor":13,"turns":3},{"damage":0,"enemies":"Large Slime","floor":14,"turns":6},{"damage":12,"enemies":"3 Louse","floor":15,"turns":3},{"damage":30,"enemies":"IC_STATUS_ARCHETYPE","floor":16,"turns":8},{"damage":2,"enemies":"Shell Parasite","floor":19,"turns":6},{"damage":40,"enemies":"Cultist and Chosen","floor":21,"turns":5}],"seed_played":"5209569245558614909","potions_obtained":[{"floor":2,"key":"AttackPotion"},{"floor":3,"key":"hexamod:SoulburnPotion"},{"floor":5,"key":"Dexterity Potion"},{"floor":8,"key":"Strength Potion"},{"floor":9,"key":"Energy Potion"},{"floor":19,"key":"Explosive Potion"}],"is_trial":false,"path_per_floor":["R","M","M","?","M","M","T","?","E","R","?","$","M","M","M","B",null,"R","M","?","M"],"character_chosen":"WITCH","items_purchased":["SummonRatFamiliar","hubris:EnhanceAbility"],"campfire_rested":1,"item_purchase_floors":[12,12],"current_hp_per_floor":[73,73,72,72,69,64,64,45,32,53,73,68,65,65,53,23,73,73,71,71,31,31],"gold":265,"neow_bonus":"TEN_PERCENT_HP_BONUS","is_daily":false,"chose_seed":false,"campfire_upgraded":1,"win_rate":0.0,"timestamp":1611383581,"path_taken":["R","M","M","?","?","M","T","?","E","R","?","$","?","M","M","BOSS","R","M","?","M"],"items_purchased_type":["Card","Card"],"build_version":"2020-12-22","purchased_purges":1,"victory":false,"max_hp_per_floor":[73,73,73,73,73,73,73,73,73,73,73,73,73,73,73,73,73,73,73,73,73,73],"card_choices":[{"not_picked":["Thundercloud","Athame"],"picked":"GrimVengeance","floor":2},{"not_picked":["BlackShield","WretchedNails","Thundercloud"],"picked":"SKIP","floor":3},{"not_picked":["RiteOfWinter","SkullFlask"],"picked":"SummonBatFamiliar","floor":5},{"not_picked":["SaltCircle","RoilingBarrier"],"picked":"GhoulTouch","floor":6},{"not_picked":["GhoulTouch","DoomBlade"],"picked":"Malady","floor":9},{"not_picked":["Atonement","Decrepify"],"picked":"Puncture","floor":10},{"not_picked":["Pillage","TwistedMind","RiteOfAutumn"],"picked":"SKIP","floor":12},{"not_picked":["SummonCatFamiliar","BlackShield","RiteOfWinter"],"picked":"SKIP","floor":13},{"not_picked":["BlackShield","SoulBarrier","Broomstick"],"picked":"SKIP","floor":14},{"not_picked":["SkullFlask","Pillage","WretchedNails"],"picked":"SKIP","floor":15},{"not_picked":["UnnaturalEnergy","SummonRavenFamiliar"],"picked":"IllusionOfStrength","floor":16},{"not_picked":["MagicFang","WretchedNails"],"picked":"BleedOut","floor":19}],"player_experience":375264,"relics_obtained":[{"floor":7,"key":"Dream Catcher"},{"floor":8,"key":"Pen Nib"},{"floor":9,"key":"Bag of Preparation"}],"event_choices":[{"cards_removed":["GhoulTouch"],"damage_healed":20,"gold_gain":0,"player_choice":"Offered Uncommon","damage_taken":0,"max_hp_gain":0,"max_hp_loss":0,"event_name":"Bonfire Elementals","floor":11,"gold_loss":0}],"is_beta":false,"boss_relics":[{"not_picked":["Busted Crown","beaked:SacredDeck"],"picked":"Astrolabe"}],"items_purged_floors":[12],"is_endless":false,"potions_floor_spawned":[2,3,5,8,9,19],"killed_by":"Cultist and Chosen","ascension_level":0}}