{"host":"2haferq23ht5nrlk","time":1611425723,"event":{"mods":["ATMod(°¢èªMod)","BaseMod","KomeijiMod","Minty Spire (QoL Compilation)","Quick Restart","Relic Stats","Replay The Spire","Spicy Shops","StSLib","UnlockEverythingMod","¡¾ÒÅÎï¿¨ÅÆ¡¿REMEMod"],"gold_per_floor":[109,109,53,53,53,97,147,147,170,245,245,356,356,356,356],"floor_reached":14,"language":"ZHS","playtime":552,"items_purged":[],"score":288,"play_id":"262ebd43-5586-4c0e-ab02-f3ca7f25776c","local_time":"20210124021523","daily_mods":["Heirloom","Flight"],"is_ascension_mode":true,"campfire_choices":[{"floor":8.0,"key":"REST"},{"floor":11.0,"key":"REST"},{"floor":13.0,"key":"REST"}],"circlet_count":0,"master_deck":["AscendersBane","Strike_B","Strike_B+1","Strike_B","Defend_B","Defend_B","Defend_B","Defend_B","Zap","Dualcast","AT_EmpoweredMortalDraw","RidiculousThoughts","KimairaNoYoku","SatsujinDooru","Redo","SeekerWire+1","HagoromoMizu","Doom and Gloom"],"relics":["Cracked Core","AT_ATBox","REME_ComplimentaryCards","Ginger","Golden Idol","ThirstyCross","Turnip","AT_MibuBalloonWealth","Gremlin Food"],"acts_visited":["Exordium"],"potions_floor_usage":[14],"damage_taken":[{"damage":0.0,"enemies":"2 Louse","floor":1.0,"turns":1.0},{"damage":30.0,"enemies":"Lagavulin","floor":6.0,"turns":5.0},{"damage":8.0,"enemies":"Small Slimes","floor":10.0,"turns":2.0},{"damage":17.0,"enemies":"3 Sentries","floor":12.0,"turns":4.0},{"damage":70,"enemies":"Gremlin Nob","floor":14,"turns":4}],"seed_played":"-7369413761479763435","potions_obtained":[{"floor":10.0,"key":"CalmPotion"}],"is_trial":true,"path_per_floor":["M","?","$","?","?","E","?","R","T","M","R","E","R","E"],"character_chosen":"DEFECT","items_purchased":["Redo"],"campfire_rested":3,"item_purchase_floors":[3],"current_hp_per_floor":[64,64,64,40,40,10,10,31,31,23,44,27,48,0,0],"gold":356,"neow_bonus":"","is_daily":false,"chose_seed":false,"campfire_upgraded":0,"win_rate":0.0,"timestamp":1611425723,"path_taken":["M","?","$","?","?","E","?","R","T","?","R","E","R","E"],"items_purchased_type":["Card"],"build_version":"2020-12-22","purchased_purges":0,"victory":false,"max_hp_per_floor":[71,71,71,71,71,71,71,71,71,71,71,71,71,71,71],"relic_stats":{"counters":[5,16],"Golden Idol":21,"Turnip":[0],"Ginger":[1],"obtain_stats":[{"ThirstyCross":5,"Gremlin Food":12,"AT_ATBox":0,"Golden Idol":4,"AT_MibuBalloonWealth":9,"Turnip":6,"Ginger":0,"Cracked Core":0,"REME_ComplimentaryCards":0},{"ThirstyCross":1,"Gremlin Food":4,"AT_ATBox":0,"Golden Idol":1,"AT_MibuBalloonWealth":2,"Turnip":2,"Ginger":0,"Cracked Core":0,"REME_ComplimentaryCards":0},{"ThirstyCross":1,"Gremlin Food":12,"AT_ATBox":0,"Golden Idol":1,"AT_MibuBalloonWealth":6,"Turnip":6,"Ginger":0,"Cracked Core":0,"REME_ComplimentaryCards":0}]},"card_choices":[{"not_picked":["REME_DataAnalysis","MajikuruSanhai+1"],"picked":"KimairaNoYoku","floor":1.0},{"not_picked":["Go for the Eyes","Melting"],"picked":"SeekerWire+1","floor":6.0},{"not_picked":["Turbo","Scrape"],"picked":"HagoromoMizu","floor":10.0},{"not_picked":["SuitokuNoKyoryu","YuumeiNoKurin"],"picked":"Doom and Gloom","floor":12.0}],"player_experience":11837,"relics_obtained":[{"floor":6.0,"key":"Turnip"},{"floor":9.0,"key":"AT_MibuBalloonWealth"},{"floor":12.0,"key":"Gremlin Food"}],"event_choices":[{"damage_healed":0.0,"max_hp_gain":0.0,"max_hp_loss":0.0,"gold_gain":0.0,"cards_transformed":["Strike_B"],"event_name":"Living Wall","player_choice":"Change","floor":2.0,"gold_loss":0.0,"damage_taken":0.0,"cards_obtained":["SatsujinDooru"]},{"damage_healed":0.0,"max_hp_gain":0.0,"max_hp_loss":0.0,"gold_gain":0.0,"event_name":"Golden Idol","player_choice":"Take Damage","floor":4.0,"gold_loss":0.0,"damage_taken":24.0,"relics_obtained":["Golden Idol"]},{"damage_healed":0.0,"max_hp_gain":0.0,"max_hp_loss":0.0,"gold_gain":50.0,"event_name":"Golden Shrine","player_choice":"Pray","floor":7.0,"gold_loss":0.0,"damage_taken":0.0}],"is_beta":false,"boss_relics":[],"items_purged_floors":[],"is_endless":true,"potions_floor_spawned":[10],"killed_by":"Gremlin Nob","ascension_level":20}}