{"host":"duxoyu97j36znyap","time":1611384708,"event":{"mods":["AlwaysNeverKeys","BaseMod","Bestiary","BetterRewards","Colored Map","DeckTracker","Filter the Spire","Googly Eyes","Minty Spire (QoL Compilation)","Permanent Neow","Rare Cards Sparkle","Relic Stats","StSLib"],"gold_per_floor":[110,110,120,140,40,40,40,51,51,77,89,107,107,139,139,237,237,251,326,15,15,29,62,74,92,92,124,144,172,172,190,190,190,190],"floor_reached":33,"language":"ENG","playtime":1783,"items_purged":["Pain"],"score":644,"play_id":"c3dc8121-1b01-466b-afd6-e39f505a4815","local_time":"20210123015148","is_ascension_mode":true,"campfire_choices":[{"data":"Chaos","floor":6.0,"key":"SMITH"},{"data":"Creative AI","floor":13.0,"key":"SMITH"},{"data":"Buffer","floor":15.0,"key":"SMITH"},{"data":"Fission","floor":30,"key":"SMITH"},{"data":"Amplify","floor":32,"key":"SMITH"}],"circlet_count":0,"master_deck":["Zap","Dualcast","Consume","Thunder Strike","Static Discharge","Glacier","Static Discharge","Creative AI+1","Fission+1","Chaos+1","Steam","Doom and Gloom","Stack","Conserve Battery","Ball Lightning","Machine Learning","Buffer+1","Amplify+1","Leap+1","Turbo","Creative AI","Heatsinks+1","Fission+1","Meteor Strike","Loop","Capacitor","Hologram"],"relics":["WarpedTongs","Calipers","Pocketwatch","Potion Belt","Nuclear Battery","Emotion Chip","Nloth\u0027s Gift","Bronze Scales","Sundial","Smiling Mask","Ornamental Fan"],"acts_visited":["Exordium","TheCity"],"potions_floor_usage":[25,25,27,29,33,33],"damage_taken":[{"damage":0.0,"enemies":"Jaw Worm","floor":1.0,"turns":5.0},{"damage":13.0,"enemies":"Cultist","floor":3.0,"turns":5.0},{"damage":10.0,"enemies":"2 Louse","floor":4.0,"turns":3.0},{"damage":11.0,"enemies":"Lots of Slimes","floor":8.0,"turns":3.0},{"damage":0.0,"enemies":"Lagavulin","floor":10.0,"turns":7.0},{"damage":0.0,"enemies":"3 Louse","floor":11.0,"turns":3.0},{"damage":9.0,"enemies":"Exordium Thugs","floor":12.0,"turns":6.0},{"damage":0.0,"enemies":"Gremlin Nob","floor":14.0,"turns":2.0},{"damage":0.0,"enemies":"The Guardian","floor":16.0,"turns":9.0},{"damage":0.0,"enemies":"Chosen","floor":18.0,"turns":5.0},{"damage":0,"enemies":"Spheric Guardian","floor":22,"turns":4},{"damage":24,"enemies":"Slavers","floor":23,"turns":5},{"damage":0,"enemies":"Snecko","floor":24,"turns":5},{"damage":0,"enemies":"Snake Plant","floor":25,"turns":3},{"damage":0,"enemies":"Book of Stabbing","floor":27,"turns":7},{"damage":11,"enemies":"Chosen and Byrds","floor":28,"turns":6},{"damage":28,"enemies":"Slavers","floor":29,"turns":4},{"damage":0,"enemies":"Snecko","floor":31,"turns":4},{"damage":39,"enemies":"Automaton","floor":33,"turns":6}],"seed_played":"-740403714286653683","potions_obtained":[{"floor":1.0,"key":"FearPotion"},{"floor":3.0,"key":"Fire Potion"},{"floor":4.0,"key":"FairyPotion"},{"floor":11.0,"key":"SneckoOil"},{"floor":14.0,"key":"SteroidPotion"},{"floor":18.0,"key":"Fruit Juice"},{"floor":23,"key":"PotionOfCapacity"},{"floor":25,"key":"SmokeBomb"},{"floor":27,"key":"LiquidMemories"},{"floor":31,"key":"SkillPotion"}],"is_trial":false,"path_per_floor":["M","?","M","M","$","R","?","M","T","E","M","M","R","E","R","B",null,"M","?","$","?","M","E","M","M","T","E","M","E","R","M","R","B"],"character_chosen":"DEFECT","items_purchased":["Conserve Battery","Emotion Chip"],"campfire_rested":0,"item_purchase_floors":[5,20],"current_hp_per_floor":[68,68,55,45,45,45,45,34,34,34,34,25,25,25,25,25,63,63,56,56,56,56,32,32,37,37,37,26,23,23,23,23,0,0],"gold":190,"neow_bonus":"BOSS_RELIC","is_daily":false,"chose_seed":false,"campfire_upgraded":5,"win_rate":0.0,"timestamp":1611384708,"path_taken":["M","?","M","?","$","R","?","M","T","E","?","M","R","E","R","BOSS","M","?","?","?","M","E","M","?","T","E","M","E","R","M","R","BOSS"],"items_purchased_type":["Card","Relic"],"build_version":"2020-12-22","purchased_purges":1,"victory":false,"max_hp_per_floor":[75,75,75,75,75,75,75,75,75,75,75,75,75,75,75,75,75,75,75,75,75,75,75,75,80,80,80,80,80,80,80,80,80,80],"relic_stats":{"Emotion Chip":[13,11,1,1,0],"counters":[19,91],"Sundial":[8],"Ornamental Fan":[4],"Bronze Scales":[150],"Nloth\u0027s Gift":4,"Smiling Mask":0,"obtain_stats":[{"Potion Belt":14,"Calipers":9,"Smiling Mask":27,"WarpedTongs":2,"Nuclear Battery":17,"Emotion Chip":20,"Sundial":26,"Ornamental Fan":29,"Bronze Scales":23,"Pandora\u0027s Box":0,"Nloth\u0027s Gift":21,"Cracked Core":0,"Pocketwatch":10},{"Potion Belt":8,"Calipers":4,"Smiling Mask":15,"WarpedTongs":1,"Nuclear Battery":9,"Emotion Chip":10,"Sundial":14,"Ornamental Fan":17,"Bronze Scales":12,"Pandora\u0027s Box":0,"Nloth\u0027s Gift":10,"Cracked Core":0,"Pocketwatch":5},{"Potion Belt":34,"Calipers":16,"Smiling Mask":72,"WarpedTongs":5,"Nuclear Battery":43,"Emotion Chip":48,"Sundial":65,"Ornamental Fan":81,"Bronze Scales":57,"Pandora\u0027s Box":0,"Nloth\u0027s Gift":48,"Cracked Core":0,"Pocketwatch":23}],"WarpedTongs":[86],"Pocketwatch":[63]},"card_choices":[{"not_picked":["Reinforced Body","Beam Cell"],"picked":"Steam","floor":1.0},{"not_picked":["Conserve Battery","Redo"],"picked":"Doom and Gloom","floor":3.0},{"not_picked":["Aggregate","Beam Cell"],"picked":"Stack","floor":4.0},{"not_picked":["Rebound","Compile Driver"],"picked":"Ball Lightning","floor":8.0},{"not_picked":["Stack","Turbo"],"picked":"Machine Learning","floor":10.0},{"not_picked":["Darkness","Consume","Hello World"],"picked":"SKIP","floor":11.0},{"not_picked":["Darkness","Consume","Hello World"],"picked":"SKIP","floor":11.0},{"not_picked":["Darkness","Consume","Hello World"],"picked":"SKIP","floor":11.0},{"not_picked":["Rebound","Compile Driver","Gash"],"picked":"SKIP","floor":12.0},{"not_picked":["Stack","Conserve Battery"],"picked":"Buffer","floor":14.0},{"not_picked":["Thunder Strike","Buffer"],"picked":"Amplify","floor":16.0},{"not_picked":["Scrape","Rip and Tear"],"picked":"Leap+1","floor":18.0},{"not_picked":["Chaos","Leap"],"picked":"Turbo","floor":22},{"not_picked":["Compile Driver","Redo"],"picked":"Creative AI","floor":23},{"not_picked":["Conserve Battery","Go for the Eyes"],"picked":"Heatsinks+1","floor":24},{"not_picked":["Steam Power+1","Static Discharge"],"picked":"Fission","floor":25},{"not_picked":["Chaos","Aggregate"],"picked":"Meteor Strike","floor":27},{"not_picked":["Compile Driver","Blizzard"],"picked":"Loop","floor":28},{"not_picked":["Core Surge","Barrage"],"picked":"Capacitor","floor":29},{"not_picked":["Barrage","Cold Snap"],"picked":"Hologram","floor":31}],"player_experience":563868,"relics_obtained":[{"floor":9.0,"key":"Calipers"},{"floor":10.0,"key":"Pocketwatch"},{"floor":14.0,"key":"Potion Belt"},{"floor":23,"key":"Bronze Scales"},{"floor":26,"key":"Sundial"},{"floor":27,"key":"Smiling Mask"},{"floor":29,"key":"Ornamental Fan"}],"event_choices":[{"damage_healed":0.0,"max_hp_gain":0.0,"max_hp_loss":0.0,"gold_gain":0.0,"event_name":"Accursed Blacksmith","player_choice":"Rummage","floor":2.0,"gold_loss":0.0,"damage_taken":0.0,"relics_obtained":["WarpedTongs"],"cards_obtained":["Pain"]},{"damage_healed":0.0,"max_hp_gain":0.0,"max_hp_loss":0.0,"gold_gain":0.0,"event_name":"Upgrade Shrine","player_choice":"Upgraded","floor":7.0,"gold_loss":0.0,"damage_taken":0.0,"cards_upgraded":["Fission"]},{"damage_healed":0,"gold_gain":75,"player_choice":"Touch","damage_taken":7,"max_hp_gain":0,"max_hp_loss":0,"event_name":"FaceTrader","floor":19,"gold_loss":0},{"damage_healed":0,"gold_gain":0,"player_choice":"Traded Relic","damage_taken":0,"relics_obtained":["Nloth\u0027s Gift"],"max_hp_gain":0,"max_hp_loss":0,"event_name":"N\u0027loth","floor":21,"relics_lost":["Pandora\u0027s Box"],"gold_loss":0}],"is_beta":false,"boss_relics":[{"not_picked":["Empty Cage","Busted Crown"],"picked":"Nuclear Battery"}],"items_purged_floors":[5],"is_endless":false,"potions_floor_spawned":[1,3,4,11,14,18,23,25,27,31],"killed_by":"Automaton","ascension_level":9}}