{"host":"6eswuwtz6j8isipc","time":1611440504,"event":{"mods":["BaseMod","Better Third Choice","BetterRewards","Colored Map","Conspire","Hubris","Infinite Spire","Minty Spire (QoL Compilation)","Replay The Spire","Spicy Shops","StSLib","The Animator","The Bug Knight"],"gold_per_floor":[115,40,40,40,40,74,86,86,141,141,168,168,186,186,186,281,281,299,96,115,135,135,135,135],"floor_reached":23,"language":"ENG","playtime":1288,"items_purged":["HollowMod:QuickDashStart"],"score":197,"play_id":"2f156be1-a300-417c-a290-9f49ea517114","local_time":"20210123172144","is_ascension_mode":false,"campfire_choices":[{"data":"HollowMod:SlysStrikes","floor":8.0,"key":"SMITH"},{"data":"HollowMod:FocusHealStart","floor":10.0,"key":"SMITH"}],"circlet_count":0,"master_deck":["HollowMod:QuickDashStart+1","HollowMod:QuickDashStart+2","HollowMod:QuickDashStart","HollowMod:FocusHealStart+1","HollowMod:PogoStrike+1","HollowMod:DashSlash","HollowMod:InfectedAttack","HollowMod:InfectedAttack+1","HollowMod:InfectedAttack","HollowMod:SlysStrikes+1","HollowMod:CloakDash","Finesse"],"relics":["HollowMod:VesselMask","hubris:Towel","Simple Rune","War Paint","Gremlin Horn","WarpedTongs","Replay:Drink Me","Centennial Puzzle"],"acts_visited":["Exordium","TheCity"],"potions_floor_usage":[],"damage_taken":[{"damage":3.0,"enemies":"Jaw Worm","floor":1.0,"turns":3.0},{"damage":67.0,"enemies":"Lagavulin","floor":6.0,"turns":5.0},{"damage":0.0,"enemies":"Small Slimes","floor":7.0,"turns":5.0},{"damage":22.0,"enemies":"Gremlin Nob","floor":11.0,"turns":3.0},{"damage":0.0,"enemies":"2 Louse","floor":13.0,"turns":5.0},{"damage":50.0,"enemies":"HollowMod:FalseKnight","floor":16.0,"turns":7.0},{"damage":0.0,"enemies":"3 Byrds","floor":18.0,"turns":6.0},{"damage":0,"enemies":"Shell Parasite","floor":20,"turns":5},{"damage":19,"enemies":"Snecko","floor":21,"turns":4},{"damage":35,"enemies":"Slavers","floor":23,"turns":3}],"seed_played":"6774063125883340744","potions_obtained":[{"floor":7.0,"key":"Block Potion"},{"floor":16.0,"key":"Reflective Coating"},{"floor":18.0,"key":"Reflective Coating"}],"is_trial":false,"path_per_floor":["M","$","?","?","?","E","M","R","T","R","E","?","M","?","R_BF","B",null,"M","$","M","M","?","E"],"character_chosen":"THE_BUGKNIGHT","items_purchased":["Centennial Puzzle","Finesse"],"campfire_rested":0,"item_purchase_floors":[19,19],"current_hp_per_floor":[75,75,75,75,75,14,24,24,24,24,8,8,20,20,42,4,57,57,57,57,38,32,0,0],"gold":135,"neow_bonus":"RANDOM_EVENT","is_daily":false,"chose_seed":false,"campfire_upgraded":2,"win_rate":0.0,"timestamp":1611440504,"path_taken":["M","$","?","?","?","E","M","R","T","R","E","?","?","?","R_BF","BOSS","M","$","?","M","?","E"],"items_purchased_type":["Relic","Card"],"build_version":"2020-12-22","purchased_purges":1,"victory":false,"max_hp_per_floor":[75,75,75,75,75,75,75,75,75,75,75,75,75,75,75,75,57,57,57,57,57,57,57,57],"card_choices":[{"not_picked":["HollowMod:BlackTendrils","HollowMod:RecoilStrike"],"picked":"HollowMod:DashSlash","floor":1.0},{"not_picked":["HollowMod:SoulVessel","HollowMod:DesolateDive"],"picked":"HollowMod:SlysStrikes","floor":6.0},{"not_picked":["HollowMod:GoodIntentions","HollowMod:LifebloodCocoon"],"picked":"HollowMod:CloakDash","floor":7.0},{"not_picked":["HollowMod:Grubsong","HollowMod:BlackTendrils","HollowMod:WraithStrike"],"picked":"SKIP","floor":11.0},{"not_picked":["HollowMod:CloakDash","HollowMod:InfectedAttack","HollowMod:QuirrelsAssistance"],"picked":"SKIP","floor":13.0},{"not_picked":["HollowMod:SiblingsSouls","HollowMod:TaintedHusks","HollowMod:DesolateDive"],"picked":"SKIP","floor":18.0},{"not_picked":["HollowMod:SiblingsSouls","HollowMod:PureVessel","HollowMod:NewGlowingWomb+1"],"picked":"SKIP","floor":20},{"not_picked":["HollowMod:VengefulVoid","HollowMod:SoulSplash","HollowMod:CycloneSlash+1"],"picked":"SKIP","floor":21}],"player_experience":1321930,"relics_obtained":[{"floor":6.0,"key":"Simple Rune"},{"floor":9.0,"key":"War Paint"},{"floor":11.0,"key":"Gremlin Horn"}],"event_choices":[{"damage_healed":0.0,"max_hp_gain":0.0,"max_hp_loss":0.0,"gold_gain":0.0,"event_name":"NoteForYourself","player_choice":"Ignored","floor":12.0,"gold_loss":0.0,"damage_taken":0.0},{"damage_healed":0.0,"max_hp_gain":0.0,"max_hp_loss":0.0,"gold_gain":0.0,"event_name":"Accursed Blacksmith","player_choice":"Rummage","floor":14.0,"gold_loss":0.0,"damage_taken":0.0,"relics_obtained":["WarpedTongs"],"cards_obtained":["Pain"]},{"damage_healed":0,"gold_gain":0,"player_choice":"","damage_taken":6,"max_hp_gain":0,"max_hp_loss":0,"event_name":"Knowing Skull","floor":22,"potions_obtained":[],"gold_loss":0,"cards_obtained":[]}],"is_beta":false,"boss_relics":[{"not_picked":["conspire:SpecialSausage","Philosopher\u0027s Stone"],"picked":"Replay:Drink Me"}],"items_purged_floors":[2],"is_endless":false,"potions_floor_spawned":[7,16,18],"killed_by":"Slavers","ascension_level":0}}