{"host":"f0dbpmn0khgeoqc0","time":1611361812,"event":{"mods":["2.2 Compatiblity","A Penny For Your Troubles","AchievementEnabler","Act Like it!","Ascension Unlocker","Aspiration","BaseMod","Better Altar","Better Match","Better Sensory Stone","Better Skull","Better Third Choice","BetterRewards","Block Reminder","Colored Map","Colored Powertips","Conspire","DNKmod","Disable Question Mark Monsters","Displayed Cursed Tome","Downfall","Evolution","Friendly Minions","Hermit","Highlight Path","Humility","Infinite Spire","Jorbs\u0027s Wanderer Trilogy","Koishi","Marisa????????","Minty Spire (QoL Compilation)","MostiFishMod","Permanent Neow","Random Character Button","Relic Filter","Relic Stats","Spicy Shops","Spire Arcade","StSLib","Td1madao Mod","The Gatherer","Treasure Hunter","Wandering Minibosses","??????REMEMod"],"gold_per_floor":[118,131,145,145,164,164,40,71,71,100,118,131,161,261,261,363,363,380,25,35,35,35,35,66,66,138,138,153,156,156,156],"floor_reached":29,"language":"ENG","playtime":2027,"items_purged":[],"score":339,"play_id":"4ae188f2-8e40-4bbe-9ca8-92d990b4164e","local_time":"20210122193012","is_ascension_mode":true,"campfire_choices":[{"data":"champ:FanOfKnives","floor":6,"key":"SMITH"},{"floor":15,"key":"REST"},{"data":"champ:StanceDance","floor":15,"key":"SMITH"},{"floor":23,"key":"REST"},{"data":"champ:UltimateStance","floor":23,"key":"SMITH"},{"floor":25,"key":"REST"},{"data":"champ:RageSigil","floor":25,"key":"SMITH"},{"data":"champ:Improvising","floor":27,"key":"SMITH"}],"circlet_count":0,"master_deck":["champ:CrownThrow","champ:CrownThrow","champ:Strike","champ:Defend","champ:Defend","champ:Defend","champ:Defend","champ:Execute","champ:Taunt","Devotion","champ:RisingSlash","champ:EnGarde","champ:FanOfKnives+1","champ:GutPunch","champ:ShieldSigil","champ:BerserkersShout","champ:Shatter","TH:CursedSword","champ:EnragedBash","TH:CopperCoins","TH:CopperCoins","champ:BringItOn","champ:FanOfKnives","champ:DeathBlow","TH:CopperCoins","champ:StanceDance+1","TH:CopperCoins","champ:UltimateStance+1","champ:Duel+1","champ:RageSigil+1","champ:LastStand","champ:Improvising+1","champ:HoldFirm","champ:BringItOn","champ:Encircle+1","champ:CrookedStrike","Slimebound:CheckThePlaybook","downfall:Icky","TH:CursedSword","TH:CursedSword","champ:Backstep"],"relics":["champ:ChampionCrown","EVO:Axolotl","DaveBox","REME_ComplimentaryCards","HereWithMe","aspiration:Nostalgia","Blood Vial","SynthV:TestCard","Bag of Marbles","TH:Strongbox","infinitespire:Magic Flask","Bag of Preparation","SlaversCollar","Lee\u0027s Waffle","Orrery","conspire:Boomerang","Mummified Hand"],"acts_visited":["Exordium","TheCity"],"potions_floor_usage":[1,10,10,29],"damage_taken":[{"damage":10,"enemies":"2 Louse","floor":1,"turns":2},{"damage":10,"enemies":"Cultist","floor":2,"turns":2},{"damage":0,"enemies":"Small Slimes","floor":3,"turns":3},{"damage":17,"enemies":"2 Fungi Beasts","floor":5,"turns":3},{"damage":48,"enemies":"Lagavulin","floor":8,"turns":5},{"damage":78,"enemies":"3 Sentries","floor":10,"turns":7},{"damage":25,"enemies":"Large Slime","floor":11,"turns":4},{"damage":6,"enemies":"Lots of Slimes","floor":12,"turns":2},{"damage":39,"enemies":"Gremlin Nob","floor":13,"turns":4},{"damage":98,"enemies":"Hexaghost","floor":16,"turns":7},{"damage":11,"enemies":"Spheric Guardian","floor":18,"turns":3},{"damage":53,"enemies":"2 Thieves","floor":20,"turns":4},{"damage":66,"enemies":"Book of Stabbing","floor":24,"turns":4},{"damage":54,"enemies":"Shelled Parasite and Fungi","floor":28,"turns":4},{"damage":102,"enemies":"Snecko","floor":29,"turns":7}],"seed_played":"897410284693602452","potions_obtained":[{"floor":1,"key":"REME_GoldPotion"},{"floor":2,"key":"SkillPotion"},{"floor":5,"key":"champ:OpenerPotion"},{"floor":10,"key":"champ:TechniquePotion"},{"floor":20,"key":"Ancient Potion"}],"is_trial":false,"path_per_floor":["M","M","M","?","M","R","$","E","T","E","M","M","E","?","R","B",null,"M","$","M","?","?","R","E","R","T","R","M","M"],"character_chosen":"THE_CHAMP","items_purchased":["champ:ShieldSigil","champ:BerserkersShout","champ:Shatter","champ:RageSigil","Lee\u0027s Waffle","Orrery"],"campfire_rested":3,"item_purchase_floors":[7,7,7,19,19,19],"current_hp_per_floor":[90,90,90,90,88,88,88,77,77,77,79,75,63,63,90,52,90,89,97,59,59,59,88,69,97,97,97,68,0,0,0],"gold":156,"neow_bonus":"NOSTALGIA","is_daily":false,"chose_seed":false,"campfire_upgraded":5,"win_rate":0.0,"timestamp":1611361812,"path_taken":["M","M","M","?","M","R","$","E","T","E","M","?","E","?","R","BOSS","M","$","M","?","?","R","E","R","T","R","M","M"],"items_purchased_type":["Card","Card","Card","Card","Relic","Relic"],"build_version":"2020-12-22","purchased_purges":0,"victory":false,"max_hp_per_floor":[90,90,90,90,90,90,90,90,90,90,90,90,90,90,90,90,90,90,97,97,97,97,97,97,97,97,97,97,97,97,97],"relic_stats":{"Blood Vial":14,"Lee\u0027s Waffle":8,"counters":[16,62],"Mummified Hand":[0],"Bag of Preparation":[24],"obtain_stats":[{"Lee\u0027s Waffle":19,"DaveBox":0,"aspiration:Nostalgia":0,"champ:ChampionCrown":0,"TH:Strongbox":9,"Bag of Preparation":13,"conspire:Boomerang":24,"EVO:Axolotl":0,"infinitespire:Magic Flask":10,"Blood Vial":0,"SlaversCollar":17,"SynthV:TestCard":1,"Mummified Hand":26,"Orrery":19,"HereWithMe":0,"Slimebound:AbsorbEndCombat":0,"Bag of Marbles":8,"REME_ComplimentaryCards":0},{"Lee\u0027s Waffle":12,"DaveBox":0,"aspiration:Nostalgia":1,"champ:ChampionCrown":0,"TH:Strongbox":6,"Bag of Preparation":10,"conspire:Boomerang":14,"EVO:Axolotl":0,"infinitespire:Magic Flask":7,"Blood Vial":1,"SlaversCollar":11,"SynthV:TestCard":2,"Mummified Hand":14,"Orrery":12,"HereWithMe":1,"Slimebound:AbsorbEndCombat":1,"Bag of Marbles":6,"REME_ComplimentaryCards":0},{"Lee\u0027s Waffle":43,"DaveBox":0,"aspiration:Nostalgia":1,"champ:ChampionCrown":0,"TH:Strongbox":16,"Bag of Preparation":33,"conspire:Boomerang":51,"EVO:Axolotl":0,"infinitespire:Magic Flask":23,"Blood Vial":1,"SlaversCollar":40,"SynthV:TestCard":3,"Mummified Hand":51,"Orrery":43,"HereWithMe":1,"Slimebound:AbsorbEndCombat":1,"Bag of Marbles":16,"REME_ComplimentaryCards":0}]},"card_choices":[{"not_picked":["champ:CrownThrow","champ:DefensiveShout"],"picked":"champ:RisingSlash","floor":1},{"not_picked":["champ:GutPunch","champ:Shatter","champ:Haymaker","champ:TornadoPunch"],"picked":"champ:EnGarde","floor":2},{"not_picked":["champ:ArenaPreparation","champ:Parry","champ:FalseCounter","champ:CrownThrow"],"picked":"champ:FanOfKnives","floor":3},{"not_picked":["champ:CalledShot","champ:RisingSlash","champ:HeartStrike","champ:CrownThrow"],"picked":"champ:GutPunch","floor":5},{"not_picked":["TH:TreasureMap","TH:EnergyPotion","TH:BikiniMail"],"picked":"TH:CursedSword","floor":8},{"not_picked":["champ:BerserkersShout","champ:DefensiveStyle","champ:EnGarde","champ:CalledShot"],"picked":"champ:EnragedBash","floor":8},{"not_picked":["TH:ElvenBoots","TH:TreasureMap","TH:ArmorSpikes"],"picked":"TH:CopperCoins","floor":9},{"not_picked":["TH:PixieDust","TH:TreasureMap","TH:ArmorSpikes"],"picked":"TH:CopperCoins","floor":10},{"not_picked":["champ:FlashCut","champ:RisingSlash","champ:ShieldWall","champ:HeavySlash"],"picked":"champ:BringItOn","floor":10},{"not_picked":["champ:PerfectedStrike","champ:GladiatorStyle","champ:BerserkersShout","champ:DefensiveShout"],"picked":"champ:FanOfKnives","floor":11},{"not_picked":["champ:IronFortress","champ:BringItOn","champ:TornadoPunch","champ:FanOfKnives"],"picked":"champ:DeathBlow","floor":12},{"not_picked":["TH:EnergyPotion","TH:BikiniMail","TH:TreasureMap"],"picked":"TH:CopperCoins","floor":13},{"not_picked":["champ:SwordSigil","champ:RapidStrikes","champ:SwordThrow","champ:Backstep"],"picked":"champ:StanceDance","floor":13},{"not_picked":["TH:ArmorSpikes","TH:TreasureMap","TH:BikiniMail"],"picked":"TH:CopperCoins","floor":16},{"not_picked":["champ:TripleStrike","champ:IgnorePain","champ:SwordThrow","champ:DancingMaster"],"picked":"champ:UltimateStance","floor":16},{"not_picked":["champ:DefensiveShout","champ:Backstep","champ:ShieldSigil","champ:BringItOn"],"picked":"champ:Duel+1","floor":18},{"not_picked":["champ:FalseCounter","champ:BladeFlurry","champ:Haymaker","champ:EnGarde+1"],"picked":"champ:LastStand","floor":19},{"not_picked":["champ:BladeFlurry","champ:Shatter+1","champ:RapidStrikes","champ:FalseCounter"],"picked":"champ:Improvising","floor":19},{"not_picked":["champ:FanOfKnives+1","champ:CalledShot","champ:ShieldWall","champ:Encircle"],"picked":"champ:HoldFirm","floor":19},{"not_picked":["champ:PreemptiveStrike","champ:BerserkersShout","champ:EnGarde","champ:RageSigil"],"picked":"champ:BringItOn","floor":19},{"not_picked":["champ:RisingSlash+1","champ:FalseCounter+1","champ:SkillfulDodge+1","champ:BerserkersShout"],"picked":"champ:Encircle+1","floor":19},{"not_picked":["champ:Parry","champ:ShieldSigil","champ:PreemptiveStrike","champ:TornadoPunch"],"picked":"champ:CrookedStrike","floor":20},{"not_picked":["TH:ElvenBoots","TH:BikiniMail","TH:ArmorSpikes"],"picked":"TH:CursedSword","floor":24},{"not_picked":["champ:RapidStrikes+1","champ:BerserkersShout","champ:EnGarde","champ:FanOfKnives","champ:BringItOn+1"],"picked":"SKIP","floor":24},{"not_picked":["TH:Mimic","TH:ElvenBoots","TH:DeckOfManyThings"],"picked":"TH:CursedSword","floor":26},{"not_picked":["champ:BladeFlurry","champ:DancingMaster","champ:FancyFootwork","champ:Encircle+1"],"picked":"champ:Backstep","floor":28}],"player_experience":565191,"relics_obtained":[{"floor":1,"key":"SynthV:TestCard"},{"floor":8,"key":"Bag of Marbles"},{"floor":9,"key":"TH:Strongbox"},{"floor":10,"key":"infinitespire:Magic Flask"},{"floor":13,"key":"Bag of Preparation"},{"floor":24,"key":"conspire:Boomerang"},{"floor":26,"key":"Mummified Hand"}],"event_choices":[{"cards_removed":["champ:Strike"],"damage_healed":0,"gold_gain":0,"player_choice":"Purged","damage_taken":0,"max_hp_gain":0,"max_hp_loss":0,"event_name":"Purifier","floor":4,"gold_loss":0},{"damage_healed":0,"gold_gain":100,"player_choice":"Pray","damage_taken":0,"max_hp_gain":0,"max_hp_loss":0,"event_name":"Golden Shrine","floor":14,"gold_loss":0}],"is_beta":false,"boss_relics":[{"not_picked":["Runic Dome","conspire:RoyalGoblet"],"picked":"SlaversCollar"}],"items_purged_floors":[],"is_endless":false,"potions_floor_spawned":[1,2,5,10,20],"killed_by":"Snecko","ascension_level":2}}