{"host":"cbu6enf2xtq4r7r3","time":1611442877,"event":{"mods":["2.2 Compatiblity","AlwaysNeverKeys","BaseMod","Better Match","Better Note","Better Sensory Stone","Better Skull","Better Third Choice","Colored Map","Colored Powertips","Defuse TimeMaze Blight","Emptier Cage","Minty Spire (QoL Compilation)","Permanent Neow","Quick Restart","Random Character Button","Relic Sorter","Reorder Act Four","Shop Mod","StSLib"],"gold_per_floor":[117,117,130,130,149,179,179,205,205,205,205,205,215,241,241,342,342,342,342],"floor_reached":18,"language":"ENG","playtime":574,"items_purged":[],"score":231,"play_id":"4966207d-03ca-4ebf-b7c1-d5c9c75ec35a","local_time":"20210124000117","is_ascension_mode":true,"campfire_choices":[{"data":"Poisoned Stab","floor":7,"key":"SMITH"},{"data":"Caltrops","floor":10,"key":"SMITH"},{"data":"Cloak And Dagger","floor":15,"key":"SMITH"}],"circlet_count":0,"master_deck":["Strike_G","Strike_G","Strike_G+1","Strike_G","Strike_G+1","Defend_G","Defend_G","Defend_G","Defend_G","Defend_G","Survivor","Neutralize","Flying Knee","Dagger Throw","Riddle With Holes","Poisoned Stab+1","Caltrops+1","Parasite","Crippling Poison","Cloak And Dagger+1","Venomology"],"relics":["SacredBark","MealTicket","Mango","Happy Flower","Ice Cream","Omamori","SlaversCollar"],"acts_visited":["Exordium","TheCity"],"potions_floor_usage":[6,8,16],"damage_taken":[{"damage":0,"enemies":"Small Slimes","floor":1,"turns":3},{"damage":4,"enemies":"2 Louse","floor":3,"turns":3},{"damage":0,"enemies":"Cultist","floor":5,"turns":3},{"damage":15,"enemies":"3 Sentries","floor":6,"turns":8},{"damage":20,"enemies":"Gremlin Nob","floor":8,"turns":4},{"damage":4,"enemies":"Exordium Thugs","floor":13,"turns":3},{"damage":21,"enemies":"3 Sentries","floor":14,"turns":9},{"damage":13,"enemies":"The Guardian","floor":16,"turns":10},{"damage":1,"enemies":"Chosen","floor":18,"turns":4}],"seed_played":"-4521609198267477030","potions_obtained":[{"floor":3,"key":"DistilledChaos"},{"floor":6,"key":"ColorlessPotion"},{"floor":8,"key":"Strength Potion"}],"is_trial":false,"path_per_floor":["M","?","M","?","M","E","R","E","T","R","?","?","M","E","R","B",null,"M"],"character_chosen":"THE_SILENT","items_purchased":[],"campfire_rested":0,"item_purchase_floors":[],"current_hp_per_floor":[63,63,59,56,56,55,55,35,35,35,56,39,35,14,14,1,63,62,62],"gold":342,"neow_bonus":"BOSS_RELIC","is_daily":false,"chose_seed":false,"campfire_upgraded":3,"win_rate":0.0,"timestamp":1611442877,"path_taken":["M","?","M","?","M","E","R","E","T","R","?","?","M","E","R","BOSS","M"],"items_purchased_type":[],"build_version":"2020-12-22","purchased_purges":0,"victory":false,"max_hp_per_floor":[70,70,70,70,70,84,84,84,84,84,84,84,84,84,84,84,84,84,84],"card_choices":[{"not_picked":["Underhanded Strike","Cloak And Dagger"],"picked":"Flying Knee","floor":1},{"not_picked":["Concentrate","Dodge and Roll"],"picked":"Dagger Throw","floor":3},{"not_picked":["Deflect","Tools of the Trade"],"picked":"Riddle With Holes","floor":5},{"not_picked":["Riddle With Holes","Flying Knee"],"picked":"Poisoned Stab","floor":6},{"not_picked":["Sucker Punch","Predator"],"picked":"Caltrops","floor":8},{"not_picked":["Flying Knee","Deflect"],"picked":"Crippling Poison","floor":13},{"not_picked":["All Out Attack","Acrobatics"],"picked":"Cloak And Dagger","floor":14},{"not_picked":["Burst","Adrenaline"],"picked":"Venomology","floor":16}],"player_experience":107434,"relics_obtained":[{"floor":6,"key":"Mango"},{"floor":8,"key":"Happy Flower"},{"floor":9,"key":"Ice Cream"},{"floor":14,"key":"Omamori"}],"event_choices":[{"damage_healed":0,"gold_gain":0,"player_choice":"Ignored","damage_taken":117,"max_hp_gain":0,"max_hp_loss":0,"event_name":"betterThird:BetterSerpent","floor":2,"gold_loss":0},{"damage_healed":0,"gold_gain":0,"player_choice":"Relic ","damage_taken":3,"max_hp_gain":0,"max_hp_loss":0,"event_name":"betterThird:BetterScrap","floor":4,"gold_loss":0,"cards_obtained":["Electrodynamics"]},{"damage_healed":21,"gold_gain":0,"player_choice":"Healed and dodged fight","damage_taken":0,"max_hp_gain":0,"max_hp_loss":0,"event_name":"Mushrooms","floor":11,"gold_loss":0,"cards_obtained":["Parasite"]},{"damage_healed":56,"gold_gain":0,"player_choice":"Upgrade","damage_taken":17,"max_hp_gain":0,"max_hp_loss":84,"event_name":"betterThird:BetterShining","floor":12,"gold_loss":0,"cards_upgraded":["Strike_G","Strike_G"]}],"is_beta":false,"boss_relics":[{"not_picked":["Astrolabe","Runic Pyramid"],"picked":"SlaversCollar"}],"items_purged_floors":[],"is_endless":false,"potions_floor_spawned":[3,6,8],"killed_by":"Chosen","ascension_level":6}}