{"host":"hk3n60c9tb8azi3z","time":1611425817,"event":{"mods":["AchievementEnabler","BaseMod","Minty Spire (QoL Compilation)","Relic Sorter","Relic Stats"],"gold_per_floor":[109,109,109,122,142,176,176,194,246,272,1714,1748,1764,1782,1782,1859,1859,1877,1877,1904,1904,1112,1112,1112],"floor_reached":23,"language":"ENG","playtime":1511,"items_purged":["Strike_R","Thunderclap"],"score":468,"play_id":"c7531365-eb52-424a-a928-dfb18f3bbbfa","local_time":"20210123191657","is_ascension_mode":true,"campfire_choices":[{"data":"Bash","floor":7,"key":"SMITH"},{"data":"Armaments","floor":15,"key":"SMITH"}],"circlet_count":0,"master_deck":["AscendersBane","Bash+1","Disarm","Spot Weakness+1","Anger","Headbutt","Corruption","Secret Technique","Body Slam","Pommel Strike","Armaments+1","Disarm","Uppercut","Immolate","Headbutt","Havoc","Shockwave","Exhume","Demon Form","Double Tap","Dual Wield","Necronomicurse","Rage+1","Metallicize","Rage","Whirlwind","Purity","Power Through"],"relics":["Burning Blood","FaceOfCleric","NeowsBlessing","Sundial","Lantern","Smiling Mask","Juzu Bracelet","War Paint","Pandora\u0027s Box","Necronomicon","Red Mask","Membership Card","Shuriken","Prayer Wheel"],"acts_visited":["Exordium","TheCity"],"potions_floor_usage":[6,12,16,18,18,23],"damage_taken":[{"damage":0,"enemies":"Small Slimes","floor":1,"turns":1},{"damage":0,"enemies":"Cultist","floor":4,"turns":1},{"damage":0,"enemies":"2 Louse","floor":5,"turns":1},{"damage":21,"enemies":"Lagavulin","floor":6,"turns":7},{"damage":7,"enemies":"Blue Slaver","floor":8,"turns":3},{"damage":30,"enemies":"3 Sentries","floor":10,"turns":6},{"damage":20,"enemies":"Lagavulin","floor":12,"turns":4},{"damage":0,"enemies":"Large Slime","floor":13,"turns":4},{"damage":0,"enemies":"3 Louse","floor":14,"turns":2},{"damage":35,"enemies":"The Guardian","floor":16,"turns":10},{"damage":9,"enemies":"3 Byrds","floor":18,"turns":4},{"damage":36,"enemies":"Masked Bandits","floor":20,"turns":4},{"damage":19,"enemies":"Book of Stabbing","floor":23,"turns":5}],"seed_played":"6404528447047472110","potions_obtained":[{"floor":5,"key":"AttackPotion"},{"floor":10,"key":"BlessingOfTheForge"},{"floor":13,"key":"Regen Potion"},{"floor":16,"key":"LiquidMemories"}],"is_trial":false,"path_per_floor":["M","?","?","M","M","E","R","M","T","E","$","E","M","M","R","B",null,"M","?","?","?","$","E"],"character_chosen":"IRONCLAD","items_purchased":["Secret Technique","Juzu Bracelet","Block Potion","Body Slam","Pommel Strike","Membership Card","Shuriken","Prayer Wheel","Metallicize","Rage","Whirlwind","Purity","SkillPotion","FearPotion","Power Through"],"campfire_rested":0,"item_purchase_floors":[11,11,11,11,11,22,22,22,22,22,22,22,22,22,22],"current_hp_per_floor":[74,67,67,74,77,63,63,63,63,40,40,27,34,41,41,28,70,68,47,18,18,18,0,0],"gold":1112,"neow_bonus":"THREE_ENEMY_KILL","is_daily":false,"chose_seed":false,"campfire_upgraded":2,"win_rate":0.0,"timestamp":1611425817,"path_taken":["M","?","?","?","M","E","R","?","T","E","$","E","M","M","R","BOSS","M","?","?","?","$","E"],"items_purchased_type":["Card","Relic","Potion","Card","Card","Relic","Relic","Relic","Card","Card","Card","Card","Potion","Potion","Card"],"build_version":"2020-12-22","purchased_purges":2,"victory":false,"max_hp_per_floor":[75,75,75,76,77,78,78,79,79,80,80,81,82,83,83,84,84,85,85,86,86,86,86,86],"relic_stats":{"FaceOfCleric":11,"counters":[13,52],"Sundial":[6],"Shuriken":[1],"Pandora\u0027s Box":["Headbutt","Havoc","Thunderclap","Shockwave","Exhume","Demon Form","Double Tap"],"Prayer Wheel":0,"Juzu Bracelet":0,"Necronomicon":[4],"War Paint":["Defend_R","Spot Weakness"],"Smiling Mask":25,"obtain_stats":[{"Lantern":9,"NeowsBlessing":0,"Juzu Bracelet":11,"War Paint":12,"Smiling Mask":10,"Burning Blood":0,"FaceOfCleric":3,"Sundial":6,"Shuriken":22,"Pandora\u0027s Box":17,"Prayer Wheel":22,"Necronomicon":19,"Red Mask":20,"Membership Card":22},{"Lantern":5,"NeowsBlessing":0,"Juzu Bracelet":6,"War Paint":7,"Smiling Mask":6,"Burning Blood":0,"FaceOfCleric":1,"Sundial":4,"Shuriken":12,"Pandora\u0027s Box":10,"Prayer Wheel":12,"Necronomicon":11,"Red Mask":12,"Membership Card":12},{"Lantern":13,"NeowsBlessing":0,"Juzu Bracelet":19,"War Paint":23,"Smiling Mask":19,"Burning Blood":0,"FaceOfCleric":1,"Sundial":10,"Shuriken":47,"Pandora\u0027s Box":39,"Prayer Wheel":47,"Necronomicon":43,"Red Mask":47,"Membership Card":47}],"Burning Blood":68},"card_choices":[{"not_picked":["Wild Strike","Flex"],"picked":"Disarm","floor":1},{"not_picked":["Sword Boomerang","Twin Strike"],"picked":"Spot Weakness","floor":4},{"not_picked":["Warcry","Infernal Blade"],"picked":"Anger","floor":5},{"not_picked":["Rage","Iron Wave"],"picked":"Headbutt","floor":6},{"not_picked":["Fire Breathing","Dropkick","Dark Embrace"],"picked":"SKIP","floor":8},{"not_picked":["Twin Strike","Sword Boomerang"],"picked":"Corruption","floor":10},{"not_picked":["Evolve","Thunderclap"],"picked":"Armaments","floor":12},{"not_picked":["Burning Pact","Metallicize"],"picked":"Disarm","floor":13},{"not_picked":["Havoc","Pommel Strike"],"picked":"Uppercut","floor":14},{"not_picked":["Limit Break","Fiend Fire"],"picked":"Immolate","floor":16},{"not_picked":["Burning Pact","Armaments"],"picked":"Dual Wield","floor":18},{"not_picked":["Shrug It Off","Wild Strike+1"],"picked":"Rage+1","floor":20}],"player_experience":1574373,"relics_obtained":[{"floor":6,"key":"Sundial"},{"floor":9,"key":"Lantern"},{"floor":10,"key":"Smiling Mask"},{"floor":12,"key":"War Paint"},{"floor":19,"key":"Necronomicon"},{"floor":20,"key":"Red Mask"}],"event_choices":[{"cards_removed":["Strike_R"],"damage_healed":0,"gold_gain":0,"player_choice":"Card Removal","damage_taken":7,"max_hp_gain":0,"max_hp_loss":0,"event_name":"Golden Wing","floor":2,"gold_loss":0},{"damage_healed":0,"gold_gain":0,"player_choice":"Trade","damage_taken":0,"relics_obtained":["FaceOfCleric"],"max_hp_gain":0,"max_hp_loss":0,"event_name":"FaceTrader","floor":3,"gold_loss":0},{"damage_healed":0,"gold_gain":0,"player_choice":"Obtained Book","damage_taken":21,"max_hp_gain":0,"max_hp_loss":0,"event_name":"Cursed Tome","floor":19,"gold_loss":0},{"damage_healed":0,"gold_gain":0,"player_choice":"Fought Bandits","damage_taken":0,"max_hp_gain":0,"max_hp_loss":0,"event_name":"Masked Bandits","floor":20,"gold_loss":0},{"damage_healed":0,"gold_gain":0,"player_choice":"Ignored","damage_taken":0,"max_hp_gain":0,"max_hp_loss":0,"event_name":"Ghosts","floor":21,"gold_loss":0}],"is_beta":false,"boss_relics":[{"not_picked":["Coffee Dripper","Empty Cage"],"picked":"Pandora\u0027s Box"}],"items_purged_floors":[11,22],"is_endless":false,"potions_floor_spawned":[5,10,13,14,16],"killed_by":"Book of Stabbing","ascension_level":20}}