{"host":"g8ufh7m4frdlkxwv","time":1611440507,"event":{"mods":["AchievementEnabler","BaseMod","Colored Map","Dark Map","Minty Spire (QoL Compilation)","Relic Stats","StSLib","ojb\u0027s Info Mod"],"gold_per_floor":[218,228,228,39,39,69,144,144,144,176,176,187,213,227,227,298,298,317,337,50,0,13,47,47,47,47,65,90,110,142,154,154,226,226,236,236,246,26,39,67,67,102,150,183,183,217,217,217,217,217,217,217,217,0,31,31],"floor_reached":57,"language":"ENG","playtime":5322,"items_purged":["Pain","Defend_G"],"score":3367,"play_id":"0c3225c6-aad1-4104-a454-1fecbfd77a2c","local_time":"20210123232147","is_ascension_mode":true,"campfire_choices":[{"data":"Dagger Spray","floor":11.0,"key":"SMITH"},{"data":"Riddle With Holes","floor":15.0,"key":"SMITH"},{"floor":24.0,"key":"REST"},{"floor":32.0,"key":"REST"},{"floor":41,"key":"REST"},{"floor":47,"key":"RECALL"},{"floor":49,"key":"REST"},{"floor":53,"key":"REST"}],"circlet_count":0,"master_deck":["AscendersBane","Strike_G+1","Strike_G+1","Strike_G+1","Strike_G+1","Defend_G+1","Defend_G+1","Defend_G+1","Defend_G+1","Survivor","Neutralize","Dagger Spray+1","Riddle With Holes+1","Dodge and Roll+1","Outmaneuver+1","Grand Finale","Phantasmal Killer+1","Well Laid Plans","Dodge and Roll+1","Backflip+1","Prepared+1","Tools of the Trade","Cloak And Dagger+1","Dagger Spray+1","Leg Sweep+1","Outmaneuver+1","Storm of Steel+1","Blur+1","Master of Strategy+1","PanicButton+1","Chrysalis+1","Adrenaline+1","Prepared+1","Acrobatics+1","Blur+1","Madness+1","Madness+1","Calculated Gamble+1"],"relics":["Ring of the Snake","WarpedTongs","Toxic Egg 2","Mummified Hand","Gremlin Horn","Shuriken","Dead Branch","Fusion Hammer","Centennial Puzzle","HornCleat","Molten Egg 2","Bottled Flame","Omamori","HoveringKite","Boot","Juzu Bracelet","Oddly Smooth Stone","PreservedInsect","OrangePellets","Du-Vu Doll"],"acts_visited":["Exordium","TheCity","TheBeyond","TheEnding"],"potions_floor_usage":[39,46,50,50,56,56],"damage_taken":[{"damage":0.0,"enemies":"2 Louse","floor":1.0,"turns":3.0},{"damage":0.0,"enemies":"Cultist","floor":2.0,"turns":4.0},{"damage":0.0,"enemies":"Gremlin Nob","floor":6.0,"turns":3.0},{"damage":2.0,"enemies":"3 Sentries","floor":10.0,"turns":7.0},{"damage":0.0,"enemies":"Jaw Worm","floor":12.0,"turns":3.0},{"damage":6.0,"enemies":"Gremlin Nob","floor":13.0,"turns":3.0},{"damage":0.0,"enemies":"Lots of Slimes","floor":14.0,"turns":3.0},{"damage":14.0,"enemies":"The Guardian","floor":16.0,"turns":10.0},{"damage":29.0,"enemies":"Shell Parasite","floor":18.0,"turns":7.0},{"damage":0.0,"enemies":"Chosen","floor":19.0,"turns":5.0},{"damage":0.0,"enemies":"Centurion and Healer","floor":22.0,"turns":6.0},{"damage":7.0,"enemies":"Slavers","floor":23.0,"turns":2.0},{"damage":9.0,"enemies":"Shelled Parasite and Fungi","floor":27.0,"turns":5.0},{"damage":0.0,"enemies":"Gremlin Leader","floor":28.0,"turns":3.0},{"damage":0.0,"enemies":"Snake Plant","floor":29.0,"turns":4.0},{"damage":0.0,"enemies":"Book of Stabbing","floor":30.0,"turns":4.0},{"damage":0.0,"enemies":"3 Cultists","floor":31.0,"turns":4.0},{"damage":12.0,"enemies":"Collector","floor":33.0,"turns":4.0},{"damage":0.0,"enemies":"Orb Walker","floor":35.0,"turns":4.0},{"damage":29,"enemies":"3 Shapes","floor":37,"turns":4},{"damage":0,"enemies":"Jaw Worm Horde","floor":39,"turns":2},{"damage":0,"enemies":"Nemesis","floor":40,"turns":5},{"damage":0,"enemies":"Reptomancer","floor":42,"turns":3},{"damage":0,"enemies":"Giant Head","floor":44,"turns":3},{"damage":0,"enemies":"Nemesis","floor":46,"turns":5},{"damage":35,"enemies":"Time Eater","floor":50,"turns":12},{"damage":0,"enemies":"Awakened One","floor":51,"turns":12},{"damage":1,"enemies":"Shield and Spear","floor":55,"turns":3},{"damage":23,"enemies":"The Heart","floor":56,"turns":7}],"seed_played":"7137204849179808468","potions_obtained":[{"floor":6.0,"key":"GhostInAJar"},{"floor":10.0,"key":"Block Potion"},{"floor":18.0,"key":"LiquidMemories"},{"floor":23.0,"key":"Dexterity Potion"},{"floor":31.0,"key":"GamblersBrew"},{"floor":33.0,"key":"Dexterity Potion"},{"floor":39,"key":"GhostInAJar"},{"floor":46,"key":"Strength Potion"},{"floor":55,"key":"DuplicationPotion"}],"is_trial":false,"path_per_floor":["M","M","?","$","T","E","?","?","T","E","R","M","E","M","R","B",null,"M","M","$","?","M","E","R","?","T","M","E","M","E","M","R","B",null,"M","?","M","$","M","E","R","E","T","E","?","E","R","?","R","B","B",null,"R","$","E","B",null],"character_chosen":"THE_SILENT","items_purchased":["Block Potion","FearPotion","Backflip+1","Centennial Puzzle","Regen Potion","Adrenaline+1","Prepared+1","OrangePellets","Strength Potion"],"campfire_rested":5,"item_purchase_floors":[4,4,20,20,38,38,38,54,54],"current_hp_per_floor":[59,59,59,59,59,59,48,41,41,39,39,39,33,33,33,19,54,25,25,25,25,25,18,37,37,37,28,28,28,28,28,47,35,58,58,48,19,19,24,24,43,43,43,43,43,43,43,31,50,15,15,53,66,66,65,42],"gold":31,"neow_bonus":"HUNDRED_GOLD","is_daily":false,"chose_seed":false,"campfire_upgraded":2,"win_rate":0.0,"timestamp":1611440507,"path_taken":["M","M","?","$","?","E","?","?","T","E","R","M","E","M","R","BOSS","M","M","$","?","?","E","R","?","T","M","E","M","E","M","R","BOSS","M","?","M","$","M","E","R","E","T","E","?","E","R","?","R","BOSS","BOSS","R","$","E","BOSS"],"items_purchased_type":["Potion","Potion","Card","Relic","Potion","Card","Card","Relic","Potion"],"build_version":"2020-12-22","purchased_purges":2,"victory":true,"max_hp_per_floor":[66,66,66,66,66,66,66,66,66,66,66,66,66,66,66,66,66,66,66,66,66,66,66,66,66,66,66,66,66,66,66,66,66,66,66,66,66,66,66,66,66,66,66,66,66,66,66,66,66,66,66,66,66,66,66,66],"relic_stats":{"Gremlin Horn":[25,27],"counters":[29,140],"Dead Branch":[243],"HoveringKite":[52],"PreservedInsect":77,"Juzu Bracelet":0,"Boot":[72],"WarpedTongs":[124],"OrangePellets":[3],"Centennial Puzzle":[21],"Mummified Hand":[66],"Shuriken":[86],"obtain_stats":[{"Gremlin Horn":9,"Dead Branch":13,"HoveringKite":34,"Oddly Smooth Stone":44,"PreservedInsect":46,"Omamori":30,"Juzu Bracelet":42,"Boot":40,"WarpedTongs":3,"Du-Vu Doll":55,"OrangePellets":54,"Centennial Puzzle":20,"Bottled Flame":28,"HornCleat":23,"Mummified Hand":6,"Shuriken":10,"Molten Egg 2":26,"Fusion Hammer":17,"Toxic Egg 2":5,"Ring of the Snake":0},{"Gremlin Horn":3,"Dead Branch":6,"HoveringKite":18,"Oddly Smooth Stone":24,"PreservedInsect":25,"Omamori":16,"Juzu Bracelet":23,"Boot":22,"WarpedTongs":2,"Du-Vu Doll":28,"OrangePellets":27,"Centennial Puzzle":10,"Bottled Flame":14,"HornCleat":12,"Mummified Hand":3,"Shuriken":4,"Molten Egg 2":12,"Fusion Hammer":8,"Toxic Egg 2":2,"Ring of the Snake":0},{"Gremlin Horn":10,"Dead Branch":23,"HoveringKite":80,"Oddly Smooth Stone":101,"PreservedInsect":106,"Omamori":72,"Juzu Bracelet":98,"Boot":95,"WarpedTongs":7,"Du-Vu Doll":133,"OrangePellets":130,"Centennial Puzzle":48,"Bottled Flame":64,"HornCleat":56,"Mummified Hand":10,"Shuriken":17,"Molten Egg 2":56,"Fusion Hammer":36,"Toxic Egg 2":7,"Ring of the Snake":0}],"Ring of the Snake":[58]},"card_choices":[{"not_picked":["Skewer","Sucker Punch"],"picked":"Dagger Spray","floor":1.0},{"not_picked":["Acrobatics","All Out Attack"],"picked":"Riddle With Holes","floor":2.0},{"not_picked":["All Out Attack","Eviscerate","Sucker Punch"],"picked":"SKIP","floor":6.0},{"not_picked":["Reflex+1","Accuracy"],"picked":"Dodge and Roll+1","floor":10.0},{"not_picked":["Underhanded Strike","All Out Attack"],"picked":"Outmaneuver+1","floor":12.0},{"not_picked":["All Out Attack","Setup+1","Outmaneuver+1"],"picked":"SKIP","floor":13.0},{"not_picked":["Dagger Spray","Setup+1"],"picked":"Grand Finale","floor":14.0},{"not_picked":["Grand Finale","Envenom"],"picked":"Phantasmal Killer+1","floor":16.0},{"not_picked":["Poisoned Stab","Quick Slash"],"picked":"Well Laid Plans","floor":18.0},{"not_picked":["Flying Knee","Skewer+1"],"picked":"Dodge and Roll+1","floor":19.0},{"not_picked":["Dagger Throw","Deflect+1"],"picked":"Prepared+1","floor":22.0},{"not_picked":["Deadly Poison+1","PiercingWail+1"],"picked":"Tools of the Trade","floor":23.0},{"not_picked":["Deadly Poison+1","Caltrops"],"picked":"Cloak And Dagger+1","floor":27.0},{"not_picked":["Quick Slash+1","Slice+1"],"picked":"Dagger Spray+1","floor":28.0},{"not_picked":["Deadly Poison+1","Poisoned Stab+1","Outmaneuver+1"],"picked":"SKIP","floor":29.0},{"not_picked":["Flying Knee+1","Dagger Spray+1"],"picked":"Leg Sweep+1","floor":30.0},{"not_picked":["Setup+1","Quick Slash+1"],"picked":"Outmaneuver+1","floor":31.0},{"not_picked":["Malaise+1","Envenom"],"picked":"Storm of Steel+1","floor":33.0},{"not_picked":["Underhanded Strike+1","Quick Slash+1"],"picked":"Blur+1","floor":35.0},{"not_picked":["Magnetism","Secret Weapon+1"],"picked":"Master of Strategy+1","floor":36},{"not_picked":["Master of Strategy+1","Sadistic Nature"],"picked":"PanicButton+1","floor":36},{"not_picked":["Transmutation+1","Bandage Up+1"],"picked":"Chrysalis+1","floor":36},{"not_picked":["Slice+1","Finisher+1","Quick Slash+1"],"picked":"SKIP","floor":37},{"not_picked":["Sucker Punch+1","Endless Agony+1","Choke+1"],"picked":"SKIP","floor":39},{"not_picked":["Bane+1","Setup+1","Dagger Spray+1"],"picked":"SKIP","floor":40},{"not_picked":["Backstab+1","Finisher+1"],"picked":"Acrobatics+1","floor":42},{"not_picked":["Underhanded Strike+1","Deadly Poison+1"],"picked":"Blur+1","floor":44},{"not_picked":["Corpse Explosion+1","Outmaneuver+1","Escape Plan+1"],"picked":"SKIP","floor":46},{"not_picked":["Underhanded Strike+1","Slice+1"],"picked":"Calculated Gamble+1","floor":55}],"player_experience":1080535,"relics_obtained":[{"floor":5.0,"key":"Toxic Egg 2"},{"floor":6.0,"key":"Mummified Hand"},{"floor":9.0,"key":"Gremlin Horn"},{"floor":10.0,"key":"Shuriken"},{"floor":13.0,"key":"Dead Branch"},{"floor":23.0,"key":"HornCleat"},{"floor":26.0,"key":"Molten Egg 2"},{"floor":28.0,"key":"Bottled Flame"},{"floor":30.0,"key":"Omamori"},{"floor":40,"key":"Boot"},{"floor":42,"key":"Juzu Bracelet"},{"floor":44,"key":"Oddly Smooth Stone"},{"floor":46,"key":"PreservedInsect"},{"floor":55,"key":"Du-Vu Doll"}],"event_choices":[{"damage_healed":0.0,"max_hp_gain":0.0,"max_hp_loss":0.0,"gold_gain":0.0,"event_name":"Accursed Blacksmith","player_choice":"Rummage","floor":3.0,"gold_loss":0.0,"damage_taken":0.0,"relics_obtained":["WarpedTongs"],"cards_obtained":["Pain"]},{"damage_healed":0.0,"max_hp_gain":0.0,"max_hp_loss":0.0,"gold_gain":75.0,"event_name":"World of Goop","player_choice":"Gather Gold","floor":7.0,"gold_loss":0.0,"damage_taken":11.0},{"cards_removed":["Strike_G"],"damage_healed":0.0,"max_hp_gain":0.0,"max_hp_loss":0.0,"gold_gain":0.0,"event_name":"Golden Wing","player_choice":"Card Removal","floor":8.0,"gold_loss":0.0,"damage_taken":7.0},{"damage_healed":0.0,"max_hp_gain":0.0,"max_hp_loss":0.0,"gold_gain":0.0,"event_name":"The Joust","player_choice":"Bet on Owner","floor":21.0,"gold_loss":50.0,"damage_taken":0.0},{"damage_healed":0.0,"max_hp_gain":0.0,"max_hp_loss":0.0,"gold_gain":0.0,"event_name":"Back to Basics","player_choice":"Simplicity","floor":25.0,"gold_loss":0.0,"damage_taken":0.0,"cards_upgraded":["Strike_G","Strike_G","Strike_G","Strike_G","Defend_G","Defend_G","Defend_G","Defend_G"]},{"damage_healed":0,"gold_gain":0,"player_choice":"Memory 3","damage_taken":10,"max_hp_gain":0,"max_hp_loss":0,"event_name":"SensoryStone","floor":36,"gold_loss":0},{"damage_healed":0,"gold_gain":0,"player_choice":"Ignored","damage_taken":0,"max_hp_gain":0,"max_hp_loss":0,"event_name":"Tomb of Lord Red Mask","floor":45,"gold_loss":0},{"damage_healed":0,"gold_gain":0,"player_choice":"Embrace Madness","damage_taken":12,"max_hp_gain":0,"max_hp_loss":0,"event_name":"Winding Halls","floor":48,"gold_loss":0,"cards_obtained":["Madness","Madness"]}],"is_beta":false,"boss_relics":[{"not_picked":["Cursed Key","Astrolabe"],"picked":"Fusion Hammer"},{"not_picked":["Sozu","Empty Cage"],"picked":"HoveringKite"}],"items_purged_floors":[4,20],"is_endless":false,"potions_floor_spawned":[6,10,13,16,18,19,23,31,33,39,46,55],"ascension_level":20}}