{"host":"8c7ixdz8x9d2d2wv","time":1611421959,"event":{"mods":["AYAYA","BaseMod","Better Altar","Better Sensory Stone","Better Third Choice","Better-Laid Plans","BetterRewards","Colored Map","Colored Powertips","Curses Come First","Dark Map","Defuse TimeMaze Blight","Emptier Cage","Good Game Mod","Highlight Path","Minty Spire (QoL Compilation)","Quick Restart","Rare Cards Sparkle","Relic Sorter","Remove Card Discount Mod","Reorder Act Four","Shop Mod","StSLib","Transform Curses","Uncapped","everything is the same but u backflip on backflip"],"gold_per_floor":[119,133,153,153,165,165,177,210,210,180,180,207,237,254,254,357,357,374,374,374,174,199,199,234,248,248,261,275,287,58,153,153,251,251,270,270,270,284,295,295,214,214,239,268,284,57,72,106,106,106,106,53,53,87,87],"floor_reached":56,"language":"ENG","playtime":3282,"items_purged":["Strike_G","Defend_G","Strike_G+1","Strike_G+1","Defend_G+1","Defend_G+1","Strike_G+1","Survivor","Strike_G+1","Defend_G+1","Defend_G+1","Deflect"],"score":1752,"play_id":"05f9fd7f-d449-4689-acbe-8c98e85b8e7e","local_time":"20210123181239","is_ascension_mode":false,"campfire_choices":[{"data":"Sadistic Nature","floor":6,"key":"SMITH"},{"floor":11,"key":"REST"},{"data":"Bouncing Flask","floor":15,"key":"SMITH"},{"data":"Burst","floor":23,"key":"SMITH"},{"floor":32,"key":"RECALL"},{"data":"Noxious Fumes","floor":40,"key":"SMITH"},{"data":"Footwork","floor":42,"key":"SMITH"},{"data":"Neutralize","floor":49,"key":"SMITH"},{"data":"Sadistic Nature","floor":53,"key":"SMITH"}],"circlet_count":0,"master_deck":["Neutralize+1","Sadistic Nature+1","Bouncing Flask+1","Burst+1","Cloak And Dagger+1","Deflect+1","Footwork+1","Flash of Steel","Genetic Algorithm","Dodge and Roll+1","Dodge and Roll+1","Noxious Fumes+1","Noxious Fumes+1","Catalyst+1","Deflect+1","Catalyst+1","Sadistic Nature+1"],"relics":["Ring of the Snake","REME:ComplimentaryCards","Snake Skull","MerchantsRug","Torii","Membership Card","TungstenRod","Paper Crane","Omamori","Thread and Needle","Tiny Chest","HornCleat","Runic Pyramid","Orichalcum","Anchor","WristBlade","Bronze Scales","StoneCalendar","Lantern","Mummified Hand","Oddly Smooth Stone"],"acts_visited":["Exordium","TheCity","TheBeyond","TheEnding"],"potions_floor_usage":[7,8,16,24,24,24,29,55,55,55],"damage_taken":[{"damage":0,"enemies":"Small Slimes","floor":1,"turns":5},{"damage":0,"enemies":"Cultist","floor":2,"turns":4},{"damage":0,"enemies":"Jaw Worm","floor":3,"turns":4},{"damage":0,"enemies":"Blue Slaver","floor":5,"turns":3},{"damage":5,"enemies":"3 Louse","floor":7,"turns":2},{"damage":15,"enemies":"Lagavulin","floor":8,"turns":4},{"damage":0,"enemies":"Looter","floor":14,"turns":3},{"damage":0,"enemies":"Slime Boss","floor":16,"turns":6},{"damage":0,"enemies":"Spheric Guardian","floor":18,"turns":1},{"damage":0,"enemies":"Slavers","floor":24,"turns":5},{"damage":0,"enemies":"3 Byrds","floor":25,"turns":4},{"damage":0,"enemies":"Snake Plant","floor":27,"turns":4},{"damage":0,"enemies":"3 Cultists","floor":28,"turns":5},{"damage":0,"enemies":"Centurion and Healer","floor":29,"turns":6},{"damage":6,"enemies":"Automaton","floor":33,"turns":7},{"damage":0,"enemies":"Orb Walker","floor":35,"turns":3},{"damage":0,"enemies":"3 Shapes","floor":38,"turns":4},{"damage":0,"enemies":"Transient","floor":39,"turns":5},{"damage":7,"enemies":"Nemesis","floor":44,"turns":5},{"damage":0,"enemies":"Writhing Mass","floor":45,"turns":3},{"damage":0,"enemies":"Jaw Worm Horde","floor":47,"turns":3},{"damage":0,"enemies":"Giant Head","floor":48,"turns":4},{"damage":0,"enemies":"Awakened One","floor":50,"turns":7},{"damage":0,"enemies":"Shield and Spear","floor":54,"turns":5},{"damage":0,"enemies":"The Heart","floor":55,"turns":4}],"seed_played":"6431916740425030945","potions_obtained":[{"floor":3,"key":"SkillPotion"},{"floor":5,"key":"Energy Potion"},{"floor":8,"key":"Ancient Potion"},{"floor":14,"key":"GamblersBrew"},{"floor":18,"key":"Dexterity Potion"},{"floor":20,"key":"PowerPotion"},{"floor":20,"key":"Explosive Potion"},{"floor":27,"key":"LiquidMemories"},{"floor":28,"key":"Weak Potion"},{"floor":33,"key":"Weak Potion"},{"floor":35,"key":"DuplicationPotion"}],"is_trial":false,"path_per_floor":["M","M","M","?","M","R","M","E","T","?","R","T","?","M","R","B",null,"M","?","?","$","T","R","E","M","T","M","M","M","$","$","R","B",null,"M","?","T","M","M","R","$","R","T","E","M","$","M","E","R","B",null,"$","R","E","B",null],"character_chosen":"THE_SILENT","items_purchased":["Snake Skull","MerchantsRug","Membership Card","TungstenRod","Sadistic Nature","Paper Crane","Orrery","Flash of Steel","Orichalcum","Noxious Fumes","Catalyst","War Paint","Strawberry","Anchor","Bronze Scales","StoneCalendar","Lantern","Mummified Hand","Sadistic Nature"],"campfire_rested":1,"item_purchase_floors":[0,0,0,0,0,0,21,21,21,30,30,30,30,31,41,46,46,52,52],"current_hp_per_floor":[28,28,28,28,28,28,23,8,8,8,29,29,29,29,29,29,70,70,70,70,70,70,70,70,70,70,70,70,70,77,77,77,71,77,77,73,73,73,73,73,73,73,73,66,66,66,66,66,66,66,73,73,73,73,73],"gold":87,"neow_bonus":"","is_daily":false,"chose_seed":false,"campfire_upgraded":7,"win_rate":0.0,"timestamp":1611421959,"path_taken":["M","M","M","?","?","R","M","E","T","?","R","?","?","M","R","BOSS","M","?","?","$","?","R","E","M","T","M","M","?","?","$","R","BOSS","M","?","?","M","M","R","$","R","T","E","M","?","?","E","R","BOSS","$","R","E","BOSS"],"items_purchased_type":["Relic","Relic","Relic","Relic","Card","Relic","Relic","Card","Relic","Card","Card","Relic","Relic","Relic","Relic","Relic","Relic","Relic","Card"],"build_version":"2020-12-22","purchased_purges":12,"victory":true,"max_hp_per_floor":[70,70,70,70,70,70,70,70,70,70,70,70,70,70,70,70,70,70,70,70,70,70,70,70,70,70,70,70,70,77,77,77,77,77,77,73,73,73,73,73,73,73,73,73,73,73,73,73,73,73,73,73,73,73,73],"card_choices":[{"not_picked":["Leg Sweep","Slice","Eviscerate"],"picked":"SKIP","floor":1},{"not_picked":["Accuracy","PiercingWail","Dagger Throw"],"picked":"SKIP","floor":2},{"not_picked":["Endless Agony","Quick Slash"],"picked":"Bouncing Flask","floor":3},{"not_picked":["Blade Dance","Backflip","Quick Slash"],"picked":"SKIP","floor":5},{"not_picked":["Dash","Dagger Throw","Grand Finale"],"picked":"SKIP","floor":7},{"not_picked":["Tactician","Bane","Accuracy"],"picked":"SKIP","floor":8},{"not_picked":["Flying Knee","Backflip","Blade Dance"],"picked":"SKIP","floor":14},{"not_picked":["Night Terror","Malaise"],"picked":"Burst","floor":16},{"not_picked":["Heel Hook","Escape Plan"],"picked":"Deflect","floor":18},{"not_picked":["Blade Dance","Prepared"],"picked":"Cloak And Dagger+1","floor":21},{"not_picked":["Envenom","Distraction"],"picked":"Deflect+1","floor":21},{"not_picked":["PiercingWail","Concentrate"],"picked":"Footwork","floor":21},{"not_picked":["Dagger Spray","Flying Knee"],"picked":"Dodge and Roll+1","floor":24},{"not_picked":["Escape Plan","Quick Slash"],"picked":"Dodge and Roll","floor":25},{"not_picked":["Flying Knee","PiercingWail+1","Flechettes"],"picked":"SKIP","floor":27},{"not_picked":["Accuracy+1","Malaise","Dagger Spray"],"picked":"SKIP","floor":28},{"not_picked":["Sucker Punch","Choke"],"picked":"Noxious Fumes+1","floor":29},{"not_picked":["Slice","Poisoned Stab"],"picked":"Deflect+1","floor":35},{"not_picked":["Dagger Spray","Slice","Acrobatics+1"],"picked":"SKIP","floor":38},{"not_picked":["Choke+1","Leg Sweep+1","Slice"],"picked":"SKIP","floor":39},{"not_picked":["Heel Hook+1","Finisher","Cloak And Dagger"],"picked":"SKIP","floor":44},{"not_picked":["Well Laid Plans+1","Setup"],"picked":"Catalyst+1","floor":45},{"not_picked":["Blade Dance","Expertise+1","Cloak And Dagger"],"picked":"SKIP","floor":47},{"not_picked":["Flying Knee","Night Terror","Blade Dance"],"picked":"SKIP","floor":48},{"not_picked":["Backflip+1","Calculated Gamble+1","Slice"],"picked":"SKIP","floor":54}],"player_experience":672746,"relics_obtained":[{"floor":8,"key":"Omamori"},{"floor":9,"key":"Thread and Needle"},{"floor":12,"key":"Tiny Chest"},{"floor":24,"key":"Shovel"},{"floor":26,"key":"MealTicket"},{"floor":37,"key":"Regal Pillow"},{"floor":43,"key":"Art of War"},{"floor":44,"key":"Nunchaku"},{"floor":48,"key":"PreservedInsect"},{"floor":54,"key":"Oddly Smooth Stone"}],"event_choices":[{"damage_healed":0,"gold_gain":0,"player_choice":"Bought 0 Potions","damage_taken":0,"max_hp_gain":0,"max_hp_loss":0,"event_name":"The Woman in Blue","floor":4,"gold_loss":0},{"damage_healed":0,"gold_gain":0,"player_choice":"Left","damage_taken":0,"max_hp_gain":0,"max_hp_loss":0,"event_name":"betterThird:BetterGoop","floor":10,"gold_loss":30},{"damage_healed":0,"gold_gain":30,"player_choice":"Searched \u00273\u0027 times","damage_taken":0,"relics_obtained":["HornCleat"],"max_hp_gain":0,"max_hp_loss":0,"event_name":"Dead Adventurer","floor":13,"gold_loss":0},{"damage_healed":0,"gold_gain":0,"player_choice":"Simplicity","damage_taken":0,"max_hp_gain":0,"max_hp_loss":8,"event_name":"betterThird:BetterWriting","floor":19,"gold_loss":0},{"damage_healed":0,"gold_gain":0,"player_choice":"Got Potions","damage_taken":0,"max_hp_gain":0,"max_hp_loss":0,"event_name":"Lab","floor":20,"gold_loss":0},{"damage_healed":0,"gold_gain":0,"player_choice":"Max HP","damage_taken":0,"max_hp_gain":0,"max_hp_loss":4,"event_name":"Winding Halls","floor":36,"gold_loss":0}],"is_beta":false,"boss_relics":[{"not_picked":["Runic Dome","Ectoplasm"],"picked":"Runic Pyramid"},{"not_picked":["Coffee Dripper","SlaversCollar"],"picked":"WristBlade"}],"items_purged_floors":[0,0,21,21,30,30,30,30,30,41,41,41],"is_endless":false,"potions_floor_spawned":[3,5,8,14,18,27,28,33,35,39,44,47],"ascension_level":0}}