{"host":"eaiphzh066bwqdh7","time":1611421853,"event":{"mods":["BaseMod","Hubris","Minty Spire (QoL Compilation)","Replay The Spire","StSLib"],"gold_per_floor":[112,287,299,334,284,284,296,296,372,372,390,410,410,438,438,538,538,506,518,518,433,211,211,211,211,211,211,221,121,121,155,155,254,254,265,265,276,5,24,24,50,50,77,77,132,132,149,149,149,149],"floor_reached":51,"language":"ENG","playtime":1286,"items_purged":["Defend_R","Doubt","Strike_R"],"score":715,"play_id":"6dd92567-315f-4de7-9e30-702adaab37e1","local_time":"20210123121053","is_ascension_mode":true,"campfire_choices":[{"data":"Perfected Strike","floor":6,"key":"SMITH"},{"data":"Headbutt","floor":8,"key":"SMITH"},{"data":"Shrug It Off","floor":10,"key":"SMITH"},{"data":"Feel No Pain","floor":13,"key":"SMITH"},{"data":"ReplayTheSpireMod:Strike From Hell","floor":15,"key":"SMITH"},{"data":"ReplayTheSpireMod:Limb From Limb","floor":23,"key":"SMITH"},{"data":"Flex","floor":27,"key":"SMITH"},{"floor":30,"key":"REST"},{"floor":32,"key":"REST"},{"floor":40,"key":"REST"},{"floor":44,"key":"REST"},{"floor":46,"key":"REST"},{"floor":49,"key":"REST"}],"circlet_count":0,"master_deck":["Strike_R","Strike_R","Strike_R","Defend_R","Defend_R","Bash","Perfected Strike+1","Shrug It Off+1","Headbutt+1","ReplayTheSpireMod:Strike From Hell+1","Flex+1","Feel No Pain+1","Ghostly Armor","hubris:StunningStrike","Sentinel+1","ReplayTheSpireMod:Limb From Limb+1","Seeing Red+1","Parasite"],"relics":["Burning Blood","NeowsBlessing","hubris:AstralHammer","hubris:MysteriousPyramids","Regal Pillow","Black Star","Mummified Hand","Lee\u0027s Waffle","Ring of Peace","ReplayTheSpireMod:Ring of Collecting","Ring of Searing","TungstenRod","Shuriken","Tiny Chest","hubris:HollowSoul","Orichalcum","Another Sword","Mercury Hourglass","hubris:Icosahedron","Vajra","ReplayTheSpireMod:Ring of Challenge","Lantern","hubris:DeckOfHolding"],"acts_visited":["Exordium","TheCity","TheBeyond"],"potions_floor_usage":[12,19,33,35,41],"damage_taken":[{"damage":0,"enemies":"Small Slimes","floor":1,"turns":1},{"damage":0,"enemies":"2 Louse","floor":3,"turns":1},{"damage":0,"enemies":"Jaw Worm","floor":7,"turns":1},{"damage":15,"enemies":"Blue Slaver","floor":11,"turns":3},{"damage":1,"enemies":"Exordium Wildlife","floor":12,"turns":3},{"damage":18,"enemies":"3 Sentries","floor":14,"turns":4},{"damage":20,"enemies":"Fading Forest","floor":16,"turns":6},{"damage":46,"enemies":"2 Thieves","floor":18,"turns":5},{"damage":20,"enemies":"3 Byrds","floor":19,"turns":5},{"damage":33,"enemies":"3 Cultists","floor":28,"turns":5},{"damage":30,"enemies":"Slavers","floor":31,"turns":4},{"damage":84,"enemies":"Collector","floor":33,"turns":7},{"damage":31,"enemies":"3 Shapes","floor":35,"turns":3},{"damage":23,"enemies":"3 Darklings","floor":37,"turns":4},{"damage":18,"enemies":"Jaw Worm Horde","floor":39,"turns":3},{"damage":57,"enemies":"Reptomancer","floor":41,"turns":6},{"damage":16,"enemies":"Writhing Mass","floor":47,"turns":5},{"damage":0,"enemies":"Replay:Hell Engine","floor":50,"turns":1}],"seed_played":"2786350062602803108","potions_obtained":[{"floor":1,"key":"Fire Potion"},{"floor":11,"key":"SteroidPotion"},{"floor":12,"key":"Cursed Concoction"},{"floor":18,"key":"LiquidBronze"},{"floor":31,"key":"BlessingOfTheForge"},{"floor":33,"key":"Explosive Potion"},{"floor":39,"key":"EssenceOfSteel"},{"floor":41,"key":"Dexterity Potion"}],"is_trial":false,"path_per_floor":["M","?","M","?","?","R","M","R","T","R","M","M","R","E","R","B",null,"M","M","?","?","$","R","?","?","T","R","M","$","R","E","R","B",null,"M","?","M","$","M","R","E","?","T","R","T","R","M","T","R","B",null],"character_chosen":"IRONCLAD","items_purchased":["Lee\u0027s Waffle","Orichalcum"],"campfire_rested":6,"item_purchase_floors":[22,38],"current_hp_per_floor":[80,80,80,80,80,80,80,80,80,80,71,76,76,64,64,60,80,40,26,52,52,87,87,87,87,87,87,60,60,87,63,87,9,87,62,62,45,45,33,74,23,23,23,64,64,87,77,77,87,87],"gold":149,"neow_bonus":"THREE_ENEMY_KILL","is_daily":false,"chose_seed":false,"campfire_upgraded":7,"win_rate":0.0,"timestamp":1611421853,"path_taken":["M","?","M","?","?","R","M","R","T","R","M","M","R","E","R","BOSS","M","M","?","?","$","R","?","?","T","R","M","$","R","E","R","BOSS","M","?","M","$","M","R","E","?","T","R","?","R","M","?","R","BOSS"],"items_purchased_type":["Relic","Relic"],"build_version":"2020-12-22","purchased_purges":3,"victory":true,"max_hp_per_floor":[80,80,80,80,80,80,80,80,80,80,80,80,80,80,80,80,80,80,80,80,80,87,87,87,87,87,87,87,87,87,87,87,87,87,87,87,87,87,87,87,87,87,87,87,87,87,87,87,87,87],"card_choices":[{"not_picked":["Intimidate","Shrug It Off"],"picked":"Perfected Strike","floor":1},{"not_picked":["Thunderclap","Pommel Strike"],"picked":"Shrug It Off","floor":3},{"not_picked":["True Grit","Intimidate"],"picked":"Headbutt","floor":4},{"not_picked":["True Grit","hubris:ReadiedAction"],"picked":"ReplayTheSpireMod:Strike From Hell","floor":7},{"not_picked":["Clash","Warcry"],"picked":"Flex","floor":11},{"not_picked":["Hemogenesis","Havoc"],"picked":"Feel No Pain","floor":12},{"not_picked":["Bloodletting","Havoc"],"picked":"Ghostly Armor","floor":14},{"not_picked":["Impervious","Replay:Many Hands"],"picked":"hubris:StunningStrike","floor":16},{"not_picked":["Wild Strike+1","Seeing Red"],"picked":"Sentinel+1","floor":18},{"not_picked":["Run Through","Body Slam+1"],"picked":"ReplayTheSpireMod:Limb From Limb","floor":19},{"not_picked":["Hemokinesis","Pommel Strike","Sword Boomerang"],"picked":"SKIP","floor":28},{"not_picked":["hubris:CleavingFinish","Reaper","Whirlwind"],"picked":"SKIP","floor":31},{"not_picked":["hubris:ReadiedAction+1","Replay:Undeath\u0027s Touch+1","Headbutt"],"picked":"SKIP","floor":35},{"not_picked":["Shockwave+1","Evolve","Massacre"],"picked":"SKIP","floor":37},{"not_picked":["ReplayTheSpireMod:Stacked","Havoc"],"picked":"Seeing Red+1","floor":39},{"not_picked":["Havoc+1","Pommel Strike+1","Spot Weakness+1"],"picked":"SKIP","floor":41},{"not_picked":["Entrench+1","Hemokinesis","Abandon+1"],"picked":"SKIP","floor":47}],"player_experience":179342,"relics_obtained":[{"floor":4,"key":"hubris:AstralHammer"},{"floor":9,"key":"hubris:MysteriousPyramids"},{"floor":14,"key":"Regal Pillow"},{"floor":24,"key":"Ring of Peace"},{"floor":24,"key":"ReplayTheSpireMod:Ring of Collecting"},{"floor":26,"key":"Ring of Searing"},{"floor":26,"key":"TungstenRod"},{"floor":31,"key":"Shuriken"},{"floor":31,"key":"Tiny Chest"},{"floor":41,"key":"Another Sword"},{"floor":41,"key":"Mercury Hourglass"},{"floor":43,"key":"Vajra"},{"floor":45,"key":"ReplayTheSpireMod:Ring of Challenge"},{"floor":45,"key":"Lantern"},{"floor":48,"key":"hubris:DeckOfHolding"}],"event_choices":[{"damage_healed":0,"gold_gain":175,"player_choice":"AGREE","damage_taken":0,"max_hp_gain":0,"max_hp_loss":0,"event_name":"Liars Game","floor":2,"gold_loss":0,"cards_obtained":["Doubt"]},{"cards_removed":["Defend_R"],"damage_healed":0,"gold_gain":0,"player_choice":"Card Removal","damage_taken":0,"max_hp_gain":0,"max_hp_loss":0,"event_name":"The Cleric","floor":5,"gold_loss":50},{"damage_healed":26,"gold_gain":0,"player_choice":"Heal","damage_taken":0,"max_hp_gain":0,"max_hp_loss":0,"event_name":"The Library","floor":20,"gold_loss":0},{"damage_healed":0,"gold_gain":0,"player_choice":"Obtained Relic","damage_taken":0,"relics_obtained":["Mummified Hand"],"max_hp_gain":0,"max_hp_loss":0,"event_name":"Addict","floor":21,"gold_loss":85},{"damage_healed":0,"gold_gain":0,"player_choice":"Ignored","damage_taken":0,"max_hp_gain":0,"max_hp_loss":0,"event_name":"Vampires","floor":25,"gold_loss":0},{"cards_removed":["Strike_R"],"damage_healed":0,"gold_gain":0,"player_choice":"Removed Attack","damage_taken":0,"max_hp_gain":0,"max_hp_loss":0,"event_name":"Falling","floor":36,"gold_loss":0}],"is_beta":false,"boss_relics":[{"not_picked":["ChewingGum","SlaversCollar"],"picked":"Black Star"},{"not_picked":["Velvet Choker","Electric Blood"],"picked":"hubris:HollowSoul"}],"items_purged_floors":[22,29,38],"is_endless":false,"potions_floor_spawned":[1,11,12,18,31,33,39,41],"ascension_level":2}}