{"host":"qm4rv4rkpk76sbxu","time":1611432659,"event":{"mods":["BaseMod","Bestiary","Block Reminder","DeckTracker","Filter the Spire","Keyboard Shortcuts","Minty Spire (QoL Compilation)","MonsterHotkey","Quick Restart","Random Character Button","Relic Stats","Slay-I","StSLib","Unceasing Turn Reminder","ojb\u0027s Better Paths Mod","ojb\u0027s Info Mod"],"gold_per_floor":[115,129,129,140,189,189,216,234,260,56,111,136,151,151,151,251,251,266,266,281,281,300,300,215,215,215,215,215,215,227,261,261,358,358,374,284,3,3,3,3,38,58,85,132,132,132,132,159,159,159,159],"floor_reached":50,"language":"ENG","playtime":1414,"items_purged":["Strike_P","Consecrate"],"score":647,"play_id":"a7564d4a-df50-4036-add7-6a7847c616c4","local_time":"20210123211059","is_ascension_mode":false,"campfire_choices":[{"data":"WheelKick","floor":6,"key":"SMITH"},{"data":"ReachHeaven","floor":15,"key":"SMITH"},{"data":"Ragnarok","floor":23,"key":"SMITH"},{"data":"Vigilance","floor":29,"key":"SMITH"},{"data":"DevaForm","floor":32,"key":"SMITH"},{"data":"MentalFortress","floor":40,"key":"SMITH"},{"floor":46,"key":"RECALL"},{"floor":49,"key":"DIG"}],"circlet_count":0,"master_deck":["Defend_P+1","Defend_P","Eruption+1","Vigilance+1","WheelKick+1","ReachHeaven+1","BowlingBash","Sanctity","Ragnarok+1","Evaluate+1","CutThroughFate+1","Nirvana+1","Wallop+1","MentalFortress","DevaForm+1","Meditate+1","Swivel","DeusExMachina","ForeignInfluence+1","MentalFortress+1","Pain","Worship+1","Madness","Madness","FlurryOfBlows"],"relics":["PureWater","Happy Flower","Smiling Mask","Damaru","Juzu Bracelet","Sundial","Bird Faced Urn","Mango","Astrolabe","Centennial Puzzle","Mummified Hand","Art of War","Philosopher\u0027s Stone","Bag of Preparation","WarpedTongs","Ancient Tea Set","Toy Ornithopter","Shovel","Unceasing Top","GoldenEye"],"acts_visited":["Exordium","TheCity","TheBeyond"],"potions_floor_usage":[11,13,18,18,48],"damage_taken":[{"damage":2,"enemies":"2 Louse","floor":1,"turns":4},{"damage":0,"enemies":"Cultist","floor":2,"turns":3},{"damage":1,"enemies":"Small Slimes","floor":4,"turns":6},{"damage":0,"enemies":"Gremlin Nob","floor":7,"turns":2},{"damage":2,"enemies":"Blue Slaver","floor":8,"turns":3},{"damage":0,"enemies":"Gremlin Nob","floor":11,"turns":3},{"damage":0,"enemies":"Lagavulin","floor":12,"turns":4},{"damage":0,"enemies":"Lots of Slimes","floor":13,"turns":2},{"damage":0,"enemies":"Slime Boss","floor":16,"turns":5},{"damage":10,"enemies":"2 Thieves","floor":18,"turns":2},{"damage":0,"enemies":"Shell Parasite","floor":20,"turns":2},{"damage":2,"enemies":"Snecko","floor":22,"turns":5},{"damage":0,"enemies":"Sentry and Sphere","floor":30,"turns":2},{"damage":20,"enemies":"Slavers","floor":31,"turns":3},{"damage":16,"enemies":"Automaton","floor":33,"turns":6},{"damage":9,"enemies":"3 Darklings","floor":35,"turns":2},{"damage":12,"enemies":"Giant Head","floor":41,"turns":5},{"damage":4,"enemies":"Orb Walker","floor":42,"turns":4},{"damage":7,"enemies":"2 Orb Walkers","floor":44,"turns":3},{"damage":38,"enemies":"Reptomancer","floor":48,"turns":5},{"damage":48,"enemies":"Awakened One","floor":50,"turns":3}],"seed_played":"3355870572096269043","potions_obtained":[{"floor":0,"key":"SpeedPotion"},{"floor":0,"key":"LiquidMemories"},{"floor":0,"key":"EssenceOfSteel"},{"floor":2,"key":"SkillPotion"},{"floor":7,"key":"BottledMiracle"},{"floor":11,"key":"SpeedPotion"},{"floor":16,"key":"Fire Potion"},{"floor":18,"key":"PowerPotion"},{"floor":31,"key":"GamblersBrew"},{"floor":33,"key":"StancePotion"}],"is_trial":false,"path_per_floor":["M","M","?","M","T","R","E","M","T","$","?","E","M","T","R","B",null,"M","?","M","?","M","R","?","?","T","?","?","R","M","E","R","B",null,"M","?","$","?","$","R","E","M","T","?","?","R","T","E","R","B"],"character_chosen":"WATCHER","items_purchased":["Juzu Bracelet","MentalFortress","Bag of Preparation"],"campfire_rested":0,"item_purchase_floors":[10,37,37],"current_hp_per_floor":[70,70,70,69,69,69,69,67,67,67,67,67,67,81,81,81,86,76,76,76,76,76,76,76,76,76,76,76,76,80,62,62,52,86,77,77,77,77,77,77,73,77,77,78,67,67,67,40,40,0,0],"gold":159,"neow_bonus":"THREE_SMALL_POTIONS","is_daily":false,"chose_seed":false,"campfire_upgraded":6,"win_rate":0.0,"timestamp":1611432659,"path_taken":["M","M","?","?","?","R","E","?","T","$","?","E","M","?","R","BOSS","M","?","M","?","M","R","?","?","T","?","?","R","M","E","R","BOSS","M","?","$","?","?","R","E","M","T","?","?","R","?","E","R","BOSS"],"items_purchased_type":["Relic","Card","Relic"],"build_version":"2020-12-22","purchased_purges":2,"victory":false,"max_hp_per_floor":[72,72,72,72,72,72,72,72,72,72,72,72,72,86,86,86,86,86,86,86,86,86,86,86,86,86,86,86,86,86,86,86,86,86,86,86,86,86,86,86,86,86,86,86,86,86,86,86,86,86,86],"relic_stats":{"Happy Flower":[20],"counters":[21,74],"Astrolabe":["Evaluate","CutThroughFate","Nirvana"],"Juzu Bracelet":4,"Bag of Preparation":[11],"Smiling Mask":75,"GoldenEye":[2],"WarpedTongs":[20],"Centennial Puzzle":[22],"Shovel":1,"Sundial":[6],"Mummified Hand":[42],"Bird Faced Urn":[52],"Art of War":[4],"obtain_stats":[{"Happy Flower":5,"Astrolabe":17,"Damaru":9,"Mango":14,"Juzu Bracelet":10,"Bag of Preparation":37,"Smiling Mask":7,"Ancient Tea Set":41,"GoldenEye":49,"WarpedTongs":38,"Centennial Puzzle":24,"Shovel":44,"Sundial":11,"Mummified Hand":26,"Bird Faced Urn":12,"Philosopher\u0027s Stone":34,"Art of War":31,"PureWater":0,"Toy Ornithopter":43,"Unceasing Top":48},{"Happy Flower":3,"Astrolabe":9,"Damaru":5,"Mango":8,"Juzu Bracelet":5,"Bag of Preparation":16,"Smiling Mask":4,"Ancient Tea Set":17,"GoldenEye":20,"WarpedTongs":16,"Centennial Puzzle":12,"Shovel":19,"Sundial":6,"Mummified Hand":12,"Bird Faced Urn":7,"Philosopher\u0027s Stone":15,"Art of War":14,"PureWater":0,"Toy Ornithopter":18,"Unceasing Top":20},{"Happy Flower":13,"Astrolabe":32,"Damaru":18,"Mango":27,"Juzu Bracelet":18,"Bag of Preparation":54,"Smiling Mask":15,"Ancient Tea Set":59,"GoldenEye":71,"WarpedTongs":54,"Centennial Puzzle":41,"Shovel":66,"Sundial":21,"Mummified Hand":41,"Bird Faced Urn":25,"Philosopher\u0027s Stone":52,"Art of War":46,"PureWater":0,"Toy Ornithopter":63,"Unceasing Top":71}],"Toy Ornithopter":5,"Unceasing Top":[1]},"card_choices":[{"not_picked":["FollowUp","PathToVictory"],"picked":"WheelKick","floor":1},{"not_picked":["Evaluate","Pray","SignatureMove"],"picked":"SKIP","floor":2},{"not_picked":["ThirdEye","Crescendo","PathToVictory"],"picked":"SKIP","floor":4},{"not_picked":["Prostrate","BowlingBash"],"picked":"Consecrate","floor":7},{"not_picked":["ClearTheMind","Study"],"picked":"ReachHeaven","floor":8},{"not_picked":["CrushJoints","ConjureBlade"],"picked":"BowlingBash","floor":11},{"not_picked":["SignatureMove","FlurryOfBlows","Perseverance"],"picked":"SKIP","floor":12},{"not_picked":["Tantrum","Protect"],"picked":"Sanctity","floor":13},{"not_picked":["Judgement","Alpha"],"picked":"Ragnarok","floor":16},{"not_picked":["FollowUp","Nirvana+1","Crescendo"],"picked":"SKIP","floor":18},{"not_picked":["EmptyMind","SashWhip+1"],"picked":"Wallop+1","floor":20},{"not_picked":["Crescendo","ThirdEye","ClearTheMind"],"picked":"SKIP","floor":22},{"not_picked":["PathToVictory","Halt"],"picked":"Meditate+1","floor":30},{"not_picked":["FlyingSleeves","Crescendo"],"picked":"Swivel","floor":31},{"not_picked":["Wish","Ragnarok"],"picked":"DeusExMachina","floor":33},{"not_picked":["FlyingSleeves","BattleHymn"],"picked":"ForeignInfluence+1","floor":35},{"not_picked":["Protect","CutThroughFate+1"],"picked":"Worship+1","floor":41},{"not_picked":["CarveReality","FollowUp+1","InnerPeace"],"picked":"SKIP","floor":42},{"not_picked":["EmptyBody","EmptyFist"],"picked":"FlurryOfBlows","floor":48}],"player_experience":1386577,"relics_obtained":[{"floor":5,"key":"Happy Flower"},{"floor":7,"key":"Smiling Mask"},{"floor":9,"key":"Damaru"},{"floor":11,"key":"Sundial"},{"floor":12,"key":"Bird Faced Urn"},{"floor":14,"key":"Mango"},{"floor":26,"key":"Mummified Hand"},{"floor":31,"key":"Art of War"},{"floor":41,"key":"Ancient Tea Set"},{"floor":43,"key":"Toy Ornithopter"},{"floor":44,"key":"Shovel"},{"floor":48,"key":"Unceasing Top"},{"floor":49,"key":"GoldenEye"}],"event_choices":[{"damage_healed":0,"gold_gain":0,"player_choice":"Upgraded","damage_taken":0,"max_hp_gain":0,"max_hp_loss":0,"event_name":"Upgrade Shrine","floor":3,"gold_loss":0,"cards_upgraded":["Eruption"]},{"damage_healed":0,"gold_gain":30,"player_choice":"Searched \u00272\u0027 times","damage_taken":0,"max_hp_gain":0,"max_hp_loss":0,"event_name":"Dead Adventurer","floor":11,"gold_loss":0},{"damage_healed":0,"gold_gain":0,"player_choice":"Ignored","damage_taken":0,"max_hp_gain":0,"max_hp_loss":0,"event_name":"Vampires","floor":19,"gold_loss":0},{"damage_healed":0,"gold_gain":0,"player_choice":"Ignored","damage_taken":0,"max_hp_gain":0,"max_hp_loss":0,"event_name":"NoteForYourself","floor":21,"gold_loss":0},{"damage_healed":0,"gold_gain":0,"player_choice":"Obtained Relic","damage_taken":0,"relics_obtained":["Centennial Puzzle"],"max_hp_gain":0,"max_hp_loss":0,"event_name":"Addict","floor":24,"gold_loss":85},{"damage_healed":0,"gold_gain":0,"player_choice":"Ignored","damage_taken":0,"max_hp_gain":0,"max_hp_loss":0,"event_name":"Ghosts","floor":25,"gold_loss":0},{"damage_healed":0,"gold_gain":0,"cards_transformed":["Defend_P","Defend_P"],"player_choice":"Became Test Subject","damage_taken":0,"max_hp_gain":0,"max_hp_loss":0,"event_name":"Drug Dealer","floor":27,"gold_loss":0,"cards_obtained":["MentalFortress","SignatureMove"]},{"damage_healed":0,"gold_gain":0,"player_choice":"Read","damage_taken":0,"max_hp_gain":0,"max_hp_loss":0,"event_name":"The Library","floor":28,"gold_loss":0,"cards_obtained":["DevaForm"]},{"cards_removed":["SignatureMove"],"damage_healed":0,"gold_gain":0,"player_choice":"Upgrade and Remove","damage_taken":0,"max_hp_gain":0,"max_hp_loss":0,"event_name":"Designer","floor":36,"gold_loss":90,"cards_upgraded":["Defend_P"]},{"damage_healed":0,"gold_gain":0,"player_choice":"Rummage","damage_taken":0,"relics_obtained":["WarpedTongs"],"max_hp_gain":0,"max_hp_loss":0,"event_name":"Accursed Blacksmith","floor":38,"gold_loss":0,"cards_obtained":["Pain"]},{"damage_healed":0,"gold_gain":0,"player_choice":"Fight","damage_taken":0,"max_hp_gain":0,"max_hp_loss":0,"event_name":"Mysterious Sphere","floor":44,"gold_loss":0},{"damage_healed":0,"gold_gain":0,"player_choice":"Embrace Madness","damage_taken":11,"max_hp_gain":0,"max_hp_loss":0,"event_name":"Winding Halls","floor":45,"gold_loss":0,"cards_obtained":["Madness","Madness"]}],"is_beta":false,"boss_relics":[{"not_picked":["Calling Bell","Empty Cage"],"picked":"Astrolabe"},{"not_picked":["Busted Crown","Black Star"],"picked":"Philosopher\u0027s Stone"}],"items_purged_floors":[10,37],"is_endless":false,"potions_floor_spawned":[2,7,11,16,18,31,33,41,42,44],"killed_by":"Awakened One","ascension_level":0}}