{"host":"njo8qgvy2a57fcny","time":1611400966,"event":{"mods":["Ascension Unlocker","Aspiration","BaseMod","BetterRewards","CCEM","Colored Map","Colored Powertips","Conspire","Custom Start","Downfall","GifTheSpireLib","Halation","Hermit","Hubris","Infinite Spire","Jedi Mod","Mimic Mod","Minty Spire (QoL Compilation)","Quick Restart","Random Character Button","Random Character Mod","Rare Cards Sparkle","Relic Sorter","Replay The Spire","Shop Mod","StSLib","Stuff the Spire","The Animator","The Jungle","The Runesmith","The Servant 0.9.4","vexMod"],"gold_per_floor":[110,149,149,162,174,201,201,201,201],"floor_reached":8,"language":"ENG","playtime":468,"items_purged":[],"score":112,"play_id":"1ce78350-16bf-4821-add2-898d3b47fb26","local_time":"20210123222246","is_ascension_mode":true,"campfire_choices":[{"data":"KidneyShot","floor":7,"key":"SMITH"}],"circlet_count":0,"master_deck":["AscendersBane","Strike_S","Strike_S","Strike_S","Strike_S","Defend_S","Defend_S","Defend_S","Defend_S","KidneyShot+1","Exchange","Potential","SpecialFormula","Rearm","LightFlow","Contraction","Shuttle"],"relics":["Uniform","CCEMRelics:OverlyComfyChair","HornCleat"],"acts_visited":["Exordium"],"potions_floor_usage":[5,6],"damage_taken":[{"damage":4,"enemies":"Jaw Worm","floor":1,"turns":5},{"damage":3,"enemies":"2 Louse","floor":4,"turns":3},{"damage":0,"enemies":"Cultist","floor":5,"turns":3},{"damage":47,"enemies":"Lagavulin","floor":6,"turns":8},{"damage":34,"enemies":"Gremlin Nob","floor":8,"turns":3}],"seed_played":"-5397389174861483965","potions_obtained":[{"floor":1,"key":"Energy Potion"},{"floor":3,"key":"Slimebound:ThreeZeroPotion"}],"is_trial":false,"path_per_floor":["M","?","?","M","M","E","R","E"],"character_chosen":"THE_SERVANT","items_purchased":[],"campfire_rested":0,"item_purchase_floors":[],"current_hp_per_floor":[56,56,56,58,64,19,19,0,0],"gold":201,"neow_bonus":"TEN_PERCENT_HP_BONUS","is_daily":false,"chose_seed":false,"campfire_upgraded":1,"win_rate":0.0,"timestamp":1611400966,"path_taken":["M","?","?","M","?","E","R","E"],"items_purchased_type":[],"build_version":"2020-12-22","purchased_purges":0,"victory":false,"max_hp_per_floor":[66,66,66,66,66,66,66,66,66],"card_choices":[{"not_picked":["TimeWarp","Revamp"],"picked":"Potential","floor":1},{"not_picked":["BestPractice","Ricochet"],"picked":"SpecialFormula","floor":2},{"not_picked":["BottledTime","Replace"],"picked":"Rearm","floor":2},{"not_picked":["Alleviate","Barrier"],"picked":"LightFlow","floor":4},{"not_picked":["Unruled","Revamp"],"picked":"Contraction","floor":5},{"not_picked":["Unruled","Advance"],"picked":"Shuttle","floor":6}],"player_experience":665806,"relics_obtained":[{"floor":2,"key":"CCEMRelics:OverlyComfyChair"},{"floor":6,"key":"HornCleat"}],"event_choices":[{"damage_healed":0,"gold_gain":0,"player_choice":"Got Potions","damage_taken":0,"max_hp_gain":0,"max_hp_loss":0,"event_name":"Lab","floor":3,"gold_loss":0}],"is_beta":false,"boss_relics":[],"items_purged_floors":[],"is_endless":false,"potions_floor_spawned":[1,4],"killed_by":"Gremlin Nob","ascension_level":20}}