{"host":"swphzoo6hmc78epl","time":1611431916,"event":{"mods":["BaseMod","Highlight Path","Minty Spire (QoL Compilation)","Quick Restart"],"gold_per_floor":[119,136,154,168,183,183,210,230,256,331,351,363,363,380,380,483,483,497,422,422,422,146,146,161,161,212,212,0,31,31,48,48,48,48],"floor_reached":33,"language":"ENG","playtime":1586,"items_purged":["Strike_P","Strike_P"],"score":324,"play_id":"96c473e2-0476-4b5c-9fc9-a39094d89376","local_time":"20210123145836","is_ascension_mode":true,"campfire_choices":[{"data":"TalkToTheHand","floor":6,"key":"SMITH"},{"floor":13,"key":"REST"},{"data":"Eruption","floor":15,"key":"SMITH"},{"data":"LikeWater","floor":23,"key":"SMITH"},{"data":"SignatureMove","floor":27,"key":"SMITH"},{"data":"Omniscience","floor":30,"key":"SMITH"},{"data":"Finesse","floor":32,"key":"SMITH"}],"circlet_count":0,"master_deck":["Defend_P","Defend_P+1","Defend_P","Defend_P","Eruption+1","Vigilance+1","Swivel","SignatureMove+1","TalkToTheHand+1","FlurryOfBlows+1","CutThroughFate","BowlingBash","LikeWater+1","Indignation","FlurryOfBlows","Adaptation","DeusExMachina","JustLucky+1","Violence","CutThroughFate","Finesse+1","Omniscience+1","MentalFortress+1"],"relics":["PureWater","NeowsBlessing","Odd Mushroom","War Paint","Black Star","Membership Card","MutagenicStrength","Whetstone","Shuriken","Lantern","Bag of Marbles"],"acts_visited":["Exordium","TheCity"],"potions_floor_usage":[5,7,16,17,29],"damage_taken":[{"damage":0,"enemies":"2 Louse","floor":1,"turns":1},{"damage":0,"enemies":"Jaw Worm","floor":2,"turns":1},{"damage":0,"enemies":"Small Slimes","floor":3,"turns":1},{"damage":11,"enemies":"3 Louse","floor":4,"turns":5},{"damage":3,"enemies":"Looter","floor":5,"turns":2},{"damage":12,"enemies":"The Mushroom Lair","floor":7,"turns":6},{"damage":2,"enemies":"2 Fungi Beasts","floor":8,"turns":4},{"damage":0,"enemies":"Large Slime","floor":11,"turns":3},{"damage":7,"enemies":"3 Louse","floor":12,"turns":3},{"damage":9,"enemies":"Exordium Thugs","floor":14,"turns":5},{"damage":25,"enemies":"Hexaghost","floor":16,"turns":9},{"damage":10,"enemies":"Chosen","floor":18,"turns":7},{"damage":17,"enemies":"Shell Parasite","floor":24,"turns":7},{"damage":14,"enemies":"Slavers","floor":29,"turns":5},{"damage":0,"enemies":"Snecko","floor":31,"turns":1},{"damage":41,"enemies":"Automaton","floor":33,"turns":4}],"seed_played":"5760546315581547722","potions_obtained":[{"floor":2,"key":"Dexterity Potion"},{"floor":3,"key":"Weak Potion"},{"floor":8,"key":"StancePotion"},{"floor":12,"key":"Ancient Potion"},{"floor":16,"key":"Fruit Juice"},{"floor":24,"key":"AttackPotion"},{"floor":29,"key":"BlessingOfTheForge"}],"is_trial":false,"path_per_floor":["M","M","M","M","M","R","?","M","T","?","M","M","R","M","R","B",null,"M","?","?","?","$","R","M","?","T","R","$","E","R","M","R","B"],"character_chosen":"WATCHER","items_purchased":["Membership Card","Violence","Shuriken","Finesse"],"campfire_rested":1,"item_purchase_floors":[22,22,28,28],"current_hp_per_floor":[72,72,72,61,58,58,46,44,44,33,33,26,47,38,38,13,62,52,52,52,52,52,52,35,35,35,35,35,21,21,21,21,0,0],"gold":48,"neow_bonus":"THREE_ENEMY_KILL","is_daily":false,"chose_seed":false,"campfire_upgraded":6,"win_rate":0.0,"timestamp":1611431916,"path_taken":["M","M","M","M","M","R","?","M","T","?","M","M","R","M","R","BOSS","M","?","?","?","$","R","M","?","T","R","?","E","R","M","R","BOSS"],"items_purchased_type":["Relic","Card","Relic","Card"],"build_version":"2020-12-22","purchased_purges":2,"victory":false,"max_hp_per_floor":[72,72,72,72,72,72,72,72,72,72,72,72,72,72,72,72,77,77,77,77,77,77,77,77,77,77,77,77,77,77,77,77,77,77],"card_choices":[{"not_picked":["ClearTheMind","Crescendo"],"picked":"Swivel","floor":1},{"not_picked":["PathToVictory","Halt"],"picked":"SignatureMove","floor":2},{"not_picked":["EmptyMind","Conclude"],"picked":"TalkToTheHand","floor":3},{"not_picked":["EmptyMind","InnerPeace"],"picked":"FlurryOfBlows","floor":4},{"not_picked":["Weave","ThirdEye"],"picked":"CutThroughFate","floor":5},{"not_picked":["WreathOfFlame","SashWhip"],"picked":"BowlingBash","floor":7},{"not_picked":["WreathOfFlame","ThirdEye"],"picked":"LikeWater","floor":8},{"not_picked":["SashWhip","ClearTheMind"],"picked":"Indignation","floor":11},{"not_picked":["Scrawl","Evaluate"],"picked":"FlurryOfBlows","floor":12},{"not_picked":["FlurryOfBlows","Study"],"picked":"Adaptation","floor":14},{"not_picked":["MasterReality","Establishment"],"picked":"DeusExMachina","floor":16},{"not_picked":["MentalFortress","PathToVictory"],"picked":"JustLucky","floor":18},{"not_picked":["ClearTheMind","Halt"],"picked":"CutThroughFate","floor":24},{"not_picked":["ClearTheMind","EmptyMind+1"],"picked":"Omniscience","floor":29},{"not_picked":["SignatureMove+1","ThirdEye+1"],"picked":"MentalFortress+1","floor":31}],"player_experience":812660,"relics_obtained":[{"floor":7,"key":"Odd Mushroom"},{"floor":9,"key":"War Paint"},{"floor":26,"key":"Whetstone"},{"floor":29,"key":"Lantern"},{"floor":29,"key":"Bag of Marbles"}],"event_choices":[{"damage_healed":0,"gold_gain":0,"player_choice":"Fought Mushrooms","damage_taken":0,"max_hp_gain":0,"max_hp_loss":0,"event_name":"Mushrooms","floor":7,"gold_loss":0},{"damage_healed":0,"gold_gain":75,"player_choice":"Gather Gold","damage_taken":11,"max_hp_gain":0,"max_hp_loss":0,"event_name":"World of Goop","floor":10,"gold_loss":0},{"cards_removed":["Strike_P"],"damage_healed":0,"gold_gain":0,"player_choice":"Gave Gold","damage_taken":0,"max_hp_gain":0,"max_hp_loss":0,"event_name":"Beggar","floor":19,"gold_loss":75},{"damage_healed":0,"gold_gain":0,"player_choice":"Ignored","damage_taken":0,"max_hp_gain":0,"max_hp_loss":0,"event_name":"Vampires","floor":20,"gold_loss":0},{"cards_removed":["Strike_P"],"damage_healed":0,"gold_gain":0,"player_choice":"Elegance","damage_taken":0,"max_hp_gain":0,"max_hp_loss":0,"event_name":"Back to Basics","floor":21,"gold_loss":0},{"damage_healed":0,"gold_gain":0,"player_choice":"Inject Mutagens","damage_taken":0,"relics_obtained":["MutagenicStrength"],"max_hp_gain":0,"max_hp_loss":0,"event_name":"Drug Dealer","floor":25,"gold_loss":0}],"is_beta":false,"boss_relics":[{"not_picked":["SacredBark","Runic Pyramid"],"picked":"Black Star"}],"items_purged_floors":[22,28],"is_endless":false,"potions_floor_spawned":[2,3,8,12,16,24,29],"killed_by":"Automaton","ascension_level":5}}