{"host":"j61pjxqytd94o6ng","time":1611367022,"event":{"mods":["BaseMod","Bestiary","Colored Map","Colored Powertips","Curses Come First","Minty Spire (QoL Compilation)","StSLib"],"gold_per_floor":[12,22,41,53,68,68,68,68,68,80,98,123,123,133,133,206,206,217,44,44,44,44],"floor_reached":21,"language":"ENG","playtime":1078,"items_purged":["Strike_G"],"score":320,"play_id":"9ed89e3b-aa4c-4bde-b442-194153f146fd","local_time":"20210122185702","is_ascension_mode":true,"campfire_choices":[{"data":"Envenom","floor":6.0,"key":"SMITH"},{"data":"Poisoned Stab","floor":8.0,"key":"SMITH"},{"data":"Footwork","floor":13.0,"key":"SMITH"},{"data":"Neutralize","floor":15.0,"key":"SMITH"}],"circlet_count":0,"master_deck":["AscendersBane","Strike_G","Strike_G","Strike_G","Defend_G","Defend_G","Defend_G","Defend_G","Defend_G","Survivor","Neutralize+1","Envenom+1","Quick Slash","Backstab","Acrobatics","Poisoned Stab+1","Quick Slash","Calculated Gamble","Footwork+1","Well Laid Plans","Escape Plan","Phantasmal Killer","Footwork","Poisoned Stab"],"relics":["Ring of the Snake","Vajra","Regal Pillow","Busted Crown","Enchiridion"],"acts_visited":["Exordium","TheCity"],"potions_floor_usage":[21],"damage_taken":[{"damage":2.0,"enemies":"Cultist","floor":1.0,"turns":6.0},{"damage":0.0,"enemies":"2 Louse","floor":2.0,"turns":3.0},{"damage":0.0,"enemies":"Small Slimes","floor":3.0,"turns":3.0},{"damage":2.0,"enemies":"2 Fungi Beasts","floor":4.0,"turns":4.0},{"damage":12.0,"enemies":"Large Slime","floor":5.0,"turns":8.0},{"damage":3.0,"enemies":"Looter","floor":10.0,"turns":2.0},{"damage":0.0,"enemies":"Gremlin Gang","floor":11.0,"turns":4.0},{"damage":13.0,"enemies":"3 Sentries","floor":12.0,"turns":9.0},{"damage":0.0,"enemies":"2 Fungi Beasts","floor":14.0,"turns":3.0},{"damage":12.0,"enemies":"Hexaghost","floor":16.0,"turns":10.0},{"damage":2,"enemies":"3 Byrds","floor":18,"turns":6},{"damage":12,"enemies":"Masked Bandits","floor":21,"turns":3}],"seed_played":"8072617085199489351","potions_obtained":[{"floor":1.0,"key":"DuplicationPotion"},{"floor":2.0,"key":"Poison Potion"}],"is_trial":false,"path_per_floor":["M","M","M","M","M","R","?","R","T","M","M","E","R","M","R","B",null,"M","$","?","?"],"character_chosen":"THE_SILENT","items_purchased":["Footwork","Poisoned Stab"],"campfire_rested":0,"item_purchase_floors":[19,19],"current_hp_per_floor":[57,57,57,55,43,43,43,43,43,40,40,27,27,27,27,15,53,51,51,30,18,18],"gold":44,"neow_bonus":"THREE_RARE_CARDS","is_daily":false,"chose_seed":false,"campfire_upgraded":4,"win_rate":0.0,"timestamp":1611367022,"path_taken":["M","M","?","?","M","R","?","R","T","?","M","E","R","M","R","BOSS","M","$","?","?"],"items_purchased_type":["Card","Card"],"build_version":"2020-12-22","purchased_purges":1,"victory":false,"max_hp_per_floor":[66,66,66,66,66,66,66,66,66,66,66,66,66,66,66,66,66,66,66,66,66,66],"card_choices":[{"not_picked":["Unload","Malaise"],"picked":"Envenom","floor":0.0},{"not_picked":["Crippling Poison","All Out Attack"],"picked":"Quick Slash","floor":1.0},{"not_picked":["Crippling Poison","Flying Knee"],"picked":"Backstab","floor":2.0},{"not_picked":["Flying Knee","Dodge and Roll"],"picked":"Acrobatics","floor":3.0},{"not_picked":["Concentrate","Slice"],"picked":"Poisoned Stab","floor":4.0},{"not_picked":["Endless Agony","Riddle With Holes"],"picked":"Quick Slash","floor":5.0},{"not_picked":["Sucker Punch","Concentrate"],"picked":"Calculated Gamble","floor":10.0},{"not_picked":["Flying Knee","Skewer"],"picked":"Footwork","floor":11.0},{"not_picked":["Cloak And Dagger","Tactician"],"picked":"Well Laid Plans","floor":12.0},{"not_picked":["Predator","Flechettes"],"picked":"Escape Plan","floor":14.0},{"not_picked":["Storm of Steel","Glass Knife"],"picked":"Phantasmal Killer","floor":16.0},{"not_picked":["Deadly Poison"],"picked":"SKIP","floor":18}],"player_experience":496225,"relics_obtained":[{"floor":9.0,"key":"Vajra"},{"floor":12.0,"key":"Regal Pillow"},{"floor":20,"key":"Enchiridion"}],"event_choices":[{"cards_removed":["Strike_G"],"damage_healed":0.0,"max_hp_gain":0.0,"max_hp_loss":0.0,"gold_gain":0.0,"event_name":"Purifier","player_choice":"Purged","floor":7.0,"gold_loss":0.0,"damage_taken":0.0},{"damage_healed":0,"gold_gain":0,"player_choice":"Obtained Book","damage_taken":21,"max_hp_gain":0,"max_hp_loss":0,"event_name":"Cursed Tome","floor":20,"gold_loss":0},{"damage_healed":0,"gold_gain":0,"player_choice":"Fought Bandits","damage_taken":0,"max_hp_gain":0,"max_hp_loss":0,"event_name":"Masked Bandits","floor":21,"gold_loss":0}],"is_beta":false,"boss_relics":[{"not_picked":["Astrolabe","Coffee Dripper"],"picked":"Busted Crown"}],"items_purged_floors":[19],"is_endless":false,"potions_floor_spawned":[1,2,5,11],"killed_by":"Masked Bandits","ascension_level":15}}