{"host":"vahfsrte3c21740v","time":1611440800,"event":{"mods":["2.2 Compatiblity","AchievementEnabler","Aspiration","BaseMod","Better Third Choice","BetterRewards","Block Reminder","Colored Map","Colored Powertips","Conspire","Googly Eyes","Highlight Path","Hubris","Mimic Mod","Minty Spire (QoL Compilation)","Permanent Neow","Quick Restart","Rare Cards Sparkle","Reworked Bosses","StSLib","The Jungle","Wandering Minibosses","everything is the same but u backflip on backflip","vexMod"],"gold_per_floor":[114,114,64,40,55,55,70,70,107,137,152,152,167,182,182,282,282,297,13,13,28,43,43,43,66,66,66,96,126,141,171,171,271,271,286,79,79,94,109,139,139,154,184,184,199,229,259,289,289,289],"floor_reached":51,"language":"ENG","playtime":3311,"items_purged":["Defend_R","hubris:Sloth"],"score":1069,"play_id":"e08b0aa0-5b87-409b-ae14-e078cf9dc14e","local_time":"20210123222640","daily_mods":["Cursed Run","Purple Cards","DeadlyEvents"],"is_ascension_mode":false,"campfire_choices":[{"data":"Bash","floor":6.0,"key":"SMITH"},{"data":"Iron Wave","floor":8.0,"key":"SMITH"},{"data":"Heavy Blade","floor":12.0,"key":"SMITH"},{"data":"Limit Break","floor":15.0,"key":"SMITH"},{"data":"Ragnarok","floor":24.0,"key":"SMITH"},{"data":"Fire Breathing","floor":27.0,"key":"SMITH"},{"data":"Fiend Fire","floor":32,"key":"SMITH"},{"data":"TalkToTheHand","floor":41,"key":"SMITH"},{"data":"Warcry","floor":44,"key":"SMITH"},{"data":"conspire:HitWhereItHurts","floor":49,"key":"SMITH"}],"circlet_count":0,"master_deck":["Strike_R","Strike_R","Defend_R","Defend_R","Bash+1","Iron Wave+1","SashWhip","TalkToTheHand+1","Decay","Cleave","Evolve","conspire:NecroticWound","Ragnarok+1","Fire Breathing+1","Fiend Fire+1","FlyingSleeves","hubris:Despair","Battle Trance+1","Consecrate","Warcry+1","hubris:Envy","Immolate","CurseOfTheBell","hubris:DuctTapeCard","CrushJoints+1","DevaForm","Writhe","wanderingMiniBosses:FinaleOfPromise","CutThroughFate+1","Swivel+1","hubris:Compulsion","Twin Strike","conspire:HitWhereItHurts+1","Swivel","vexMod:UltimateCard"],"relics":["Cursed Key","Darkstone Periapt","Du-Vu Doll","hubris:Icosahedron","aspiration:HiddenCompartment","vexMod:DeviousBotling","theJungle:SpiritDisease","Spirit Poop","hubris:BundleOfHerbs","hubris:Reverence","Bird Faced Urn","Smiling Mask","Anchor","Calling Bell","Dream Catcher","hubris:GlazedTorus","hubris:DuctTape","wanderingMiniBosses:Blackblade","hubris:MysteriousPyramids","Turnip","Letter Opener","Pocketwatch","Happy Flower"],"acts_visited":["Exordium","Exordium","TheBeyond"],"potions_floor_usage":[31,31,50,50],"damage_taken":[{"damage":0.0,"enemies":"2 Louse","floor":1.0,"turns":3.0},{"damage":1.0,"enemies":"Jaw Worm","floor":5.0,"turns":3.0},{"damage":0.0,"enemies":"Small Slimes","floor":7.0,"turns":2.0},{"damage":0.0,"enemies":"Exordium Wildlife","floor":9.0,"turns":4.0},{"damage":2.0,"enemies":"Gremlin Nob","floor":10.0,"turns":3.0},{"damage":6.0,"enemies":"Exordium Wildlife","floor":11.0,"turns":2.0},{"damage":2.0,"enemies":"Looter","floor":13.0,"turns":2.0},{"damage":0.0,"enemies":"Blue Slaver","floor":14.0,"turns":2.0},{"damage":7.0,"enemies":"The Guardian","floor":16.0,"turns":7.0},{"damage":8.0,"enemies":"theJungle:GiantWrat","floor":18.0,"turns":3.0},{"damage":2.0,"enemies":"Shell Parasite","floor":21.0,"turns":2.0},{"damage":4.0,"enemies":"theJungle:JungleHuntersEncounter","floor":22.0,"turns":3.0},{"damage":17.0,"enemies":"theJungle:2_Phrogs","floor":25.0,"turns":5.0},{"damage":0.0,"enemies":"theJungle:MamaSnecko","floor":28.0,"turns":3.0},{"damage":12.0,"enemies":"theJungle:Cassacara","floor":29.0,"turns":4.0},{"damage":40.0,"enemies":"theJungle:2_Flameangoes","floor":30.0,"turns":4.0},{"damage":1,"enemies":"theJungle:2_Phrogs","floor":31,"turns":4},{"damage":14,"enemies":"theJungle:QueenSpyder","floor":33,"turns":6},{"damage":0,"enemies":"Orb Walker","floor":35,"turns":1},{"damage":15,"enemies":"3 Shapes","floor":38,"turns":5},{"damage":0,"enemies":"Maw","floor":39,"turns":4},{"damage":5,"enemies":"Giant Head","floor":40,"turns":3},{"damage":0,"enemies":"Spire Growth","floor":42,"turns":2},{"damage":5,"enemies":"Jaw Worm Horde","floor":43,"turns":4},{"damage":0,"enemies":"Jaw Worm Horde","floor":45,"turns":2},{"damage":3,"enemies":"Nemesis","floor":46,"turns":3},{"damage":0,"enemies":"Reptomancer","floor":47,"turns":3},{"damage":4,"enemies":"Nemesis","floor":48,"turns":3},{"damage":159,"enemies":"conspire:OrnateMirror","floor":50,"turns":5}],"seed_played":"-4692305807027556167","potions_obtained":[{"floor":7.0,"key":"Explosive Potion"},{"floor":11.0,"key":"FairyPotion"},{"floor":14.0,"key":"SpeedPotion"},{"floor":16.0,"key":"EssenceOfSteel"},{"floor":18.0,"key":"Swift Potion"},{"floor":29.0,"key":"BlessingOfTheForge"},{"floor":30.0,"key":"SpeedPotion"},{"floor":38,"key":"conspire:TimeTravelPotion"},{"floor":39,"key":"SkillPotion"},{"floor":40,"key":"LiquidMemories"},{"floor":46,"key":"Swift Potion"}],"is_trial":false,"path_per_floor":["M","?","?","$","M","R","M","R","MIM","E","M","R","M","M","R","B",null,"M","$","?","M","M","T","R","E","T","R","E","E","M","E","R","B",null,"M","$","?","M","M","E","R","M","MIM","R","M","E","E","E","R","B",null],"character_chosen":"IRONCLAD","items_purchased":["Iron Wave","Fire Breathing","Fiend Fire","DevaForm"],"campfire_rested":0,"item_purchase_floors":[4,19,19,36],"current_hp_per_floor":[80,80,80,80,80,80,80,80,86,84,78,78,76,76,76,75,92,84,84,84,82,78,84,84,67,73,73,73,67,29,32,32,28,116,116,116,122,107,109,110,110,114,119,119,123,124,128,128,128,34],"gold":289,"neow_bonus":"","is_daily":true,"chose_seed":false,"campfire_upgraded":10,"win_rate":0.0,"timestamp":1611440800,"path_taken":["M","?","?","$","M","R","M","R","MIM","?","M","R","?","M","R","BOSS","M","$","?","?","M","?","R","E","T","R","?","?","?","?","R","BOSS","M","$","?","M","M","E","R","M","MIM","R","M","E","?","E","R","BOSS"],"items_purchased_type":["Card","Card","Card","Card"],"build_version":"2020-12-22","purchased_purges":2,"victory":true,"max_hp_per_floor":[80,80,80,80,80,80,80,80,86,86,86,86,86,86,86,92,92,92,92,92,92,92,98,98,98,104,104,104,104,104,104,104,110,116,116,116,122,122,122,122,122,122,128,128,128,128,128,128,128,134],"card_choices":[{"not_picked":["SashWhip","Perfected Strike"],"picked":"Heavy Blade","floor":1.0},{"not_picked":["Clothesline","BowlingBash"],"picked":"SashWhip","floor":5.0},{"not_picked":["Dark Embrace","Reckless Charge"],"picked":"TalkToTheHand","floor":7.0},{"not_picked":["Entrench","Uppercut"],"picked":"Cleave","floor":9.0},{"not_picked":["Headbutt","Entrench","Feel No Pain"],"picked":"SKIP","floor":10.0},{"not_picked":["Pommel Strike","ClearTheMind"],"picked":"Evolve","floor":11.0},{"not_picked":["Evaluate","JustLucky"],"picked":"Limit Break","floor":13.0},{"not_picked":["WaveOfTheHand","Tantrum","EmptyBody"],"picked":"SKIP","floor":14.0},{"not_picked":["LessonLearned","Brutality"],"picked":"Ragnarok","floor":16.0},{"not_picked":["Halt","Rupture+1","EmptyBody+1"],"picked":"SKIP","floor":18.0},{"not_picked":["Perseverance","Metallicize"],"picked":"FlyingSleeves","floor":21.0},{"not_picked":["ReachHeaven","FollowUp","Body Slam"],"picked":"SKIP","floor":22.0},{"not_picked":["Anger+1","Vault"],"picked":"Battle Trance+1","floor":25.0},{"not_picked":["ClearTheMind","Indignation","SashWhip"],"picked":"SKIP","floor":28.0},{"not_picked":["Conclude","EmptyBody"],"picked":"Consecrate","floor":29.0},{"not_picked":["PathToVictory+1","EmptyBody","Clash"],"picked":"SKIP","floor":30.0},{"not_picked":["Study","Shockwave"],"picked":"Warcry","floor":31},{"not_picked":["MasterReality","Berserk"],"picked":"Immolate","floor":33},{"not_picked":["Perseverance","Sever Soul"],"picked":"CrushJoints+1","floor":35},{"not_picked":[],"picked":"wanderingMiniBosses:FinaleOfPromise","floor":38},{"not_picked":["Shrug It Off","Pommel Strike+1"],"picked":"CutThroughFate+1","floor":38},{"not_picked":["Prostrate+1","CarveReality"],"picked":"Swivel+1","floor":39},{"not_picked":["Body Slam","PathToVictory+1","Thunderclap+1"],"picked":"SKIP","floor":40},{"not_picked":["InnerPeace","Conclude","ThirdEye+1"],"picked":"SKIP","floor":42},{"not_picked":["Havoc+1","Anger"],"picked":"Twin Strike","floor":45},{"not_picked":["Devotion","InnerPeace+1","Tantrum+1"],"picked":"SKIP","floor":46},{"not_picked":["Protect+1","ClearTheMind+1"],"picked":"conspire:HitWhereItHurts","floor":47},{"not_picked":["Sever Soul","ClearTheMind+1"],"picked":"Swivel","floor":48}],"player_experience":91572,"relics_obtained":[{"floor":10.0,"key":"aspiration:HiddenCompartment"},{"floor":23.0,"key":"Spirit Poop"},{"floor":25.0,"key":"hubris:BundleOfHerbs"},{"floor":26.0,"key":"hubris:Reverence"},{"floor":28.0,"key":"Bird Faced Urn"},{"floor":29.0,"key":"Smiling Mask"},{"floor":31,"key":"Anchor"},{"floor":34,"key":"Dream Catcher"},{"floor":34,"key":"hubris:GlazedTorus"},{"floor":34,"key":"hubris:DuctTape"},{"floor":38,"key":"wanderingMiniBosses:Blackblade"},{"floor":40,"key":"hubris:MysteriousPyramids"},{"floor":43,"key":"Turnip"},{"floor":46,"key":"Letter Opener"},{"floor":47,"key":"Pocketwatch"},{"floor":48,"key":"Happy Flower"}],"event_choices":[{"cards_removed":["Strike_R"],"damage_healed":0.0,"max_hp_gain":0.0,"max_hp_loss":0.0,"gold_gain":0.0,"event_name":"The Cleric","player_choice":"Card Removal","floor":3.0,"gold_loss":50.0,"damage_taken":0.0},{"damage_healed":29,"gold_gain":0,"player_choice":"Writhe","damage_taken":0,"max_hp_gain":0,"max_hp_loss":0,"event_name":"Winding Halls","floor":37,"gold_loss":0,"cards_obtained":["Writhe"]}],"is_beta":false,"boss_relics":[{"not_picked":["hubris:GrandSneckoEye","Runic Cube"],"picked":"vexMod:DeviousBotling"},{"not_picked":["SacredBark","Busted Crown"],"picked":"Calling Bell"}],"items_purged_floors":[19,36],"is_endless":false,"potions_floor_spawned":[7,11,14,16,18,25,29,30,38,39,40,46],"ascension_level":0}}