{"host":"l6vifo5ajdb3p20b","time":1611414354,"event":{"mods":["2.2 Compatiblity","Arknights The Spire","BaseMod","Better Altar","Better Sensory Stone","Better Skull","Better Third Choice","BetterRewards","Block Reminder","Booster Modes","Card Forge","Colored Map","Defuse TimeMaze Blight","Energized Spire","Evolution","Minty Spire (QoL Compilation)","Relic Stats","StSLib","The Marked"],"gold_per_floor":[115,132,142,142,182,182,243,243,269,33,75,75,150,169,169,299,299,345,365,414,329,329,329,417,430,430,477,477,507,113,113,113],"floor_reached":31,"language":"ENG","playtime":2415,"items_purged":["Strike_G","Writhe"],"score":316,"play_id":"6b52fe88-556f-4c68-ba56-2b9920eb9d4b","local_time":"20210123220554","is_ascension_mode":true,"campfire_choices":[{"data":"Wish","floor":6,"key":"SMITH"},{"floor":8,"key":"REST"},{"data":"Envenom","floor":12,"key":"SMITH"},{"floor":15,"key":"REST"},{"data":"Burst","floor":23,"key":"SMITH"},{"data":"Well Laid Plans","floor":28,"key":"SMITH"}],"circlet_count":0,"master_deck":["Strike_G","Strike_G","Strike_G","Strike_G","Defend_G","Defend_G","Defend_G+1","Defend_G+1","Defend_G","Survivor","Neutralize","Leg Sweep","Tactician","Dagger Spray","Storm+1","Wish+1","Blade Dance","Envenom+1","Accuracy","Blade Dance","Concentrate","Deadly Poison","Acrobatics","Burst+1","All Out Attack+1","Infinite Blades","Terror","Well Laid Plans+1","Endless Agony+1","Predator","Bouncing Flask","Backflip","Poisoned Stab","Adrenaline","Caltrops","Crippling Poison"],"relics":["Ring of the Snake","Hammer of Thor","Seething Fire","Anvil of the Gods","EVO:Axolotl","NeowsBlessing","Anchor","White Beast Statue","War Paint","Juzu Bracelet","Philosopher\u0027s Stone","Prayer Wheel","Vajra","Peace Pipe","Bottled Lightning","Smiling Mask"],"acts_visited":["Exordium","TheCity"],"potions_floor_usage":[5,7,16,18,20,24,24,27,29,31,31,31],"damage_taken":[{"damage":0,"enemies":"Small Slimes","floor":1,"turns":1},{"damage":0,"enemies":"Jaw Worm","floor":2,"turns":1},{"damage":0,"enemies":"Cultist","floor":3,"turns":1},{"damage":0,"enemies":"3 Louse","floor":5,"turns":5},{"damage":19,"enemies":"3 Sentries","floor":7,"turns":11},{"damage":7,"enemies":"Exordium Thugs","floor":11,"turns":6},{"damage":11,"enemies":"Large Slime","floor":14,"turns":5},{"damage":16,"enemies":"Hexaghost","floor":16,"turns":10},{"damage":0,"enemies":"3 Byrds","floor":18,"turns":3},{"damage":1,"enemies":"Shell Parasite","floor":19,"turns":3},{"damage":5,"enemies":"Centurion and Healer","floor":20,"turns":7},{"damage":10,"enemies":"Book of Stabbing","floor":24,"turns":5},{"damage":22,"enemies":"Snake Plant","floor":25,"turns":3},{"damage":0,"enemies":"Snecko","floor":27,"turns":4},{"damage":47,"enemies":"Slavers","floor":29,"turns":5},{"damage":28,"enemies":"Chosen and Byrds","floor":31,"turns":4}],"seed_played":"-6871604998405504667","potions_obtained":[{"floor":1,"key":"CunningPotion"},{"floor":5,"key":"GamblersBrew"},{"floor":7,"key":"SmokeBomb"},{"floor":11,"key":"DuplicationPotion"},{"floor":14,"key":"Ancient Potion"},{"floor":16,"key":"CunningPotion"},{"floor":18,"key":"PowerPotion"},{"floor":19,"key":"ColorlessPotion"},{"floor":20,"key":"DistilledChaos"},{"floor":24,"key":"FairyPotion"},{"floor":25,"key":"PowerPotion"},{"floor":27,"key":"SteroidPotion"},{"floor":29,"key":"GamblersBrew"}],"is_trial":false,"path_per_floor":["M","M","M","?","M","R","E","R","T","$","M","R","?","M","R","B",null,"M","M","M","?","?","R","E","M","T","M","R","E","$","M"],"character_chosen":"THE_SILENT","items_purchased":["Accuracy","Blade Dance","Concentrate","Adrenaline","Swift Potion","Caltrops","Crippling Poison"],"campfire_rested":2,"item_purchase_floors":[10,10,10,30,30,30,30],"current_hp_per_floor":[70,70,70,35,35,35,16,37,37,37,30,30,19,8,29,13,70,70,69,64,64,64,64,54,32,32,32,32,6,6,0,0],"gold":113,"neow_bonus":"THREE_ENEMY_KILL","is_daily":false,"chose_seed":false,"campfire_upgraded":4,"win_rate":0.0,"timestamp":1611414354,"path_taken":["M","M","M","?","M","R","E","R","T","$","M","R","?","M","R","BOSS","M","M","M","?","?","R","E","M","T","M","R","E","$","M"],"items_purchased_type":["Card","Card","Card","Card","Potion","Card","Card"],"build_version":"2020-12-22","purchased_purges":2,"victory":false,"max_hp_per_floor":[70,70,70,70,70,70,70,70,70,70,70,70,70,70,70,70,70,70,70,70,70,70,70,70,70,70,70,70,70,70,70,70],"relic_stats":{"Peace Pipe":0,"counters":[16,74],"Prayer Wheel":2,"Juzu Bracelet":0,"War Paint":["Defend_G","Defend_G"],"Smiling Mask":50,"obtain_stats":[{"NeowsBlessing":0,"Vajra":22,"Hammer of Thor":0,"Juzu Bracelet":9,"EVO:Axolotl":0,"Seething Fire":0,"War Paint":7,"Smiling Mask":29,"White Beast Statue":4,"Peace Pipe":24,"Anchor":4,"Anvil of the Gods":0,"Philosopher\u0027s Stone":17,"Prayer Wheel":21,"Bottled Lightning":26,"Ring of the Snake":0},{"NeowsBlessing":0,"Vajra":11,"Hammer of Thor":0,"Juzu Bracelet":5,"EVO:Axolotl":0,"Seething Fire":0,"War Paint":5,"Smiling Mask":15,"White Beast Statue":3,"Peace Pipe":12,"Anchor":3,"Anvil of the Gods":0,"Philosopher\u0027s Stone":8,"Prayer Wheel":11,"Bottled Lightning":13,"Ring of the Snake":0},{"NeowsBlessing":0,"Vajra":53,"Hammer of Thor":0,"Juzu Bracelet":19,"EVO:Axolotl":0,"Seething Fire":0,"War Paint":19,"Smiling Mask":70,"White Beast Statue":3,"Peace Pipe":58,"Anchor":3,"Anvil of the Gods":0,"Philosopher\u0027s Stone":40,"Prayer Wheel":53,"Bottled Lightning":61,"Ring of the Snake":0}],"Ring of the Snake":[32]},"card_choices":[{"not_picked":["Expertise","Deflect"],"picked":"Leg Sweep","floor":1},{"not_picked":["Setup","Prepared"],"picked":"Tactician","floor":2},{"not_picked":["Underhanded Strike","Sucker Punch"],"picked":"Dagger Spray","floor":3},{"not_picked":["Infinite Blades","Cloak And Dagger"],"picked":"Blade Dance","floor":5},{"not_picked":["Deflect","Blade Dance"],"picked":"Envenom","floor":7},{"not_picked":["Choke","Prepared"],"picked":"Deadly Poison","floor":11},{"not_picked":["Dodge and Roll","Deflect"],"picked":"Acrobatics","floor":14},{"not_picked":["Die Die Die","Venomology"],"picked":"Burst","floor":16},{"not_picked":["Endless Agony","Dagger Throw"],"picked":"All Out Attack+1","floor":18},{"not_picked":["Flying Knee+1","Backflip"],"picked":"Infinite Blades","floor":19},{"not_picked":["Cloak And Dagger","Quick Slash+1"],"picked":"Terror","floor":20},{"not_picked":["Flying Knee","Leg Sweep+1"],"picked":"Well Laid Plans","floor":24},{"not_picked":["Backstab","Sucker Punch"],"picked":"Endless Agony+1","floor":25},{"not_picked":["Flying Knee","Concentrate"],"picked":"Predator","floor":25},{"not_picked":["Dagger Spray","Underhanded Strike"],"picked":"Bouncing Flask","floor":27},{"not_picked":["Distraction","Concentrate+1"],"picked":"Backflip","floor":27},{"not_picked":["Well Laid Plans+1","Predator"],"picked":"Poisoned Stab","floor":29}],"player_experience":849826,"relics_obtained":[{"floor":7,"key":"War Paint"},{"floor":9,"key":"Juzu Bracelet"},{"floor":24,"key":"Peace Pipe"},{"floor":26,"key":"Bottled Lightning"},{"floor":29,"key":"Smiling Mask"}],"event_choices":[{"damage_healed":0,"gold_gain":75,"player_choice":"Gold","damage_taken":11,"max_hp_gain":0,"max_hp_loss":0,"event_name":"betterThird:BetterGoop","floor":13,"gold_loss":0},{"damage_healed":0,"gold_gain":0,"player_choice":"Obtained Relic","damage_taken":0,"relics_obtained":["Prayer Wheel"],"max_hp_gain":0,"max_hp_loss":0,"event_name":"Addict","floor":21,"gold_loss":85},{"damage_healed":0,"gold_gain":0,"player_choice":"Opened","damage_taken":0,"relics_obtained":["Vajra"],"max_hp_gain":0,"max_hp_loss":0,"event_name":"The Mausoleum","floor":22,"gold_loss":0,"cards_obtained":["Writhe"]}],"is_beta":false,"boss_relics":[{"not_picked":["Runic Dome","energizedSpire:HighHeels"],"picked":"Philosopher\u0027s Stone"}],"items_purged_floors":[10,30],"is_endless":false,"potions_floor_spawned":[1,5,7,11,14,16,18,19,20,24,25,27,29],"killed_by":"Chosen and Byrds","ascension_level":1}}