{"host":"gobyjzz6xbwq9f9i","time":1611377183,"event":{"mods":["AchievementEnabler","BaseMod","Bestiary","Colored Map","Minty Spire (QoL Compilation)"],"gold_per_floor":[361,380,380,35,35,63,80,110,110,127,127,127,127,77,77,178,178,198,198,198,214,234,269,269,303,303,303,303,338,348,447,447,447,447],"floor_reached":33,"language":"ENG","playtime":1640,"items_purged":["Strike_G"],"score":467,"play_id":"e86e6c44-6c78-4762-b4bf-e0c2023b4d33","local_time":"20210122204623","is_ascension_mode":true,"campfire_choices":[{"data":"Noxious Fumes","floor":11,"key":"SMITH"},{"data":"Neutralize","floor":15,"key":"SMITH"},{"data":"Malaise","floor":24,"key":"SMITH"},{"data":"Backflip","floor":27,"key":"SMITH"},{"floor":32,"key":"REST"}],"circlet_count":0,"master_deck":["AscendersBane","Strike_G","Strike_G","Defend_G","Defend_G","Defend_G","Defend_G","Defend_G","Survivor","Neutralize+1","Dagger Throw","Dagger Spray","Noxious Fumes+1","Backstab","Riddle With Holes","Noxious Fumes+1","After Image","Backflip+1","Leg Sweep","Malaise+1","Prepared+1","PiercingWail","Footwork+1","Backflip+1"],"relics":["Ring of the Snake","Sling","Juzu Bracelet","Letter Opener","Orichalcum","Akabeko","Philosopher\u0027s Stone","Unceasing Top","Smiling Mask","Toxic Egg 2","Frozen Egg 2"],"acts_visited":["Exordium","TheCity"],"potions_floor_usage":[7,29,29,33],"damage_taken":[{"damage":3.0,"enemies":"2 Louse","floor":1.0,"turns":3.0},{"damage":3.0,"enemies":"Jaw Worm","floor":2.0,"turns":5.0},{"damage":7.0,"enemies":"3 Sentries","floor":6.0,"turns":6.0},{"damage":0,"enemies":"Small Slimes","floor":7,"turns":5},{"damage":14,"enemies":"Gremlin Nob","floor":8,"turns":4},{"damage":2,"enemies":"3 Louse","floor":10,"turns":3},{"damage":11,"enemies":"Hexaghost","floor":16,"turns":9},{"damage":4,"enemies":"Chosen","floor":18,"turns":4},{"damage":0,"enemies":"Shell Parasite","floor":21,"turns":4},{"damage":0,"enemies":"Snecko","floor":22,"turns":5},{"damage":14,"enemies":"Gremlin Leader","floor":23,"turns":5},{"damage":8,"enemies":"Book of Stabbing","floor":25,"turns":7},{"damage":3,"enemies":"Slavers","floor":29,"turns":4},{"damage":3,"enemies":"Centurion and Healer","floor":30,"turns":7},{"damage":40,"enemies":"Champ","floor":33,"turns":13}],"seed_played":"-3242814607174233636","potions_obtained":[{"floor":2.0,"key":"Fruit Juice"},{"floor":6.0,"key":"SmokeBomb"},{"floor":7,"key":"LiquidMemories"},{"floor":8,"key":"Weak Potion"},{"floor":21,"key":"Explosive Potion"},{"floor":23,"key":"SteroidPotion"},{"floor":29,"key":"Explosive Potion"}],"is_trial":false,"path_per_floor":["M","M","?","$","?","E","M","E","T","M","R","?","?","?","R","B",null,"M","?","?","M","M","E","R","E","T","R","?","E","M","?","R","B"],"character_chosen":"THE_SILENT","items_purchased":["Sling","Noxious Fumes","Backstab"],"campfire_rested":1,"item_purchase_floors":[4,4,4],"current_hp_per_floor":[60,57,62,62,55,48,53,39,39,37,37,30,30,30,30,19,60,56,56,56,56,56,42,42,34,34,34,21,18,15,15,38,0,0],"gold":447,"neow_bonus":"TWO_FIFTY_GOLD","is_daily":false,"chose_seed":false,"campfire_upgraded":4,"win_rate":0.0,"timestamp":1611377183,"path_taken":["M","M","?","$","?","E","M","E","T","M","R","?","?","?","R","BOSS","M","?","?","M","M","E","R","E","T","R","?","E","M","?","R","BOSS"],"items_purchased_type":["Relic","Card","Card"],"build_version":"2020-12-22","purchased_purges":1,"victory":false,"max_hp_per_floor":[63,63,68,68,68,68,73,73,73,73,73,73,73,73,73,73,73,73,73,73,73,73,73,73,73,73,73,78,78,78,78,78,78,78],"card_choices":[{"not_picked":["Outmaneuver","Eviscerate"],"picked":"Dagger Throw","floor":1.0},{"not_picked":["Prepared","Backstab"],"picked":"Dagger Spray","floor":2.0},{"not_picked":["Setup","Backflip"],"picked":"Riddle With Holes","floor":6.0},{"not_picked":["Underhanded Strike","Skewer","Blade Dance"],"picked":"SKIP","floor":7},{"not_picked":["Distraction","Doppelganger"],"picked":"Noxious Fumes","floor":8},{"not_picked":["Underhanded Strike","Deflect","Skewer"],"picked":"SKIP","floor":10},{"not_picked":["Burst","Grand Finale"],"picked":"After Image","floor":16},{"not_picked":["Deadly Poison","Dagger Throw"],"picked":"Backflip","floor":18},{"not_picked":["Blur+1","Sucker Punch"],"picked":"Malaise","floor":21},{"not_picked":["PiercingWail","Concentrate+1"],"picked":"Prepared+1","floor":22},{"not_picked":["All Out Attack","Tactician","Endless Agony+1"],"picked":"SKIP","floor":23},{"not_picked":["Eviscerate+1","Grand Finale"],"picked":"PiercingWail","floor":25},{"not_picked":["Slice","Acrobatics+1"],"picked":"Footwork+1","floor":29},{"not_picked":["Crippling Poison+1","Dagger Throw+1"],"picked":"Backflip+1","floor":30}],"player_experience":1130218,"relics_obtained":[{"floor":6.0,"key":"Juzu Bracelet"},{"floor":8,"key":"Letter Opener"},{"floor":9,"key":"Orichalcum"},{"floor":23,"key":"Unceasing Top"},{"floor":25,"key":"Smiling Mask"},{"floor":26,"key":"Toxic Egg 2"},{"floor":29,"key":"Frozen Egg 2"}],"event_choices":[{"damage_healed":0.0,"max_hp_gain":5.0,"max_hp_loss":0.0,"gold_gain":0.0,"event_name":"Big Fish","player_choice":"Donut","floor":3.0,"gold_loss":0.0,"damage_taken":0.0},{"cards_removed":["Strike_G"],"damage_healed":0.0,"max_hp_gain":0.0,"max_hp_loss":0.0,"gold_gain":0.0,"event_name":"Golden Wing","player_choice":"Card Removal","floor":5.0,"gold_loss":0.0,"damage_taken":7.0},{"damage_healed":0,"gold_gain":0,"player_choice":"Success","damage_taken":7,"relics_obtained":["Akabeko"],"max_hp_gain":0,"max_hp_loss":0,"event_name":"Scrap Ooze","floor":12,"gold_loss":0},{"damage_healed":0,"gold_gain":0,"player_choice":"Grow","damage_taken":0,"max_hp_gain":0,"max_hp_loss":0,"event_name":"Living Wall","floor":13,"gold_loss":0,"cards_upgraded":["Noxious Fumes"]},{"cards_removed":["Strike_G"],"damage_healed":0,"gold_gain":0,"player_choice":"Card Removal","damage_taken":0,"max_hp_gain":0,"max_hp_loss":0,"event_name":"The Cleric","floor":14,"gold_loss":50},{"damage_healed":0,"gold_gain":0,"player_choice":"Read","damage_taken":0,"max_hp_gain":0,"max_hp_loss":0,"event_name":"The Library","floor":19,"gold_loss":0,"cards_obtained":["Leg Sweep"]},{"damage_healed":0,"gold_gain":0,"player_choice":"Ignored","damage_taken":0,"max_hp_gain":0,"max_hp_loss":0,"event_name":"Vampires","floor":20,"gold_loss":0},{"damage_healed":0,"gold_gain":0,"player_choice":"Shed Blood","damage_taken":18,"max_hp_gain":5,"max_hp_loss":0,"event_name":"Forgotten Altar","floor":28,"gold_loss":0},{"damage_healed":0,"gold_gain":99,"player_choice":"Stole From Cult","damage_taken":0,"max_hp_gain":0,"max_hp_loss":0,"event_name":"Nest","floor":31,"gold_loss":0}],"is_beta":false,"boss_relics":[{"not_picked":["HoveringKite","Runic Dome"],"picked":"Philosopher\u0027s Stone"}],"items_purged_floors":[4],"is_endless":false,"potions_floor_spawned":[2,6,7,8,10,21,22,23,29],"killed_by":"Champ","ascension_level":10}}