{"host":"uwn09o5xwhkruua3","time":1611376736,"event":{"mods":["BaseMod","Colored Map","Colored Powertips","Conspire","Downfall","Gold Saver","Highlight Path","Hubris","Minty Spire (QoL Compilation)","Replay The Spire","StSLib"],"gold_per_floor":[2458,1466,1466,1478,696,730,730,749,773,791,6,6,21,33,33,131,131,143,143,15,29,42,74,15,15,15,15,27,40,68,68,68,170,170,183,194,40,92,92,121,121,121,145,161,161,180,210,228,228,228,228,228,4987001,4987046,100],"floor_reached":56,"language":"ENG","playtime":2992,"items_purged":["Strike_B","Defend_B","Regret","Strike_B+1"],"score":1813,"play_id":"9a2e06f7-5b3b-46d1-b028-669a80e2b97c","local_time":"20210122223856","is_ascension_mode":true,"campfire_choices":[{"data":"Dualcast","floor":7,"key":"SMITH"},{"data":"conspire:SharedLibrary","floor":12,"key":"SMITH"},{"data":"Zap","floor":15,"key":"SMITH"},{"data":"Electrodynamics","floor":27,"key":"SMITH"},{"data":"Defragment","floor":32,"key":"SMITH"},{"data":"Biased Cognition","floor":41,"key":"SMITH"},{"floor":45,"key":"RECALL"},{"floor":49,"key":"REST"}],"circlet_count":0,"master_deck":["Strike_B+2","Strike_B","Defend_B+1","Defend_B+2","Defend_B","Zap+1","Dualcast+1","BasicCrystalCard+1","BasicCrystalCard+1","Chaos+1","Chill+1","Genetic Algorithm+1","conspire:SharedLibrary+1","hubris:DoWhile+1","Biased Cognition+1","Ball Lightning+1","FIFO Queue","Electrodynamics+1","Defragment+1","Buffer","Crystallizer+1","Conserve Battery+1","Biased Cognition","Regret","Writhe","Biased Cognition+1"],"relics":["Cracked Core","ReplayTheSpireMod:Lightbulb","Toxic Egg 2","conspire:GlowingRock","Raider\u0027s Mask","hubris:HerbalPaste","Chameleon Ring","Strawberry","Whetstone","Nunchaku","TheAbacus","PreservedInsect","Vajra","Ring of Chaos","hubris:Towel","Guide Book","Orichalcum","hubris:TinFlute","Lantern","Omamori","conspire:GiftBox","Lee\u0027s Waffle","MealTicket","Prayer Wheel","DataDisk","Replay:Ancient Bell","hubris:TenFootPole","hubris:RGBLights","hubris:Zylophone","Mirror","Replay:WaspNest","The Courier","HornCleat","Replay:Bottled Snecko","DollysMirror","Replay:Baseball","Happy Flower","Cables","Kunai","Blue Doll","Oddly Smooth Stone","conspire:Boomerang","Mummified Hand","Bronze Scales","Boot","conspire:BottledYoYo","Pantograph","Garlic","hubris:SlimyHat","hubris:DeckOfHolding","War Paint","White Beast Statue","Art of War","InkBottle","Replay:Arrowhead","ReplayFunnel","conspire:InfiniteJournal","Blue Candle","Simple Rune","conspire:TopHat","Ice Cream","Blood Vial","Geode","hubris:ToyBattleship","Replay:Ringing Soul","hubris:MedicalManual","Mercury Hourglass","hubris:Spice","Pet Ghost","Replay:Antivirus Software","Replay:Kaleidoscope","ReplayTheSpireMod:TigerMarble","hubris:DuctTape","Bag of Preparation","Carrot","Anchor","hubris:SoftwareUpdate","Toy Ornithopter","Gremlin Food","Letter Opener","TungstenRod","conspire:IceCreamScoop","FossilizedHelix","Replay:Bandana","Bottled Flame","conspire:DecoderRing","Replay:Wax Seal","Replay:Bottled Flurry","Pear","conspire:DeflatedDodgeball","hubris:DisguiseKit","Bottled Tornado","Replay:Accelerometer","hubris:Reverence"],"acts_visited":[],"potions_floor_usage":[6,6,16,16,16,23,23,33,33,36,46,47,47,55,55,55],"damage_taken":[{"damage":0,"enemies":"2 Louse","floor":1,"turns":2},{"damage":25,"enemies":"Cultist","floor":4,"turns":5},{"damage":20,"enemies":"Lagavulin","floor":6,"turns":5},{"damage":6,"enemies":"Small Slimes","floor":8,"turns":2},{"damage":15,"enemies":"Exordium Wildlife","floor":10,"turns":2},{"damage":16,"enemies":"Large Slime","floor":13,"turns":5},{"damage":11,"enemies":"Looter","floor":14,"turns":3},{"damage":0,"enemies":"Slime Boss","floor":16,"turns":4},{"damage":8,"enemies":"Chosen","floor":18,"turns":3},{"damage":6,"enemies":"3 Byrds","floor":21,"turns":4},{"damage":15,"enemies":"Cultist and Chosen","floor":22,"turns":5},{"damage":93,"enemies":"Slavers","floor":23,"turns":5},{"damage":18,"enemies":"Snake Plant","floor":28,"turns":3},{"damage":14,"enemies":"Centurion and Healer","floor":29,"turns":5},{"damage":7,"enemies":"Book of Stabbing","floor":30,"turns":6},{"damage":42,"enemies":"Champ","floor":33,"turns":8},{"damage":0,"enemies":"3 Shapes","floor":35,"turns":4},{"damage":5,"enemies":"3 Darklings","floor":36,"turns":5},{"damage":1,"enemies":"R_Hoarder","floor":40,"turns":5},{"damage":26,"enemies":"Writhing Mass","floor":44,"turns":5},{"damage":34,"enemies":"Jaw Worm Horde","floor":46,"turns":5},{"damage":21,"enemies":"Reptomancer","floor":47,"turns":4},{"damage":34,"enemies":"Spire Growth","floor":48,"turns":5},{"damage":85,"enemies":"Donu and Deca","floor":50,"turns":7},{"damage":0,"enemies":"Shield and Spear","floor":54,"turns":2},{"damage":0,"enemies":"The Heart","floor":55,"turns":5}],"seed_played":"-2704950689555156646","potions_obtained":[{"floor":6,"key":"Milkshake"},{"floor":8,"key":"hexamod:SoulburnPotion"},{"floor":16,"key":"GamblersBrew"},{"floor":18,"key":"SkillPotion"},{"floor":29,"key":"Block Potion"},{"floor":30,"key":"Toxic Potion"},{"floor":36,"key":"Fire Potion"},{"floor":38,"key":"ColorlessPotion"},{"floor":46,"key":"Explosive Potion"},{"floor":52,"key":"FocusPotion"},{"floor":52,"key":"CultistPotion"},{"floor":54,"key":"Languid Potion"}],"is_trial":false,"path_per_floor":["M","$","?","M","$","E","R","M","T","M","$","R","M","M","R","B",null,"M","?","$","M","M","E","$","?","T","R","M","M","E","?","R","B",null,"M","M","$","?","?","E","R","T","T","M","R","M","E","M","R","B",null,"R","$","E","B",null],"character_chosen":"DEFECT","items_purchased":["Toxic Egg 2","conspire:GlowingRock","Raider\u0027s Mask","SkillPotion","SpeedPotion","EssenceOfSteel","BasicCrystalCard+1","hubris:HerbalPaste","Chameleon Ring","Strawberry","White Noise+1","FocusPotion","TheAbacus","PreservedInsect","Vajra","conspire:SharedLibrary","hubris:DoWhile+1","Core Surge","FIFO Queue","Guide Book","Orichalcum","hubris:TinFlute","Omamori","conspire:GiftBox","Lee\u0027s Waffle","AttackPotion","Ancient Potion","Mirror","DollysMirror","Replay:Baseball","Happy Flower","Cables","Kunai","Blue Doll","Oddly Smooth Stone","conspire:Boomerang","Mummified Hand","Bronze Scales","Boot","conspire:BottledYoYo","Pantograph","Garlic","hubris:SlimyHat","hubris:DeckOfHolding","War Paint","White Beast Statue","Art of War","InkBottle","Replay:Arrowhead","ReplayFunnel","conspire:InfiniteJournal","Blue Candle","Simple Rune","conspire:TopHat","Ice Cream","Blood Vial","Geode","hubris:ToyBattleship","Replay:Ringing Soul","hubris:MedicalManual","Mercury Hourglass","hubris:Spice","Pet Ghost","Replay:Antivirus Software","Replay:Kaleidoscope","ReplayTheSpireMod:TigerMarble","hubris:DuctTape","Bag of Preparation","Carrot","Anchor","hubris:SoftwareUpdate","hubris:Spice","Toy Ornithopter","hubris:Spice","Gremlin Food","hubris:Spice","hubris:Spice","Letter Opener","TungstenRod","conspire:IceCreamScoop","FossilizedHelix","hubris:Spice","Replay:Bandana","hubris:Spice","hubris:Spice","hubris:Spice","Bottled Flame","conspire:DecoderRing","Replay:Wax Seal","hubris:Spice","Replay:Bottled Flurry","Pear","hubris:Spice","hubris:Spice","conspire:DeflatedDodgeball","hubris:Spice","hubris:DisguiseKit","Bottled Tornado","hubris:Spice","hubris:Spice","hubris:Spice","Replay:Accelerometer"],"campfire_rested":1,"item_purchase_floors":[2,2,2,2,2,2,2,5,5,5,5,5,11,11,11,11,11,11,20,20,20,20,24,24,24,24,24,37,53,53,53,53,53,53,53,53,53,53,53,53,53,53,53,53,53,53,53,53,53,53,53,53,53,53,53,53,53,53,53,53,53,53,53,53,53,53,53,53,53,53,53,53,53,53,53,53,53,53,53,53,53,53,53,53,53,53,53,53,53,53,53,53,53,53,53,53,53,53,53,53,53,53],"current_hp_per_floor":[68,68,61,36,43,29,29,26,26,14,14,14,44,38,38,44,73,70,70,70,70,61,14,89,23,23,23,70,62,61,61,61,25,73,79,80,89,78,89,88,88,88,88,63,63,35,20,42,68,39,77,77,6,6,6],"gold":100,"neow_bonus":"RANDOM_EVENT","is_daily":false,"chose_seed":false,"campfire_upgraded":6,"win_rate":0.0,"timestamp":1611376736,"path_taken":["M","$","?","M","$","E","R","M","T","M","$","R","M","?","R","BOSS","M","?","$","M","M","E","$","?","T","R","M","M","E","?","R","BOSS","M","M","$","?","?","E","R","?","T","M","R","?","E","M","R","BOSS","R","$","E","BOSS"],"items_purchased_type":["Relic","Relic","Relic","Potion","Potion","Potion","Card","Relic","Relic","Relic","Card","Potion","Relic","Relic","Relic","Card","Card","Card","Card","Relic","Relic","Relic","Relic","Relic","Relic","Potion","Potion","Relic","Relic","Relic","Relic","Relic","Relic","Relic","Relic","Relic","Relic","Relic","Relic","Relic","Relic","Relic","Relic","Relic","Relic","Relic","Relic","Relic","Relic","Relic","Relic","Relic","Relic","Relic","Relic","Relic","Relic","Relic","Relic","Relic","Relic","Relic","Relic","Relic","Relic","Relic","Relic","Relic","Relic","Relic","Relic","Relic","Relic","Relic","Relic","Relic","Relic","Relic","Relic","Relic","Relic","Relic","Relic","Relic","Relic","Relic","Relic","Relic","Relic","Relic","Relic","Relic","Relic","Relic","Relic","Relic","Relic","Relic","Relic","Relic","Relic","Relic"],"build_version":"2020-12-22","purchased_purges":4,"victory":true,"max_hp_per_floor":[75,75,75,75,82,82,82,82,82,82,82,82,82,82,82,82,82,82,82,82,82,82,82,89,89,89,89,89,89,89,89,89,89,89,89,89,89,89,89,89,89,89,89,89,89,89,89,89,89,89,89,89,6,6,6],"card_choices":[{"not_picked":["Barrage","Melter","Static Discharge"],"picked":"SKIP","floor":1},{"not_picked":["Go for the Eyes","Panic Button+1"],"picked":"BasicCrystalCard+1","floor":4},{"not_picked":["Turbo+1","Panic Button+1"],"picked":"Chaos+1","floor":6},{"not_picked":["White Noise+1","Compile Driver"],"picked":"Chill+1","floor":8},{"not_picked":["Static Discharge","FIFO Queue"],"picked":"Genetic Algorithm+1","floor":10},{"not_picked":["Stack+1","Genetic Algorithm+1","Rebound"],"picked":"SKIP","floor":13},{"not_picked":["Sweeping Beam","Compile Driver","Redo+1"],"picked":"SKIP","floor":14},{"not_picked":["Reboot+1","ReplayTheSpireMod:Fabricate Wheel+1"],"picked":"Biased Cognition","floor":16},{"not_picked":["FIFO Queue","Stack+1"],"picked":"Ball Lightning+1","floor":18},{"not_picked":["Coolheaded+1","Blizzard","Sweeping Beam"],"picked":"SKIP","floor":21},{"not_picked":["Steam+1","Stack+1","ReplaySolidLightProjector+1"],"picked":"SKIP","floor":22},{"not_picked":["Hologram+1","Chill+1"],"picked":"Electrodynamics","floor":23},{"not_picked":["ReplayTheSpireMod:Omega Cannon","Buffer"],"picked":"ReplayTheSpireMod:Fabricate Wheel+1","floor":24},{"not_picked":["Leap+1","ReplayTheSpireMod:Dual Polarity+1"],"picked":"Defragment","floor":28},{"not_picked":["White Noise+1","Lockon"],"picked":"Crystallizer+1","floor":29},{"not_picked":["Rebound+1","ReplayTheSpireMod:Repulse+1","Ball Lightning"],"picked":"SKIP","floor":29},{"not_picked":["Chill+1","Leap+1","Ball Lightning+1"],"picked":"SKIP","floor":30},{"not_picked":["ReplayRNGCard+1","ReplayTheSpireMod:Omega Cannon"],"picked":"Biased Cognition","floor":33},{"not_picked":["hubris:Despair","Writhe"],"picked":"Clumsy","floor":34},{"not_picked":["Decay","hubris:Lust"],"picked":"Doubt","floor":34},{"not_picked":["hubris:Envy","downfall:Malfunctioning"],"picked":"Regret","floor":34},{"not_picked":["Coolheaded+1","Panic Button+1","ReplayTheSpireMod:System Scan+1"],"picked":"SKIP","floor":35},{"not_picked":["ReplaySolidLightProjector+1","Beam Cell","Hologram+1"],"picked":"SKIP","floor":35},{"not_picked":["Compile Driver","BootSequence+1","Rebound"],"picked":"SKIP","floor":36},{"not_picked":["Storm","Barrage","Redo+1"],"picked":"SKIP","floor":36},{"not_picked":["BasicCrystalCard+1","Storm+1"],"picked":"Biased Cognition","floor":40},{"not_picked":["Streamline","Sweeping Beam+1","Cold Snap"],"picked":"SKIP","floor":44},{"not_picked":["Gash+1","Compile Driver","Sweeping Beam+1"],"picked":"SKIP","floor":44},{"not_picked":["Doom and Gloom+1","Stack+1","Steam Power+1"],"picked":"SKIP","floor":46},{"not_picked":["Go for the Eyes+1","Cold Snap+1","Reprogram+1"],"picked":"SKIP","floor":46},{"not_picked":["Hello World+1","Stack+1","Genetic Algorithm+1"],"picked":"SKIP","floor":47},{"not_picked":["Hologram+1","Conserve Battery+1","Doom and Gloom+1"],"picked":"SKIP","floor":48},{"not_picked":["hubris:Ukulele","Streamline","Scrape"],"picked":"SKIP","floor":48},{"not_picked":["Stack+1","hubris:SpiceAddiction","Lockon+1","champ:EnGarde"],"picked":"SKIP","floor":54}],"player_experience":197511,"relics_obtained":[{"floor":6,"key":"Whetstone"},{"floor":9,"key":"Nunchaku"},{"floor":23,"key":"Lantern"},{"floor":26,"key":"MealTicket"},{"floor":30,"key":"DataDisk"},{"floor":38,"key":"Replay:WaspNest"},{"floor":40,"key":"The Courier"},{"floor":42,"key":"HornCleat"},{"floor":47,"key":"Replay:Bottled Snecko"},{"floor":54,"key":"hubris:Reverence"}],"event_choices":[{"damage_healed":0,"gold_gain":0,"player_choice":"Box","damage_taken":0,"relics_obtained":["ReplayTheSpireMod:Lightbulb"],"max_hp_gain":0,"max_hp_loss":0,"event_name":"Big Fish","floor":0,"gold_loss":0,"cards_obtained":["Regret"]},{"damage_healed":0,"gold_gain":0,"player_choice":"Damaged","damage_taken":7,"max_hp_gain":0,"max_hp_loss":0,"event_name":"Wheel of Change","floor":3,"gold_loss":0},{"damage_healed":0,"gold_gain":0,"player_choice":"Read","damage_taken":0,"max_hp_gain":0,"max_hp_loss":0,"event_name":"The Library","floor":31,"gold_loss":0,"cards_obtained":["Conserve Battery"]},{"damage_healed":22,"gold_gain":0,"player_choice":"Writhe","damage_taken":0,"max_hp_gain":0,"max_hp_loss":0,"event_name":"Winding Halls","floor":39,"gold_loss":0,"cards_obtained":["Writhe"]}],"is_beta":false,"boss_relics":[{"not_picked":["Sozu","Black Star"],"picked":"Ring of Chaos"},{"not_picked":["Snecko Eye","Coffee Dripper"],"picked":"Replay:Ancient Bell"},{"not_picked":["Replay:Rubber Ducky","Centennial Puzzle"],"picked":"hubris:TenFootPole"},{"not_picked":["Replay:Bottled Eggs","Frozen Egg 2"],"picked":"hubris:RGBLights"},{"not_picked":["Counterbalance","Prayer Wheel"],"picked":"hubris:Zylophone"}],"items_purged_floors":[2,5,24,53],"is_endless":false,"potions_floor_spawned":[6,8,16,18,29,30,36,46,54],"ascension_level":7}}