{"host":"mydft8i2zzydgggw","time":1611444599,"event":{"mods":["AchievementEnabler","BaseMod","BetterRewards","Colored Map","Colored Powertips","DeckTracker","Keyboard Shortcuts","Minty Spire (QoL Compilation)","Rare Cards Sparkle","StSLib","SuperFastMode","everything is the same but u backflip on backflip"],"gold_per_floor":[366,376,128,145,145,145,189,189,213,213,236,255,325,350,350,471,471,485,230,243,261,261,261,597,618,668,711,729,747,747,747],"floor_reached":30,"language":"KOR","playtime":870,"items_purged":["Strike_B","Strike_B"],"score":463,"play_id":"3461a407-0ed4-4a66-9f48-af5889593a8e","local_time":"20210124082959","is_ascension_mode":true,"campfire_choices":[{"data":"Coolheaded","floor":6.0,"key":"SMITH"},{"data":"Coolheaded","floor":10.0,"key":"SMITH"},{"data":"Defragment","floor":15.0,"key":"SMITH"},{"floor":23,"key":"RECALL"}],"circlet_count":0,"master_deck":["AscendersBane","Strike_B","Strike_B","Defend_B","Defend_B","Defend_B","Defend_B","Zap","Dualcast","Barrage","Streamline","Coolheaded+1","Coolheaded+1","Doom and Gloom","Coolheaded","Defragment+1","Skim","Compile Driver","Echo Form","Self Repair","Defragment+1","Blizzard+1","Go for the Eyes","Static Discharge+1","FTL"],"relics":["Cracked Core","Medical Kit","Golden Idol","Happy Flower","Strawberry","Incense Burner","Fusion Hammer","DollysMirror","Old Coin","Bag of Marbles","Nunchaku"],"acts_visited":["Exordium","TheCity"],"potions_floor_usage":[30,30],"damage_taken":[{"damage":2.0,"enemies":"2 Louse","floor":1.0,"turns":2.0},{"damage":2.0,"enemies":"Jaw Worm","floor":2.0,"turns":3.0},{"damage":1.0,"enemies":"Cultist","floor":4.0,"turns":3.0},{"damage":21.0,"enemies":"Gremlin Nob","floor":7.0,"turns":5.0},{"damage":12.0,"enemies":"Blue Slaver","floor":11.0,"turns":4.0},{"damage":0.0,"enemies":"Exordium Wildlife","floor":12.0,"turns":3.0},{"damage":25.0,"enemies":"Lagavulin Event","floor":13.0,"turns":5.0},{"damage":6.0,"enemies":"Looter","floor":14.0,"turns":3.0},{"damage":10.0,"enemies":"Slime Boss","floor":16.0,"turns":11.0},{"damage":0.0,"enemies":"Chosen","floor":18.0,"turns":4.0},{"damage":18.0,"enemies":"3 Byrds","floor":20.0,"turns":4.0},{"damage":1,"enemies":"Centurion and Healer","floor":21,"turns":6},{"damage":20,"enemies":"Book of Stabbing","floor":24,"turns":7},{"damage":3,"enemies":"Snake Plant","floor":25,"turns":5},{"damage":43,"enemies":"Gremlin Leader","floor":27,"turns":7},{"damage":13,"enemies":"Cultist and Chosen","floor":28,"turns":5},{"damage":3,"enemies":"Sentry and Sphere","floor":29,"turns":5},{"damage":31,"enemies":"Slavers","floor":30,"turns":4}],"seed_played":"4388592733525864922","potions_obtained":[{"floor":2.0,"key":"Weak Potion"},{"floor":11.0,"key":"Regen Potion"},{"floor":14.0,"key":"Weak Potion"},{"floor":27,"key":"ColorlessPotion"},{"floor":29,"key":"DistilledChaos"}],"is_trial":false,"path_per_floor":["M","M","$","M","?","R","E","?","T","R","M","M","?","M","R","B",null,"M","$","M","M","?","R","E","M","T","E","M","M","E"],"character_chosen":"DEFECT","items_purchased":["Coolheaded","Medical Kit","DollysMirror"],"campfire_rested":0,"item_purchase_floors":[3,3,19],"current_hp_per_floor":[66,64,64,63,63,63,42,47,54,54,42,51,26,20,20,10,59,59,59,41,47,75,75,62,73,73,37,31,28,0,0],"gold":747,"neow_bonus":"TWO_FIFTY_GOLD","is_daily":false,"chose_seed":false,"campfire_upgraded":3,"win_rate":0.0,"timestamp":1611444599,"path_taken":["M","M","$","M","?","R","E","?","T","R","M","M","?","M","R","BOSS","M","$","M","M","?","R","E","M","T","E","M","M","E"],"items_purchased_type":["Card","Relic","Relic"],"build_version":"2020-12-22","purchased_purges":2,"victory":false,"max_hp_per_floor":[68,68,68,68,63,63,63,68,75,75,75,75,75,75,75,75,75,75,75,75,75,75,75,75,75,75,75,75,75,75,75],"card_choices":[{"not_picked":["Barrage","Turbo","Steam"],"picked":"SKIP","floor":1.0},{"not_picked":["Turbo","Steam"],"picked":"Barrage","floor":1.0},{"not_picked":["Conserve Battery","Stack"],"picked":"Streamline","floor":2.0},{"not_picked":["Streamline","Chill"],"picked":"Coolheaded","floor":4.0},{"not_picked":["Ball Lightning","Hologram"],"picked":"Doom and Gloom","floor":7.0},{"not_picked":["Leap","Rebound"],"picked":"Coolheaded","floor":11.0},{"not_picked":["Gash","Genetic Algorithm"],"picked":"Defragment","floor":12.0},{"not_picked":["Redo","Hyperbeam"],"picked":"Skim","floor":13.0},{"not_picked":["Barrage","Streamline"],"picked":"Compile Driver","floor":14.0},{"not_picked":["Buffer","Multi-Cast"],"picked":"Echo Form","floor":16.0},{"not_picked":["Rebound","Steam"],"picked":"Self Repair","floor":18.0},{"not_picked":["Streamline+1","Redo","BootSequence"],"picked":"SKIP","floor":20.0},{"not_picked":["Beam Cell","Rebound+1","Skim"],"picked":"SKIP","floor":21},{"not_picked":["Ball Lightning+1","Sweeping Beam"],"picked":"Blizzard+1","floor":24},{"not_picked":["Rebound","Steam"],"picked":"Go for the Eyes","floor":25},{"not_picked":["Darkness","Coolheaded"],"picked":"Static Discharge+1","floor":27},{"not_picked":["Hologram","Coolheaded"],"picked":"FTL","floor":28},{"not_picked":["Chaos","White Noise","Rip and Tear"],"picked":"SKIP","floor":29}],"player_experience":199245,"relics_obtained":[{"floor":7.0,"key":"Happy Flower"},{"floor":9.0,"key":"Strawberry"},{"floor":13.0,"key":"Incense Burner"},{"floor":24,"key":"Old Coin"},{"floor":26,"key":"Bag of Marbles"},{"floor":27,"key":"Nunchaku"}],"event_choices":[{"damage_healed":0.0,"max_hp_gain":0.0,"max_hp_loss":5.0,"gold_gain":0.0,"event_name":"Golden Idol","player_choice":"Lose Max HP","floor":5.0,"gold_loss":0.0,"damage_taken":0.0,"relics_obtained":["Golden Idol"]},{"damage_healed":0.0,"max_hp_gain":5.0,"max_hp_loss":0.0,"gold_gain":0.0,"event_name":"Big Fish","player_choice":"Donut","floor":8.0,"gold_loss":0.0,"damage_taken":0.0},{"damage_healed":0.0,"max_hp_gain":0.0,"max_hp_loss":0.0,"gold_gain":0.0,"event_name":"Dead Adventurer","player_choice":"Searched \u00271\u0027 times","floor":13.0,"gold_loss":0.0,"damage_taken":0.0},{"damage_healed":28,"gold_gain":0,"player_choice":"Full Heal","damage_taken":0,"max_hp_gain":0,"max_hp_loss":0,"event_name":"Wheel of Change","floor":22,"gold_loss":0}],"is_beta":false,"boss_relics":[{"not_picked":["Astrolabe","Philosopher\u0027s Stone"],"picked":"Fusion Hammer"}],"items_purged_floors":[3,19],"is_endless":false,"potions_floor_spawned":[2,11,14,27,29],"killed_by":"Slavers","ascension_level":12}}