{"host":"l15sdf2mmi0nobpi","time":1611397365,"event":{"mods":["ATMod(°¢èªMod)","BaseMod","Highlight Path","Minty Spire (QoL Compilation)","Quick Restart","StSLib","¡¾¹¦ÄÜMod¡¿Neow½±Àø"],"gold_per_floor":[117,131,131,56,156,156,191,205,205,205,39,69,87,103,103,175,175,195,209,209,220,294,328,328,360,360,389,489,489,507,522,522,600,600,617,628,628,528,578,609,609,641,641,641,671,694,725,141,141,141,141,141,141,58,86,86],"floor_reached":57,"language":"ZHS","playtime":1724,"items_purged":["Regret","Strike_G","Strike_G"],"score":3741,"play_id":"77afc538-29e8-47f1-8009-1f8b6f746188","local_time":"20210123182245","is_ascension_mode":true,"campfire_choices":[{"data":"AT_MachinaRedman","floor":6.0,"key":"SMITH"},{"data":"Neutralize","floor":10.0,"key":"SMITH"},{"data":"MasterReality","floor":15.0,"key":"SMITH"},{"data":"Chrysalis","floor":24.0,"key":"SMITH"},{"data":"Recycle","floor":29,"key":"SMITH"},{"floor":32,"key":"RECALL"},{"data":"AT_BodySlamDance","floor":44,"key":"SMITH"},{"data":"Skim","floor":49,"key":"SMITH"},{"data":"Backflip","floor":53,"key":"SMITH"}],"circlet_count":0,"master_deck":["AscendersBane","Strike_G","Strike_G","Defend_G","Defend_G","Defend_G","Defend_G","Defend_G","Survivor","Neutralize+1","AT_MachinaRedman+1","Deflect","Backflip+1","MasterReality+1","Chrysalis+1","Recycle+1","Warcry+1","AT_BodySlamDance+1","Turbo+1","Shockwave+1","Skim+1","Blade Dance+1"],"relics":["Ring of the Snake","AT_ATBox","AT_LudenTempest","AT_BladeRuinedKing","Mercury Hourglass","PrismaticShard","Lizard Tail","AT_TrinityForce","Kunai","Blood Vial","Gremlin Horn","Paper Crane","Matryoshka","Dead Branch","AT_BellowingDragoncrestRing","Philosopher\u0027s Stone","AT_GoldPhoenixTree","CaptainsWheel","Molten Egg 2","Juzu Bracelet","Boot","Calipers","MawBank","Ice Cream","Medical Kit","Pantograph"],"acts_visited":["Exordium","TheCity","TheBeyond","TheEnding"],"potions_floor_usage":[],"damage_taken":[{"damage":0.0,"enemies":"2 Louse","floor":1.0,"turns":2.0},{"damage":0.0,"enemies":"Jaw Worm","floor":2.0,"turns":4.0},{"damage":8.0,"enemies":"Gremlin Nob","floor":7.0,"turns":3.0},{"damage":0.0,"enemies":"Cultist","floor":8.0,"turns":2.0},{"damage":0.0,"enemies":"Lagavulin","floor":12.0,"turns":2.0},{"damage":0.0,"enemies":"Blue Slaver","floor":13.0,"turns":2.0},{"damage":0.0,"enemies":"Exordium Thugs","floor":14.0,"turns":2.0},{"damage":0.0,"enemies":"Slime Boss","floor":16.0,"turns":3.0},{"damage":0.0,"enemies":"Shell Parasite","floor":18.0,"turns":2.0},{"damage":0.0,"enemies":"3 Byrds","floor":19.0,"turns":1.0},{"damage":0.0,"enemies":"Snake Plant","floor":21.0,"turns":2.0},{"damage":4.0,"enemies":"Book of Stabbing","floor":23.0,"turns":3.0},{"damage":0.0,"enemies":"Gremlin Leader","floor":25.0,"turns":2.0},{"damage":0.0,"enemies":"Book of Stabbing","floor":27.0,"turns":2.0},{"damage":0.0,"enemies":"Colosseum Slavers","floor":28.0,"turns":2.0},{"damage":1.0,"enemies":"Colosseum Nobs","floor":28.0,"turns":2.0},{"damage":0,"enemies":"Centurion and Healer","floor":30,"turns":1},{"damage":0,"enemies":"Shelled Parasite and Fungi","floor":31,"turns":1},{"damage":0,"enemies":"Champ","floor":33,"turns":1},{"damage":0,"enemies":"Orb Walker","floor":35,"turns":1},{"damage":0,"enemies":"3 Shapes","floor":36,"turns":1},{"damage":0,"enemies":"2 Orb Walkers","floor":39,"turns":1},{"damage":0,"enemies":"Giant Head","floor":40,"turns":2},{"damage":0,"enemies":"Reptomancer","floor":42,"turns":1},{"damage":0,"enemies":"Nemesis","floor":45,"turns":2},{"damage":0,"enemies":"Writhing Mass","floor":46,"turns":2},{"damage":0,"enemies":"4 Shapes","floor":47,"turns":1},{"damage":0,"enemies":"Awakened One","floor":50,"turns":2},{"damage":0,"enemies":"Donu and Deca","floor":51,"turns":2},{"damage":0,"enemies":"Shield and Spear","floor":55,"turns":2},{"damage":23,"enemies":"The Heart","floor":56,"turns":5}],"seed_played":"7948205080989347872","potions_obtained":[{"floor":7.0,"key":"Block Potion"},{"floor":8.0,"key":"EssenceOfSteel"},{"floor":19.0,"key":"CunningPotion"},{"floor":31,"key":"CunningPotion"}],"is_trial":false,"path_per_floor":["M","M","?","$","?","R","E","M","T","R","$","E","M","M","R","B",null,"M","M","?","M","T","E","R","E","T","E","?","R","M","M","R","B",null,"M","M","?","$","?","E","T","E","T","R","E","M","M","$","R","B","B",null,"R","$","E","B",null],"character_chosen":"THE_SILENT","items_purchased":["PrismaticShard","Ice Cream","Medical Kit","GamblersBrew"],"campfire_rested":0,"item_purchase_floors":[11,48,48,54],"current_hp_per_floor":[59,59,59,59,59,59,51,51,51,51,51,51,51,51,51,51,62,62,62,62,62,62,58,58,60,60,62,65,65,66,66,66,66,66,66,66,66,66,66,66,66,66,66,66,66,66,66,66,66,66,66,66,66,66,66,43],"gold":86,"neow_bonus":"THREE_CARDS","is_daily":false,"chose_seed":false,"campfire_upgraded":8,"win_rate":0.0,"timestamp":1611397365,"path_taken":["M","M","?","$","?","R","E","M","T","R","$","E","M","?","R","BOSS","M","M","?","M","?","E","R","E","T","E","?","R","M","M","R","BOSS","M","M","?","$","?","E","?","E","T","R","E","M","M","$","R","BOSS","BOSS","R","$","E","BOSS"],"items_purchased_type":["Relic","Relic","Relic","Potion"],"build_version":"2020-12-22","purchased_purges":3,"victory":true,"max_hp_per_floor":[66,66,66,66,66,66,66,66,66,66,66,66,66,66,66,66,66,66,66,66,66,66,66,66,66,66,66,66,66,66,66,66,66,66,66,66,66,66,66,66,66,66,66,66,66,66,66,66,66,66,66,66,66,66,66,66],"card_choices":[{"not_picked":["Bane","Poisoned Stab"],"picked":"Deflect","floor":0.0},{"not_picked":["Dodge and Roll","Crippling Poison"],"picked":"Backflip","floor":1.0},{"not_picked":["Finisher","Poisoned Stab","PiercingWail"],"picked":"SKIP","floor":2.0},{"not_picked":["AT_WindFlip","Dagger Throw","AT_ThistleTea"],"picked":"SKIP","floor":7.0},{"not_picked":["Dagger Throw","Caltrops","Sucker Punch"],"picked":"SKIP","floor":8.0},{"not_picked":["Bane","AT_PowerWithin"],"picked":"MasterReality","floor":12.0},{"not_picked":["Sweeping Beam","AT_IchimonjiDouble","Hemokinesis"],"picked":"SKIP","floor":13.0},{"not_picked":["Trip","Deadly Poison","Flying Knee"],"picked":"SKIP","floor":14.0},{"not_picked":["Doppelganger","AT_FalsePromise"],"picked":"Chrysalis","floor":16.0},{"not_picked":["Sweeping Beam","Protect","Flame Barrier"],"picked":"SKIP","floor":18.0},{"not_picked":["Seeing Red","Havoc"],"picked":"Recycle","floor":19.0},{"not_picked":["Leg Sweep","AT_IchimonjiDouble"],"picked":"Warcry+1","floor":21.0},{"not_picked":["Reckless Charge","Electrodynamics"],"picked":"AT_BodySlamDance","floor":23.0},{"not_picked":["Stack","Force Field","ThirdEye"],"picked":"SKIP","floor":25.0},{"not_picked":["Halt","Armaments","Bouncing Flask+1"],"picked":"SKIP","floor":27.0},{"not_picked":["Deadly Poison","Protect","AT_HeatAcrobatics"],"picked":"SKIP","floor":30},{"not_picked":["Wild Strike","Leap","Distraction"],"picked":"SKIP","floor":31},{"not_picked":["Wild Strike","Leap","Distraction"],"picked":"SKIP","floor":31},{"not_picked":["AT_OneInchPunch","Steam"],"picked":"Turbo+1","floor":35},{"not_picked":["Backflip","AT_CaressingTears"],"picked":"Shockwave+1","floor":36},{"not_picked":["Reinforced Body","Underhanded Strike","AT_HeatAcrobatics"],"picked":"SKIP","floor":40},{"not_picked":["Sanctity","Thunderclap+1","Trip"],"picked":"SKIP","floor":42},{"not_picked":["AT_HeatAcrobatics","LikeWater+1"],"picked":"Skim","floor":45},{"not_picked":["Swift Strike+1","Double Energy+1"],"picked":"Blade Dance+1","floor":46},{"not_picked":["Barrage+1","Multi-Cast","Conserve Battery"],"picked":"SKIP","floor":47},{"not_picked":["Metamorphosis","Swift Strike+1","Adaptation+1"],"picked":"SKIP","floor":55}],"player_experience":484417,"relics_obtained":[{"floor":7.0,"key":"AT_BladeRuinedKing"},{"floor":9.0,"key":"Mercury Hourglass"},{"floor":12.0,"key":"Lizard Tail"},{"floor":22.0,"key":"Kunai"},{"floor":23.0,"key":"Blood Vial"},{"floor":25.0,"key":"Gremlin Horn"},{"floor":26.0,"key":"Paper Crane"},{"floor":27.0,"key":"Matryoshka"},{"floor":28,"key":"Dead Branch"},{"floor":28,"key":"AT_BellowingDragoncrestRing"},{"floor":39,"key":"AT_GoldPhoenixTree"},{"floor":40,"key":"CaptainsWheel"},{"floor":41,"key":"Molten Egg 2"},{"floor":42,"key":"Juzu Bracelet"},{"floor":43,"key":"Boot"},{"floor":43,"key":"Calipers"},{"floor":45,"key":"MawBank"},{"floor":55,"key":"Pantograph"}],"event_choices":[{"damage_healed":0.0,"max_hp_gain":0.0,"max_hp_loss":0.0,"gold_gain":0.0,"event_name":"Big Fish","player_choice":"Box","floor":3.0,"gold_loss":0.0,"damage_taken":0.0,"relics_obtained":["AT_LudenTempest"],"cards_obtained":["Regret"]},{"damage_healed":0.0,"max_hp_gain":0.0,"max_hp_loss":0.0,"gold_gain":100.0,"event_name":"Wheel of Change","player_choice":"Gold","floor":5.0,"gold_loss":0.0,"damage_taken":0.0},{"damage_healed":0.0,"max_hp_gain":0.0,"max_hp_loss":0.0,"gold_gain":0.0,"event_name":"Vampires","player_choice":"Ignored","floor":20.0,"gold_loss":0.0,"damage_taken":0.0},{"damage_healed":0.0,"max_hp_gain":0.0,"max_hp_loss":0.0,"gold_gain":0.0,"event_name":"Colosseum","player_choice":"Fight","floor":28.0,"gold_loss":0.0,"damage_taken":0.0},{"damage_healed":0.0,"max_hp_gain":0.0,"max_hp_loss":0.0,"gold_gain":0.0,"event_name":"Colosseum","player_choice":"Fought Nobs","floor":28.0,"gold_loss":0.0,"damage_taken":0.0},{"cards_removed":["Strike_G"],"damage_healed":0,"gold_gain":0,"player_choice":"Removed Attack","damage_taken":0,"max_hp_gain":0,"max_hp_loss":0,"event_name":"Falling","floor":37,"gold_loss":0},{"damage_healed":0,"gold_gain":0,"player_choice":"Fight","damage_taken":0,"max_hp_gain":0,"max_hp_loss":0,"event_name":"Mysterious Sphere","floor":39,"gold_loss":0}],"is_beta":false,"boss_relics":[{"not_picked":["Busted Crown","HoveringKite"],"picked":"AT_TrinityForce"},{"not_picked":["Runic Dome","Black Star"],"picked":"Philosopher\u0027s Stone"}],"items_purged_floors":[4,38,48],"is_endless":false,"potions_floor_spawned":[7,8,14,18,19,21,28,31,35,36,40,45],"ascension_level":20}}