{"host":"nf6g0xecy3kjsu8m","time":1611407163,"event":{"mods":["BaseMod","Downfall","Minty Spire (QoL Compilation)","Replay The Spire","StSLib"],"gold_per_floor":[111,36,109,109,126,126,140,140,164,164,87,87,87,103,103,103,103],"floor_reached":16,"language":"ZHS","playtime":299,"items_purged":["Strike_R"],"score":141,"play_id":"275391df-f2a3-48d6-8280-1697022275c1","local_time":"20210123210603","is_ascension_mode":true,"campfire_choices":[{"data":"Bash","floor":6,"key":"SMITH"},{"data":"Cleave","floor":8,"key":"SMITH"},{"data":"Headbutt","floor":10,"key":"SMITH"},{"data":"Offering","floor":13,"key":"SMITH"},{"data":"Strike_R","floor":15,"key":"PURGE"}],"circlet_count":0,"master_deck":["AscendersBane","Strike_R","Strike_R","Strike_R","Defend_R","Defend_R","Defend_R","Defend_R","Wild Strike","Headbutt+1","Cleave+1","Offering+1","Eruption+1","Infernal Blade"],"relics":["Ring of Chaos","Replay:Wax Seal","Juzu Bracelet"],"acts_visited":["Exordium"],"potions_floor_usage":[16],"damage_taken":[{"damage":6,"enemies":"Cultist","floor":1,"turns":3},{"damage":0,"enemies":"Small Slimes","floor":5,"turns":3},{"damage":12,"enemies":"Jaw Worm","floor":7,"turns":2},{"damage":0,"enemies":"Large Slime","floor":14,"turns":3},{"damage":47,"enemies":"The Guardian","floor":16,"turns":3}],"seed_played":"-3666458096136438366","potions_obtained":[{"floor":7,"key":"SkillPotion"}],"is_trial":false,"path_per_floor":["M","$","?","?","M","R","M","R","T","R","$","?","R","M","R","B"],"character_chosen":"IRONCLAD","items_purchased":["Offering"],"campfire_rested":0,"item_purchase_floors":[11],"current_hp_per_floor":[66,66,66,59,59,59,47,47,47,47,47,47,47,47,47,0,0],"gold":103,"neow_bonus":"BOSS_RELIC","is_daily":false,"chose_seed":false,"campfire_upgraded":4,"win_rate":0.0,"timestamp":1611407163,"path_taken":["M","$","?","?","M","R","M","R","T","R","$","?","R","M","R","BOSS"],"items_purchased_type":["Card"],"build_version":"2020-12-22","purchased_purges":1,"victory":false,"max_hp_per_floor":[80,80,80,80,80,80,80,80,80,80,80,80,80,80,80,80,80],"card_choices":[{"not_picked":["Sever Soul","Thunderclap"],"picked":"Wild Strike","floor":1},{"not_picked":["Perfected Strike","Body Slam"],"picked":"Headbutt","floor":5},{"not_picked":["Havoc","Perfected Strike"],"picked":"Cleave","floor":7},{"not_picked":["Heavy Blade","Anger"],"picked":"Infernal Blade","floor":14}],"player_experience":189819,"relics_obtained":[{"floor":9,"key":"Juzu Bracelet"}],"event_choices":[{"damage_healed":0,"gold_gain":73,"player_choice":"Gained Gold","damage_taken":0,"max_hp_gain":0,"max_hp_loss":0,"event_name":"Golden Wing","floor":3,"gold_loss":0},{"damage_healed":0,"gold_gain":0,"player_choice":"Success","damage_taken":7,"relics_obtained":["Replay:Wax Seal"],"max_hp_gain":0,"max_hp_loss":0,"event_name":"Scrap Ooze","floor":4,"gold_loss":0}],"is_beta":false,"boss_relics":[],"items_purged_floors":[2],"is_endless":false,"potions_floor_spawned":[7],"killed_by":"The Guardian","ascension_level":12}}