{"host":"agbyy69nq62afhwx","time":1611418697,"event":{"mods":["BaseMod","Colored Map","DeckTracker","Highlight Path","Keyboard Shortcuts","Minty Spire (QoL Compilation)","Quick Restart","StSLib","SuperFastMode","everything is the same but u backflip on backflip"],"gold_per_floor":[119,130,140,153,153,153,54,79,79,79,93,104,104,104,104,181,181,193,210,210,227,227,227],"floor_reached":22,"language":"KOR","playtime":634,"items_purged":["Strike_B"],"score":357,"play_id":"8101c2be-0c66-43eb-b49c-ae1bda3623a6","local_time":"20210124011817","is_ascension_mode":true,"campfire_choices":[{"data":"Ball Lightning","floor":6.0,"key":"SMITH"},{"data":"Defragment","floor":10.0,"key":"SMITH"},{"data":"Go for the Eyes","floor":13.0,"key":"SMITH"},{"data":"Ball Lightning","floor":15.0,"key":"SMITH"}],"circlet_count":0,"master_deck":["AscendersBane","Strike_B","Strike_B","Strike_B","Defend_B","Defend_B","Defend_B","Defend_B","Zap","Dualcast","Fission+1","Steam","Conserve Battery","Ball Lightning+1","Cold Snap","Ball Lightning+1","Defragment+1","Seek","Go for the Eyes+1","Thunder Strike","Recycle","Writhe","Creative AI+1"],"relics":["Cracked Core","Meat on the Bone","Frozen Egg 2","Sozu","Darkstone Periapt"],"acts_visited":["Exordium","TheCity"],"potions_floor_usage":[22],"damage_taken":[{"damage":7.0,"enemies":"Jaw Worm","floor":1.0,"turns":3.0},{"damage":6.0,"enemies":"Cultist","floor":2.0,"turns":3.0},{"damage":0.0,"enemies":"Small Slimes","floor":3.0,"turns":4.0},{"damage":29.0,"enemies":"Exordium Wildlife","floor":4.0,"turns":6.0},{"damage":10.0,"enemies":"Lagavulin","floor":8.0,"turns":5.0},{"damage":0.0,"enemies":"3 Louse","floor":11.0,"turns":2.0},{"damage":9.0,"enemies":"Lots of Slimes","floor":12.0,"turns":3.0},{"damage":6.0,"enemies":"The Guardian","floor":16.0,"turns":13.0},{"damage":14.0,"enemies":"3 Byrds","floor":18.0,"turns":3.0},{"damage":20.0,"enemies":"Chosen","floor":19.0,"turns":4.0},{"damage":44.0,"enemies":"Shelled Parasite and Fungi","floor":21.0,"turns":6.0},{"damage":13,"enemies":"Cultist and Chosen","floor":22,"turns":5}],"seed_played":"8625156363357505754","potions_obtained":[{"floor":4.0,"key":"LiquidMemories"},{"floor":8.0,"key":"Energy Potion"}],"is_trial":false,"path_per_floor":["M","M","M","M","?","R","$","E","T","R","M","M","R","?","R","B",null,"M","M","?","M","M"],"character_chosen":"DEFECT","items_purchased":["Ball Lightning"],"campfire_rested":0,"item_purchase_floors":[7],"current_hp_per_floor":[57,51,51,22,22,22,22,12,12,12,24,27,27,32,32,38,67,53,45,51,19,6,6],"gold":227,"neow_bonus":"ONE_RANDOM_RARE_CARD","is_daily":false,"chose_seed":false,"campfire_upgraded":4,"win_rate":0.0,"timestamp":1611418697,"path_taken":["M","M","M","M","?","R","$","E","T","R","?","M","R","?","R","BOSS","M","M","?","M","M"],"items_purchased_type":["Card"],"build_version":"2020-12-22","purchased_purges":1,"victory":false,"max_hp_per_floor":[71,71,71,71,71,71,71,71,71,71,71,71,71,76,76,76,76,76,76,82,82,82,82],"card_choices":[{"not_picked":["Hologram","Turbo"],"picked":"Steam","floor":1.0},{"not_picked":["Capacitor","Steam Power"],"picked":"Conserve Battery","floor":2.0},{"not_picked":["Blizzard","Double Energy"],"picked":"Ball Lightning","floor":3.0},{"not_picked":["Coolheaded","Hologram"],"picked":"Cold Snap","floor":4.0},{"not_picked":["Conserve Battery","Compile Driver"],"picked":"Defragment","floor":8.0},{"not_picked":["Ball Lightning","Storm+1"],"picked":"Seek","floor":11.0},{"not_picked":["BootSequence","Cold Snap"],"picked":"Go for the Eyes","floor":12.0},{"not_picked":["Amplify","Multi-Cast"],"picked":"Thunder Strike","floor":16.0},{"not_picked":["Rebound","Gash"],"picked":"Recycle","floor":18.0},{"not_picked":["Go for the Eyes","Leap","Doom and Gloom"],"picked":"SKIP","floor":19.0},{"not_picked":["Conserve Battery","Ball Lightning"],"picked":"Creative AI+1","floor":21.0}],"player_experience":453802,"relics_obtained":[{"floor":8.0,"key":"Meat on the Bone"},{"floor":9.0,"key":"Frozen Egg 2"}],"event_choices":[{"damage_healed":0.0,"max_hp_gain":0.0,"max_hp_loss":0.0,"gold_gain":0.0,"event_name":"Upgrade Shrine","player_choice":"Upgraded","floor":5.0,"gold_loss":0.0,"damage_taken":0.0,"cards_upgraded":["Fission"]},{"damage_healed":0.0,"max_hp_gain":5.0,"max_hp_loss":0.0,"gold_gain":0.0,"event_name":"Big Fish","player_choice":"Donut","floor":14.0,"gold_loss":0.0,"damage_taken":0.0},{"damage_healed":0.0,"max_hp_gain":0.0,"max_hp_loss":0.0,"gold_gain":0.0,"event_name":"The Mausoleum","player_choice":"Opened","floor":20.0,"gold_loss":0.0,"damage_taken":0.0,"relics_obtained":["Darkstone Periapt"],"cards_obtained":["Writhe"]}],"is_beta":false,"boss_relics":[{"not_picked":["SlaversCollar","Calling Bell"],"picked":"Sozu"}],"items_purged_floors":[7],"is_endless":false,"potions_floor_spawned":[4,8,16,18],"killed_by":"Cultist and Chosen","ascension_level":18}}