{"host":"rjfefv2ruvigm2gb","time":1611424202,"event":{"mods":["A Penny For Your Troubles","Act Like it!","AlwaysNeverKeys","BaseMod","Better Third Choice","Block Reminder","Conspire","Curses Come First","Displayed Cursed Tome","Elementarium","Evolution","Fox Events","Gensokyo","GifTheSpireLib","Gold Saver","Googly Eyes","Hermit","HexUI Lib","Hubris","Infinite Spire","Ironclad Rager","JesterMod","Luminous","Marked Mod","Melee Mod","Mimic Mod","Minty Spire (QoL Compilation)","Mirrors Mod","Permanent Neow","Poor People Problems","QueenMod","Quick Restart","Relic Filter","Relic Stats","Replay The Spire","Retaliation","Shade Mod","Shop Mod","Small Relic Pack","StS++","StSLib","Stuff the Spire","SuperFastMode","The Blue Laboratory","The Clintock","The Sage","TheHero","Thieving Mod","Transform Curses","Uncapped","Virulent Crown","Watcher Patcher"],"gold_per_floor":[1182,1195,1195,1049,1065,1065,1093,1093,1093,1106,1123,683,683,683,683,700,700,800,800,813,832,844,727,738,738,738,690,690,700,700,700,717,717,717],"floor_reached":33,"language":"ENG","playtime":1987,"items_purged":[],"score":249,"play_id":"df41c0ce-dcda-45ce-95cd-eecbf5993685","local_time":"20210123115002","is_ascension_mode":false,"campfire_choices":[{"data":"FollowUp","floor":6,"key":"SMITH"},{"data":"FollowUp+1","floor":8,"key":"SMITH"},{"floor":17,"key":"REST"},{"floor":25,"key":"REST"},{"data":"FollowUp+2","floor":25,"key":"SMITH"},{"floor":30,"key":"REST"},{"data":"FollowUp+4","floor":30,"key":"SMITH"}],"circlet_count":0,"master_deck":["Replay:BluntJabs","Strike_P","Strike_P","Strike_P","Defend_P","Defend_P","Defend_P","Eruption","Vigilance","EmptyFist","FollowUp+5","Worship","PathToVictory","ClearTheMind","FollowUp+2","StuffTheSpire:Innocence","Magnetism","Writhe","Gensokyo:AllTheWorldsEvil","Clumsy","FearNoEvil","FlyingSleeves+1","MarkedMod:FirstStrike+1","Intimidate","PathToVictory+1","BootSequence","MarkedMod:GentlePulse"],"relics":["PureWater","EVO:Axolotl","conspire:InfiniteJournal","Replay:Baseball","Bottled Lightning","hubris:SlimyHat","DollysMirror","Replay:Bottled Flurry","Replay:Ancient Bell","Strawberry","Ginger","infinitespire:Magic Flask","BargainBundle","Boot","StSpp:JackpotMachine","Replay:Mystery Machine"],"acts_visited":["Exordium","TheCity"],"potions_floor_usage":[16,18,21,29,29,32,33],"damage_taken":[{"damage":0,"enemies":"2 Louse","floor":1,"turns":2},{"damage":0,"enemies":"Cultist","floor":2,"turns":2},{"damage":2,"enemies":"Small Slimes","floor":5,"turns":2},{"damage":14,"enemies":"Gremlin Nob","floor":7,"turns":3},{"damage":13,"enemies":"conspire:2 RoseBushes","floor":10,"turns":5},{"damage":10,"enemies":"Exordium Thugs","floor":11,"turns":3},{"damage":0,"enemies":"Large Slime","floor":16,"turns":3},{"damage":46,"enemies":"The Guardian","floor":18,"turns":8},{"damage":24,"enemies":"Shell Parasite","floor":20,"turns":5},{"damage":5,"enemies":"Chosen","floor":21,"turns":3},{"damage":0,"enemies":"conspire:HollyBat","floor":22,"turns":7},{"damage":37,"enemies":"Centurion and Healer","floor":24,"turns":7},{"damage":25,"enemies":"Shelled Parasite and Fungi","floor":29,"turns":5},{"damage":6,"enemies":"Snecko","floor":32,"turns":3},{"damage":42,"enemies":"3 Cultists","floor":33,"turns":4}],"seed_played":"1209251035291609760","potions_obtained":[{"floor":5,"key":"blueLaboratory:LouseDecoction"},{"floor":16,"key":"AttackPotion"},{"floor":20,"key":"Toxic Potion"},{"floor":21,"key":"Reflective Coating"},{"floor":32,"key":"blueLaboratory:AlphaPotion"}],"is_trial":false,"path_per_floor":["M","M","?","$","M","R","E","R","T","M","M","$","PTL","PTL","?","M","R","B",null,"M","M","M","$","M","R","?","$","T","M","R","?","M","M"],"character_chosen":"WATCHER","items_purchased":["Replay:Baseball","blueLaboratory:FruitPunch","DollysMirror","Replay:Bottled Flurry","BargainBundle","Ancient Potion","Boot","StSpp:JackpotMachine","Intimidate","Adrenaline Potion"],"campfire_rested":3,"item_purchase_floors":[4,12,12,12,23,23,23,23,23,27],"current_hp_per_floor":[72,72,72,72,70,70,56,56,56,43,33,33,33,33,26,28,50,4,81,57,52,52,52,15,39,39,39,39,14,38,38,32,0,0],"gold":717,"neow_bonus":"RANDOM_COMMON_RELIC","is_daily":false,"chose_seed":false,"campfire_upgraded":4,"win_rate":0.0,"timestamp":1611424202,"path_taken":["M","M","?","$","M","R","E","R","T","M","?","$","PTL","PTL","?","M","R","BOSS","M","M","M","$","M","R","?","$","T","?","R","?","M","M"],"items_purchased_type":["Relic","Potion","Relic","Relic","Relic","Potion","Relic","Relic","Card","Potion"],"build_version":"2020-12-22","purchased_purges":0,"victory":false,"max_hp_per_floor":[72,72,72,72,72,72,72,72,72,72,72,72,72,72,72,74,74,74,81,81,81,81,81,81,81,81,81,81,81,81,81,81,81,81],"relic_stats":{"counters":[15,62],"Ginger":[4],"Boot":[4],"obtain_stats":[{"BargainBundle":23,"StSpp:JackpotMachine":23,"hubris:SlimyHat":9,"Replay:Ancient Bell":19,"EVO:Axolotl":0,"Ginger":19,"infinitespire:Magic Flask":19,"Replay:Mystery Machine":28,"Boot":23,"conspire:InfiniteJournal":0,"Replay:Baseball":4,"DollysMirror":12,"Strawberry":19,"Replay:Bottled Flurry":12,"Bottled Lightning":7,"PureWater":0},{"BargainBundle":11,"StSpp:JackpotMachine":11,"hubris:SlimyHat":4,"Replay:Ancient Bell":8,"EVO:Axolotl":0,"Ginger":8,"infinitespire:Magic Flask":8,"Replay:Mystery Machine":12,"Boot":11,"conspire:InfiniteJournal":0,"Replay:Baseball":2,"DollysMirror":6,"Strawberry":8,"Replay:Bottled Flurry":6,"Bottled Lightning":4,"PureWater":0},{"BargainBundle":43,"StSpp:JackpotMachine":43,"hubris:SlimyHat":9,"Replay:Ancient Bell":28,"EVO:Axolotl":0,"Ginger":28,"infinitespire:Magic Flask":28,"Replay:Mystery Machine":50,"Boot":43,"conspire:InfiniteJournal":0,"Replay:Baseball":4,"DollysMirror":17,"Strawberry":28,"Replay:Bottled Flurry":17,"Bottled Lightning":9,"PureWater":0}]},"card_choices":[{"not_picked":["EmptyBody","Replay:ManipulateFuture"],"picked":"EmptyFist","floor":1},{"not_picked":["Halt","Replay:ManipulateFuture"],"picked":"FollowUp","floor":2},{"not_picked":["Tantrum","MarkedMod:GentlePulse"],"picked":"Worship","floor":5},{"not_picked":["Replay:BluntJabs","Clash","Study"],"picked":"SKIP","floor":7},{"not_picked":["Vengeance","StSpp:Renounce"],"picked":"PathToVictory","floor":10},{"not_picked":["EmptyMind","Stack"],"picked":"ClearTheMind","floor":11},{"not_picked":["EmptyFist","FollowUp","SashWhip"],"picked":"SKIP","floor":16},{"not_picked":["Devotion","Envenom"],"picked":"Magnetism","floor":18},{"not_picked":["conspire:Blindness","ReplayTheSpireMod:Splinters"],"picked":"Writhe","floor":19},{"not_picked":["hubris:Sloth","hubris:Lust"],"picked":"Gensokyo:AllTheWorldsEvil","floor":19},{"not_picked":["ReplayTheSpireMod:IOU","StuffTheSpire:GnomedCurse"],"picked":"Clumsy","floor":19},{"not_picked":["MarkedMod:Acupuncture","StSpp:LatentStrike"],"picked":"FearNoEvil","floor":20},{"not_picked":["StSpp:TimeDodge","Underhanded Strike+1"],"picked":"FlyingSleeves+1","floor":21},{"not_picked":["Vengeance","PathToVictory"],"picked":"MarkedMod:FirstStrike+1","floor":22},{"not_picked":["Outmaneuver","ReachHeaven"],"picked":"PathToVictory+1","floor":24},{"not_picked":["StSpp:Renounce","Warcry"],"picked":"BootSequence","floor":29},{"not_picked":["CutThroughFate+1","Brutality"],"picked":"MarkedMod:GentlePulse","floor":32}],"player_experience":1019699,"relics_obtained":[{"floor":7,"key":"Bottled Lightning"},{"floor":9,"key":"hubris:SlimyHat"},{"floor":28,"key":"Replay:Mystery Machine"}],"event_choices":[{"cards_removed":["Defend_P"],"damage_healed":0,"gold_gain":0,"player_choice":"Purged","damage_taken":0,"max_hp_gain":0,"max_hp_loss":0,"event_name":"Purifier","floor":3,"gold_loss":0},{"damage_healed":0,"gold_gain":0,"player_choice":"Forge","damage_taken":0,"max_hp_gain":0,"max_hp_loss":0,"event_name":"Accursed Blacksmith","floor":26,"gold_loss":0,"cards_upgraded":["FollowUp"]},{"damage_healed":0,"gold_gain":0,"player_choice":"Ignored","damage_taken":0,"max_hp_gain":0,"max_hp_loss":0,"event_name":"NoteForYourself","floor":31,"gold_loss":0}],"is_beta":false,"boss_relics":[{"not_picked":["Replay:Grab Bag","Cursed Key"],"picked":"Replay:Ancient Bell"},{"not_picked":["Orichalcum","StuffTheSpire:TintedRock"],"picked":"Strawberry"},{"not_picked":["Golden Egg","Onion Ring"],"picked":"Ginger"},{"not_picked":["Du-Vu Doll","StuffTheSpire:Nightcore"],"picked":"infinitespire:Magic Flask"}],"items_purged_floors":[],"is_endless":false,"potions_floor_spawned":[5,16,20,21,24,32],"killed_by":"3 Cultists","ascension_level":0}}