{"host":"pf47v7h0307523iy","time":1611436524,"event":{"mods":["BaseMod","Minty Spire (QoL Compilation)","Relic Stats"],"gold_per_floor":[110,110,125,200,250,279,279,293,293,52,80,112,124,155,167,255,267,290,302,314,336,273,285,325,351,363,27,45,61,86,102,102,173,173,185,485,178,196,214,247,247,247,247],"floor_reached":42,"language":"ENG","playtime":2512,"items_purged":["Doubt","Phantasmal Killer+1"],"score":1081,"play_id":"7c35a6b9-70bb-44d9-9f9c-aede9fc262c8","local_time":"20210123231524","is_ascension_mode":true,"campfire_choices":[{"data":"Well Laid Plans","floor":7,"key":"SMITH"},{"data":"Noxious Fumes","floor":13,"key":"SMITH"},{"data":"Noxious Fumes","floor":15,"key":"SMITH"},{"data":"Dagger Spray","floor":23,"key":"SMITH"},{"data":"Catalyst","floor":32,"key":"SMITH"},{"data":"Wraith Form v2","floor":41,"key":"SMITH"}],"circlet_count":0,"master_deck":["AscendersBane","Defend_G+1","Defend_G+1","Defend_G+1","Defend_G+1","Defend_G+1","Survivor","Neutralize","Well Laid Plans+1","Dash","Cloak And Dagger","Dagger Spray+1","Noxious Fumes+1","Noxious Fumes+1","Acrobatics","After Image","Calculated Gamble+1","Concentrate+1","Crippling Poison","Caltrops","Catalyst+1","Corpse Explosion","Concentrate+1","Masterful Stab+1","Wraith Form v2+1","PiercingWail","PiercingWail"],"relics":["Ring of the Snake","NeowsBlessing","Mummified Hand","Toy Ornithopter","Oddly Smooth Stone","MawBank","Cursed Key","Blue Candle","Bottled Tornado","Paper Crane","MealTicket","Astrolabe","Bronze Scales"],"acts_visited":["Exordium","TheCity","TheBeyond"],"potions_floor_usage":[11,16,16,25,29,42,42],"damage_taken":[{"damage":0,"enemies":"2 Louse","floor":1,"turns":1},{"damage":0,"enemies":"Small Slimes","floor":3,"turns":1},{"damage":0,"enemies":"3 Sentries","floor":6,"turns":2},{"damage":0,"enemies":"Cultist","floor":8,"turns":5},{"damage":2,"enemies":"Lagavulin","floor":11,"turns":7},{"damage":0,"enemies":"Blue Slaver","floor":12,"turns":4},{"damage":0,"enemies":"Looter","floor":14,"turns":4},{"damage":7,"enemies":"Hexaghost","floor":16,"turns":9},{"damage":24,"enemies":"2 Thieves","floor":18,"turns":5},{"damage":17,"enemies":"3 Byrds","floor":21,"turns":5},{"damage":17,"enemies":"Slavers","floor":24,"turns":5},{"damage":0,"enemies":"Centurion and Healer","floor":25,"turns":7},{"damage":12,"enemies":"Snake Plant","floor":28,"turns":4},{"damage":9,"enemies":"Cultist and Chosen","floor":29,"turns":6},{"damage":7,"enemies":"Book of Stabbing","floor":30,"turns":6},{"damage":0,"enemies":"3 Cultists","floor":31,"turns":4},{"damage":1,"enemies":"Champ","floor":33,"turns":11},{"damage":0,"enemies":"3 Darklings","floor":35,"turns":2},{"damage":7,"enemies":"3 Shapes","floor":38,"turns":2},{"damage":12,"enemies":"Jaw Worm Horde","floor":39,"turns":4},{"damage":44,"enemies":"Nemesis","floor":40,"turns":9},{"damage":43,"enemies":"Giant Head","floor":42,"turns":7}],"seed_played":"-7001662304333806195","potions_obtained":[{"floor":3,"key":"ColorlessPotion"},{"floor":6,"key":"Weak Potion"},{"floor":8,"key":"PowerPotion"},{"floor":12,"key":"SpeedPotion"},{"floor":14,"key":"CultistPotion"},{"floor":21,"key":"Regen Potion"},{"floor":28,"key":"PowerPotion"},{"floor":29,"key":"Poison Potion"},{"floor":38,"key":"Poison Potion"}],"is_trial":false,"path_per_floor":["M","?","M","?","?","E","R","M","T","$","E","M","R","M","R","B",null,"M","?","?","M","?","R","E","M","T","$","M","M","E","M","R","B",null,"M","?","$","M","M","E","R","E"],"character_chosen":"THE_SILENT","items_purchased":["Oddly Smooth Stone","Noxious Fumes","Paper Crane","Wraith Form v2","PiercingWail"],"campfire_rested":0,"item_purchase_floors":[10,10,27,37,37],"current_hp_per_floor":[59,59,59,48,48,48,48,48,48,48,51,51,51,51,51,54,63,39,39,76,59,59,59,42,62,62,62,50,46,39,39,39,38,67,67,67,76,69,57,13,13,0,0],"gold":247,"neow_bonus":"THREE_ENEMY_KILL","is_daily":false,"chose_seed":false,"campfire_upgraded":6,"win_rate":0.0,"timestamp":1611436524,"path_taken":["M","?","M","?","?","E","R","?","T","$","E","M","R","M","R","BOSS","M","?","?","?","?","R","E","M","T","?","M","?","E","M","R","BOSS","M","?","?","M","?","E","R","E"],"items_purchased_type":["Relic","Card","Relic","Card","Card"],"build_version":"2020-12-22","purchased_purges":2,"victory":false,"max_hp_per_floor":[66,66,66,66,66,66,66,66,66,66,66,66,66,66,66,66,66,66,66,76,76,76,76,76,76,76,76,76,76,76,76,76,76,76,76,76,76,76,76,76,76,76,76],"relic_stats":{"counters":[22,110],"Mummified Hand":[80],"Blue Candle":[0],"Astrolabe":["Phantasmal Killer","Concentrate","Masterful Stab"],"Bronze Scales":[15],"MealTicket":9,"MawBank":192,"Cursed Key":1,"obtain_stats":[{"NeowsBlessing":0,"Blue Candle":24,"Astrolabe":34,"Oddly Smooth Stone":10,"Bottled Tornado":26,"Paper Crane":27,"MawBank":11,"Cursed Key":17,"Mummified Hand":6,"Bronze Scales":40,"MealTicket":30,"Toy Ornithopter":9,"Ring of the Snake":0},{"NeowsBlessing":0,"Blue Candle":11,"Astrolabe":17,"Oddly Smooth Stone":4,"Bottled Tornado":12,"Paper Crane":12,"MawBank":5,"Cursed Key":8,"Mummified Hand":3,"Bronze Scales":21,"MealTicket":15,"Toy Ornithopter":4,"Ring of the Snake":0},{"NeowsBlessing":0,"Blue Candle":48,"Astrolabe":86,"Oddly Smooth Stone":9,"Bottled Tornado":55,"Paper Crane":55,"MawBank":16,"Cursed Key":33,"Mummified Hand":4,"Bronze Scales":103,"MealTicket":71,"Toy Ornithopter":9,"Ring of the Snake":0}],"Toy Ornithopter":35,"Ring of the Snake":[44]},"card_choices":[{"not_picked":["Flying Knee","Backstab"],"picked":"Well Laid Plans","floor":1},{"not_picked":["Flechettes","Cloak And Dagger"],"picked":"Dash","floor":3},{"not_picked":["Quick Slash","Concentrate"],"picked":"Cloak And Dagger","floor":6},{"not_picked":["Deflect","Riddle With Holes"],"picked":"Dagger Spray","floor":8},{"not_picked":["Infinite Blades","Dagger Spray"],"picked":"Noxious Fumes","floor":11},{"not_picked":["Backstab","Accuracy"],"picked":"Acrobatics","floor":12},{"not_picked":["Expertise","Choke","Finisher"],"picked":"SKIP","floor":14},{"not_picked":["Venomology","Die Die Die"],"picked":"After Image","floor":16},{"not_picked":["Dagger Spray","Flying Knee","Dodge and Roll"],"picked":"SKIP","floor":18},{"not_picked":["Acrobatics","Dagger Spray+1"],"picked":"Calculated Gamble+1","floor":21},{"not_picked":["Predator","Acrobatics"],"picked":"Concentrate+1","floor":24},{"not_picked":["Bane","Setup"],"picked":"Crippling Poison","floor":25},{"not_picked":["Outmaneuver","Quick Slash","Flying Knee"],"picked":"SKIP","floor":28},{"not_picked":["Acrobatics","Prepared"],"picked":"Caltrops","floor":29},{"not_picked":["Sucker Punch","Setup","Outmaneuver"],"picked":"SKIP","floor":30},{"not_picked":["Masterful Stab","Choke"],"picked":"Catalyst","floor":31},{"not_picked":["Adrenaline","Unload"],"picked":"Corpse Explosion","floor":33},{"not_picked":["Deadly Poison+1","Dagger Spray","Sucker Punch"],"picked":"SKIP","floor":35},{"not_picked":["Outmaneuver","Slice+1","Quick Slash"],"picked":"SKIP","floor":38},{"not_picked":["Finisher+1","Blade Dance+1","Bouncing Flask"],"picked":"SKIP","floor":39},{"not_picked":["Flechettes","Flying Knee"],"picked":"PiercingWail","floor":40}],"player_experience":1692449,"relics_obtained":[{"floor":6,"key":"Mummified Hand"},{"floor":9,"key":"Toy Ornithopter"},{"floor":11,"key":"MawBank"},{"floor":24,"key":"Blue Candle"},{"floor":26,"key":"Bottled Tornado"},{"floor":30,"key":"MealTicket"},{"floor":40,"key":"Bronze Scales"}],"event_choices":[{"damage_healed":0,"gold_gain":0,"cards_transformed":["Strike_G"],"player_choice":"Change","damage_taken":0,"max_hp_gain":0,"max_hp_loss":0,"event_name":"Living Wall","floor":2,"gold_loss":0,"cards_obtained":["Tools of the Trade"]},{"damage_healed":0,"gold_gain":75,"player_choice":"Gather Gold","damage_taken":11,"max_hp_gain":0,"max_hp_loss":0,"event_name":"World of Goop","floor":4,"gold_loss":0},{"damage_healed":0,"gold_gain":50,"player_choice":"Pray","damage_taken":0,"max_hp_gain":0,"max_hp_loss":0,"event_name":"Golden Shrine","floor":5,"gold_loss":0},{"damage_healed":0,"gold_gain":0,"player_choice":"Simplicity","damage_taken":0,"max_hp_gain":0,"max_hp_loss":0,"event_name":"Back to Basics","floor":19,"gold_loss":0,"cards_upgraded":["Strike_G","Strike_G","Strike_G","Strike_G","Defend_G","Defend_G","Defend_G","Defend_G","Defend_G"]},{"cards_removed":["Tools of the Trade"],"damage_healed":27,"gold_gain":0,"player_choice":"Offered Rare","damage_taken":0,"max_hp_gain":10,"max_hp_loss":0,"event_name":"Bonfire Elementals","floor":20,"gold_loss":0},{"cards_removed":["Strike_G"],"damage_healed":0,"gold_gain":0,"player_choice":"Gave Gold","damage_taken":0,"max_hp_gain":0,"max_hp_loss":0,"event_name":"Beggar","floor":22,"gold_loss":75},{"damage_healed":0,"gold_gain":300,"player_choice":"Gold","damage_taken":0,"max_hp_gain":0,"max_hp_loss":0,"event_name":"Wheel of Change","floor":36,"gold_loss":0}],"is_beta":false,"boss_relics":[{"not_picked":["Ectoplasm","Runic Dome"],"picked":"Cursed Key"},{"not_picked":["Empty Cage","Ring of the Serpent"],"picked":"Astrolabe"}],"items_purged_floors":[27,37],"is_endless":false,"potions_floor_spawned":[3,6,8,12,14,21,28,29,38],"killed_by":"Giant Head","ascension_level":20}}