{"host":"mpptac75auyxsbzs","time":1611430239,"event":{"mods":["BaseMod","Downfall","Minty Spire (QoL Compilation)","Random Character Button","StSLib","SuperFastMode"],"gold_per_floor":[99,131,168,200,283,315,315,341,341,374,393,93,93,93,136,231,231,231,249,266,266,319,373,373,423,523,30,30,15,15,34,77,180,180,180,196,240,240,240,240,295,310,310,344,344,30,30,60,74,74,74,108,43,43,43,43,43,43],"floor_reached":56,"language":"ENG","playtime":5309,"items_purged":["downfall:Malfunctioning"],"score":945,"play_id":"4a48e5cb-b883-4257-ba51-5b400b5280a8","local_time":"20210123203038","is_ascension_mode":false,"campfire_choices":[{"floor":1,"key":"RECALL"},{"data":"HandOfGreed","floor":12,"key":"SMITH"},{"data":"Slimebound:Gluttony","floor":18,"key":"SMITH"},{"data":"Slimebound:AcidTongue","floor":28,"key":"SMITH"},{"data":"Slimebound:DouseInSlime","floor":35,"key":"SMITH"},{"data":"Slimebound:SpikyOuterGoop","floor":43,"key":"SMITH"},{"data":"Slimebound:HauntingLick","floor":47,"key":"SMITH"},{"data":"Slimebound:MegaLick","floor":54,"key":"SMITH"}],"circlet_count":0,"master_deck":["Slimebound:Tackle+1","Slimebound:Defend_Slimebound+1","Slimebound:Defend_Slimebound","Slimebound:Defend_Slimebound","Slimebound:Defend_Slimebound","Slimebound:Split","Slimebound:CorrosiveSpit","HandOfGreed+1","Slimebound:HauntingLick","Slimebound:SplitMire","Slimebound:AcidTongue+1","Slimebound:Gluttony+1","Slimebound:LivingWall","Slimebound:Schlurp","Slimebound:Schlurp+1","Slimebound:GoopSpray","Slimebound:FinishingTackle","Slimebound:ItLooksTasty","Slimebound:RejuvenatingLick","Slimebound:MegaLick+1","Slimebound:SpikyOuterGoop+1","Slimebound:LeechLife","Slimebound:SamplingLick","Slimebound:HauntingLick+1","Bite","Bite","Bite+1","Bite+1","Bite","Slimebound:Schlurp","Slimebound:Gluttony+1","Slimebound:DouseInSlime+1","Slimebound:GrowthPunch+1","Slimebound:GoopSpray","Slimebound:SplitMire","Slimebound:SpikyOuterGoop+1","Slimebound:GoopSpray+1","Slimebound:Gluttony+1","Slimebound:AcidTongue+1","Slimebound:LeechingTouch","Slimebound:Dissolve+1","Slimebound:SpikyOuterGoop+1","Slimebound:Gluttony+1"],"relics":["Slimebound:AbsorbEndCombat","Incense Burner","Bottled Flame","Akabeko","downfall:HeartBlessingRed","downfall:HeartBlessingGreen","downfall:HeartBlessingBlue","downfall:ShatteredFragment","Slimebound:TarBlob","Red Mask","Orichalcum","Strawberry","Frozen Egg 2","Bird Faced Urn","The Courier","Lantern","Ginger","Bronze Scales","Coffee Dripper","MealTicket","TungstenRod","Vajra","Happy Flower","Whetstone","Slimebound:AggressiveSlimeRelic","Dream Catcher","Ornamental Fan"],"acts_visited":["Exordium","TheCity","TheBeyond","TheEnding"],"potions_floor_usage":[8,23,50,50,56],"damage_taken":[{"damage":0,"enemies":"2 Louse","floor":2,"turns":2},{"damage":0,"enemies":"Small Slimes","floor":3,"turns":2},{"damage":0,"enemies":"Jaw Worm","floor":4,"turns":1},{"damage":42,"enemies":"Lagavulin Event","floor":5,"turns":4},{"damage":3,"enemies":"3 Louse","floor":6,"turns":3},{"damage":9,"enemies":"Lagavulin","floor":8,"turns":5},{"damage":0,"enemies":"Blue Slaver","floor":10,"turns":1},{"damage":16,"enemies":"Red Slaver","floor":11,"turns":2},{"damage":0,"enemies":"3 Louse","floor":15,"turns":2},{"damage":23,"enemies":"WA_ARCHETYPE_RETAIN","floor":16,"turns":7},{"damage":16,"enemies":"Chosen","floor":19,"turns":3},{"damage":20,"enemies":"3 Byrds","floor":20,"turns":4},{"damage":3,"enemies":"Masked Bandits","floor":22,"turns":2},{"damage":7,"enemies":"Gremlin Leader","floor":23,"turns":5},{"damage":8,"enemies":"Slavers","floor":25,"turns":4},{"damage":7,"enemies":"Colosseum Nobs","floor":26,"turns":4},{"damage":0,"enemies":"downfall:FleeingMerchant","floor":27,"turns":4},{"damage":3,"enemies":"downfall:FleeingMerchant","floor":29,"turns":4},{"damage":9,"enemies":"Snake Plant","floor":31,"turns":2},{"damage":3,"enemies":"Centurion and Healer","floor":32,"turns":3},{"damage":29,"enemies":"IC_MUSHROOM_ARCHETYPE","floor":33,"turns":5},{"damage":2,"enemies":"Orb Walker","floor":36,"turns":3},{"damage":6,"enemies":"3 Shapes","floor":37,"turns":3},{"damage":3,"enemies":"3 Darklings","floor":42,"turns":5},{"damage":44,"enemies":"Nemesis","floor":44,"turns":5},{"damage":2,"enemies":"Nemesis","floor":45,"turns":4},{"damage":6,"enemies":"downfall:FleeingMerchant","floor":46,"turns":3},{"damage":15,"enemies":"Giant Head","floor":48,"turns":6},{"damage":15,"enemies":"Spire Growth","floor":49,"turns":3},{"damage":9,"enemies":"SI_POISON_ARCHETYPE","floor":50,"turns":5},{"damage":41,"enemies":"downfall:CharBossMerchant","floor":52,"turns":7},{"damage":8,"enemies":"downfall:NeowBoss","floor":55,"turns":13},{"damage":96,"enemies":"downfall:NeowBossFinal","floor":56,"turns":11}],"seed_played":"3552684805922723454","potions_obtained":[{"floor":5,"key":"Regen Potion"},{"floor":6,"key":"Swift Potion"},{"floor":10,"key":"LiquidMemories"},{"floor":16,"key":"DistilledChaos"},{"floor":26,"key":"Strength Potion"},{"floor":32,"key":"BlessingOfTheForge"},{"floor":44,"key":"Slimebound:SlimyTonguePotion"},{"floor":49,"key":"DistilledChaos"}],"is_trial":false,"path_per_floor":["R","M","M","M","?","M","T","E","?","M","M","R","?","?","M","B",null,"R","M","M","?","?","E","T","E","?","$","R","$","?","M","M","B",null,"R","M","M","?","?","?","T","M","R","E","?","$","R","E","M","B",null,"E","$","R","B","B"],"character_chosen":"SLIMEBOUND","items_purchased":["Lantern","Ginger","Bronze Scales","Vajra","Happy Flower","Whetstone","Slimebound:AggressiveSlimeRelic","Slimebound:AcidTongue+1","Slimebound:LeechingTouch","Slimebound:Gluttony+1"],"campfire_rested":0,"item_purchase_floors":[27,27,27,46,46,46,46,46,46,53],"current_hp_per_floor":[59,59,59,59,23,24,24,37,34,36,22,32,14,14,16,1,69,69,57,45,45,50,51,58,58,68,76,76,76,53,46,53,36,53,53,53,53,43,43,43,43,53,53,19,53,49,49,53,42,51,53,22,37,37,52,0,0,0],"gold":43,"neow_bonus":"RANDOM_COLORLESS_2","is_daily":false,"chose_seed":false,"campfire_upgraded":7,"win_rate":0.0,"timestamp":1611430238,"path_taken":["R","M","M","M","?","M","T","E","?","M","M","R","?","?","M","BOSS","R","M","M","?","?","E","T","E","?","$","R","?","?","?","M","BOSS","R","M","M","?","?","?","T","?","R","E","?","?","R","E","M","BOSS","E","$","R","BOSS","BOSS"],"items_purchased_type":["Relic","Relic","Relic","Relic","Relic","Relic","Relic","Card","Card","Card"],"build_version":"2020-12-22","purchased_purges":1,"victory":false,"max_hp_per_floor":[59,59,59,59,59,59,59,59,59,59,59,69,69,69,69,69,69,69,69,69,69,69,69,76,76,76,76,76,76,53,53,53,53,53,53,53,53,53,53,53,53,53,53,53,53,53,53,53,53,53,53,53,53,53,53,53,53,53],"card_choices":[{"not_picked":["Mayhem","Sadistic Nature"],"picked":"HandOfGreed","floor":0},{"not_picked":["Slimebound:Schlurp","Slimebound:FinishingTackle"],"picked":"Slimebound:HauntingLick","floor":2},{"not_picked":["Slimebound:SlimeSpikes","Slimebound:FinishingTackle"],"picked":"Slimebound:SplitMire","floor":3},{"not_picked":["Slimebound:Recollect","Slimebound:SamplingLick"],"picked":"Slimebound:AcidTongue","floor":4},{"not_picked":["Slimebound:LeechEnergy","Slimebound:LeechingTouch"],"picked":"Slimebound:Gluttony","floor":5},{"not_picked":["Slimebound:Prepare","Slimebound:Recycling"],"picked":"Slimebound:LivingWall","floor":6},{"not_picked":["Slimebound:SplitMire","Slimebound:FinishingTackle"],"picked":"Slimebound:Schlurp","floor":8},{"not_picked":["Slimebound:SplitSpecialist","Slimebound:SlimeBrawl"],"picked":"Slimebound:Schlurp","floor":10},{"not_picked":["Slimebound:OneTwoCombo","Slimebound:Schlurp"],"picked":"Slimebound:GoopSpray","floor":11},{"not_picked":["Slimebound:Nibble","Slimebound:Recollect"],"picked":"Slimebound:FinishingTackle","floor":15},{"not_picked":["Slimebound:FormOfPuddle","Slimebound:Chomp"],"picked":"Slimebound:ItLooksTasty","floor":19},{"not_picked":["Slimebound:Repurpose","Slimebound:ComboTackle+1"],"picked":"Slimebound:RejuvenatingLick","floor":20},{"not_picked":["Slimebound:SamplingLick","Slimebound:Schlurp"],"picked":"Slimebound:MegaLick","floor":22},{"not_picked":["Slimebound:SplitMire","Slimebound:Recollect"],"picked":"Slimebound:SpikyOuterGoop","floor":23},{"not_picked":["Slimebound:LeechingTouch","Slimebound:ServeAndProtect"],"picked":"Slimebound:LeechLife","floor":25},{"not_picked":["Slimebound:SplitBruiser","Slimebound:FlameTackle"],"picked":"Slimebound:SamplingLick","floor":26},{"not_picked":["Slimebound:ComboTackle+1","Slimebound:SplitBruiser+1"],"picked":"Slimebound:HauntingLick","floor":27},{"not_picked":["Slimebound:BestDefense+1","Slimebound:SplitAcid","Slimebound:DuplicatedForm+1"],"picked":"SKIP","floor":29},{"not_picked":["Slimebound:SplitBruiser","Slimebound:Prepare"],"picked":"Slimebound:Schlurp","floor":31},{"not_picked":["Slimebound:SpikyOuterGoop+1","Slimebound:SplitLeeching"],"picked":"Slimebound:Gluttony+1","floor":32},{"not_picked":["Slimebound:MassFeed","Slimebound:Darklings"],"picked":"Slimebound:DouseInSlime","floor":33},{"not_picked":["Slimebound:SplitLeeching+1","Slimebound:BestDefense+1"],"picked":"Slimebound:GrowthPunch+1","floor":36},{"not_picked":["Slimebound:DivideAndConquer","Slimebound:SlimeSpikes"],"picked":"Slimebound:GoopSpray","floor":37},{"not_picked":["Slimebound:SlimeTap","Slimebound:DivideAndConquer"],"picked":"Slimebound:SplitMire","floor":42},{"not_picked":["Slimebound:GoopTackle","Slimebound:FormOfPuddle"],"picked":"Slimebound:SpikyOuterGoop+1","floor":44},{"not_picked":["Slimebound:SplitLeeching","Slimebound:RainOfGoop"],"picked":"Slimebound:GoopSpray+1","floor":45},{"not_picked":["Slimebound:Schlurp+1","Slimebound:RallyTheTroops"],"picked":"Slimebound:Gluttony+1","floor":46},{"not_picked":["Slimebound:SplitLeeching","Slimebound:SplitBruiser"],"picked":"Slimebound:Dissolve+1","floor":48},{"not_picked":["Slimebound:LevelUp+1","Slimebound:GoopTackle+1"],"picked":"Slimebound:SpikyOuterGoop+1","floor":49},{"not_picked":["Slimebound:LevelUp+1","Slimebound:ComboTackle+1","Slimebound:TagTeam"],"picked":"SKIP","floor":52}],"player_experience":242977,"relics_obtained":[{"floor":5,"key":"Incense Burner"},{"floor":8,"key":"Bottled Flame"},{"floor":22,"key":"Red Mask"},{"floor":23,"key":"Orichalcum"},{"floor":24,"key":"Strawberry"},{"floor":25,"key":"Frozen Egg 2"},{"floor":26,"key":"Bird Faced Urn"},{"floor":26,"key":"The Courier"},{"floor":41,"key":"MealTicket"},{"floor":44,"key":"TungstenRod"},{"floor":48,"key":"Dream Catcher"},{"floor":52,"key":"Ornamental Fan"}],"event_choices":[{"damage_healed":0,"gold_gain":0,"player_choice":"Success","damage_taken":3,"relics_obtained":["Akabeko"],"max_hp_gain":0,"max_hp_loss":0,"event_name":"Scrap Ooze","floor":9,"gold_loss":0},{"damage_healed":0,"gold_gain":0,"player_choice":"Ignored","damage_taken":0,"max_hp_gain":0,"max_hp_loss":0,"event_name":"Ghosts","floor":21,"gold_loss":0},{"damage_healed":0,"gold_gain":0,"player_choice":"Fought Bandits","damage_taken":0,"max_hp_gain":0,"max_hp_loss":0,"event_name":"Masked Bandits","floor":22,"gold_loss":0},{"damage_healed":0,"gold_gain":0,"player_choice":"Became a vampire","damage_taken":0,"max_hp_gain":0,"max_hp_loss":23,"event_name":"Vampires","floor":30,"gold_loss":0,"cards_obtained":["Bite","Bite","Bite","Bite","Bite"]}],"is_beta":false,"boss_relics":[{"not_picked":["Tiny House","bronze:MakeshiftBattery"],"picked":"Slimebound:TarBlob"},{"not_picked":["Calling Bell","Busted Crown"],"picked":"Coffee Dripper"}],"items_purged_floors":[46],"is_endless":false,"potions_floor_spawned":[5,6,10,16,19,22,26,32,33,42,44,48,49],"killed_by":"downfall:NeowBossFinal","ascension_level":0}}