{"host":"avjwtc49fhlk6kym","time":1611422049,"event":{"mods":["AchievementEnabler","BaseMod","Better Match","Better Note","Better Third Choice","Colored Map","Colored Powertips","Displayed Cursed Tome","Highlight Path","Minty Spire (QoL Compilation)","Permanent Neow","Quick Restart","StSLib"],"gold_per_floor":[113,129,146,146,160,160,178,178,205,92,92,119,5,31,43,160,172,204,21,21,21,36,36,2,2,2,15,27,27,27,42,42,42,42],"floor_reached":33,"language":"ENG","playtime":1375,"items_purged":["Strike_P"],"score":255,"play_id":"e8e03433-84d3-4cca-bc87-ed3a538cc8bc","local_time":"20210123121409","is_ascension_mode":false,"campfire_choices":[{"data":"Eruption","floor":6,"key":"SMITH"},{"floor":8,"key":"REST"},{"data":"Wireheading","floor":11,"key":"SMITH"},{"data":"Establishment","floor":15,"key":"SMITH"},{"floor":23,"key":"REST"},{"data":"WindmillStrike","floor":25,"key":"SMITH"},{"floor":30,"key":"REST"},{"floor":32,"key":"REST"}],"circlet_count":0,"master_deck":["Strike_P","Strike_P","Strike_P","Defend_P","Eruption+1","Vigilance","Impatience","PathToVictory","ThirdEye","CrushJoints+1","Protect","ThirdEye","Wireheading+1","Evaluate","Establishment+1","PathToVictory","SandsOfTime","MasterReality","WindmillStrike+1","SignatureMove","Good Instincts","FollowUp+1","Study","Sanctity","InnerPeace","CrushJoints","Evaluate","LessonLearned","Wallop"],"relics":["PureWater","Bronze Scales","Dream Catcher","MawBank","Pantograph","Nloth\u0027s Gift"],"acts_visited":["Exordium","TheCity"],"potions_floor_usage":[3,12,18,22,27,31],"damage_taken":[{"damage":0,"enemies":"Small Slimes","floor":1,"turns":2},{"damage":0,"enemies":"Cultist","floor":2,"turns":2},{"damage":5,"enemies":"2 Louse","floor":3,"turns":2},{"damage":8,"enemies":"Large Slime","floor":5,"turns":2},{"damage":10,"enemies":"3 Louse","floor":7,"turns":3},{"damage":13,"enemies":"3 Sentries","floor":12,"turns":8},{"damage":6,"enemies":"Lagavulin","floor":14,"turns":5},{"damage":20,"enemies":"Hexaghost","floor":16,"turns":8},{"damage":5,"enemies":"3 Byrds","floor":18,"turns":2},{"damage":10,"enemies":"Shell Parasite","floor":22,"turns":4},{"damage":9,"enemies":"Snake Plant","floor":27,"turns":3},{"damage":17,"enemies":"Shelled Parasite and Fungi","floor":28,"turns":5},{"damage":26,"enemies":"Centurion and Healer","floor":31,"turns":6},{"damage":92,"enemies":"Collector","floor":33,"turns":6}],"seed_played":"4850656654533324890","potions_obtained":[{"floor":1,"key":"BottledMiracle"},{"floor":7,"key":"CultistPotion"},{"floor":16,"key":"Explosive Potion"},{"floor":22,"key":"Block Potion"},{"floor":28,"key":"Weak Potion"}],"is_trial":false,"path_per_floor":["M","M","M","?","M","R","M","R","T","$","R","E","$","E","R","B",null,"M","$","?","?","M","R","$","R","T","M","M","?","R","M","R","B"],"character_chosen":"WATCHER","items_purchased":["Wireheading","Establishment","PathToVictory","SignatureMove","Good Instincts","Regen Potion","Sanctity"],"campfire_rested":4,"item_purchase_floors":[10,13,13,19,19,19,24],"current_hp_per_floor":[72,72,67,67,59,59,49,70,70,70,70,57,57,51,51,31,72,67,67,67,67,62,72,72,72,72,63,46,46,67,41,62,0,0],"gold":42,"neow_bonus":"RANDOM_COLORLESS","is_daily":false,"chose_seed":false,"campfire_upgraded":4,"win_rate":0.0,"timestamp":1611422049,"path_taken":["M","M","M","?","?","R","M","R","T","$","R","E","?","E","R","BOSS","M","$","?","?","M","R","$","R","T","M","M","?","R","?","R","BOSS"],"items_purchased_type":["Card","Card","Card","Card","Card","Potion","Card"],"build_version":"2020-12-22","purchased_purges":1,"victory":false,"max_hp_per_floor":[72,72,72,72,72,72,72,72,72,72,72,72,72,72,72,72,72,72,72,72,72,72,72,72,72,72,72,72,72,72,72,72,72,72],"card_choices":[{"not_picked":["Swift Strike","Dark Shackles"],"picked":"Impatience","floor":0},{"not_picked":["WheelKick","Sanctity"],"picked":"PathToVictory","floor":1},{"not_picked":["WreathOfFlame","Adaptation"],"picked":"ThirdEye","floor":2},{"not_picked":["TalkToTheHand","Swivel"],"picked":"CrushJoints","floor":3},{"not_picked":["Evaluate","FlurryOfBlows"],"picked":"Protect","floor":5},{"not_picked":["Indignation","SashWhip"],"picked":"ThirdEye","floor":7},{"not_picked":["EmptyBody","Sanctity"],"picked":"Evaluate","floor":12},{"not_picked":["FollowUp","JustLucky"],"picked":"SandsOfTime","floor":14},{"not_picked":["Establishment","Vault"],"picked":"MasterReality","floor":16},{"not_picked":["Fasting2+1","JustLucky"],"picked":"WindmillStrike","floor":18},{"not_picked":["ClearTheMind","MentalFortress"],"picked":"FollowUp+1","floor":22},{"not_picked":["FlurryOfBlows","EmptyBody"],"picked":"Study","floor":23},{"not_picked":["Fasting2","Crescendo"],"picked":"InnerPeace","floor":27},{"not_picked":["Blasphemy","Evaluate"],"picked":"CrushJoints","floor":28},{"not_picked":["Crescendo","Consecrate"],"picked":"Evaluate","floor":30},{"not_picked":["EmptyBody+1","Evaluate"],"picked":"LessonLearned","floor":31},{"not_picked":["Swivel+1","ClearTheMind"],"picked":"Wallop","floor":32}],"player_experience":399846,"relics_obtained":[{"floor":9,"key":"Bronze Scales"},{"floor":12,"key":"Dream Catcher"},{"floor":14,"key":"MawBank"},{"floor":20,"key":"Pantograph"}],"event_choices":[{"damage_healed":0,"gold_gain":0,"player_choice":"Upgraded","damage_taken":0,"max_hp_gain":0,"max_hp_loss":0,"event_name":"Upgrade Shrine","floor":4,"gold_loss":0,"cards_upgraded":["CrushJoints"]},{"damage_healed":0,"gold_gain":0,"player_choice":"Relic","damage_taken":0,"max_hp_gain":0,"max_hp_loss":0,"event_name":"Wheel of Change","floor":20,"gold_loss":0},{"damage_healed":0,"gold_gain":0,"player_choice":"Traded Relic","damage_taken":0,"relics_obtained":["Nloth\u0027s Gift"],"max_hp_gain":0,"max_hp_loss":0,"event_name":"N\u0027loth","floor":21,"relics_lost":["Empty Cage"],"gold_loss":0},{"cards_removed":["Defend_P"],"damage_healed":0,"gold_gain":0,"player_choice":"Purged","damage_taken":0,"max_hp_gain":0,"max_hp_loss":0,"event_name":"Purifier","floor":29,"gold_loss":0}],"is_beta":false,"boss_relics":[{"not_picked":["Coffee Dripper","Runic Pyramid"],"picked":"Empty Cage"}],"items_purged_floors":[10],"is_endless":false,"potions_floor_spawned":[1,7,16,22,28],"killed_by":"Collector","ascension_level":0}}