{"host":"uxq2rly8rxtwffuf","time":1611382839,"event":{"mods":["BaseMod","Koishi","Minty Spire (QoL Compilation)","StSLib","The Servant 0.9.4"],"gold_per_floor":[17,17,29,48,48,48,78,78,78,93,93,12,27,46,46,143,143,155,170,25,41,41,41,57,57,57],"floor_reached":25,"language":"ENG","playtime":1032,"items_purged":[],"score":328,"play_id":"ac6c1211-ca3f-4c24-89b7-379ad6872931","local_time":"20210123092039","is_ascension_mode":true,"campfire_choices":[{"data":"Dash","floor":6,"key":"SMITH"},{"floor":8,"key":"REST"},{"floor":11,"key":"DIG"},{"floor":15,"key":"DIG"},{"floor":23,"key":"REST"}],"circlet_count":0,"master_deck":["AscendersBane","Strike_G","Strike_G","Strike_G","Strike_G","Strike_G","Defend_G","Defend_G","Defend_G","Defend_G","Defend_G","Survivor","Neutralize","Storm of Steel+1","Backflip","Noxious Fumes","Dash+1","Cloak And Dagger","Terror","Caltrops","Accuracy","Noxious Fumes","Adrenaline","Prepared","Acrobatics","Prepared","Acrobatics"],"relics":["Ring of the Snake","Bottled Lightning","Shovel","FossilizedHelix","Unceasing Top","HoveringKite","Bronze Scales"],"acts_visited":["Exordium","TheCity"],"potions_floor_usage":[7,16,18,25],"damage_taken":[{"damage":0,"enemies":"2 Louse","floor":1,"turns":4},{"damage":2,"enemies":"Jaw Worm","floor":3,"turns":2},{"damage":0,"enemies":"Small Slimes","floor":4,"turns":3},{"damage":41,"enemies":"Lagavulin","floor":7,"turns":7},{"damage":0,"enemies":"2 Fungi Beasts","floor":10,"turns":2},{"damage":0,"enemies":"3 Louse","floor":13,"turns":3},{"damage":0,"enemies":"Exordium Wildlife","floor":14,"turns":4},{"damage":11,"enemies":"The Guardian","floor":16,"turns":8},{"damage":12,"enemies":"2 Thieves","floor":18,"turns":4},{"damage":10,"enemies":"Spheric Guardian","floor":19,"turns":4},{"damage":34,"enemies":"Shelled Parasite and Fungi","floor":21,"turns":5},{"damage":11,"enemies":"3 Cultists","floor":24,"turns":6},{"damage":27,"enemies":"Chosen and Byrds","floor":25,"turns":4}],"seed_played":"5761151064799343577","potions_obtained":[{"floor":3,"key":"Swift Potion"},{"floor":14,"key":"Poison Potion"},{"floor":16,"key":"AttackPotion"},{"floor":21,"key":"Poison Potion"}],"is_trial":false,"path_per_floor":["M","?","M","M","T","R","E","R","T","M","R","$","M","M","R","B",null,"M","M","$","M","?","R","M","M"],"character_chosen":"THE_SILENT","items_purchased":["Caltrops","Bronze Scales"],"campfire_rested":2,"item_purchase_floors":[12,20],"current_hp_per_floor":[63,63,61,61,61,61,20,41,41,41,41,41,41,41,41,30,60,48,38,38,4,4,25,14,0,0],"gold":57,"neow_bonus":"THREE_RARE_CARDS","is_daily":false,"chose_seed":false,"campfire_upgraded":1,"win_rate":0.0,"timestamp":1611382839,"path_taken":["M","?","M","M","?","R","E","R","T","M","R","?","M","M","R","BOSS","M","M","$","M","?","R","M","M"],"items_purchased_type":["Card","Relic"],"build_version":"2020-12-22","purchased_purges":0,"victory":false,"max_hp_per_floor":[70,70,70,70,70,70,70,70,70,70,70,70,70,70,70,70,70,70,70,70,70,70,70,70,70,70],"card_choices":[{"not_picked":["Malaise","Grand Finale"],"picked":"Storm of Steel","floor":0},{"not_picked":["PiercingWail","Dagger Throw"],"picked":"Backflip","floor":1},{"not_picked":["Deadly Poison","Quick Slash"],"picked":"Noxious Fumes","floor":3},{"not_picked":["Catalyst","Night Terror"],"picked":"Dash","floor":4},{"not_picked":["Blade Dance","Backflip"],"picked":"Cloak And Dagger","floor":7},{"not_picked":["Dagger Spray","Masterful Stab"],"picked":"Terror","floor":10},{"not_picked":["Skewer","PiercingWail"],"picked":"Accuracy","floor":13},{"not_picked":["Sucker Punch","Backstab"],"picked":"Noxious Fumes","floor":14},{"not_picked":["Glass Knife","Burst"],"picked":"Adrenaline","floor":16},{"not_picked":["Flying Knee","Slice"],"picked":"Prepared","floor":18},{"not_picked":["Deflect","Tactician"],"picked":"Acrobatics","floor":19},{"not_picked":["Slice","Deadly Poison"],"picked":"Prepared","floor":21},{"not_picked":["Dodge and Roll+1","Setup"],"picked":"Acrobatics","floor":24}],"player_experience":1410582,"relics_obtained":[{"floor":7,"key":"Bottled Lightning"},{"floor":9,"key":"Shovel"},{"floor":11,"key":"FossilizedHelix"},{"floor":15,"key":"Unceasing Top"}],"event_choices":[{"damage_healed":0,"gold_gain":0,"player_choice":"Grow","damage_taken":0,"max_hp_gain":0,"max_hp_loss":0,"event_name":"Living Wall","floor":2,"gold_loss":0,"cards_upgraded":["Storm of Steel"]},{"damage_healed":0,"gold_gain":0,"player_choice":"Ignored","damage_taken":0,"max_hp_gain":0,"max_hp_loss":0,"event_name":"Ghosts","floor":22,"gold_loss":0}],"is_beta":false,"boss_relics":[{"not_picked":["Empty Cage","Fusion Hammer"],"picked":"HoveringKite"}],"items_purged_floors":[],"is_endless":false,"potions_floor_spawned":[3,14,16,21],"killed_by":"Chosen and Byrds","ascension_level":12}}