{"host":"wwo1kwxjf4eyz37q","time":1611390407,"event":{"mods":["AchievementEnabler","BaseMod","Colored Map","Minty Spire (QoL Compilation)","Quick Restart","SuperFastMode"],"gold_per_floor":[114,65,140,140,158,193,193,211,211,211,55,74,74,86,86,190,190,210,87,2,19,19,19,19,33,33,33,33,33,88,104,104,207,207,219,232,83,83,100,100,126,126,126,149,160,172,172,189,189,189],"floor_reached":51,"language":"KOR","playtime":1963,"items_purged":["Strike_B","Strike_B"],"score":985,"play_id":"0d8929b6-3222-4da0-986d-088e02a882b9","local_time":"20210123172647","is_ascension_mode":true,"campfire_choices":[{"data":"Zap","floor":7.0,"key":"SMITH"},{"data":"Dualcast","floor":15.0,"key":"SMITH"},{"data":"Reinforced Body","floor":23.0,"key":"SMITH"},{"floor":27.0,"key":"REST"},{"floor":29.0,"key":"REST"},{"data":"Coolheaded","floor":32.0,"key":"SMITH"},{"floor":40.0,"key":"REST"},{"floor":42.0,"key":"REST"},{"floor":47.0,"key":"REST"},{"data":"Capacitor","floor":49.0,"key":"SMITH"}],"circlet_count":0,"master_deck":["Strike_B+1","Strike_B","Defend_B","Defend_B","Defend_B","Defend_B","Zap+1","Dualcast+1","Gash+1","Steam","Beam Cell","Reinforced Body+1","Ball Lightning","FTL","Conserve Battery","Electrodynamics","CurseOfTheBell","Capacitor+1","Go for the Eyes","Coolheaded+1","All For One","Beam Cell+1","Loop+1","Conserve Battery+1","Reinforced Body+1","Capacitor+1","Gash"],"relics":["Cracked Core","NeowsBlessing","Question Card","Art of War","DataDisk","Calling Bell","Nunchaku","Gremlin Horn","WingedGreaves","Kunai","Blue Candle","Enchiridion","Whetstone","Nuclear Battery","ClockworkSouvenir","HornCleat","Mercury Hourglass","Bronze Scales"],"acts_visited":["Exordium","TheCity","TheBeyond"],"potions_floor_usage":[50,50,50],"damage_taken":[{"damage":0.0,"enemies":"Small Slimes","floor":1.0,"turns":1.0},{"damage":0.0,"enemies":"Jaw Worm","floor":5.0,"turns":1.0},{"damage":0.0,"enemies":"Lagavulin","floor":6.0,"turns":2.0},{"damage":2.0,"enemies":"2 Louse","floor":8.0,"turns":2.0},{"damage":5.0,"enemies":"Gremlin Gang","floor":12.0,"turns":5.0},{"damage":10.0,"enemies":"3 Louse","floor":14.0,"turns":3.0},{"damage":11.0,"enemies":"Slime Boss","floor":16.0,"turns":9.0},{"damage":18.0,"enemies":"Shell Parasite","floor":18.0,"turns":8.0},{"damage":14.0,"enemies":"2 Thieves","floor":21.0,"turns":4.0},{"damage":8.0,"enemies":"Snecko","floor":25.0,"turns":6.0},{"damage":8.0,"enemies":"Chosen and Byrds","floor":31.0,"turns":4.0},{"damage":12.0,"enemies":"Automaton","floor":33.0,"turns":11.0},{"damage":1.0,"enemies":"3 Shapes","floor":35.0,"turns":5.0},{"damage":13.0,"enemies":"Orb Walker","floor":36.0,"turns":3.0},{"damage":25.0,"enemies":"4 Shapes","floor":39.0,"turns":3.0},{"damage":32.0,"enemies":"Nemesis","floor":41.0,"turns":7.0},{"damage":4.0,"enemies":"Jaw Worm Horde","floor":45.0,"turns":4.0},{"damage":12.0,"enemies":"Transient","floor":46.0,"turns":5.0},{"damage":0.0,"enemies":"3 Darklings","floor":48.0,"turns":5.0},{"damage":27,"enemies":"Time Eater","floor":50,"turns":9}],"seed_played":"-8022372261814674937","potions_obtained":[{"floor":1.0,"key":"Weak Potion"},{"floor":5.0,"key":"SpeedPotion"},{"floor":16.0,"key":"EssenceOfDarkness"},{"floor":18.0,"key":"Dexterity Potion"},{"floor":33.0,"key":"CultistPotion"},{"floor":39.0,"key":"DuplicationPotion"}],"is_trial":false,"path_per_floor":["M","$","?","?","M","E","R","M","T","T","$","M","?","M","R","B",null,"M","$","?","M","?","R","?","M","T","R","?","R","T","M","R","B",null,"M","M","$","$","M","R","E","R","T","T","M","M","R","M","R","B",null],"character_chosen":"DEFECT","items_purchased":["Steam","FTL","Go for the Eyes","ClockworkSouvenir"],"campfire_rested":5,"item_purchase_floors":[2,11,19,37],"current_hp_per_floor":[68,68,57,39,39,39,39,37,37,37,37,32,57,47,47,36,65,47,47,47,33,19,19,19,11,11,35,19,43,43,35,35,23,66,65,52,52,52,27,51,19,43,43,43,39,27,51,51,51,24],"gold":189,"neow_bonus":"THREE_ENEMY_KILL","is_daily":false,"chose_seed":false,"campfire_upgraded":5,"win_rate":0.0,"timestamp":1611390407,"path_taken":["M","$","?","?","M","E","R","M","T","?","$","M","?","?","R","BOSS","M","$","?","M","?","R","?","?","T","R","?","R","?","M","R","BOSS","M","?","?","$","M","R","E","R","T","?","M","?","R","M","R","BOSS"],"items_purchased_type":["Card","Card","Card","Relic"],"build_version":"2020-12-22","purchased_purges":2,"victory":true,"max_hp_per_floor":[75,75,75,75,75,75,75,75,75,75,75,75,75,75,75,75,75,75,75,75,75,80,80,80,80,80,80,80,80,80,80,80,80,80,80,80,80,80,80,80,80,80,80,80,80,80,80,80,80,80],"card_choices":[{"not_picked":["Scrape","Storm"],"picked":"Gash","floor":1.0},{"not_picked":["Barrage","Sweeping Beam","Scrape"],"picked":"Beam Cell","floor":5.0},{"not_picked":["Reprogram","Biased Cognition","Force Field"],"picked":"Reinforced Body","floor":6.0},{"not_picked":["Steam Power","Blizzard","Darkness"],"picked":"Ball Lightning","floor":8.0},{"not_picked":["Redo","Hologram","Leap"],"picked":"Conserve Battery","floor":12.0},{"not_picked":["Redo","Hyperbeam","Hologram","Scrape"],"picked":"SKIP","floor":14.0},{"not_picked":["Amplify","Creative AI","Biased Cognition"],"picked":"Electrodynamics","floor":16.0},{"not_picked":["Stack+1","Leap+1","Core Surge"],"picked":"Capacitor","floor":18.0},{"not_picked":["Steam","Cold Snap","Rebound"],"picked":"Coolheaded","floor":21.0},{"not_picked":["Streamline","Stack","Hologram+1","Redo"],"picked":"SKIP","floor":25.0},{"not_picked":["Steam Power","Storm","Conserve Battery+1","Static Discharge"],"picked":"SKIP","floor":31.0},{"not_picked":["Rainbow","Machine Learning","Hyperbeam"],"picked":"All For One","floor":33.0},{"not_picked":["Coolheaded","Steam","Streamline+1"],"picked":"Beam Cell+1","floor":35.0},{"not_picked":["Rebound","Aggregate","Turbo+1"],"picked":"Loop+1","floor":36.0},{"not_picked":["Stack+1","Reboot","Skim"],"picked":"Conserve Battery+1","floor":39.0},{"not_picked":["Turbo","Go for the Eyes+1","Sweeping Beam+1"],"picked":"Reinforced Body+1","floor":41.0},{"not_picked":["Tempest","Cold Snap","Sweeping Beam+1"],"picked":"Capacitor","floor":45.0},{"not_picked":["Hologram+1","Reprogram","Compile Driver","Barrage"],"picked":"SKIP","floor":46.0},{"not_picked":["Stack+1","Lockon+1","Beam Cell"],"picked":"Gash","floor":48.0}],"player_experience":250789,"relics_obtained":[{"floor":6.0,"key":"Art of War"},{"floor":9.0,"key":"DataDisk"},{"floor":17.0,"key":"Nunchaku"},{"floor":17.0,"key":"Gremlin Horn"},{"floor":17.0,"key":"WingedGreaves"},{"floor":26.0,"key":"Blue Candle"},{"floor":28.0,"key":"Enchiridion"},{"floor":30.0,"key":"Whetstone"},{"floor":41.0,"key":"HornCleat"},{"floor":43.0,"key":"Mercury Hourglass"},{"floor":44.0,"key":"Bronze Scales"}],"event_choices":[{"damage_healed":0.0,"max_hp_gain":0.0,"max_hp_loss":0.0,"gold_gain":75.0,"event_name":"World of Goop","player_choice":"Gather Gold","floor":3.0,"gold_loss":0.0,"damage_taken":11.0},{"damage_healed":0.0,"max_hp_gain":0.0,"max_hp_loss":0.0,"gold_gain":0.0,"event_name":"Scrap Ooze","player_choice":"Success","floor":4.0,"gold_loss":0.0,"damage_taken":18.0,"relics_obtained":["Question Card"]},{"damage_healed":25.0,"max_hp_gain":0.0,"max_hp_loss":0.0,"gold_gain":0.0,"event_name":"Big Fish","player_choice":"Banana","floor":13.0,"gold_loss":0.0,"damage_taken":0.0},{"damage_healed":0.0,"max_hp_gain":0.0,"max_hp_loss":0.0,"gold_gain":0.0,"event_name":"Addict","player_choice":"Obtained Relic","floor":20.0,"gold_loss":85.0,"damage_taken":0.0,"relics_obtained":["Kunai"]},{"damage_healed":0.0,"max_hp_gain":5.0,"max_hp_loss":0.0,"gold_gain":0.0,"event_name":"Forgotten Altar","player_choice":"Shed Blood","floor":22.0,"gold_loss":0.0,"damage_taken":19.0},{"damage_healed":0.0,"max_hp_gain":0.0,"max_hp_loss":0.0,"gold_gain":0.0,"event_name":"Upgrade Shrine","player_choice":"Upgraded","floor":24.0,"gold_loss":0.0,"damage_taken":0.0,"cards_upgraded":["Capacitor"]},{"damage_healed":0.0,"max_hp_gain":0.0,"max_hp_loss":0.0,"gold_gain":0.0,"event_name":"Cursed Tome","player_choice":"Obtained Book","floor":28.0,"gold_loss":0.0,"damage_taken":16.0}],"is_beta":false,"boss_relics":[{"not_picked":["Busted Crown","Velvet Choker"],"picked":"Calling Bell"},{"not_picked":["Pandora\u0027s Box","Empty Cage"],"picked":"Nuclear Battery"}],"items_purged_floors":[11,19],"is_endless":false,"potions_floor_spawned":[1,5,16,18,33,39,46],"ascension_level":8}}