{"host":"qgrlfjrqk9z96gfi","time":1611370485,"event":{"mods":["BaseMod","Block Reminder","Colored Map","Custom Start","DeckTracker","Minty Spire (QoL Compilation)"],"gold_per_floor":[112,128,148,161,60,86,86,119,119,119,131,131,1,18,18,96,96,109,24,41,41,20,20,20,20],"floor_reached":24,"language":"ENG","playtime":759,"items_purged":["Strike_G"],"score":412,"play_id":"b6ea4cac-ebb3-4f5d-b833-5368b293502f","local_time":"20210122165445","is_ascension_mode":true,"campfire_choices":[{"floor":7,"key":"REST"},{"floor":10,"key":"REST"},{"data":"Terror","floor":12,"key":"SMITH"},{"floor":15,"key":"REST"},{"floor":23,"key":"REST"}],"circlet_count":0,"master_deck":["AscendersBane","Survivor","Neutralize","Dagger Throw","Terror+1","Poisoned Stab","Slice","Blade Dance","Dagger Spray","Cloak And Dagger","Predator","Noxious Fumes+1","PiercingWail","Phantasmal Killer","Reflex","Deadly Poison","Infinite Blades+1","Well Laid Plans+1","Unload","Doppelganger","Acrobatics","Caltrops+1","Leg Sweep","Dodge and Roll"],"relics":["Empty Cage","Bag of Preparation","The Courier","Frozen Egg 2","Pandora\u0027s Box","Kunai"],"acts_visited":["Exordium","TheCity"],"potions_floor_usage":[6,8,16,20,24],"damage_taken":[{"damage":6,"enemies":"Cultist","floor":1,"turns":5},{"damage":2,"enemies":"2 Louse","floor":2,"turns":4},{"damage":0,"enemies":"Jaw Worm","floor":3,"turns":3},{"damage":14,"enemies":"Exordium Thugs","floor":4,"turns":5},{"damage":24,"enemies":"3 Sentries","floor":6,"turns":8},{"damage":22,"enemies":"Lagavulin","floor":8,"turns":7},{"damage":4,"enemies":"3 Louse","floor":11,"turns":3},{"damage":0,"enemies":"Looter","floor":14,"turns":3},{"damage":28,"enemies":"Slime Boss","floor":16,"turns":9},{"damage":25,"enemies":"Shell Parasite","floor":18,"turns":5},{"damage":11,"enemies":"Spheric Guardian","floor":20,"turns":3},{"damage":40,"enemies":"Slavers","floor":24,"turns":3}],"seed_played":"-7717019945723988549","potions_obtained":[{"floor":3,"key":"AttackPotion"},{"floor":4,"key":"DuplicationPotion"},{"floor":11,"key":"LiquidMemories"},{"floor":14,"key":"Dexterity Potion"},{"floor":18,"key":"AttackPotion"},{"floor":20,"key":"AttackPotion"}],"is_trial":false,"path_per_floor":["M","M","M","M","$","E","R","E","T","R","M","R","$","M","R","B",null,"M","?","M","?","$","R","E"],"character_chosen":"THE_SILENT","items_purchased":["Blade Dance","Dagger Spray","Noxious Fumes+1","Dodge and Roll"],"campfire_rested":4,"item_purchase_floors":[5,5,13,22],"current_hp_per_floor":[53,51,51,37,37,13,32,10,10,29,25,25,25,25,44,16,54,29,29,18,18,18,37,0,0],"gold":20,"neow_bonus":"BOSS_RELIC","is_daily":false,"chose_seed":false,"campfire_upgraded":1,"win_rate":0.0,"timestamp":1611370485,"path_taken":["M","M","?","M","?","E","R","E","T","R","M","R","$","?","R","BOSS","M","?","M","?","$","R","E"],"items_purchased_type":["Card","Card","Card","Card"],"build_version":"2020-12-22","purchased_purges":1,"victory":false,"max_hp_per_floor":[66,66,66,66,66,66,66,66,66,66,66,66,66,66,66,66,66,66,66,66,66,66,66,66,66],"card_choices":[{"not_picked":["Concentrate","Distraction"],"picked":"Dagger Throw","floor":1},{"not_picked":["Quick Slash","Prepared"],"picked":"Terror","floor":2},{"not_picked":["Backflip","Calculated Gamble"],"picked":"Poisoned Stab","floor":3},{"not_picked":["Dodge and Roll","Expertise"],"picked":"Slice","floor":4},{"not_picked":["Setup","Acrobatics"],"picked":"Cloak And Dagger","floor":6},{"not_picked":["Riddle With Holes","Dagger Spray","Dagger Throw"],"picked":"SKIP","floor":8},{"not_picked":["Dodge and Roll","Acrobatics"],"picked":"Predator","floor":11},{"not_picked":["Terror","Dodge and Roll"],"picked":"PiercingWail","floor":14},{"not_picked":["Tools of the Trade+1","Night Terror"],"picked":"Phantasmal Killer","floor":16},{"not_picked":["Dagger Spray","Deflect"],"picked":"Caltrops+1","floor":18},{"not_picked":["Dagger Spray","Blur"],"picked":"Leg Sweep","floor":20}],"player_experience":1044490,"relics_obtained":[{"floor":6,"key":"Bag of Preparation"},{"floor":8,"key":"The Courier"},{"floor":9,"key":"Frozen Egg 2"}],"event_choices":[{"damage_healed":0,"gold_gain":0,"player_choice":"Obtained Relic","damage_taken":0,"relics_obtained":["Kunai"],"max_hp_gain":0,"max_hp_loss":0,"event_name":"Addict","floor":19,"gold_loss":85},{"damage_healed":0,"gold_gain":0,"player_choice":"Ignored","damage_taken":0,"max_hp_gain":0,"max_hp_loss":0,"event_name":"The Mausoleum","floor":21,"gold_loss":0}],"is_beta":false,"boss_relics":[{"not_picked":["WristBlade","Philosopher\u0027s Stone"],"picked":"Pandora\u0027s Box"}],"items_purged_floors":[13],"is_endless":false,"potions_floor_spawned":[3,4,11,14,18,20],"killed_by":"Slavers","ascension_level":20}}