{"host":"ua86kx5x377bzm1z","time":1611433965,"event":{"mods":["BaseMod","Colored Map","DeckTracker","Infinite Spire","Minty Spire (QoL Compilation)","Replay The Spire","StSLib"],"gold_per_floor":[110,35,135,153,169,169,189,216,216,235,235,254,254,269,269,269,269,364,364,383,393,140,140,140],"floor_reached":23,"language":"ENG","playtime":1685,"items_purged":["Strike_G","Strike_G"],"score":193,"play_id":"04aae0db-94a2-4942-9cf6-d82202496cb8","local_time":"20210123213245","is_ascension_mode":false,"campfire_choices":[{"data":"Noxious Fumes","floor":6.0,"key":"SMITH"},{"floor":11.0,"key":"REST"},{"data":"Blade Dance","floor":13.0,"key":"SMITH"},{"floor":17.0,"key":"REST"}],"circlet_count":0,"master_deck":["Strike_G","Strike_G","Strike_G","Defend_G","Defend_G","Defend_G","Defend_G","Defend_G","Survivor","Neutralize","Blade Dance+1","Noxious Fumes+1","Dodge and Roll","Atom Bomb","Poisoned Stab","Backflip+1","Acrobatics"],"relics":["Ring of the Snake","Replay:Baseball","Juzu Bracelet","Velvet Choker","Orrery"],"acts_visited":["Exordium","TheCity"],"potions_floor_usage":[],"damage_taken":[{"damage":5.0,"enemies":"Small Slimes","floor":1.0,"turns":4.0},{"damage":0.0,"enemies":"Cultist","floor":4.0,"turns":3.0},{"damage":0.0,"enemies":"2 Louse","floor":5.0,"turns":3.0},{"damage":2.0,"enemies":"Blue Slaver","floor":7.0,"turns":4.0},{"damage":54.0,"enemies":"Gremlin Nob","floor":8.0,"turns":6.0},{"damage":4.0,"enemies":"3 Louse","floor":10.0,"turns":4.0},{"damage":5.0,"enemies":"Looter","floor":12.0,"turns":3.0},{"damage":2.0,"enemies":"Exordium Wildlife","floor":14.0,"turns":4.0},{"damage":36.0,"enemies":"The Guardian","floor":18.0,"turns":12.0},{"damage":32.0,"enemies":"Shell Parasite","floor":20.0,"turns":6.0},{"damage":0.0,"enemies":"Spheric Guardian","floor":21.0,"turns":1.0},{"damage":47,"enemies":"3 Cultists","floor":23,"turns":5}],"seed_played":"6567058575683589799","potions_obtained":[{"floor":1.0,"key":"Flashbang"},{"floor":7.0,"key":"CunningPotion"},{"floor":10.0,"key":"Elixir"},{"floor":12.0,"key":"BlessingOfTheForge"},{"floor":20.0,"key":"Flashbang"}],"is_trial":false,"path_per_floor":["M","$","?","M","M","R","M","E","T","M","R","M","R","M","PTL","R_BF","R","B",null,"M","M","$","M"],"character_chosen":"THE_SILENT","items_purchased":["Orrery"],"campfire_rested":2,"item_purchase_floors":[22],"current_hp_per_floor":[72,72,72,72,72,72,70,16,16,12,35,30,30,28,28,28,51,15,77,45,45,45,0,0],"gold":140,"neow_bonus":"TEN_PERCENT_HP_BONUS","is_daily":false,"chose_seed":false,"campfire_upgraded":2,"win_rate":0.0,"timestamp":1611433965,"path_taken":["M","$","?","M","M","R","?","E","T","M","R","M","R","M","PTL","R_BF","R","BOSS","M","M","$","M"],"items_purchased_type":["Relic"],"build_version":"2020-12-13","purchased_purges":2,"victory":false,"max_hp_per_floor":[77,77,77,77,77,77,77,77,77,77,77,77,77,77,77,77,77,77,77,77,77,77,77,77],"card_choices":[{"not_picked":["Prepared","Hidden Blade"],"picked":"Blade Dance","floor":1.0},{"not_picked":["ReplayTheSpireMod:Tripwire","Outmaneuver","Quick Slash"],"picked":"SKIP","floor":4.0},{"not_picked":["Dagger Throw","Leg Sweep"],"picked":"Noxious Fumes","floor":5.0},{"not_picked":["Finisher","Sucker Punch","PiercingWail"],"picked":"SKIP","floor":7.0},{"not_picked":["Terror","Quick Slash","ReplayTheSpireMod:Speed Training"],"picked":"SKIP","floor":8.0},{"not_picked":["Acrobatics","Dagger Throw","Die Die Die"],"picked":"SKIP","floor":10.0},{"not_picked":["Quick Slash","Prepared"],"picked":"Dodge and Roll","floor":12.0},{"not_picked":["Eviscerate","Dagger Spray","Underhanded Strike"],"picked":"SKIP","floor":14.0},{"not_picked":["Die Die Die","Bullet Time"],"picked":"Atom Bomb","floor":18.0},{"not_picked":["Reflex","Deflect"],"picked":"Poisoned Stab","floor":20.0},{"not_picked":["Heel Hook+1","Blur","Prepared+1"],"picked":"SKIP","floor":21.0},{"not_picked":["Slice","Flying Knee+1"],"picked":"Backflip+1","floor":22},{"not_picked":["Underhanded Strike","PiercingWail"],"picked":"Acrobatics","floor":22}],"player_experience":3485,"relics_obtained":[{"floor":8.0,"key":"Replay:Baseball"},{"floor":9.0,"key":"Juzu Bracelet"}],"event_choices":[{"damage_healed":0.0,"max_hp_gain":0.0,"max_hp_loss":0.0,"gold_gain":100.0,"event_name":"Golden Shrine","player_choice":"Pray","floor":3.0,"gold_loss":0.0,"damage_taken":0.0}],"is_beta":false,"boss_relics":[{"not_picked":["Busted Crown","Snecko Scales"],"picked":"Velvet Choker"}],"items_purged_floors":[2,22],"is_endless":false,"potions_floor_spawned":[1,7,10,12,14,20],"killed_by":"3 Cultists","ascension_level":0}}