{"host":"0h93apt32h0syxi3","time":1611369600,"event":{"mods":["Act Like it!","BaseMod","Downfall","Gensokyo","Minty Spire (QoL Compilation)","Pale of the Ancients","StSLib","Td1madao Mod","The Administrix","The Gatherer","The Hierophant","Waifu the Spire"],"gold_per_floor":[99,118,33,33,33,33,102,133,133,161,161,190,200,219,234,234,234,234],"floor_reached":16,"language":"ZHS","playtime":651,"items_purged":[],"score":143,"play_id":"543df1df-c40d-4929-8701-cae132b1fbc2","local_time":"20210123104000","is_ascension_mode":false,"campfire_choices":[{"data":"champ:Execute","floor":1,"key":"SMITH"},{"data":"Gensokyo:CrescentMoonSlash","floor":6,"key":"SMITH"},{"data":"champ:LastStand","floor":9,"key":"SMITH"},{"floor":11,"key":"RECALL"}],"circlet_count":0,"master_deck":["champ:Strike","champ:Strike","champ:Strike","champ:Strike","champ:Defend","champ:Defend","champ:Defend","champ:Defend","champ:Execute+1","champ:Taunt","champ:HeartStrike","Gensokyo:CrescentMoonSlash+1","champ:LastStand+1","champ:CheapShot","champ:ArenaPreparation","champ:StanceDance"],"relics":["champ:ChampionCrown","NeowsBlessing","Question Card","Toolbox","Pantograph","Ice Cream","Unceasing Top","champ:DefensiveTrainingManual"],"acts_visited":["Gensokyo:Gensokyo"],"potions_floor_usage":[16],"damage_taken":[{"damage":0,"enemies":"Gensokyo:3_Fairies","floor":2,"turns":1},{"damage":0,"enemies":"downfall:FleeingMerchant","floor":3,"turns":1},{"damage":0,"enemies":"Gensokyo:Mamizou","floor":8,"turns":1},{"damage":29,"enemies":"Gensokyo:Cirno","floor":10,"turns":5},{"damage":22,"enemies":"Gensokyo:Aya","floor":12,"turns":8},{"damage":0,"enemies":"Gensokyo:Python","floor":13,"turns":2},{"damage":14,"enemies":"Gensokyo:2_Kodama","floor":14,"turns":2},{"damage":10,"enemies":"Gensokyo:VengefulSpirit","floor":15,"turns":3},{"damage":30,"enemies":"DF_ARCHETYPE_STREAMLINE","floor":16,"turns":3}],"seed_played":"-6135986053350721884","potions_obtained":[{"floor":8,"key":"Explosive Potion"},{"floor":10,"key":"SkillPotion"},{"floor":12,"key":"EssenceOfSteel"}],"is_trial":false,"path_per_floor":["R","M","$","?","?","R","T","E","R","E","R","E","M","M","M","B"],"character_chosen":"THE_CHAMP","items_purchased":["Question Card","Toolbox"],"campfire_rested":0,"item_purchase_floors":[3,3],"current_hp_per_floor":[90,90,90,77,62,62,62,62,62,53,53,41,41,37,37,32,32,32],"gold":234,"neow_bonus":"THREE_ENEMY_KILL","is_daily":false,"chose_seed":false,"campfire_upgraded":3,"win_rate":0.0,"timestamp":1611369600,"path_taken":["R","?","$","?","?","R","T","E","R","E","R","E","M","M","M","BOSS"],"items_purchased_type":["Relic","Relic"],"build_version":"2020-12-22","purchased_purges":0,"victory":false,"max_hp_per_floor":[90,90,90,90,90,90,90,90,90,90,90,90,90,90,90,90,90,90],"card_choices":[{"not_picked":["champ:Haymaker","champ:BladeFlurry"],"picked":"champ:HeartStrike","floor":2},{"not_picked":["champ:Circumvent","champ:IronFortress","champ:FanOfKnives"],"picked":"SKIP","floor":3},{"not_picked":["champ:FaceSlap","champ:FanOfKnives","champ:DefensiveShout"],"picked":"champ:LastStand","floor":8},{"not_picked":["champ:AdrenalArmor","champ:BringItOn","champ:RecklessLeap","champ:CrownThrow"],"picked":"SKIP","floor":10},{"not_picked":["champ:RapidStrikes","champ:Endure","champ:FocusedDefense"],"picked":"champ:CheapShot","floor":12},{"not_picked":["champ:EnGarde","champ:PreciseThrust","champ:FancyFootwork"],"picked":"champ:ArenaPreparation","floor":13},{"not_picked":["champ:DefensiveShout","champ:AdrenalArmor","champ:EndlessRage"],"picked":"champ:StanceDance","floor":14},{"not_picked":["champ:BringItOn","champ:Parry","champ:FanOfKnives","champ:Backstep"],"picked":"SKIP","floor":15}],"player_experience":19094,"relics_obtained":[{"floor":7,"key":"Pantograph"},{"floor":8,"key":"Ice Cream"},{"floor":10,"key":"Unceasing Top"},{"floor":12,"key":"champ:DefensiveTrainingManual"}],"event_choices":[],"is_beta":false,"boss_relics":[],"items_purged_floors":[],"is_endless":false,"potions_floor_spawned":[8,10,12,15],"killed_by":"DF_ARCHETYPE_STREAMLINE","ascension_level":0}}