{"host":"qc8h4lvnd2c314ki","time":1611362664,"event":{"mods":["AchievementEnabler","Act Like it!","Arknights The Spire","BaseMod","Better Note","Curses Come First","Friendly Minions","GifTheSpireLib","Highlight Path","Minty Spire (QoL Compilation)","Random Character Button","Robot Space Explorer","Spicy Shops","StSLib","The Marked"],"gold_per_floor":[117,133,83,97,97,97,115,145,145,145,145,145],"floor_reached":11,"language":"ZHS","playtime":652,"items_purged":[],"score":73,"play_id":"e98e257e-f65c-4bc6-9a8d-6af24c374170","local_time":"20210123084424","is_ascension_mode":false,"campfire_choices":[{"floor":6,"key":"RECALL"},{"data":"ats:Calcification","floor":10,"key":"SMITH"}],"circlet_count":0,"master_deck":["ats:Strike S","ats:Strike V","ats:Armor Crushing Shot","ats:Defend","ats:Defend","ats:Defend","ats:Defend","ats:Emotion Absorption","ats:Calcification+1","ats:Closed Bolt Burst Fire","ats:Hammer On","ats:Beaten Up","ats:Durian","ats:Spore Proliferation"],"relics":["ats:Sanity","ats:Originium","Pantograph"],"acts_visited":["Exordium"],"potions_floor_usage":[],"damage_taken":[{"damage":4.0,"enemies":"Jaw Worm","floor":1.0,"turns":6.0},{"damage":0,"enemies":"Small Slimes","floor":2,"turns":3},{"damage":0,"enemies":"Cultist","floor":4,"turns":3},{"damage":2,"enemies":"Exordium Wildlife","floor":7,"turns":4},{"damage":28,"enemies":"Gremlin Nob","floor":8,"turns":5},{"damage":39,"enemies":"Lagavulin","floor":11,"turns":10}],"seed_played":"6047479892708382328","potions_obtained":[{"floor":1.0,"key":"GamblersBrew"},{"floor":4,"key":"Dexterity Potion"}],"is_trial":false,"path_per_floor":["M","M","?","M","?","R","M","E","T","R","E"],"character_chosen":"DOCTOR_CLASS","items_purchased":[],"campfire_rested":0,"item_purchase_floors":[],"current_hp_per_floor":[62,63,63,64,64,64,63,37,37,37,0,0],"gold":145,"neow_bonus":"THREE_RARE_CARDS","is_daily":false,"chose_seed":false,"campfire_upgraded":1,"win_rate":0.0,"timestamp":1611362664,"path_taken":["M","M","?","M","?","R","M","E","T","R","E"],"items_purchased_type":[],"build_version":"2020-12-22","purchased_purges":0,"victory":false,"max_hp_per_floor":[65,65,65,65,65,65,65,65,65,65,65,65],"card_choices":[{"not_picked":["ats:Wolf Pack","ats:Volcano"],"picked":"ats:Calcification","floor":0.0},{"not_picked":["ats:Song Of Battle","ats:Apocalypse"],"picked":"ats:Closed Bolt Burst Fire","floor":1.0},{"not_picked":["ats:Counter Healing Mode","ats:Cat Scratch"],"picked":"ats:Hammer On","floor":2},{"not_picked":["ats:Shell Defense","ats:Very Hot Blade"],"picked":"ats:Beaten Up","floor":4},{"not_picked":["ats:Apocalypse","ats:Guardian Obelisk"],"picked":"ats:Spore Proliferation","floor":7},{"not_picked":["ats:Flexible Camouflage","ats:Leaping Hammer","ats:Volcano"],"picked":"SKIP","floor":8}],"player_experience":507147,"relics_obtained":[{"floor":8,"key":"ats:Originium"},{"floor":8,"key":"Pantograph"}],"event_choices":[{"cards_removed":["ats:Strike C"],"damage_healed":0,"gold_gain":0,"player_choice":"Card Removal","damage_taken":0,"max_hp_gain":0,"max_hp_loss":0,"event_name":"The Cleric","floor":3,"gold_loss":50},{"damage_healed":0,"gold_gain":0,"cards_transformed":["ats:Strike G"],"player_choice":"Transformed","damage_taken":0,"max_hp_gain":0,"max_hp_loss":0,"event_name":"Transmorgrifier","floor":5,"gold_loss":0,"cards_obtained":["ats:Durian"]}],"is_beta":false,"boss_relics":[],"items_purged_floors":[],"is_endless":false,"potions_floor_spawned":[1,4],"killed_by":"Lagavulin","ascension_level":0}}