{"host":"TheShotgunBoss","time":1611429932,"event":{"mods":["AchievementEnabler","Always Whale","Aspiration","BaseMod","Beaked The Cultist","Colored Map","Colored Powertips","Colorless Booster Pack","Conspire","Downfall","Energized Spire","FetchMod","GifTheSpireLib","Halation","Hubris","Infinite Spire","Jedi Mod","Minty Spire (QoL Compilation)","Poor People Problems","Quick Restart","RNG!","Relic Sorter","SacredBarkPlus","Shop Mod","Spikes Relics","StSLib","Stuff the Spire","The Blue Laboratory","The Construct","Uncapped","Unceasing Turn Reminder","everything is the same but u backflip on backflip","vexMod","??????REMEMod"],"gold_per_floor":[99,112,112,128,128,156,156,56,71,98,108,8,18,18,34,129,129,129,147,147,163,176,176,176,209,209,119,119,148,162,177,197,298,298,298,310,328,342,352,252,298,298,298,332,332,217,250,250,269,269,269,269],"floor_reached":50,"language":"ENG","playtime":2538,"items_purged":["Slimebound:Strike_Slimebound","Slimebound:Strike_Slimebound"],"score":561,"play_id":"7ee49b12-2ef3-445d-a296-f549d6d00645","local_time":"20210123142532","is_ascension_mode":true,"campfire_choices":[{"data":"Slimebound:Split","floor":1.0,"key":"SMITH"},{"data":"Slimebound:RallyTheTroops","floor":8,"key":"SMITH"},{"data":"Slimebound:SplitSpecialist","floor":12,"key":"SMITH"},{"data":"Slimebound:Teamwork","floor":18,"key":"SMITH"},{"data":"Slimebound:ForwardTackle","floor":23,"key":"SMITH"},{"data":"Slimebound:SplitBruiser","floor":26,"key":"SMITH"},{"data":"Slimebound:GoopSpray","floor":28,"key":"SMITH"},{"floor":35,"key":"RECALL"},{"data":"Slimebound:SplitSpecialist","floor":40,"key":"SMITH"},{"data":"Slimebound:LivingWall","floor":45,"key":"SMITH"}],"circlet_count":0,"master_deck":["Slimebound:Tackle","Slimebound:Defend_Slimebound","Slimebound:Defend_Slimebound","Slimebound:Defend_Slimebound","Slimebound:Defend_Slimebound","Slimebound:Split+1","Slimebound:CorrosiveSpit","Slimebound:RallyTheTroops+1","expansioncontent:StudyTheSpire+1","Slimebound:SplitBruiser+1","Slimebound:SlimeSpikes","Slimebound:SplitSpecialist+1","Slimebound:SlimeSpikes","Slimebound:GoopSpray+1","Slimebound:Teamwork+1","Slimebound:LivingWall+1","Slimebound:SplitSpecialist+1","Slimebound:ForwardTackle+1","Footwork","Slimebound:DuplicatedForm","expansioncontent:Chronoboost"],"relics":["Slimebound:AbsorbEndCombat","REME_ComplimentaryCards","Slimebound:PreparedRelic","jedi:archwizardhat","downfall:HeartBlessingBlue","jedi:crownofsimplicity","downfall:HeartBlessingGreen","Runic Dome","Omamori","StuffTheSpire:Rhapsscallions","hubris:DisguiseKit","jedi:hotpepper","downfall:HeartBlessingRed","Akabeko","jedi:arcanewood","Bottled Lightning"],"acts_visited":["Exordium","TheCity","TheBeyond"],"potions_floor_usage":[16],"damage_taken":[{"damage":11.0,"enemies":"Jaw Worm","floor":2.0,"turns":3.0},{"damage":3.0,"enemies":"Cultist","floor":4.0,"turns":3.0},{"damage":16,"enemies":"3 Sentries","floor":6,"turns":6},{"damage":0,"enemies":"2 Louse","floor":9,"turns":2},{"damage":5,"enemies":"Gremlin Nob","floor":10,"turns":4},{"damage":6,"enemies":"Red Slaver","floor":11,"turns":4},{"damage":1,"enemies":"Blue Slaver","floor":13,"turns":2},{"damage":0,"enemies":"Exordium Wildlife","floor":15,"turns":4},{"damage":17,"enemies":"WA_ARCHETYPE_RETAIN","floor":16,"turns":6},{"damage":0,"enemies":"Chosen","floor":19,"turns":4},{"damage":0,"enemies":"Sentry and Sphere","floor":21,"turns":3},{"damage":13,"enemies":"Centurion and Healer","floor":22,"turns":6},{"damage":5,"enemies":"conspire:MimicChest","floor":25,"turns":7},{"damage":0,"enemies":"downfall:FleeingMerchant","floor":27,"turns":4},{"damage":4,"enemies":"Book of Stabbing","floor":29,"turns":4},{"damage":15,"enemies":"Snake Plant","floor":30,"turns":4},{"damage":0,"enemies":"Snecko","floor":31,"turns":4},{"damage":0,"enemies":"Centurion and Healer","floor":32,"turns":7},{"damage":17,"enemies":"SI_MIRROR_ARCHETYPE","floor":33,"turns":11},{"damage":0,"enemies":"Orb Walker","floor":36,"turns":2},{"damage":0,"enemies":"3 Darklings","floor":37,"turns":5},{"damage":0,"enemies":"Maw","floor":38,"turns":7},{"damage":0,"enemies":"Spire Growth","floor":39,"turns":4},{"damage":10,"enemies":"Reptomancer","floor":44,"turns":6},{"damage":0,"enemies":"downfall:FleeingMerchant","floor":46,"turns":4},{"damage":3,"enemies":"Giant Head","floor":47,"turns":6},{"damage":32,"enemies":"Transient","floor":49,"turns":5},{"damage":53,"enemies":"IC_BLOCK_ARCHETYPE","floor":50,"turns":4}],"seed_played":"7085631327092169660","potions_obtained":[{"floor":6,"key":"SkillPotion"},{"floor":10,"key":"Energy Potion"},{"floor":13,"key":"blueLaboratory:ArtificerPotion"},{"floor":22,"key":"DistilledChaos"},{"floor":32,"key":"Strength Potion"},{"floor":39,"key":"blueLaboratory:LouseDecoction"}],"is_trial":false,"path_per_floor":["R","M","?","M","$","E","T","R","M","E","M","R","M","?","M","B",null,"R","M","?","M","M","R","T","?","R","$","R","E","M","M","M","B",null,"R","M","M","M","M","R","T","?","?","E","R","$","E","?","M","B"],"character_chosen":"SLIMEBOUND","items_purchased":[],"campfire_rested":0,"item_purchase_floors":[],"current_hp_per_floor":[65,58,40,39,39,23,23,33,35,36,30,30,31,46,48,39,75,75,75,75,75,66,66,66,68,68,76,76,74,63,65,69,60,58,58,58,58,58,58,58,58,58,58,51,51,53,58,58,43,0,0,0],"gold":269,"neow_bonus":"ONE_RANDOM_RARE_CARD","is_daily":false,"chose_seed":false,"campfire_upgraded":9,"win_rate":0.0,"timestamp":1611429932,"path_taken":["R","M","?","M","?","E","T","R","?","E","?","R","M","?","M","BOSS","R","M","?","?","M","R","T","?","R","$","R","E","M","M","M","BOSS","R","M","M","M","M","R","T","?","?","E","R","$","E","?","M","BOSS"],"items_purchased_type":[],"build_version":"2020-12-18","purchased_purges":2,"victory":false,"max_hp_per_floor":[65,65,65,65,65,65,65,75,75,75,75,75,75,75,75,75,75,75,75,75,75,75,75,75,78,78,78,78,78,78,78,78,78,58,58,58,58,58,58,58,58,58,58,58,58,58,58,58,58,58,58,58],"card_choices":[{"not_picked":["Slimebound:TongueLash","Slimebound:RollThrough"],"picked":"Slimebound:SplitBruiser","floor":2.0},{"not_picked":["Slimebound:PressTheAttack","Slimebound:SamplingLick"],"picked":"Slimebound:SlimeSpikes","floor":4.0},{"not_picked":["Slimebound:Recollect","Slimebound:ForwardTackle","Slimebound:Prepare"],"picked":"SKIP","floor":6},{"not_picked":["Slimebound:Chomp","Slimebound:ItLooksTasty"],"picked":"Slimebound:SplitSpecialist","floor":9},{"not_picked":["Slimebound:ItLooksTasty","Slimebound:LeechingTouch","Slimebound:FlameTackle"],"picked":"SKIP","floor":10},{"not_picked":["Slimebound:HungryTackle","Slimebound:SplitMire"],"picked":"Slimebound:SlimeSpikes","floor":11},{"not_picked":["Slimebound:SlimeBrawl","Slimebound:RollThrough"],"picked":"Slimebound:GoopSpray","floor":13},{"not_picked":["Slimebound:FinishingTackle","Slimebound:SplitMire","Slimebound:GoopSpray"],"picked":"SKIP","floor":15},{"not_picked":["Slimebound:LeechLife","Slimebound:MassFeed"],"picked":"Slimebound:Teamwork","floor":16},{"not_picked":["Slimebound:SlimeSpikes","Slimebound:ItLooksTasty","Slimebound:GoopTackle"],"picked":"SKIP","floor":19},{"not_picked":["Slimebound:FlameTackle+1","Slimebound:SplitLeeching"],"picked":"Slimebound:ForwardTackle","floor":21},{"not_picked":["Slimebound:PressTheAttack","Slimebound:SpikyOuterGoop","Slimebound:ProtectTheBoss"],"picked":"SKIP","floor":22},{"not_picked":["Slimebound:PressTheAttack+1","Slimebound:RollThrough","Slimebound:LeechEnergy+1"],"picked":"SKIP","floor":27},{"not_picked":["Slimebound:CheckThePlaybook","Slimebound:GoopTackle","Slimebound:ComboTackle"],"picked":"SKIP","floor":29},{"not_picked":["Slimebound:ItLooksTasty+1","Slimebound:Schlurp","Slimebound:SplitBruiser","Cloak And Dagger"],"picked":"SKIP","floor":30},{"not_picked":["Slimebound:ItLooksTasty","Slimebound:HauntingLick","Slimebound:ViciousTackle+1","Underhanded Strike"],"picked":"SKIP","floor":31},{"not_picked":["Slimebound:Nibble","Slimebound:DivideAndConquer+1","Slimebound:PressTheAttack+1","Blade Dance"],"picked":"SKIP","floor":32},{"not_picked":["Slimebound:Nibble","Slimebound:DivideAndConquer+1","Slimebound:PressTheAttack+1","Blade Dance"],"picked":"SKIP","floor":32},{"not_picked":["Slimebound:Nibble","Slimebound:DivideAndConquer+1","Slimebound:PressTheAttack+1","Blade Dance"],"picked":"SKIP","floor":32},{"not_picked":["Slimebound:SplitMire+1","Slimebound:LivingWall","Slimebound:LeechEnergy+1","All Out Attack"],"picked":"SKIP","floor":36},{"not_picked":["Slimebound:SplitMire+1","Slimebound:LeechEnergy+1","All Out Attack"],"picked":"Slimebound:LivingWall","floor":36},{"not_picked":["Slimebound:LivingWall+1","Slimebound:HauntingLick+1","Underhanded Strike"],"picked":"Slimebound:SplitSpecialist","floor":37},{"not_picked":["Slimebound:RejuvenatingLick","Slimebound:Gluttony+1","Slimebound:SplitMire+1","Acrobatics"],"picked":"SKIP","floor":38},{"not_picked":["Slimebound:LeechingTouch+1","Slimebound:LivingWall","Sucker Punch"],"picked":"Slimebound:ForwardTackle+1","floor":39},{"not_picked":["Slimebound:GoopTackle+1","Slimebound:SplitAcid+1","Slimebound:MegaLick","jedi:studyshivs"],"picked":"SKIP","floor":44},{"not_picked":["Slimebound:LivingWall+1","Slimebound:ItLooksTasty+1","Slimebound:LeechEnergy+1"],"picked":"Footwork","floor":46},{"not_picked":["Slimebound:SplitBruiser+1","Slimebound:ComboTackle","conspire:DoublingDagger"],"picked":"Slimebound:DuplicatedForm","floor":47},{"not_picked":["expansioncontent:GuardianWhirl","expansioncontent:Hexaburn"],"picked":"expansioncontent:Chronoboost","floor":48},{"not_picked":["Slimebound:SplitBruiser+1","Slimebound:Dissolve","Slimebound:Prepare+1","StuffTheSpire:BumpUp"],"picked":"SKIP","floor":49}],"player_experience":302311,"relics_obtained":[{"floor":6,"key":"jedi:archwizardhat"},{"floor":10,"key":"jedi:crownofsimplicity"},{"floor":24,"key":"Omamori"},{"floor":25,"key":"StuffTheSpire:Rhapsscallions"},{"floor":29,"key":"hubris:DisguiseKit"},{"floor":41,"key":"Akabeko"},{"floor":44,"key":"jedi:arcanewood"},{"floor":47,"key":"Bottled Lightning"}],"event_choices":[{"damage_healed":0.0,"max_hp_gain":0.0,"max_hp_loss":0.0,"gold_gain":0.0,"event_name":"Scrap Ooze","player_choice":"Success","floor":3.0,"gold_loss":0.0,"damage_taken":18.0,"relics_obtained":["Slimebound:PreparedRelic"]},{"cards_removed":["Slimebound:ForwardTackle"],"damage_healed":0,"gold_gain":0,"player_choice":"Removed Attack","damage_taken":0,"max_hp_gain":0,"max_hp_loss":0,"event_name":"Falling","floor":42,"gold_loss":0},{"damage_healed":0,"gold_gain":0,"player_choice":"Leave","damage_taken":0,"max_hp_gain":0,"max_hp_loss":0,"event_name":"conspire:Investor","floor":43,"gold_loss":0}],"is_beta":true,"boss_relics":[{"not_picked":["conspire:RunicOctahedron","Snecko Eye"],"picked":"Runic Dome"},{"not_picked":["Velvet Choker","conspire:RoyalGoblet"],"picked":"jedi:hotpepper"}],"items_purged_floors":[27,46],"is_endless":false,"potions_floor_spawned":[6,10,13,22,25,29,32,33,37,39],"killed_by":"IC_BLOCK_ARCHETYPE","ascension_level":1}}