{"host":"hfxp6ue4pvwo3fit","time":1611402345,"event":{"mods":["AchievementEnabler","BaseMod","Colored Map","Colored Powertips","Highlight Path","HololiveMod","Minty Spire (QoL Compilation)","Relic Stats","StSLib","SuperFastMode"],"gold_per_floor":[80,80,100,113,32,32,61,61,113,143,153,179,207,118,118,191,191,211,211,211,126,137,175,175,9,9,26,26,47,47,69,69,147,147,158,58,110,110,110,110,146,146,146,146,146,90,90,114,114,118,118],"floor_reached":50,"language":"ENG","playtime":1466,"items_purged":["Hololive_CallAiraniIofifteen","Hololive_CallNatsuiroMatsuri"],"score":1308,"play_id":"b9fda97d-1bba-429d-951b-20dcf132f8fa","local_time":"20210123054545","is_ascension_mode":true,"campfire_choices":[{"data":"Hololive_ManjiGathering","floor":6,"key":"SMITH"},{"data":"Hololive_StrengthChampion","floor":8,"key":"SMITH"},{"data":"Hololive_StrengthChampion+1","floor":15,"key":"SMITH"},{"data":"Hololive_IdolExercise","floor":24,"key":"SMITH"},{"data":"Hololive_Drill","floor":28,"key":"SMITH"},{"data":"Hololive_Drill","floor":30,"key":"SMITH"},{"data":"Hololive_CallInugamiKorone","floor":32,"key":"SMITH"},{"data":"Hololive_StrengthChampion+2","floor":40,"key":"SMITH"},{"data":"Hololive_StrengthChampion+3","floor":44,"key":"SMITH"},{"data":"Hololive_StrengthChampion+4","floor":47,"key":"SMITH"},{"data":"Hololive_StrengthChampion+5","floor":49,"key":"SMITH"}],"circlet_count":0,"master_deck":["AscendersBane","Hololive_Strike","Hololive_Strike","Hololive_Defend","Hololive_Defend","Hololive_ManjiGathering+1","Hololive_CallInugamiKorone+1","Hololive_CallMurasakiShion","Hololive_CallMoonaHoshinova","Hololive_OpenUp","Hololive_Drill+1","Hololive_CallMomosuzuNene+18","Hololive_CandyCastle","Hololive_StrengthChampion+6","Hololive_CandyCastle","Hololive_Trident","Hololive_Drill+1","Hololive_CocoNews","Hololive_CallSpadeEcho+1","Hololive_IdolExercise+1","Hololive_DDD","Flash of Steel","Hololive_CallManoAloe+1"],"relics":["Hololive_TheStar","Akabeko","Art of War","Regal Pillow","MawBank","Coffee Dripper","StrikeDummy","Ornamental Fan","Lee\u0027s Waffle","Shuriken","SlaversCollar","Ginger","Vajra","Frozen Egg 2"],"acts_visited":["Exordium","TheCity","TheBeyond"],"potions_floor_usage":[12,16,22,23,37],"damage_taken":[{"damage":0,"enemies":"Cultist","floor":1,"turns":2},{"damage":0,"enemies":"Jaw Worm","floor":3,"turns":3},{"damage":0,"enemies":"2 Louse","floor":4,"turns":2},{"damage":0,"enemies":"Gremlin Nob","floor":7,"turns":3},{"damage":0,"enemies":"3 Sentries","floor":10,"turns":4},{"damage":0,"enemies":"Large Slime","floor":11,"turns":3},{"damage":0,"enemies":"Lagavulin","floor":12,"turns":5},{"damage":0,"enemies":"Exordium Thugs","floor":13,"turns":3},{"damage":14,"enemies":"The Guardian","floor":16,"turns":7},{"damage":3,"enemies":"Shell Parasite","floor":18,"turns":3},{"damage":0,"enemies":"2 Thieves","floor":22,"turns":3},{"damage":21,"enemies":"Slavers","floor":23,"turns":7},{"damage":4,"enemies":"Snake Plant","floor":27,"turns":3},{"damage":0,"enemies":"Cultist and Chosen","floor":29,"turns":3},{"damage":1,"enemies":"Centurion and Healer","floor":31,"turns":5},{"damage":0,"enemies":"Automaton","floor":33,"turns":6},{"damage":0,"enemies":"3 Shapes","floor":35,"turns":4},{"damage":61,"enemies":"2 Orb Walkers","floor":37,"turns":6},{"damage":0,"enemies":"Nemesis","floor":41,"turns":5},{"damage":0,"enemies":"Orb Walker","floor":48,"turns":2},{"damage":19,"enemies":"Donu and Deca","floor":50,"turns":5}],"seed_played":"-2711363873955530619","potions_obtained":[{"floor":2,"key":"FairyPotion"},{"floor":2,"key":"FairyPotion"},{"floor":10,"key":"Fruit Juice"},{"floor":12,"key":"AttackPotion"},{"floor":16,"key":"Swift Potion"},{"floor":22,"key":"AttackPotion"},{"floor":33,"key":"DuplicationPotion"},{"floor":37,"key":"Strength Potion"}],"is_trial":false,"path_per_floor":["M","?","M","M","$","R","E","R","T","E","M","E","M","$","R","B",null,"M","?","?","?","M","E","R","$","T","M","R","M","R","M","R","B",null,"M","$","?","?","?","R","E","$","T","R","?","$","R","M","R","B"],"character_chosen":"Hololive_HololiveCharacter","items_purchased":["Hololive_CandyCastle","Hololive_CocoNews","Lee\u0027s Waffle","Dexterity Potion"],"campfire_rested":0,"item_purchase_floors":[5,14,25,46],"current_hp_per_floor":[27,27,27,27,27,27,27,27,27,27,27,32,32,32,32,18,31,28,28,28,28,28,7,7,42,42,38,38,38,38,37,37,37,41,41,41,12,12,12,12,12,12,12,12,12,12,12,12,12,0,0],"gold":118,"neow_bonus":"ONE_RANDOM_RARE_CARD","is_daily":false,"chose_seed":false,"campfire_upgraded":11,"win_rate":0.0,"timestamp":1611402345,"path_taken":["M","?","M","M","$","R","E","R","T","E","M","E","?","$","R","BOSS","M","?","?","?","M","E","R","$","T","?","R","M","R","M","R","BOSS","M","$","?","?","?","R","E","$","T","R","?","?","R","M","R","BOSS"],"items_purchased_type":["Card","Card","Relic","Potion"],"build_version":"2020-12-22","purchased_purges":2,"victory":false,"max_hp_per_floor":[30,30,30,30,30,30,30,30,30,30,30,35,35,35,35,35,35,35,35,35,35,35,35,35,42,42,42,42,42,42,42,42,42,42,42,42,42,40,40,40,40,40,40,40,40,40,40,40,40,40,40],"relic_stats":{"Regal Pillow":0,"Lee\u0027s Waffle":35,"counters":[21,84],"Ornamental Fan":[112],"Shuriken":[28],"Art of War":[5],"Ginger":[0],"MawBank":24,"obtain_stats":[{"Regal Pillow":10,"Lee\u0027s Waffle":25,"Vajra":41,"Ginger":37,"Frozen Egg 2":43,"MawBank":12,"Akabeko":7,"SlaversCollar":34,"Ornamental Fan":23,"Shuriken":26,"Hololive_TheStar":0,"Art of War":9,"Coffee Dripper":17,"StrikeDummy":21},{"Regal Pillow":5,"Lee\u0027s Waffle":12,"Vajra":19,"Ginger":18,"Frozen Egg 2":19,"MawBank":7,"Akabeko":4,"SlaversCollar":16,"Ornamental Fan":12,"Shuriken":12,"Hololive_TheStar":0,"Art of War":4,"Coffee Dripper":9,"StrikeDummy":10},{"Regal Pillow":14,"Lee\u0027s Waffle":45,"Vajra":77,"Ginger":72,"Frozen Egg 2":77,"MawBank":22,"Akabeko":10,"SlaversCollar":62,"Ornamental Fan":45,"Shuriken":45,"Hololive_TheStar":0,"Art of War":10,"Coffee Dripper":32,"StrikeDummy":35}]},"card_choices":[{"not_picked":["Hololive_CallShiroganeNoel","Hololive_RevenueBasedLive","Hololive_DevilCharm","Hololive_Rebound"],"picked":"SKIP","floor":1},{"not_picked":["Hololive_CallShishiroBotan","Hololive_Rebound","Hololive_Sequa"],"picked":"Hololive_Drill","floor":3},{"not_picked":["Hololive_LuckPotion","Hololive_HuntDinosaur","Hololive_CallShirakamiFubuki"],"picked":"Hololive_CallMomosuzuNene","floor":4},{"not_picked":["Hololive_OvertimeWork","Hololive_Recruit","Hololive_FlyingPonyTail"],"picked":"Hololive_StrengthChampion","floor":7},{"not_picked":["Hololive_CallHoshimachiSuisei","Hololive_LuckPotion","Hololive_HuntDinosaur","Hololive_ILoveYou"],"picked":"SKIP","floor":10},{"not_picked":["Hololive_FlyingPonyTail","Hololive_CocoNews","Hololive_RevenueBasedLive"],"picked":"Hololive_CandyCastle","floor":11},{"not_picked":["Hololive_CallHoshimachiSuisei","Hololive_CallAmaneKanata","Hololive_StrengthChampion"],"picked":"Hololive_Trident","floor":12},{"not_picked":["Hololive_FlyingPonyTail","Hololive_LuckPotion","Hololive_HuntDinosaur"],"picked":"Hololive_Drill","floor":13},{"not_picked":["Hololive_Trident","Hololive_CallShiroganeNoel","Hololive_CallHimemoriLuna"],"picked":"Hololive_CallSpadeEcho+1","floor":18},{"not_picked":["Hololive_Psychosis","Hololive_CocoNews","Hololive_Breathe","Hololive_Drill"],"picked":"SKIP","floor":22},{"not_picked":["Hololive_CallShishiroBotan","Hololive_Sequa","Hololive_CallKiryuuCoco+1"],"picked":"Hololive_IdolExercise","floor":23},{"not_picked":["Hololive_Drill","Hololive_Rebound","Hololive_FlyingPonyTail","Hololive_CallShirakamiFubuki+1"],"picked":"SKIP","floor":27},{"not_picked":["Hololive_CallShishiroBotan","Hololive_Rebound","Hololive_CallFriendA","Hololive_BringToTrial"],"picked":"SKIP","floor":29},{"not_picked":["Hololive_Rebound","Hololive_OvertimeWork","Hololive_Drill","Hololive_Yoholoon"],"picked":"SKIP","floor":31},{"not_picked":["Hololive_Recruit","Hololive_FlareMind","Hololive_DiamondStrike"],"picked":"Hololive_DDD","floor":33},{"not_picked":["Hololive_Breathe","Hololive_FlyingPonyTail","Hololive_CallSpadeEcho","Hololive_RevenueBasedLive"],"picked":"SKIP","floor":35},{"not_picked":["Purity","Sadistic Nature","Enlightenment"],"picked":"Flash of Steel","floor":39},{"not_picked":["Hololive_ILoveYou+1","Hololive_RevenueBasedLive","Hololive_Trident"],"picked":"Hololive_CallManoAloe+1","floor":41},{"not_picked":["Hololive_OvertimeWork","Hololive_CallAyundaRisu+1","Hololive_Rebound","Hololive_Breathe"],"picked":"SKIP","floor":48}],"player_experience":579651,"relics_obtained":[{"floor":7,"key":"Akabeko"},{"floor":9,"key":"Art of War"},{"floor":10,"key":"Regal Pillow"},{"floor":12,"key":"MawBank"},{"floor":23,"key":"Ornamental Fan"},{"floor":26,"key":"Shuriken"},{"floor":37,"key":"Ginger"},{"floor":41,"key":"Vajra"},{"floor":43,"key":"Frozen Egg 2"}],"event_choices":[{"damage_healed":0,"gold_gain":0,"player_choice":"Got Potions","damage_taken":0,"max_hp_gain":0,"max_hp_loss":0,"event_name":"Lab","floor":2,"gold_loss":0},{"damage_healed":0,"gold_gain":0,"player_choice":"Ignored","damage_taken":0,"max_hp_gain":0,"max_hp_loss":0,"event_name":"Vampires","floor":19,"gold_loss":0},{"damage_healed":0,"gold_gain":0,"player_choice":"Ignored","damage_taken":0,"max_hp_gain":0,"max_hp_loss":0,"event_name":"Ghosts","floor":20,"gold_loss":0},{"damage_healed":0,"gold_gain":0,"player_choice":"Obtained Relic","damage_taken":0,"relics_obtained":["StrikeDummy"],"max_hp_gain":0,"max_hp_loss":0,"event_name":"Addict","floor":21,"gold_loss":85},{"damage_healed":0,"gold_gain":0,"player_choice":"Fight","damage_taken":0,"max_hp_gain":0,"max_hp_loss":0,"event_name":"Mysterious Sphere","floor":37,"gold_loss":0},{"damage_healed":0,"gold_gain":0,"player_choice":"Max HP","damage_taken":0,"max_hp_gain":0,"max_hp_loss":2,"event_name":"Winding Halls","floor":38,"gold_loss":0},{"damage_healed":0,"gold_gain":0,"player_choice":"Memory 1","damage_taken":0,"max_hp_gain":0,"max_hp_loss":0,"event_name":"SensoryStone","floor":39,"gold_loss":0},{"damage_healed":0,"gold_gain":0,"player_choice":"Ignored","damage_taken":0,"max_hp_gain":0,"max_hp_loss":0,"event_name":"Tomb of Lord Red Mask","floor":45,"gold_loss":0}],"is_beta":false,"boss_relics":[{"not_picked":["Fusion Hammer","Tiny House"],"picked":"Coffee Dripper"},{"not_picked":["Velvet Choker","Hololive_TopUpMoneyS"],"picked":"SlaversCollar"}],"items_purged_floors":[14,36],"is_endless":false,"potions_floor_spawned":[4,10,12,16,22,33,37],"killed_by":"Donu and Deca","ascension_level":20}}