{"host":"c3lc60y5x60jlt1y","time":1611400887,"event":{"mods":["AchievementEnabler","BaseMod","Bestiary","Colored Map","Minty Spire (QoL Compilation)","Quick Restart","StSLib","ojb\u0027s Info Mod"],"gold_per_floor":[111,36,48,48,123,148,148,174,174,174,187,187,200,227,227,299,299,312,126,126,70,90,90,124,124,151,181,198,198,216,216,216],"floor_reached":31,"language":"ENG","playtime":2468,"items_purged":["Defend_B"],"score":585,"play_id":"0249bf29-9088-4deb-a7c3-5ff03b11ac80","local_time":"20210123132127","is_ascension_mode":true,"campfire_choices":[{"data":"Streamline","floor":7.0,"key":"SMITH"},{"data":"Defragment","floor":10.0,"key":"SMITH"},{"data":"Zap","floor":12.0,"key":"SMITH"},{"floor":15.0,"key":"REST"},{"floor":23.0,"key":"REST"},{"data":"Coolheaded","floor":25.0,"key":"SMITH"},{"data":"Glacier","floor":29,"key":"SMITH"}],"circlet_count":0,"master_deck":["AscendersBane","Strike_B","Strike_B","Strike_B","Defend_B","Defend_B","Defend_B","Zap+1","Dualcast","Streamline+1","Ball Lightning","Hello World","Defragment+1","Compile Driver","Coolheaded+1","Force Field","Hyperbeam","Force Field","Glacier+1","Loop","Self Repair","Storm","Core Surge","Fusion+1","Lockon","Tempest+1"],"relics":["Cracked Core","NeowsBlessing","Question Card","Toy Ornithopter","Regal Pillow","Bottled Lightning","SacredBark","TungstenRod","PreservedInsect","Eternal Feather"],"acts_visited":["Exordium","TheCity"],"potions_floor_usage":[31],"damage_taken":[{"damage":0.0,"enemies":"2 Louse","floor":1.0,"turns":1.0},{"damage":0.0,"enemies":"Jaw Worm","floor":3.0,"turns":1.0},{"damage":0.0,"enemies":"3 Sentries","floor":6.0,"turns":1.0},{"damage":16.0,"enemies":"Gremlin Nob","floor":8.0,"turns":3.0},{"damage":1.0,"enemies":"Cultist","floor":11.0,"turns":3.0},{"damage":0.0,"enemies":"2 Fungi Beasts","floor":13.0,"turns":2.0},{"damage":25.0,"enemies":"Lagavulin","floor":14.0,"turns":5.0},{"damage":33.0,"enemies":"Slime Boss","floor":16.0,"turns":7.0},{"damage":16.0,"enemies":"2 Thieves","floor":18.0,"turns":3.0},{"damage":23.0,"enemies":"Chosen","floor":22.0,"turns":6.0},{"damage":24.0,"enemies":"Book of Stabbing","floor":24.0,"turns":4.0},{"damage":8.0,"enemies":"Gremlin Leader","floor":27.0,"turns":4.0},{"damage":31,"enemies":"Shelled Parasite and Fungi","floor":28,"turns":7},{"damage":19,"enemies":"Snake Plant","floor":30,"turns":4},{"damage":29,"enemies":"Slavers","floor":31,"turns":2}],"seed_played":"-3241862767203068985","potions_obtained":[{"floor":3.0,"key":"PotionOfCapacity"},{"floor":6.0,"key":"DuplicationPotion"},{"floor":13.0,"key":"Fire Potion"},{"floor":18.0,"key":"Strength Potion"},{"floor":24.0,"key":"DistilledChaos"}],"is_trial":false,"path_per_floor":["M","?","M","$","?","E","R","E","T","R","M","R","M","E","R","B",null,"M","$","?","$","M","R","E","R","T","E","M","R","M","E"],"character_chosen":"DEFECT","items_purchased":["Glacier","Loop","PowerPotion"],"campfire_rested":2,"item_purchase_floors":[19,19,21],"current_hp_per_floor":[64,64,64,64,53,53,53,37,37,37,36,36,36,11,47,19,58,47,47,47,47,31,67,47,47,47,51,27,42,23,0,0],"gold":216,"neow_bonus":"THREE_ENEMY_KILL","is_daily":false,"chose_seed":false,"campfire_upgraded":5,"win_rate":0.0,"timestamp":1611400887,"path_taken":["M","?","M","$","?","E","R","E","T","R","M","R","M","E","R","BOSS","M","$","?","$","M","R","E","R","T","E","M","R","M","E"],"items_purchased_type":["Card","Card","Potion"],"build_version":"2020-12-22","purchased_purges":1,"victory":false,"max_hp_per_floor":[71,71,71,71,71,71,71,71,71,71,71,71,71,71,71,71,71,71,71,71,71,71,71,71,71,71,71,71,71,71,71,71],"card_choices":[{"not_picked":["Rebound","Chaos"],"picked":"Streamline","floor":1.0},{"not_picked":["Stack","Reprogram"],"picked":"Ball Lightning","floor":3.0},{"not_picked":["Lockon","Cold Snap"],"picked":"Hello World","floor":6.0},{"not_picked":["Hello World","Force Field","Ball Lightning"],"picked":"Defragment","floor":8.0},{"not_picked":["Gash","Leap","Melter"],"picked":"Compile Driver","floor":11.0},{"not_picked":["Streamline","Leap","Rainbow"],"picked":"Coolheaded","floor":13.0},{"not_picked":["Conserve Battery","Steam","Barrage"],"picked":"Force Field","floor":14.0},{"not_picked":["Meteor Strike","Buffer","Machine Learning"],"picked":"Hyperbeam","floor":16.0},{"not_picked":["Sweeping Beam","Scrape","Steam"],"picked":"Force Field","floor":18.0},{"not_picked":["Conserve Battery","Rebound","Rainbow"],"picked":"Storm","floor":22.0},{"not_picked":["Conserve Battery","Barrage","Stack"],"picked":"Core Surge","floor":24.0},{"not_picked":["Reinforced Body","Compile Driver","Gash"],"picked":"Fusion+1","floor":27.0},{"not_picked":["Go for the Eyes","Coolheaded","BootSequence"],"picked":"Lockon","floor":28},{"not_picked":["Go for the Eyes","Darkness","Sweeping Beam"],"picked":"Tempest+1","floor":30}],"player_experience":8420631,"relics_obtained":[{"floor":6.0,"key":"Question Card"},{"floor":8.0,"key":"Toy Ornithopter"},{"floor":9.0,"key":"Regal Pillow"},{"floor":14.0,"key":"Bottled Lightning"},{"floor":24.0,"key":"TungstenRod"},{"floor":26.0,"key":"PreservedInsect"},{"floor":27.0,"key":"Eternal Feather"}],"event_choices":[{"cards_removed":["Strike_B"],"damage_healed":0.0,"max_hp_gain":0.0,"max_hp_loss":0.0,"gold_gain":0.0,"event_name":"The Cleric","player_choice":"Card Removal","floor":2.0,"gold_loss":75.0,"damage_taken":0.0},{"damage_healed":0.0,"max_hp_gain":0.0,"max_hp_loss":0.0,"gold_gain":75.0,"event_name":"World of Goop","player_choice":"Gather Gold","floor":5.0,"gold_loss":0.0,"damage_taken":11.0},{"damage_healed":0.0,"max_hp_gain":0.0,"max_hp_loss":0.0,"gold_gain":0.0,"event_name":"The Library","player_choice":"Read","floor":20.0,"gold_loss":0.0,"damage_taken":0.0,"cards_obtained":["Self Repair"]}],"is_beta":false,"boss_relics":[{"not_picked":["Calling Bell","Coffee Dripper"],"picked":"SacredBark"}],"items_purged_floors":[19],"is_endless":false,"potions_floor_spawned":[3,6,13,18,24],"killed_by":"Slavers","ascension_level":17}}