{"host":"zk6vb2npgw3pu6j2","time":1611369687,"event":{"mods":["Act Like it!","Aspiration","Bard","BaseMod","Beaked The Cultist","Bestiary","Better Note","Better Sensory Stone","CapriCore","Conspire","Downfall","Friendly Minions","Gensokyo","GifTheSpireLib","Hallownest","Hermit","Hubris","Koishi","Marisa????????","Marked Mod","Minty Spire (QoL Compilation)","Quarter Circle Forward PUNCH!","Reimu??????","Replay The Spire","Retaliation","StSLib","The Administrix","The Alterego","The Blue Laboratory","The Bug Knight","The Construct","The Exalted","The Hierophant","The Immortal","The Marked","The Runesmith","The Senshi","The Servant 0.9.4","The Wild Card","TheVacant","Wandering Minibosses","yUi"],"gold_per_floor":[99,118,131,131,148,148,148,173,73,88,88,2,2,22,37,37,37,37],"floor_reached":16,"language":"ENG","playtime":886,"items_purged":[],"score":102,"play_id":"27323cc4-cff7-434d-93ad-6f00669934da","local_time":"20210122214127","is_ascension_mode":false,"campfire_choices":[{"floor":9,"key":"REST"}],"circlet_count":0,"master_deck":["hexamod:Strike","hexamod:Strike+1","hexamod:Strike","hexamod:Strike","hexamod:Defend","hexamod:Defend","hexamod:Defend+1","hexamod:Defend","hexamod:Sear","hexamod:Float","Enlightenment","hexamod:FirstSeal","hexamod:SwordOfDarkness","hexamod:HeatMetal","hexamod:Hexaguard","hexamod:ChargedBarrage","hexamod:FastForward","hexamod:Toasty","hexamod:ExtraCrispy","hexamod:SpectralSpark","hexamod:SwordOfDarkness"],"relics":["hexamod:SpiritBrand","construct:RocketBooster","Bromod:ArcaneUltimatum","Ornamental Fan","downfall:HeartBlessingGreen","hubris:Towel"],"acts_visited":["Exordium"],"potions_floor_usage":[],"damage_taken":[{"damage":3,"enemies":"Jaw Worm","floor":2,"turns":5},{"damage":0,"enemies":"2 Louse","floor":3,"turns":3},{"damage":1,"enemies":"Cultist","floor":5,"turns":3},{"damage":40,"enemies":"Lagavulin","floor":8,"turns":9},{"damage":15,"enemies":"Exordium Thugs","floor":10,"turns":6},{"damage":5,"enemies":"downfall:FleeingMerchant","floor":12,"turns":4},{"damage":0,"enemies":"Large Slime","floor":14,"turns":3},{"damage":0,"enemies":"Exordium Wildlife","floor":15,"turns":3},{"damage":76,"enemies":"SI_SHIV_ARCHETYPE","floor":16,"turns":8}],"seed_played":"6105395563774100481","potions_obtained":[{"floor":2,"key":"LifebloodPotion"},{"floor":14,"key":"Elixir"},{"floor":15,"key":"blueLaboratory:NullPotion"}],"is_trial":false,"path_per_floor":["R","M","M","?","M","?","T","E","R","M","?","$","?","M","M","B"],"character_chosen":"THE_SPIRIT","items_purchased":["hexamod:ExtraCrispy"],"campfire_rested":1,"item_purchase_floors":[12],"current_hp_per_floor":[63,67,67,67,70,70,70,37,58,50,50,52,59,66,70,0,0,0],"gold":37,"neow_bonus":"RANDOM_COLORLESS","is_daily":false,"chose_seed":false,"campfire_upgraded":0,"win_rate":0.0,"timestamp":1611369687,"path_taken":["R","M","M","?","M","?","T","E","R","?","?","?","?","?","M","BOSS"],"items_purchased_type":["Card"],"build_version":"2020-12-22","purchased_purges":0,"victory":false,"max_hp_per_floor":[70,70,70,70,70,70,70,70,70,70,70,70,70,70,70,70,70,70],"card_choices":[{"not_picked":["ReplayTheSpireMod:Trickstab","Blind"],"picked":"Enlightenment","floor":0},{"not_picked":["hexamod:HauntingEcho","hexamod:ThermalTransfer"],"picked":"hexamod:SwordOfDarkness","floor":2},{"not_picked":["hexamod:SoulSteal","hexamod:StepThrough"],"picked":"hexamod:HeatMetal","floor":3},{"not_picked":["hexamod:ShieldOfDarkness","hexamod:SwordOfDarkness"],"picked":"hexamod:Hexaguard","floor":5},{"not_picked":["hexamod:HeatMetal","hexamod:StepThrough"],"picked":"hexamod:ChargedBarrage","floor":8},{"not_picked":["hexamod:GhostflameBarrier","hexamod:GhostShield"],"picked":"hexamod:FastForward","floor":10},{"not_picked":["hexamod:EtherealExpedition","hexamod:SearingWound"],"picked":"hexamod:Toasty","floor":12},{"not_picked":["hexamod:SkipABeat","hexamod:InspiringFlames"],"picked":"hexamod:SpectralSpark","floor":14},{"not_picked":["hexamod:NightmareStrike","hexamod:NightmareGuise"],"picked":"hexamod:SwordOfDarkness","floor":15}],"player_experience":265632,"relics_obtained":[{"floor":7,"key":"Bromod:ArcaneUltimatum"},{"floor":8,"key":"Ornamental Fan"}],"event_choices":[],"is_beta":false,"boss_relics":[],"items_purged_floors":[],"is_endless":false,"potions_floor_spawned":[2,14,15],"killed_by":"SI_SHIV_ARCHETYPE","ascension_level":0}}