{"host":"1p8eqzpvl5sxeu5t","time":1611418255,"event":{"mods":["BaseMod","Bestiary","Block Reminder","Colored Map","Colored Powertips","Curses Come First","Downfall","Highlight Path","Minty Spire (QoL Compilation)","Relic Stats","StSLib","The IronCluck","Waifu the Spire","everything is the same but u backflip on backflip","slay the spire mod where everything is the same but ironclad has a cowboy hat"],"gold_per_floor":[99,114,127,127,127,162,162,172,172,207,226,226,252,40,56,158,158,58,75,75,86,101,111,134,44,44,60,74,74,74,104,123,222,222,22,40,25,45,16,16,42,42,42,42,42,42,73,83,102,102,102,134,34,34,34,34,34],"floor_reached":56,"language":"ENG","playtime":3706,"items_purged":["bronze:Verify","bronze:Strike"],"score":854,"play_id":"d0ebf056-bf60-459f-aaa9-4ff4748b5f2a","local_time":"20210124001055","is_ascension_mode":true,"campfire_choices":[{"data":"bronze:Replicate","floor":1.0,"key":"SMITH"},{"data":"bronze:Goto","floor":9.0,"key":"SMITH"},{"data":"bronze:Repair","floor":12.0,"key":"SMITH"},{"floor":18.0,"key":"RECALL"},{"data":"bronze:Mutator","floor":26.0,"key":"SMITH"},{"data":"bronze:Verify","floor":29.0,"key":"SMITH"},{"data":"bronze:ShipIt","floor":35.0,"key":"SMITH"},{"data":"expansioncontent:Chronoboost","floor":40.0,"key":"SMITH"},{"data":"bronze:MaxOutput","floor":42.0,"key":"SMITH"},{"data":"expansioncontent:YouAreMine","floor":45.0,"key":"SMITH"},{"floor":54.0,"key":"REST"}],"circlet_count":0,"master_deck":["bronze:Strike","bronze:Strike","bronze:Defend","bronze:Defend","bronze:Defend","bronze:Defend","bronze:Replicate+1","bronze:Goto+1","bronze:MaxOutput+1","bronze:Shield","bronze:InfiniteLoop+1","bronze:BugBarrage","bronze:Repair+1","bronze:BugBarrage","bronze:Verify+1","bronze:Iterate+1","bronze:Frontload+1","bronze:Mutator+1","bronze:Iterate+1","bronze:ShipIt+1","bronze:Terminator+1","expansioncontent:Chronoboost+1","expansioncontent:YouAreMine+1","expansioncontent:YouAreMine","expansioncontent:LastStand"],"relics":["bronze:PlatinumCore","CaptainsWheel","Singing Bowl","Kunai","HornCleat","Shuriken","Happy Flower","Philosopher\u0027s Stone","downfall:HeartBlessingGreen","Bottled Flame","downfall:HeartBlessingBlue","downfall:HeartBlessingRed","champ:DuelingGlove","Boot","InkBottle","Lantern"],"acts_visited":["Exordium","TheCity","TheBeyond","TheEnding"],"potions_floor_usage":[55,55,56],"damage_taken":[{"damage":5.0,"enemies":"Jaw Worm","floor":2.0,"turns":5.0},{"damage":3.0,"enemies":"Small Slimes","floor":3.0,"turns":3.0},{"damage":8.0,"enemies":"Gremlin Nob","floor":6.0,"turns":4.0},{"damage":0.0,"enemies":"Cultist","floor":8.0,"turns":3.0},{"damage":13.0,"enemies":"3 Sentries","floor":10.0,"turns":5.0},{"damage":0.0,"enemies":"Exordium Wildlife","floor":11.0,"turns":4.0},{"damage":0.0,"enemies":"Gremlin Nob","floor":13.0,"turns":4.0},{"damage":0.0,"enemies":"downfall:FleeingMerchant","floor":14.0,"turns":4.0},{"damage":16.0,"enemies":"Large Slime","floor":15.0,"turns":4.0},{"damage":44.0,"enemies":"WA_ARCHETYPE_RETAIN","floor":16.0,"turns":8.0},{"damage":0.0,"enemies":"Chosen","floor":19.0,"turns":3.0},{"damage":0.0,"enemies":"Spheric Guardian","floor":21.0,"turns":3.0},{"damage":13.0,"enemies":"Centurion and Healer","floor":22.0,"turns":6.0},{"damage":1.0,"enemies":"Snake Plant","floor":23.0,"turns":7.0},{"damage":0.0,"enemies":"downfall:FleeingMerchant","floor":25.0,"turns":4.0},{"damage":0.0,"enemies":"Sentry and Sphere","floor":27.0,"turns":4.0},{"damage":5.0,"enemies":"Cultist and Chosen","floor":28.0,"turns":8.0},{"damage":3.0,"enemies":"Gremlin Leader","floor":31.0,"turns":6.0},{"damage":2.0,"enemies":"Snecko","floor":32.0,"turns":3.0},{"damage":23.0,"enemies":"SI_MIRROR_ARCHETYPE","floor":33.0,"turns":8.0},{"damage":0.0,"enemies":"3 Shapes","floor":36.0,"turns":7.0},{"damage":0.0,"enemies":"downfall:FleeingMerchant","floor":37.0,"turns":4.0},{"damage":0.0,"enemies":"Orb Walker","floor":38.0,"turns":3.0},{"damage":0.0,"enemies":"downfall:FleeingMerchant","floor":39.0,"turns":2.0},{"damage":33.0,"enemies":"Reptomancer","floor":47.0,"turns":5.0},{"damage":7.0,"enemies":"3 Darklings","floor":48.0,"turns":4.0},{"damage":5.0,"enemies":"Spire Growth","floor":49.0,"turns":5.0},{"damage":27.0,"enemies":"DF_ARCHETYPE_ORBS","floor":50.0,"turns":7.0},{"damage":58.0,"enemies":"downfall:CharBossMerchant","floor":52.0,"turns":7.0},{"damage":45,"enemies":"downfall:NeowBoss","floor":55,"turns":11},{"damage":87,"enemies":"downfall:NeowBossFinal","floor":56,"turns":11}],"seed_played":"4639685541474281882","potions_obtained":[{"floor":0.0,"key":"SpeedPotion"},{"floor":0.0,"key":"Fire Potion"},{"floor":0.0,"key":"bronze:FreeFunctionsPotion"},{"floor":8.0,"key":"LiquidBronze"},{"floor":16.0,"key":"LiquidMemories"},{"floor":31.0,"key":"DuplicationPotion"},{"floor":52.0,"key":"bronze:FreeFunctionsPotion"}],"is_trial":false,"path_per_floor":["R","M","M","?","T","E","T","M","R","E","M","R","E","$","M","B",null,"R","M","?","M","M","M","T","$","R","M","M","R","?","E","M","B",null,"R","M","$","M","$","R","T","R","?","$","R","?","E","M","M","B",null,"E","$","R","B","B"],"character_chosen":"THE_AUTOMATON","items_purchased":["Happy Flower","bronze:Frontload","expansioncontent:Chronoboost","champ:DuelingGlove"],"campfire_rested":1,"item_purchase_floors":[14,14,39,39],"current_hp_per_floor":[70,65,62,62,62,54,54,54,54,41,48,48,58,68,64,30,72,72,74,74,76,75,80,80,80,80,82,79,79,79,86,86,73,88,98,100,100,102,104,104,104,104,94,94,94,94,63,68,75,58,110,64,64,97,52,0,0],"gold":34,"neow_bonus":"THREE_SMALL_POTIONS","is_daily":false,"chose_seed":false,"campfire_upgraded":9,"win_rate":0.0,"timestamp":1611418255,"path_taken":["R","M","M","?","?","E","T","M","R","E","M","R","E","$","M","BOSS","R","M","?","?","M","M","T","$","R","M","M","R","?","E","M","BOSS","R","M","$","M","$","R","T","R","?","$","R","?","E","M","M","BOSS","E","$","R","BOSS","BOSS"],"items_purchased_type":["Relic","Card","Card","Relic"],"build_version":"2020-12-22","purchased_purges":2,"victory":false,"max_hp_per_floor":[70,70,70,70,70,70,70,70,70,70,70,70,70,70,72,72,72,72,74,74,76,78,80,80,80,80,82,84,84,84,86,88,88,88,98,100,100,102,104,104,104,104,104,104,104,104,106,108,110,110,110,112,112,112,112,112,112],"relic_stats":{"Singing Bowl":32,"Happy Flower":[43],"counters":[31,162],"Shuriken":[64],"Kunai":[72],"Boot":[42],"obtain_stats":[{"bronze:PlatinumCore":34,"champ:DuelingGlove":39,"Lantern":52,"bronze:BronzeCore":0,"Singing Bowl":6,"Happy Flower":14,"downfall:HeartBlessingRed":35,"downfall:HeartBlessingGreen":18,"Boot":41,"CaptainsWheel":5,"Bottled Flame":31,"HornCleat":10,"Shuriken":13,"downfall:HeartBlessingBlue":35,"Philosopher\u0027s Stone":17,"Kunai":7,"InkBottle":47},{"bronze:PlatinumCore":20,"champ:DuelingGlove":24,"Lantern":29,"bronze:BronzeCore":0,"Singing Bowl":3,"Happy Flower":8,"downfall:HeartBlessingRed":20,"downfall:HeartBlessingGreen":10,"Boot":24,"CaptainsWheel":2,"Bottled Flame":18,"HornCleat":5,"Shuriken":7,"downfall:HeartBlessingBlue":20,"Philosopher\u0027s Stone":10,"Kunai":3,"InkBottle":25},{"bronze:PlatinumCore":96,"champ:DuelingGlove":112,"Lantern":140,"bronze:BronzeCore":0,"Singing Bowl":12,"Happy Flower":32,"downfall:HeartBlessingRed":96,"downfall:HeartBlessingGreen":44,"Boot":112,"CaptainsWheel":8,"Bottled Flame":85,"HornCleat":20,"Shuriken":28,"downfall:HeartBlessingBlue":96,"Philosopher\u0027s Stone":44,"Kunai":12,"InkBottle":117}],"InkBottle":[18]},"card_choices":[{"not_picked":["bronze:CutThrough","bronze:DelayedSlice"],"picked":"bronze:MaxOutput","floor":2.0},{"not_picked":["bronze:WildBeam","bronze:Iterate"],"picked":"bronze:Shield","floor":3.0},{"not_picked":["bronze:ForceShield","bronze:WildBeam"],"picked":"bronze:InfiniteLoop","floor":6.0},{"not_picked":["bronze:CutThrough","bronze:Branch"],"picked":"bronze:BugBarrage","floor":8.0},{"not_picked":["bronze:FineTuning","bronze:ItsAFeature"],"picked":"bronze:Repair","floor":10.0},{"not_picked":["bronze:OilSpill","bronze:Turbo"],"picked":"bronze:BugBarrage","floor":11.0},{"not_picked":["bronze:FineTuning","bronze:DelayedSlice"],"picked":"bronze:Verify","floor":13.0},{"not_picked":["bronze:Frontload","bronze:RecursiveStrike"],"picked":"bronze:Iterate","floor":14.0},{"not_picked":["bronze:Constructor","bronze:Refactor","bronze:WhirlingStrike"],"picked":"Singing Bowl","floor":15.0},{"not_picked":["bronze:ThunderWave","bronze:ShipIt"],"picked":"bronze:Mutator","floor":16.0},{"not_picked":["bronze:Separator+1","bronze:DelayedSlice","bronze:Fortify"],"picked":"Singing Bowl","floor":19.0},{"not_picked":["bronze:OilSpill+1","bronze:Separator","bronze:Constructor+1"],"picked":"Singing Bowl","floor":21.0},{"not_picked":["bronze:BronzeArmor","bronze:BugBarrage","bronze:Turbo"],"picked":"Singing Bowl","floor":22.0},{"not_picked":["bronze:ChosenStrike","bronze:DelayedSlice","bronze:Overload"],"picked":"Singing Bowl","floor":23.0},{"not_picked":["bronze:BitShift+1","bronze:Shield+1"],"picked":"bronze:Iterate+1","floor":25.0},{"not_picked":["bronze:OilSpill","bronze:Iterate","bronze:Branch"],"picked":"Singing Bowl","floor":27.0},{"not_picked":["bronze:CutThrough+1","bronze:HyperBeam","bronze:Optimize+1"],"picked":"Singing Bowl","floor":28.0},{"not_picked":["bronze:OilSpill","bronze:WildBeam","bronze:Deprecate"],"picked":"Singing Bowl","floor":31.0},{"not_picked":["bronze:Overheat","bronze:BitShift","bronze:Branch"],"picked":"Singing Bowl","floor":32.0},{"not_picked":["bronze:RecursiveStrike","bronze:SpaghettiCode"],"picked":"bronze:ShipIt","floor":33.0},{"not_picked":["bronze:WildBeam","bronze:Safeguard+1","bronze:BitShift"],"picked":"Singing Bowl","floor":36.0},{"not_picked":["bronze:Refactor","bronze:Iterate+1"],"picked":"bronze:Terminator+1","floor":37.0},{"not_picked":["bronze:Constructor+1","bronze:OilSpill+1","bronze:Deprecate"],"picked":"Singing Bowl","floor":38.0},{"not_picked":["bronze:BronzeOrb+1","bronze:Shield","bronze:OilSpill+1"],"picked":"Singing Bowl","floor":39.0},{"not_picked":["expansioncontent:PolyBeam","expansioncontent:Chronoboost"],"picked":"expansioncontent:YouAreMine","floor":43.0},{"not_picked":["expansioncontent:PolyBeam","expansioncontent:LastStand"],"picked":"expansioncontent:YouAreMine","floor":43.0},{"not_picked":["expansioncontent:PrepareCrush","expansioncontent:Hexaburn"],"picked":"expansioncontent:LastStand","floor":43.0},{"not_picked":["bronze:Terminator","bronze:FollowUp","bronze:BugBarrage+1"],"picked":"Singing Bowl","floor":47.0},{"not_picked":["bronze:BuggyMess+1","bronze:ChildClass+1","bronze:FineTuning+1"],"picked":"Singing Bowl","floor":48.0},{"not_picked":["bronze:InfiniteBeams","bronze:Overload","bronze:Shield"],"picked":"Singing Bowl","floor":49.0},{"not_picked":["bronze:WildBeam+1","bronze:Verify","bronze:CloningBeam+1"],"picked":"Singing Bowl","floor":52.0}],"player_experience":845514,"relics_obtained":[{"floor":5.0,"key":"CaptainsWheel"},{"floor":6.0,"key":"Singing Bowl"},{"floor":7.0,"key":"Kunai"},{"floor":10.0,"key":"HornCleat"},{"floor":13.0,"key":"Shuriken"},{"floor":31.0,"key":"Bottled Flame"},{"floor":41.0,"key":"Boot"},{"floor":47.0,"key":"InkBottle"},{"floor":52.0,"key":"Lantern"}],"event_choices":[],"is_beta":false,"boss_relics":[{"not_picked":["Velvet Choker","SlaversCollar"],"picked":"Philosopher\u0027s Stone"},{"not_picked":["Runic Dome","Black Star"],"picked":"bronze:PlatinumCore"}],"items_purged_floors":[25,53],"is_endless":false,"potions_floor_spawned":[8,10,16,21,27,31,33,36,38,47,49,52],"killed_by":"downfall:NeowBossFinal","ascension_level":1}}