{"host":"a0d98l75j0h1o085","time":1611370415,"event":{"mods":["AlwaysNeverKeys","BaseMod","Downfall","Highlight Path","Minty Spire (QoL Compilation)","StSLib"],"gold_per_floor":[116,116,130,142,62,76,76,111,161,62,12,53,53,91,91,203,203,215,224,251,270,270,270,298,298,298,298,324,75,75,102,102,102,102],"floor_reached":33,"language":"ENG","playtime":2799,"items_purged":["Strike_P"],"score":365,"play_id":"d257cc54-fb07-4efd-a3fe-577dc183b61c","local_time":"20210123025335","is_ascension_mode":true,"campfire_choices":[{"data":"LikeWater","floor":13.0,"key":"SMITH"},{"data":"Prostrate","floor":15.0,"key":"SMITH"},{"data":"LikeWater","floor":23.0,"key":"SMITH"},{"data":"DevaForm","floor":25.0,"key":"SMITH"},{"data":"TalkToTheHand","floor":27.0,"key":"SMITH"},{"data":"LikeWater","floor":30,"key":"SMITH"},{"data":"Eruption","floor":32,"key":"SMITH"}],"circlet_count":0,"master_deck":["Strike_P","Strike_P","Strike_P","Defend_P","Defend_P","Defend_P","Eruption+1","Vigilance","CutThroughFate","Prostrate+1","LikeWater+1","Brilliance","Protect","FearNoEvil","TalkToTheHand+1","DevaForm+1","LikeWater+1","Eruption","Doubt","ForeignInfluence","LikeWater+1","downfall:Haunted","Discovery","BowlingBash"],"relics":["VioletLotus","Bag of Preparation","Akabeko","Boot","CeramicFish","Meat on the Bone","Runic Pyramid","MealTicket","Sundial","TeardropLocket"],"acts_visited":["Exordium","TheCity"],"potions_floor_usage":[33],"damage_taken":[{"damage":0.0,"enemies":"Cultist","floor":1.0,"turns":3.0},{"damage":11.0,"enemies":"Small Slimes","floor":3.0,"turns":4.0},{"damage":0.0,"enemies":"Jaw Worm","floor":4.0,"turns":3.0},{"damage":12.0,"enemies":"Large Slime","floor":6.0,"turns":6.0},{"damage":17.0,"enemies":"Lagavulin","floor":8.0,"turns":8.0},{"damage":24.0,"enemies":"Gremlin Nob","floor":12.0,"turns":4.0},{"damage":8.0,"enemies":"Lagavulin","floor":14.0,"turns":6.0},{"damage":19.0,"enemies":"Slime Boss","floor":16.0,"turns":6.0},{"damage":6.0,"enemies":"Spheric Guardian","floor":18.0,"turns":4.0},{"damage":4.0,"enemies":"Shell Parasite","floor":21.0,"turns":4.0},{"damage":0.0,"enemies":"Gremlin Leader","floor":24.0,"turns":4.0},{"damage":9,"enemies":"Cultist and Chosen","floor":28,"turns":9},{"damage":60,"enemies":"Automaton","floor":33,"turns":12}],"seed_played":"-5568991379574875964","potions_obtained":[{"floor":1.0,"key":"SkillPotion"},{"floor":6.0,"key":"bronze:BurnAndBuffPotion"},{"floor":21.0,"key":"StancePotion"},{"floor":28,"key":"sneckomod:MuddlingPotion"}],"is_trial":false,"path_per_floor":["M","T","M","M","$","M","?","E","T","$","?","E","R","E","R","B",null,"M","?","?","M","?","R","E","R","T","R","M","$","R","?","R","B"],"character_chosen":"WATCHER","items_purchased":["LikeWater","Protect","TeardropLocket"],"campfire_rested":0,"item_purchase_floors":[5,10,29],"current_hp_per_floor":[72,72,61,61,61,49,72,55,55,55,55,31,31,23,23,16,72,66,66,66,62,49,49,49,49,49,49,40,55,55,55,55,0,0],"gold":102,"neow_bonus":"BOSS_RELIC","is_daily":false,"chose_seed":false,"campfire_upgraded":7,"win_rate":0.0,"timestamp":1611370415,"path_taken":["M","?","?","M","$","M","?","E","T","?","?","E","R","E","R","BOSS","M","?","?","?","?","R","E","R","T","R","M","$","R","?","R","BOSS"],"items_purchased_type":["Card","Card","Relic"],"build_version":"2020-12-22","purchased_purges":1,"victory":false,"max_hp_per_floor":[72,72,72,72,72,72,72,72,72,72,72,72,72,72,72,72,72,72,72,72,72,77,77,77,77,77,77,77,77,77,77,77,77,77],"card_choices":[{"not_picked":["WheelKick","FlyingSleeves","Consecrate"],"picked":"SKIP","floor":1.0},{"not_picked":["SignatureMove","CrushJoints"],"picked":"CutThroughFate","floor":3.0},{"not_picked":["PathToVictory","SignatureMove"],"picked":"Prostrate","floor":4.0},{"not_picked":["BowlingBash","CrushJoints"],"picked":"Adaptation","floor":6.0},{"not_picked":["SashWhip","EmptyBody"],"picked":"Brilliance","floor":8.0},{"not_picked":["SignatureMove","ConjureBlade"],"picked":"FearNoEvil","floor":12.0},{"not_picked":["Halt","Consecrate"],"picked":"TalkToTheHand","floor":14.0},{"not_picked":["Wish","DeusExMachina"],"picked":"DevaForm","floor":16.0},{"not_picked":["CutThroughFate+1","JustLucky","SandsOfTime"],"picked":"SKIP","floor":18.0},{"not_picked":["CutThroughFate","Halt","SashWhip+1"],"picked":"SKIP","floor":21.0},{"not_picked":["FlurryOfBlows","Conclude","Judgement"],"picked":"SKIP","floor":24.0},{"not_picked":["ReachHeaven","Sanctity"],"picked":"LikeWater","floor":28}],"player_experience":806044,"relics_obtained":[{"floor":2.0,"key":"Bag of Preparation"},{"floor":8.0,"key":"Akabeko"},{"floor":9.0,"key":"Boot"},{"floor":12.0,"key":"CeramicFish"},{"floor":14.0,"key":"Meat on the Bone"},{"floor":24.0,"key":"MealTicket"},{"floor":26.0,"key":"Sundial"}],"event_choices":[{"cards_removed":["Adaptation"],"damage_healed":23.0,"max_hp_gain":0.0,"max_hp_loss":0.0,"gold_gain":0.0,"event_name":"Bonfire Elementals","player_choice":"Offered Uncommon","floor":7.0,"gold_loss":0.0,"damage_taken":0.0},{"cards_removed":["Defend_P"],"damage_healed":0.0,"max_hp_gain":0.0,"max_hp_loss":0.0,"gold_gain":0.0,"event_name":"The Cleric","player_choice":"Card Removal","floor":11.0,"gold_loss":50.0,"damage_taken":0.0},{"damage_healed":0.0,"max_hp_gain":0.0,"max_hp_loss":0.0,"gold_gain":0.0,"event_name":"The Library","player_choice":"Read","floor":19.0,"gold_loss":0.0,"damage_taken":0.0,"cards_obtained":["LikeWater"]},{"damage_healed":0.0,"max_hp_gain":0.0,"max_hp_loss":0.0,"gold_gain":0.0,"event_name":"Match and Keep!","player_choice":"3 cards matched","floor":20.0,"gold_loss":0.0,"damage_taken":0.0,"cards_obtained":["Eruption","Doubt","ForeignInfluence"]},{"damage_healed":0.0,"max_hp_gain":5.0,"max_hp_loss":0.0,"gold_gain":0.0,"event_name":"Forgotten Altar","player_choice":"Shed Blood","floor":22.0,"gold_loss":0.0,"damage_taken":18.0},{"damage_healed":0,"gold_gain":0,"player_choice":"3 cards matched","damage_taken":0,"max_hp_gain":0,"max_hp_loss":0,"event_name":"Match and Keep!","floor":31,"gold_loss":0,"cards_obtained":["downfall:Haunted","Discovery","BowlingBash"]}],"is_beta":false,"boss_relics":[{"not_picked":["bronze:MakeshiftBattery","Runic Dome"],"picked":"Runic Pyramid"}],"items_purged_floors":[10],"is_endless":false,"potions_floor_spawned":[1,6,21,28],"killed_by":"Automaton","ascension_level":4}}