{"host":"c3lc60y5x60jlt1y","time":1611431037,"event":{"mods":["AchievementEnabler","BaseMod","Bestiary","Colored Map","Minty Spire (QoL Compilation)","Quick Restart","StSLib","ojb\u0027s Info Mod"],"gold_per_floor":[361,411,376,388,68,98,98,128,128,128,128,161,161,184,184,279,279,303,321,371,16,41,41,41,41],"floor_reached":24,"language":"ENG","playtime":1029,"items_purged":["Strike_B"],"score":593,"play_id":"572659da-7051-46de-b117-99e06f95e059","local_time":"20210123214357","is_ascension_mode":true,"campfire_choices":[{"floor":7,"key":"REST"},{"data":"Sunder","floor":10,"key":"SMITH"},{"floor":15,"key":"REST"},{"floor":23,"key":"REST"}],"circlet_count":0,"master_deck":["AscendersBane","Strike_B","Strike_B+1","Strike_B","Defend_B","Defend_B","Defend_B+1","Defend_B","Zap","Dualcast","Streamline","Sunder+1","Amplify","Buffer+1","Turbo","Echo Form","Undo","FTL+1","Echo Form","Capacitor","Hologram","Coolheaded","White Noise"],"relics":["Cracked Core","Omamori","Question Card","Letter Opener","Symbiotic Virus","Golden Idol","Cursed Key","Whetstone","Juzu Bracelet"],"acts_visited":["Exordium","TheCity"],"potions_floor_usage":[12,16,16,19],"damage_taken":[{"damage":2,"enemies":"Small Slimes","floor":1,"turns":4},{"damage":8,"enemies":"2 Louse","floor":4,"turns":3},{"damage":45,"enemies":"3 Sentries","floor":6,"turns":9},{"damage":0,"enemies":"Gremlin Nob","floor":8,"turns":4},{"damage":0,"enemies":"3 Sentries","floor":12,"turns":5},{"damage":0,"enemies":"Jaw Worm","floor":14,"turns":3},{"damage":0,"enemies":"Slime Boss","floor":16,"turns":5},{"damage":25,"enemies":"3 Byrds","floor":18,"turns":4},{"damage":11,"enemies":"Shell Parasite","floor":19,"turns":4},{"damage":11,"enemies":"Sentry and Sphere","floor":22,"turns":6},{"damage":33,"enemies":"Slavers","floor":24,"turns":4}],"seed_played":"595039161271493160","potions_obtained":[{"floor":4,"key":"SteroidPotion"},{"floor":8,"key":"PotionOfCapacity"},{"floor":14,"key":"FearPotion"},{"floor":18,"key":"DistilledChaos"}],"is_trial":false,"path_per_floor":["M","?","?","M","$","E","R","E","T","R","?","E","?","M","R","B",null,"M","M","?","$","M","R","E"],"character_chosen":"DEFECT","items_purchased":["Amplify","Buffer","Whetstone","Juzu Bracelet","Coolheaded"],"campfire_rested":3,"item_purchase_floors":[5,5,21,21,21],"current_hp_per_floor":[44,44,61,53,53,8,29,29,29,29,8,8,8,8,27,27,55,30,19,19,19,8,27,0,0],"gold":41,"neow_bonus":"TWO_FIFTY_GOLD","is_daily":false,"chose_seed":false,"campfire_upgraded":1,"win_rate":0.0,"timestamp":1611431037,"path_taken":["M","?","?","M","$","E","R","E","T","R","?","E","?","M","R","BOSS","M","M","?","$","M","R","E"],"items_purchased_type":["Card","Card","Relic","Relic","Card"],"build_version":"2020-12-22","purchased_purges":1,"victory":false,"max_hp_per_floor":[71,71,71,71,71,71,71,71,71,71,71,71,64,64,64,64,64,64,64,64,64,64,64,64,64],"card_choices":[{"not_picked":["Redo","Rebound"],"picked":"Streamline","floor":1},{"not_picked":["Leap","Streamline"],"picked":"Sunder","floor":4},{"not_picked":["Leap","Sunder"],"picked":"Turbo","floor":6},{"not_picked":["Static Discharge","Loop"],"picked":"Echo Form","floor":8},{"not_picked":["Barrage","Ball Lightning","Tempest"],"picked":"Undo","floor":12},{"not_picked":["Cold Snap","Consume","Force Field"],"picked":"FTL","floor":14},{"not_picked":["Rainbow","Machine Learning","Hyperbeam"],"picked":"Echo Form","floor":16},{"not_picked":["Defragment","Go for the Eyes","Leap"],"picked":"Capacitor","floor":18},{"not_picked":["Conserve Battery","White Noise","Beam Cell"],"picked":"Hologram","floor":19},{"not_picked":["Hello World","Genetic Algorithm","Melter"],"picked":"White Noise","floor":22}],"player_experience":8438877,"relics_obtained":[{"floor":6,"key":"Omamori"},{"floor":8,"key":"Question Card"},{"floor":9,"key":"Letter Opener"},{"floor":12,"key":"Symbiotic Virus"}],"event_choices":[{"damage_healed":0,"gold_gain":50,"player_choice":"Gained Gold","damage_taken":0,"max_hp_gain":0,"max_hp_loss":0,"event_name":"Golden Wing","floor":2,"gold_loss":0},{"damage_healed":17,"gold_gain":0,"player_choice":"Healed","damage_taken":0,"max_hp_gain":0,"max_hp_loss":0,"event_name":"The Cleric","floor":3,"gold_loss":35},{"damage_healed":0,"gold_gain":0,"player_choice":"Entered Light","damage_taken":21,"max_hp_gain":0,"max_hp_loss":0,"event_name":"Shining Light","floor":11,"gold_loss":0,"cards_upgraded":["Defend_B","Buffer"]},{"damage_healed":0,"gold_gain":0,"player_choice":"Lose Max HP","damage_taken":0,"relics_obtained":["Golden Idol"],"max_hp_gain":0,"max_hp_loss":7,"event_name":"Golden Idol","floor":13,"gold_loss":0},{"damage_healed":0,"gold_gain":50,"player_choice":"Stole From Cult","damage_taken":0,"max_hp_gain":0,"max_hp_loss":0,"event_name":"Nest","floor":20,"gold_loss":0}],"is_beta":false,"boss_relics":[{"not_picked":["Velvet Choker","Sozu"],"picked":"Cursed Key"}],"items_purged_floors":[5],"is_endless":false,"potions_floor_spawned":[4,8,14,18],"killed_by":"Slavers","ascension_level":18}}