{"host":"hzinic87vu8p95wn","time":1611411347,"event":{"mods":["BaseMod","Minty Spire (QoL Compilation)"],"gold_per_floor":[110,2,22,22,22,22,61,61,61,95,109,109,109],"floor_reached":12,"language":"ENG","playtime":243,"items_purged":[],"score":211,"play_id":"38289bfd-ed2e-491b-9f96-ce1653633df7","local_time":"20210124011547","is_ascension_mode":true,"campfire_choices":[{"data":"Gash","floor":6.0,"key":"SMITH"}],"circlet_count":0,"master_deck":["AscendersBane","Strike_B","Strike_B","Strike_B","Strike_B","Defend_B","Defend_B","Defend_B","Defend_B","Zap","Dualcast","Gash+1","Ball Lightning","Rebound","Gash","Turbo","Go for the Eyes+1","Capacitor"],"relics":["Cracked Core","NeowsBlessing","Golden Idol","Centennial Puzzle","Potion Belt","Molten Egg 2","Omamori"],"acts_visited":["Exordium"],"potions_floor_usage":[12],"damage_taken":[{"damage":0.0,"enemies":"Cultist","floor":1.0,"turns":1.0},{"damage":0.0,"enemies":"Small Slimes","floor":3.0,"turns":1.0},{"damage":0.0,"enemies":"Gremlin Nob","floor":7.0,"turns":1.0},{"damage":20,"enemies":"Lagavulin","floor":10,"turns":4},{"damage":1,"enemies":"2 Louse","floor":11,"turns":2},{"damage":15,"enemies":"3 Sentries","floor":12,"turns":6}],"seed_played":"7591891082920910644","potions_obtained":[{"floor":1.0,"key":"SpeedPotion"}],"is_trial":false,"path_per_floor":["M","$","M","?","?","R","E","?","T","E","M","E"],"character_chosen":"DEFECT","items_purchased":["Ball Lightning","Rebound"],"campfire_rested":0,"item_purchase_floors":[2,2],"current_hp_per_floor":[64,64,64,69,43,43,43,38,38,18,17,2,2],"gold":109,"neow_bonus":"THREE_ENEMY_KILL","is_daily":false,"chose_seed":false,"campfire_upgraded":1,"win_rate":0.0,"timestamp":1611411347,"path_taken":["M","$","?","?","?","R","E","?","T","E","M","E"],"items_purchased_type":["Card","Card"],"build_version":"2020-12-22","purchased_purges":0,"victory":false,"max_hp_per_floor":[71,71,71,76,76,76,76,76,76,76,76,76,76],"card_choices":[{"not_picked":["Leap","Rebound"],"picked":"Gash","floor":1.0},{"not_picked":["Compile Driver","Steam"],"picked":"Gash","floor":3.0},{"not_picked":["Conserve Battery","Multi-Cast"],"picked":"Turbo","floor":7.0},{"not_picked":["Cold Snap+1","Rebound+1"],"picked":"Go for the Eyes+1","floor":10},{"not_picked":["Sunder+1","BootSequence"],"picked":"Capacitor","floor":11}],"player_experience":1599278,"relics_obtained":[{"floor":7.0,"key":"Centennial Puzzle"},{"floor":9.0,"key":"Molten Egg 2"},{"floor":10,"key":"Omamori"}],"event_choices":[{"damage_healed":0.0,"max_hp_gain":5.0,"max_hp_loss":0.0,"gold_gain":0.0,"event_name":"Big Fish","player_choice":"Donut","floor":4.0,"gold_loss":0.0,"damage_taken":0.0},{"damage_healed":0.0,"max_hp_gain":0.0,"max_hp_loss":0.0,"gold_gain":0.0,"event_name":"Golden Idol","player_choice":"Take Damage","floor":5.0,"gold_loss":0.0,"damage_taken":26.0,"relics_obtained":["Golden Idol"]},{"damage_healed":0.0,"max_hp_gain":0.0,"max_hp_loss":0.0,"gold_gain":0.0,"event_name":"Scrap Ooze","player_choice":"Success","floor":8.0,"gold_loss":0.0,"damage_taken":5.0,"relics_obtained":["Potion Belt"]}],"is_beta":false,"boss_relics":[],"items_purged_floors":[],"is_endless":false,"potions_floor_spawned":[1],"killed_by":"3 Sentries","ascension_level":18}}