{"host":"TheShotgunBoss","time":1611433524,"event":{"mods":["AchievementEnabler","Always Whale","Aspiration","BaseMod","Beaked The Cultist","Colored Map","Colored Powertips","Colorless Booster Pack","Conspire","Downfall","Energized Spire","FetchMod","GifTheSpireLib","Halation","Hubris","Infinite Spire","Jedi Mod","Minty Spire (QoL Compilation)","Poor People Problems","Quick Restart","RNG!","Relic Sorter","SacredBarkPlus","Shop Mod","Spikes Relics","StSLib","Stuff the Spire","The Blue Laboratory","The Construct","Uncapped","Unceasing Turn Reminder","everything is the same but u backflip on backflip","vexMod","??????REMEMod"],"gold_per_floor":[99,115,131,131,144,144,169,169,179,212,212,312,222,232,251,347,347,247,262,131,141,158,158,158,172,197,197,208,225,225,137,152,249,249,249,260,274,320,320,340,340,340,140,22,22,34,34,65,76,76,76,101,25,25,25,25],"floor_reached":57,"language":"ENG","playtime":3406,"items_purged":["Slimebound:Strike_Slimebound","Slimebound:Strike_Slimebound"],"score":1090,"play_id":"523d3e09-deef-48ba-b8f6-f73a19776eb8","local_time":"20210123152524","is_ascension_mode":true,"campfire_choices":[{"data":"REME_ProfessionalPlagiarism","floor":1.0,"key":"SMITH"},{"data":"Slimebound:RollThrough","floor":6.0,"key":"SMITH"},{"data":"Slimebound:GoopTackle","floor":8.0,"key":"SMITH"},{"data":"Slimebound:Grow","floor":18.0,"key":"SMITH"},{"data":"Slimebound:DuplicatedForm","floor":23.0,"key":"SMITH"},{"floor":30.0,"key":"REST"},{"data":"StuffTheSpire:CelestialWarden","floor":30.0,"key":"SMITH"},{"floor":35.0,"key":"RECALL"},{"data":"infinitespire:Fortify","floor":43.0,"key":"SMITH"},{"floor":47.0,"key":"REST"},{"data":"Slimebound:FormOfPuddle","floor":47.0,"key":"SMITH"},{"floor":54.0,"key":"REST"},{"data":"Slimebound:Grow","floor":54.0,"key":"SMITH"}],"circlet_count":0,"master_deck":["Slimebound:Tackle","Slimebound:Defend_Slimebound","Slimebound:Defend_Slimebound","Slimebound:Defend_Slimebound","Slimebound:Defend_Slimebound","Slimebound:Split","Slimebound:CorrosiveSpit","REME_ProfessionalPlagiarism+1","Slimebound:RollThrough+1","Slimebound:GoopTackle+1","Slimebound:LivingWall+1","Slimebound:BestDefense+1","Slimebound:RollThrough","Slimebound:Grow+1","Slimebound:DuplicatedForm+1","Slimebound:RollThrough+1","StuffTheSpire:CelestialWarden+1","Slimebound:SlimeSpikes+1","Slimebound:ComboTackle+1","Slimebound:FinishingTackle+1","Slimebound:GoopTackle+1","Slimebound:CheckThePlaybook+1","Slimebound:LivingWall","Slimebound:FormOfPuddle+1","infinitespire:Fortify+1","Slimebound:RollThrough+1","Slimebound:Grow+1"],"relics":["Slimebound:AbsorbEndCombat","REME_ComplimentaryCards","Torii","infinitespire:Satchel","Darkstone Periapt","StuffTheSpire:GrapeVine","vexMod:TanglingVine","downfall:HeartBlessingGreen","infinitespire:Magic Flask","infinitespire:BottledMercury","vexMod:ImprovementManual","Pocketwatch","Mercury Hourglass","vexMod:BigBerry","downfall:HeartBlessingRed","downfall:HeartBlessingBlue","Bag of Preparation","DollysMirror","Pen Nib","hubris:ChampionShield","infinitespire:Beetle Shell","Incense Burner"],"acts_visited":["Exordium","TheCity","TheBeyond","TheEnding"],"potions_floor_usage":[56],"damage_taken":[{"damage":3.0,"enemies":"Small Slimes","floor":2.0,"turns":3.0},{"damage":1.0,"enemies":"2 Louse","floor":3.0,"turns":2.0},{"damage":1.0,"enemies":"Jaw Worm","floor":5.0,"turns":3.0},{"damage":9.0,"enemies":"Red Slaver","floor":9.0,"turns":4.0},{"damage":25.0,"enemies":"Lagavulin","floor":10.0,"turns":7.0},{"damage":1.0,"enemies":"downfall:FleeingMerchant","floor":13.0,"turns":4.0},{"damage":0.0,"enemies":"Exordium Wildlife","floor":14.0,"turns":1.0},{"damage":0.0,"enemies":"Large Slime","floor":15.0,"turns":4.0},{"damage":24.0,"enemies":"SI_SHIV_ARCHETYPE","floor":16.0,"turns":8.0},{"damage":1.0,"enemies":"3 Byrds","floor":19.0,"turns":4.0},{"damage":6.0,"enemies":"Shell Parasite","floor":21.0,"turns":4.0},{"damage":19.0,"enemies":"Centurion and Healer","floor":22.0,"turns":5.0},{"damage":22.0,"enemies":"Chosen and Byrds","floor":25.0,"turns":5.0},{"damage":19.0,"enemies":"Gremlin Leader","floor":26.0,"turns":5.0},{"damage":15.0,"enemies":"Snecko","floor":28.0,"turns":3.0},{"damage":18.0,"enemies":"Sentry and Sphere","floor":29.0,"turns":3.0},{"damage":8.0,"enemies":"downfall:FleeingMerchant","floor":31.0,"turns":4.0},{"damage":17.0,"enemies":"Snake Plant","floor":32.0,"turns":3.0},{"damage":35.0,"enemies":"IC_MUSHROOM_ARCHETYPE","floor":33.0,"turns":6.0},{"damage":28.0,"enemies":"3 Darklings","floor":36.0,"turns":5.0},{"damage":3.0,"enemies":"3 Shapes","floor":37.0,"turns":4.0},{"damage":26.0,"enemies":"2 Orb Walkers","floor":38.0,"turns":4.0},{"damage":8.0,"enemies":"3 Darklings","floor":40.0,"turns":5.0},{"damage":18.0,"enemies":"downfall:FleeingMerchant","floor":44.0,"turns":3.0},{"damage":2.0,"enemies":"Transient","floor":46.0,"turns":5.0},{"damage":10.0,"enemies":"Reptomancer","floor":48.0,"turns":5.0},{"damage":4.0,"enemies":"Writhing Mass","floor":49.0,"turns":4.0},{"damage":56.0,"enemies":"WA_ARCHETYPE_DIVINITY","floor":50.0,"turns":8.0},{"damage":45.0,"enemies":"downfall:CharBossMerchant","floor":52.0,"turns":6.0},{"damage":41.0,"enemies":"downfall:NeowBoss","floor":55.0,"turns":10.0},{"damage":22,"enemies":"downfall:NeowBoss","floor":56,"turns":11}],"seed_played":"5508827658832235761","potions_obtained":[{"floor":3.0,"key":"Slimebound:SlimedPotion"},{"floor":9.0,"key":"blueLaboratory:LouseDecoction"},{"floor":10.0,"key":"Fire Potion"},{"floor":15.0,"key":"blueLaboratory:EnragingPotion"},{"floor":19.0,"key":"blueLaboratory:FruitPunch"},{"floor":32.0,"key":"SkillPotion"},{"floor":33.0,"key":"Guardian:BlockOnCardUsePotion"},{"floor":49.0,"key":"blueLaboratory:FruitPunch"},{"floor":52.0,"key":"blueLaboratory:FruitPunch"}],"is_trial":false,"path_per_floor":["R","M","M","?","M","R","T","R","M","E","?","?","$","M","M","B",null,"R","M","?","M","M","R","T","M","E","?","M","M","R","$","M","B",null,"R","M","M","?","?","M","T","AVR","R","$","?","M","R","E","M","B",null,"E","$","R","B","B",null],"character_chosen":"SLIMEBOUND","items_purchased":["Slimebound:CheckThePlaybook","Bag of Preparation","DollysMirror","Pen Nib","Slimebound:Grow"],"campfire_rested":3,"item_purchase_floors":[31,44,44,44,53],"current_hp_per_floor":[59,56,55,60,59,59,59,59,52,31,31,31,32,32,34,14,64,64,64,64,62,58,58,58,53,51,51,51,48,64,56,41,25,66,66,59,60,53,53,53,53,83,93,92,77,79,106,98,94,59,108,80,80,108,82,83],"gold":25,"neow_bonus":"ONE_RARE_RELIC","is_daily":false,"chose_seed":false,"campfire_upgraded":9,"win_rate":0.0,"timestamp":1611433524,"path_taken":["R","M","M","?","M","R","T","R","M","E","?","?","$","?","M","BOSS","R","M","?","M","M","R","T","M","E","?","M","?","R","$","M","BOSS","R","M","M","?","?","?","T","AVR","R","$","?","M","R","E","M","BOSS","E","$","R","BOSS","BOSS"],"items_purchased_type":["Card","Relic","Relic","Relic","Card"],"build_version":"2020-12-18","purchased_purges":2,"victory":true,"max_hp_per_floor":[59,59,59,64,64,64,64,64,64,64,64,64,64,64,64,64,64,64,64,64,64,64,64,64,64,64,64,64,64,64,64,66,66,66,66,66,66,66,66,66,66,96,106,106,106,106,106,106,106,108,108,108,108,108,108,110],"card_choices":[{"not_picked":["Slimebound:Replication","Slimebound:Gluttony"],"picked":"Slimebound:RollThrough","floor":2.0},{"not_picked":["Slimebound:SplitMire","Slimebound:ComboTackle"],"picked":"Slimebound:GoopTackle","floor":3.0},{"not_picked":["Slimebound:SplitMire","Slimebound:SplitBruiser","Slimebound:PressTheAttack"],"picked":"SKIP","floor":5.0},{"not_picked":["Slimebound:LeechEnergy","Slimebound:SplitMire"],"picked":"Slimebound:LivingWall","floor":9.0},{"not_picked":["Slimebound:RainOfGoop","Slimebound:ProtectTheBoss","Slimebound:ForwardTackle"],"picked":"SKIP","floor":10.0},{"not_picked":["Slimebound:Recollect","Slimebound:SlimeSpikes"],"picked":"Slimebound:BestDefense","floor":13.0},{"not_picked":["Slimebound:SplitMire","Slimebound:Prepare"],"picked":"Slimebound:RollThrough","floor":14.0},{"not_picked":["Slimebound:Schlurp","Slimebound:Dissolve"],"picked":"Slimebound:Grow","floor":15.0},{"not_picked":["Slimebound:MassFeed","Slimebound:MassRepurpose"],"picked":"Slimebound:DuplicatedForm","floor":16.0},{"not_picked":["Slimebound:SlimeSpikes+1","Slimebound:BestDefense+1"],"picked":"Slimebound:RollThrough","floor":19.0},{"not_picked":["Slimebound:Prepare","Slimebound:RainOfGoop+1","Slimebound:LeechingTouch"],"picked":"SKIP","floor":21.0},{"not_picked":["Slimebound:LeechEnergy","Slimebound:ViciousTackle+1"],"picked":"Slimebound:SlimeSpikes","floor":22.0},{"not_picked":["Slimebound:LivingWall","Slimebound:SplitLeeching+1"],"picked":"Slimebound:ComboTackle+1","floor":25.0},{"not_picked":["Slimebound:SpikyOuterGoop+1","Slimebound:LeechingTouch"],"picked":"Slimebound:FinishingTackle+1","floor":26.0},{"not_picked":["Slimebound:ItLooksTasty+1","Slimebound:LeadByExample+1","Slimebound:ForwardTackle"],"picked":"SKIP","floor":28.0},{"not_picked":["Slimebound:ForwardTackle","Slimebound:LeechEnergy","Slimebound:SplitLeeching"],"picked":"SKIP","floor":29.0},{"not_picked":["Slimebound:HauntingLick","Slimebound:LivingWall"],"picked":"Slimebound:GoopTackle+1","floor":31.0},{"not_picked":["Slimebound:ItLooksTasty","Slimebound:GoopTackle","Slimebound:Schlurp"],"picked":"SKIP","floor":32.0},{"not_picked":["Slimebound:PressTheAttack","Slimebound:HauntingLick+1"],"picked":"Slimebound:LivingWall","floor":36.0},{"not_picked":["Slimebound:LivingWall+1","Slimebound:GoopTackle+1","Slimebound:TongueLash"],"picked":"SKIP","floor":37.0},{"not_picked":["Slimebound:GoopSpray","Slimebound:SplitBruiser+1"],"picked":"Slimebound:FormOfPuddle","floor":40.0},{"not_picked":["Slimebound:SplitLeeching+1","Slimebound:GoopTackle","Slimebound:Prepare"],"picked":"SKIP","floor":44.0},{"not_picked":["Slimebound:ViciousTackle+1","Slimebound:SplitMire+1","Slimebound:LeechingTouch+1"],"picked":"SKIP","floor":46.0},{"not_picked":["Slimebound:SamplingLick+1","Slimebound:WasteNot","Slimebound:DivideAndConquer+1"],"picked":"SKIP","floor":48.0},{"not_picked":["Slimebound:LeechEnergy","Slimebound:SlimeSpikes+1","Slimebound:SlimeTap+1"],"picked":"SKIP","floor":49.0},{"not_picked":["Slimebound:Darklings","Slimebound:LeadByExample+1","Slimebound:RollThrough"],"picked":"SKIP","floor":52.0}],"player_experience":302311,"relics_obtained":[{"floor":7.0,"key":"infinitespire:Satchel"},{"floor":10.0,"key":"Darkstone Periapt"},{"floor":11.0,"key":"StuffTheSpire:GrapeVine"},{"floor":24.0,"key":"infinitespire:Magic Flask"},{"floor":26.0,"key":"infinitespire:BottledMercury"},{"floor":38.0,"key":"Pocketwatch"},{"floor":48.0,"key":"infinitespire:Beetle Shell"},{"floor":52.0,"key":"Incense Burner"}],"event_choices":[{"damage_healed":0.0,"max_hp_gain":5.0,"max_hp_loss":0.0,"gold_gain":0.0,"event_name":"Big Fish","player_choice":"Donut","floor":4.0,"gold_loss":0.0,"damage_taken":0.0},{"damage_healed":0.0,"max_hp_gain":0.0,"max_hp_loss":0.0,"gold_gain":0.0,"event_name":"Mysterious Sphere","player_choice":"Fight","floor":38.0,"gold_loss":0.0,"damage_taken":0.0},{"cards_removed":["Slimebound:RallyTheTroops"],"damage_healed":0.0,"max_hp_gain":0.0,"max_hp_loss":0.0,"gold_gain":0.0,"event_name":"Falling","player_choice":"Removed Attack","floor":39.0,"gold_loss":0.0,"damage_taken":0.0}],"is_beta":true,"boss_relics":[{"not_picked":["beaked:MawFillet","hubris:Stopwatch"],"picked":"vexMod:TanglingVine"},{"not_picked":["halation:MonkeysPaw","hubris:ScarierMask"],"picked":"vexMod:ImprovementManual"}],"items_purged_floors":[13,42],"is_endless":false,"potions_floor_spawned":[3,9,10,15,19,32,33,40,48,49,52],"ascension_level":1}}