{"host":"roto7j7840a50pxh","time":1611398480,"event":{"mods":["Act Like it!","BaseMod","Better Altar","Better Note","Better Sensory Stone","Better Skull","Better Third Choice","BetterRewards","Colored Map","Colored Powertips","Downfall","Hermit","Highlight Path","Hubris","Infinite Spire","Minty Spire (QoL Compilation)","Robot Space Explorer","Shade Mod","Spicy Shops","StSLib","The Cursed","The Dragon Tamer","The Hierophant","The Necromancer","The Runesmith","The Servant 0.9.4","TheVacant"],"gold_per_floor":[114,133,148,161,178,178,190,190,216,216,249,249,249,268,268,389,389,402,402,362,377,396,198,221,221,269,269,285,285,285,318,318,444,444,464,464,482,189,189,325,325,360,360,385,385,401,401,425,425,425],"floor_reached":51,"language":"ENG","playtime":3694,"items_purged":["hubris:Disease"],"score":947,"play_id":"feabd442-6f6d-4c4e-8909-04a5a75c2a47","local_time":"20210123054120","is_ascension_mode":true,"campfire_choices":[{"data":"Shade:AnimateDead","floor":6,"key":"SMITH"},{"data":"Shade:Brains","floor":10,"key":"SMITH"},{"data":"Shade:SkeletonArmy","floor":12,"key":"SMITH"},{"data":"Shade:Bonestorm","floor":15,"key":"SMITH"},{"data":"Shade:AuraOfUnlife","floor":25,"key":"SMITH"},{"data":"Shade:SpectralStrikes","floor":27,"key":"SMITH"},{"data":"Shade:CoffinDance","floor":29,"key":"SMITH"},{"data":"Shade:SkeletonHug","floor":32,"key":"SMITH"},{"data":"Shade:Putrefaction","floor":41,"key":"SMITH"},{"data":"Shade:CallWraith","floor":45,"key":"SMITH"},{"data":"Shade:RitualOffering","floor":49,"key":"SMITH"}],"circlet_count":0,"master_deck":["Shade:Strike_Shade","Shade:Strike_Shade","Shade:Strike_Shade","Shade:Strike_Shade","Shade:Defend_Shade","Shade:Defend_Shade","Shade:Defend_Shade","Shade:Defend_Shade","Shade:AnimateDead+1","Shade:CarefulCut","Shade:SpectralStrikes+1","Shade:SkeletonHug+1","Shade:FleshLikeOak","Shade:UnbarTheGrave","Shade:CommandSoldier","Shade:FeralStrike","Shade:CommandSoldier","Shade:ExtraLimbs","Shade:CloudOfShrapnel","Shade:WallOfFlesh","Shade:FuneraryArmor","Shade:SpontaneousRitual","Shade:Bonestorm+1","Shade:Haruspicy","Shade:CloudOfShrapnel","Shade:LoseControl","Shade:Brains+1","Shade:Frenzy","Shade:FingerOfDeath","Shade:SkeletonArmy+1","Injury","Shade:Frenzy","Shade:DarkOfNight+1","Shade:Brains+1","Shade:CommandSoldier","Shade:DangerousRitual+1","Shade:AuraOfUnlife+1","Shade:CloudOfShrapnel","Shade:Frenzy","Shade:AnimateDead+1","Shade:Excise","Shade:CommandSoldier+1","Shade:CoffinDance+1","infinitespire:TheBestDefense+1","Shade:RitualOffering+1","Shade:Putrefaction+1","Shade:ExtraLimbs","Shade:Bonestorm","Shade:RitualOffering+1","Shade:Excise+1","Shade:CallWraith+1","Pain","Shade:FuneraryArmor+1","Shade:Brains+1","Parasite","hubris:Greed","hubris:Envy"],"relics":["Shade:YorickSkull","Ice Cream","Membership Card","Bloody Idol","infinitespire:Satchel","Lizard Tail","Golden Idol","Cursed Key","DollysMirror","Bronze Scales","Calipers","Coffee Dripper","hubris:BottledRain","OrangePellets","hubris:Icosahedron","Strawberry","Runesmith:Nanobots","InkBottle","Dream Catcher"],"acts_visited":["Exordium","TheCity","TheBeyond"],"potions_floor_usage":[16,24,35,37,40,42],"damage_taken":[{"damage":2,"enemies":"Cultist","floor":1,"turns":3},{"damage":0,"enemies":"Jaw Worm","floor":2,"turns":2},{"damage":0,"enemies":"Small Slimes","floor":3,"turns":3},{"damage":14,"enemies":"Looter","floor":4,"turns":4},{"damage":3,"enemies":"3 Louse","floor":5,"turns":3},{"damage":0,"enemies":"Large Slime","floor":7,"turns":5},{"damage":20,"enemies":"Gremlin Nob","floor":11,"turns":4},{"damage":0,"enemies":"Looter","floor":14,"turns":2},{"damage":22,"enemies":"The Guardian","floor":16,"turns":9},{"damage":0,"enemies":"Chosen","floor":18,"turns":3},{"damage":3,"enemies":"Spheric Guardian","floor":21,"turns":3},{"damage":0,"enemies":"Snake Plant","floor":22,"turns":4},{"damage":0,"enemies":"Centurion and Healer","floor":24,"turns":4},{"damage":0,"enemies":"Snecko","floor":28,"turns":4},{"damage":6,"enemies":"Book of Stabbing","floor":31,"turns":5},{"damage":25,"enemies":"hubris:MusketHawk","floor":33,"turns":8},{"damage":2,"enemies":"3 Darklings","floor":35,"turns":3},{"damage":0,"enemies":"3 Shapes","floor":37,"turns":3},{"damage":0,"enemies":"Giant Head","floor":40,"turns":6},{"damage":0,"enemies":"Reptomancer","floor":42,"turns":5},{"damage":5,"enemies":"3 Darklings","floor":44,"turns":3},{"damage":2,"enemies":"Spire Growth","floor":46,"turns":4},{"damage":0,"enemies":"Donu and Deca","floor":50,"turns":1}],"seed_played":"-2411081035827364964","potions_obtained":[{"floor":7,"key":"Swift Potion"},{"floor":11,"key":"bronze:BurnAndBuffPotion"},{"floor":14,"key":"Explosive Potion"},{"floor":18,"key":"Explosive Potion"},{"floor":19,"key":"infinitespire:BlackPotion"},{"floor":31,"key":"SkillPotion"},{"floor":42,"key":"SkillPotion"},{"floor":44,"key":"Weak Potion"},{"floor":46,"key":"PowerPotion"}],"is_trial":false,"path_per_floor":["M","M","M","M","M","R","M","?","T","R","E","R","?","M","R","B",null,"M","?","?","M","M","$","M","R","T","R","M","R","?","E","R","B",null,"M","?","M","$","?","E","R","E","T","M","R","M","?","T","R","B",null],"character_chosen":"SHADE","items_purchased":["Ice Cream","Shade:SpectralStrikes","Shade:SkeletonHug","Shade:FleshLikeOak","Shade:UnbarTheGrave","Shade:CommandSoldier","Shade:FeralStrike","Shade:CommandSoldier","Shade:ExtraLimbs","Membership Card","Shade:CloudOfShrapnel","Shade:WallOfFlesh","Shade:FuneraryArmor","Shade:AuraOfUnlife","Shade:CloudOfShrapnel","Shade:Frenzy","DollysMirror","Shade:Excise","hubris:BottledRain","Shade:Bonestorm","Shade:RitualOffering","OrangePellets","Guardian:BlockOnCardUsePotion","SkillPotion"],"campfire_rested":0,"item_purchase_floors":[0,0,0,0,0,0,0,0,0,0,0,0,0,23,23,23,23,23,38,38,38,38,38,38],"current_hp_per_floor":[28,33,38,34,36,36,41,41,46,46,31,31,31,41,41,24,65,65,65,65,65,65,65,65,65,65,65,65,65,65,64,64,44,65,65,65,65,65,65,72,72,72,72,72,72,72,72,72,72,72],"gold":425,"neow_bonus":"","is_daily":false,"chose_seed":false,"campfire_upgraded":11,"win_rate":0.0,"timestamp":1611398480,"path_taken":["M","?","M","M","M","R","M","?","T","R","E","R","?","M","R","BOSS","M","?","?","?","M","$","M","R","T","R","M","R","?","E","R","BOSS","M","?","M","$","?","E","R","E","T","M","R","M","?","?","R","BOSS"],"items_purchased_type":["Relic","Card","Card","Card","Card","Card","Card","Card","Card","Relic","Card","Card","Card","Card","Card","Card","Relic","Card","Relic","Card","Card","Relic","Potion","Potion"],"build_version":"2020-12-22","purchased_purges":1,"victory":true,"max_hp_per_floor":[65,65,65,65,65,65,65,65,65,65,65,65,65,65,65,65,65,65,65,65,65,65,65,65,65,65,65,65,65,65,65,65,65,65,65,65,65,65,65,72,72,72,72,72,72,72,72,72,72,72],"card_choices":[{"not_picked":["Shade:Premonition","Shade:AncientSpear"],"picked":"Shade:Bonestorm","floor":1},{"not_picked":["Shade:PoundOfFlesh","Shade:ClawBack"],"picked":"Shade:Haruspicy","floor":2},{"not_picked":["Shade:WallOfFlesh","Shade:SkeletonHug"],"picked":"Shade:CloudOfShrapnel","floor":3},{"not_picked":["Shade:AncientSpear","Shade:CloudOfShrapnel"],"picked":"Shade:LoseControl","floor":4},{"not_picked":["Shade:CommandSoldier","Shade:BoneShards"],"picked":"Shade:Brains","floor":5},{"not_picked":["Shade:StitchTogether","Shade:CallOfTheGrave"],"picked":"Shade:Frenzy","floor":7},{"not_picked":["Shade:OfferingToTheBeyond","Shade:DangerousRitual"],"picked":"Shade:SkeletonArmy","floor":11},{"not_picked":["Shade:CallWraith","Shade:Doomsay"],"picked":"Shade:Frenzy","floor":14},{"not_picked":["Shade:LoseControl","Shade:OneIsEnough"],"picked":"Shade:DarkOfNight","floor":16},{"not_picked":["Shade:SkeletonArmy+1","Shade:BoneShards+1"],"picked":"Shade:Brains+1","floor":18},{"not_picked":["Shade:GreyBargain","Shade:BoneShards"],"picked":"Shade:CommandSoldier","floor":21},{"not_picked":["Shade:ClawBack","Shade:WallOfFlesh"],"picked":"Shade:DangerousRitual+1","floor":22},{"not_picked":["Shade:GreaterAnimation","Shade:ClawBack"],"picked":"Shade:CommandSoldier+1","floor":24},{"not_picked":["Shade:GraveStillness","Shade:SpectralStrikes"],"picked":"Shade:CoffinDance","floor":28},{"not_picked":["Shade:FingerOfDeath","Shade:PotionOfRestlessness+1"],"picked":"Shade:RitualOffering+1","floor":31},{"not_picked":["Shade:Coordination","Shade:UnbarTheGrave"],"picked":"Shade:Putrefaction","floor":33},{"not_picked":["Shade:GoDigging","Shade:FingerOfDeath"],"picked":"Shade:TouchOfTheGrave+1","floor":35},{"not_picked":["Shade:FingerOfDeath","Shade:RitualOffering+1"],"picked":"Shade:ExtraLimbs","floor":37},{"not_picked":["Shade:OminousRitual","Shade:ClawBack+1"],"picked":"Shade:Excise+1","floor":40},{"not_picked":["Shade:FingerOfDeath+1","Shade:CommandSoldier+1"],"picked":"Shade:CallWraith","floor":42},{"not_picked":["Shade:Bite_Shade","Shade:ClawBack"],"picked":"Shade:FuneraryArmor+1","floor":44},{"not_picked":["Shade:LastGasp","Shade:BoneShards+1"],"picked":"Shade:Brains+1","floor":46},{"not_picked":["infinitespire:FutureSight","infinitespire:Starlight"],"picked":"infinitespire:SealOfDarkness+","floor":47}],"player_experience":1615618,"relics_obtained":[{"floor":9,"key":"infinitespire:Satchel"},{"floor":11,"key":"Lizard Tail"},{"floor":26,"key":"Bronze Scales"},{"floor":31,"key":"Calipers"},{"floor":40,"key":"Strawberry"},{"floor":42,"key":"Runesmith:Nanobots"},{"floor":43,"key":"InkBottle"},{"floor":48,"key":"Dream Catcher"}],"event_choices":[{"damage_healed":0,"gold_gain":0,"player_choice":"Take Wound","damage_taken":0,"relics_obtained":["Golden Idol"],"max_hp_gain":0,"max_hp_loss":0,"event_name":"Golden Idol","floor":13,"gold_loss":0,"cards_obtained":["Injury"]},{"damage_healed":0,"gold_gain":0,"player_choice":"Got Potions","damage_taken":0,"max_hp_gain":0,"max_hp_loss":0,"event_name":"Lab","floor":19,"gold_loss":0},{"damage_healed":0,"gold_gain":0,"player_choice":"Upgrade","damage_taken":0,"max_hp_gain":0,"max_hp_loss":0,"event_name":"Designer","floor":20,"gold_loss":40,"cards_upgraded":["Shade:DarkOfNight"]},{"cards_removed":["Shade:SpectralStrikes"],"damage_healed":0,"gold_gain":0,"player_choice":"Take \u0026 Give","damage_taken":0,"max_hp_gain":0,"max_hp_loss":0,"event_name":"betterNote:BetterNote","floor":30,"gold_loss":0,"cards_obtained":["infinitespire:TheBestDefense"]},{"cards_removed":["Shade:TouchOfTheGrave"],"damage_healed":0,"gold_gain":0,"player_choice":"Removed Power","damage_taken":0,"max_hp_gain":0,"max_hp_loss":0,"event_name":"Falling","floor":36,"gold_loss":0}],"is_beta":false,"boss_relics":[{"not_picked":["Sozu","Ectoplasm"],"picked":"Cursed Key"},{"not_picked":["Velvet Choker","hubris:Stopwatch"],"picked":"Coffee Dripper"}],"items_purged_floors":[38],"is_endless":false,"potions_floor_spawned":[7,11,14,18,21,31,42,44,46],"ascension_level":4}}