{"host":"ph0jbnuejdorxbrg","time":1611445346,"event":{"mods":["AchievementEnabler","BaseMod","Block Reminder","Minty Spire (QoL Compilation)","Permanent Neow","Quick Restart","Rare Cards Sparkle","Synergy Search"],"gold_per_floor":[111,123,123,144,144,179,23,87,87,102,2,2,46,67,67,191,191,215,215,215,240,240,240,280,280,303,78,98,132,155,155,155],"floor_reached":31,"language":"ENG","playtime":1565,"items_purged":["Regret","Injury","Strike_R"],"score":425,"play_id":"8f448464-794f-4f34-aeeb-ebe170efa378","local_time":"20210123184226","is_ascension_mode":true,"campfire_choices":[{"data":"Heavy Blade","floor":12,"key":"SMITH"},{"floor":15,"key":"REST"},{"data":"Demon Form","floor":23,"key":"SMITH"},{"floor":25,"key":"REST"}],"circlet_count":0,"master_deck":["AscendersBane","Strike_R","Strike_R","Strike_R+1","Strike_R+1","Defend_R","Defend_R","Defend_R","Defend_R","Bash","Spot Weakness","Heavy Blade+1","Headbutt","Clothesline","Pummel","Wild Strike","Flex","Twin Strike","Demon Form+1","Twin Strike+1","Necronomicurse","Flex","Dropkick","Flex","Infernal Blade","Wild Strike"],"relics":["Burning Blood","Whetstone","Golden Idol","Pantograph","Singing Bowl","Peace Pipe","Velvet Choker","Necronomicon","Nloth\u0027s Gift","Eternal Feather","Pen Nib","Matryoshka"],"acts_visited":["Exordium","TheCity"],"potions_floor_usage":[6,16,16,24,29,31],"damage_taken":[{"damage":1,"enemies":"Cultist","floor":1,"turns":4},{"damage":2,"enemies":"Small Slimes","floor":2,"turns":4},{"damage":13,"enemies":"Jaw Worm","floor":4,"turns":4},{"damage":61,"enemies":"Lagavulin","floor":6,"turns":8},{"damage":13,"enemies":"Blue Slaver","floor":10,"turns":3},{"damage":35,"enemies":"3 Sentries","floor":13,"turns":7},{"damage":15,"enemies":"2 Fungi Beasts","floor":14,"turns":3},{"damage":49,"enemies":"The Guardian","floor":16,"turns":8},{"damage":27,"enemies":"Spheric Guardian","floor":18,"turns":4},{"damage":19,"enemies":"3 Byrds","floor":21,"turns":4},{"damage":58,"enemies":"Slavers","floor":24,"turns":4},{"damage":15,"enemies":"Snecko","floor":28,"turns":4},{"damage":43,"enemies":"Book of Stabbing","floor":29,"turns":4},{"damage":0,"enemies":"Sentry and Sphere","floor":30,"turns":2},{"damage":0,"enemies":"Chosen and Byrds","floor":31,"turns":1}],"seed_played":"-7268054839706210323","potions_obtained":[{"floor":1,"key":"EssenceOfSteel"},{"floor":13,"key":"EssenceOfSteel"},{"floor":14,"key":"Regen Potion"},{"floor":21,"key":"Strength Potion"},{"floor":30,"key":"ElixirPotion"}],"is_trial":false,"path_per_floor":["M","M","?","M","?","E","$","?","T","M","$","R","E","M","R","B",null,"M","?","?","M","?","R","E","R","T","$","M","E","M","M"],"character_chosen":"IRONCLAD","items_purchased":["Pummel","Flex","SteroidPotion"],"campfire_rested":2,"item_purchase_floors":[7,27,27],"current_hp_per_floor":[77,80,80,73,73,18,18,18,18,11,11,11,31,22,46,43,71,50,34,80,67,67,67,15,51,51,51,44,7,13,13,13],"gold":155,"neow_bonus":"RANDOM_COMMON_RELIC","is_daily":false,"chose_seed":false,"campfire_upgraded":2,"win_rate":0.0,"timestamp":1611445346,"path_taken":["M","M","?","M","?","E","$","?","T","M","$","R","E","M","R","BOSS","M","?","?","?","?","R","E","R","T","$","M","E","?","M"],"items_purchased_type":["Card","Card","Potion"],"build_version":"2020-12-22","purchased_purges":3,"victory":false,"max_hp_per_floor":[80,80,80,80,80,80,80,80,80,80,80,80,80,80,80,80,80,80,80,80,80,80,80,80,80,80,80,82,82,82,82,82],"card_choices":[{"not_picked":["Wild Strike","Flex"],"picked":"Spot Weakness","floor":1},{"not_picked":["Clash","Inflame"],"picked":"Heavy Blade","floor":2},{"not_picked":["Anger","Whirlwind"],"picked":"Headbutt","floor":4},{"not_picked":["Juggernaut","Anger"],"picked":"Clothesline","floor":6},{"not_picked":["Searing Blow","Cleave"],"picked":"Wild Strike","floor":10},{"not_picked":["Havoc","Pommel Strike"],"picked":"Flex","floor":13},{"not_picked":["Wild Strike","Battle Trance"],"picked":"Twin Strike","floor":14},{"not_picked":["Brutality","Juggernaut"],"picked":"Demon Form","floor":16},{"not_picked":["Clothesline","Disarm"],"picked":"Twin Strike+1","floor":18},{"not_picked":["Pommel Strike","Entrench+1"],"picked":"Flex","floor":21},{"not_picked":["Intimidate","Seeing Red"],"picked":"Dropkick","floor":24},{"not_picked":["Anger","Clash+1","Fiend Fire"],"picked":"Singing Bowl","floor":28},{"not_picked":["Barricade","Juggernaut"],"picked":"Infernal Blade","floor":29},{"not_picked":["Rage+1","Clothesline"],"picked":"Wild Strike","floor":30}],"player_experience":114230,"relics_obtained":[{"floor":6,"key":"Pantograph"},{"floor":9,"key":"Singing Bowl"},{"floor":13,"key":"Peace Pipe"},{"floor":19,"key":"Necronomicon"},{"floor":24,"key":"Eternal Feather"},{"floor":26,"key":"Pen Nib"},{"floor":29,"key":"Matryoshka"}],"event_choices":[{"damage_healed":0,"gold_gain":0,"player_choice":"Take Wound","damage_taken":0,"relics_obtained":["Golden Idol"],"max_hp_gain":0,"max_hp_loss":0,"event_name":"Golden Idol","floor":3,"gold_loss":0,"cards_obtained":["Injury"]},{"damage_healed":0,"gold_gain":0,"player_choice":"Box","damage_taken":0,"relics_obtained":["Lizard Tail"],"max_hp_gain":0,"max_hp_loss":0,"event_name":"Big Fish","floor":5,"gold_loss":0,"cards_obtained":["Regret"]},{"damage_healed":0,"gold_gain":64,"player_choice":"Gained Gold","damage_taken":0,"max_hp_gain":0,"max_hp_loss":0,"event_name":"Golden Wing","floor":8,"gold_loss":0},{"damage_healed":0,"gold_gain":0,"player_choice":"Obtained Book","damage_taken":16,"max_hp_gain":0,"max_hp_loss":0,"event_name":"Cursed Tome","floor":19,"gold_loss":0},{"damage_healed":46,"gold_gain":0,"player_choice":"Full Heal","damage_taken":0,"max_hp_gain":0,"max_hp_loss":0,"event_name":"Wheel of Change","floor":20,"gold_loss":0},{"damage_healed":0,"gold_gain":0,"player_choice":"Traded Relic","damage_taken":0,"relics_obtained":["Nloth\u0027s Gift"],"max_hp_gain":0,"max_hp_loss":0,"event_name":"N\u0027loth","floor":22,"relics_lost":["Lizard Tail"],"gold_loss":0}],"is_beta":false,"boss_relics":[{"not_picked":["Philosopher\u0027s Stone","Black Star"],"picked":"Velvet Choker"}],"items_purged_floors":[7,11,27],"is_endless":false,"potions_floor_spawned":[1,13,14,21,30],"killed_by":"Chosen and Byrds","ascension_level":10}}