{"host":"7k2a2omxz3voj5ax","time":1611380983,"event":{"mods":["BaseMod","Marisa£¨ìFÓê¡¡Ä§ÀíÉ³£©","Minty Spire (QoL Compilation)","Quick Restart","Spicy Shops","StSLib","Starting Relic: Pandora\u0027s Box","¡¾ÒÅÎï¿¨ÅÆ¡¿REMEMod","óô»ðÖ¸ÄÏ"],"gold_per_floor":[113,125,125,2019,2019,2034,1831,1844,1699,1723,1743,1804,1820,1852,1884,1589,1672,1684,1711,1740,1261,1278,1290,1322,1116,692,717,736,716,744,783,797,521,595,595,613,624,647,418,438,438,438,465,465,465,611,670,703,445,519,519,543,576,576,295,122,179,251],"floor_reached":59,"language":"ZHS","playtime":3161,"items_purged":["Outmaneuver","Dagger Spray","Predator","Poisoned Stab+1","Bane+1","Underhanded Strike+1","Dash","Bouncing Flask+1","Eviscerate","Survivor+1","Dodge and Roll","Neutralize+1"],"score":3186,"play_id":"7796492f-4d9f-4ef8-be63-7422d20f8154","local_time":"20210123144943","is_ascension_mode":true,"campfire_choices":[{"floor":51.0,"key":"RECALL"}],"circlet_count":0,"master_deck":["AscendersBane","Expertise+1","LessonLearned+1","Acrobatics+1","Impatience+1","Catalyst+1","REME_LeechingPoison+1","REME_GreenPollution+1","Prepared+1","REME_SpectralBlade+1","Adrenaline+1","Calculated Gamble+1","Tactician+1","Calculated Gamble+1","REME_GreenPollution","Purity+1"],"relics":["Pandora\u0027s Box","REME_ComplimentaryCards","NeowsBlessing","Membership Card","TheAbacus","Snake Skull","MealTicket","Bronze Scales","MawBank","REME_LowDesire","Strawberry","War Paint","Singing Bowl","Orrery","Ancient Tea Set","Bag of Preparation","Omamori","TungstenRod","Juzu Bracelet","Ornamental Fan","Lantern","DollysMirror","REME_ChargedStone","Regal Pillow","Blue Candle","REME_ArchaeologicalTools","Art of War","Medical Kit","CatCart","Sundial","Mummified Hand","Unceasing Top","Pear"],"acts_visited":["Exordium","TheCity","TheBeyond","TheEnding"],"potions_floor_usage":[58],"damage_taken":[{"damage":0.0,"enemies":"Jaw Worm","floor":1.0,"turns":1.0},{"damage":0.0,"enemies":"Small Slimes","floor":2.0,"turns":3.0},{"damage":0.0,"enemies":"2 Louse","floor":6.0,"turns":1.0},{"damage":6.0,"enemies":"Red Slaver","floor":8.0,"turns":3.0},{"damage":0.0,"enemies":"Lots of Slimes","floor":11.0,"turns":3.0},{"damage":2.0,"enemies":"Gremlin Nob","floor":12.0,"turns":4.0},{"damage":11.0,"enemies":"Exordium Thugs","floor":13.0,"turns":4.0},{"damage":16.0,"enemies":"Lagavulin","floor":14.0,"turns":3.0},{"damage":8.0,"enemies":"Large Slime","floor":15.0,"turns":2.0},{"damage":4.0,"enemies":"The Guardian","floor":17.0,"turns":7.0},{"damage":0.0,"enemies":"Chosen","floor":19.0,"turns":3.0},{"damage":0.0,"enemies":"Spheric Guardian","floor":20.0,"turns":2.0},{"damage":11.0,"enemies":"Centurion and Healer","floor":22.0,"turns":5.0},{"damage":8.0,"enemies":"Snecko","floor":23.0,"turns":3.0},{"damage":12.0,"enemies":"Gremlin Leader","floor":24.0,"turns":5.0},{"damage":0.0,"enemies":"Snake Plant","floor":28.0,"turns":2.0},{"damage":0.0,"enemies":"Book of Stabbing","floor":30.0,"turns":2.0},{"damage":0.0,"enemies":"3 Cultists","floor":31.0,"turns":2.0},{"damage":0.0,"enemies":"Sentry and Sphere","floor":32.0,"turns":2.0},{"damage":9.0,"enemies":"Champ","floor":34.0,"turns":2.0},{"damage":0.0,"enemies":"3 Shapes","floor":36.0,"turns":1.0},{"damage":5.0,"enemies":"3 Darklings","floor":37.0,"turns":2.0},{"damage":0.0,"enemies":"Sphere and 2 Shapes","floor":40.0,"turns":2.0},{"damage":0.0,"enemies":"Giant Head","floor":43.0,"turns":1.0},{"damage":0.0,"enemies":"Nemesis","floor":46.0,"turns":1.0},{"damage":0.0,"enemies":"Transient","floor":47.0,"turns":2.0},{"damage":0.0,"enemies":"Maw","floor":48.0,"turns":1.0},{"damage":0.0,"enemies":"Orin","floor":50.0,"turns":2.0},{"damage":0.0,"enemies":"Donu and Deca","floor":52.0,"turns":1.0},{"damage":9.0,"enemies":"Time Eater","floor":53.0,"turns":2.0},{"damage":0.0,"enemies":"Shield and Spear","floor":57.0,"turns":1.0},{"damage":6,"enemies":"The Heart","floor":58,"turns":3}],"seed_played":"7116718072516265095","potions_obtained":[{"floor":1.0,"key":"Weak Potion"},{"floor":2.0,"key":"BlessingOfTheForge"},{"floor":6.0,"key":"Energy Potion"},{"floor":12.0,"key":"FearPotion"},{"floor":19.0,"key":"EssenceOfSteel"},{"floor":28.0,"key":"ColorlessPotion"},{"floor":29.0,"key":"Poison Potion"},{"floor":31.0,"key":"Fire Potion"},{"floor":34.0,"key":"Regen Potion"},{"floor":36.0,"key":"DuplicationPotion"},{"floor":40.0,"key":"DistilledChaos"},{"floor":48.0,"key":"Fruit Juice"},{"floor":57.0,"key":"Block Potion"}],"is_trial":false,"path_per_floor":["M","M","?","$","?","M","R","M","R","T","M","?","M","E","M","R","B",null,"M","M","$","M","M","E","R","$","T","M","?","E","M","M","R","B",null,"M","M","T","$","M","?","?","E","?","T","E","M","M","R","?","R","B","B",null,"R","$","E","B",null],"character_chosen":"THE_SILENT","items_purchased":["Dodge and Roll","Membership Card","REME_GoldPotion","TheAbacus","Snake Skull","Acrobatics","MealTicket","Impatience","Catalyst","Singing Bowl","REME_GreenPollution","Prepared","Orrery","Ancient Tea Set","Bag of Preparation","Omamori","TungstenRod","Lantern","DollysMirror","REME_GreenPollution","Medical Kit","Sundial","Mummified Hand","Unceasing Top"],"campfire_rested":0,"item_purchase_floors":[4,4,4,7,7,7,9,16,16,21,21,21,21,25,26,26,26,33,33,39,49,55,55,56],"current_hp_per_floor":[59,59,59,59,64,64,64,58,58,58,58,56,45,29,21,21,17,65,65,65,84,75,88,82,82,90,90,92,92,92,92,94,94,87,94,96,95,95,100,102,102,97,108,108,108,110,112,119,119,121,121,121,121,121,121,121,133,133],"gold":251,"neow_bonus":"THREE_ENEMY_KILL","is_daily":false,"chose_seed":false,"campfire_upgraded":0,"win_rate":0.0,"timestamp":1611380983,"path_taken":["M","M","?","$","?","M","R","M","R","T","M","?","M","E","M","R","BOSS","M","M","$","M","M","E","R","$","T","M","?","E","M","M","R","BOSS","M","M","?","$","M","?","?","E","?","T","E","M","M","R","?","R","BOSS","BOSS","R","$","E","BOSS"],"items_purchased_type":["Card","Relic","Potion","Relic","Relic","Card","Relic","Card","Card","Relic","Card","Card","Relic","Relic","Relic","Relic","Relic","Relic","Relic","Card","Relic","Relic","Relic","Relic"],"build_version":"2020-12-22","purchased_purges":12,"victory":true,"max_hp_per_floor":[66,66,66,66,71,71,71,71,71,71,71,71,71,71,71,71,71,78,78,78,84,86,88,90,90,90,90,92,92,92,92,94,94,96,96,98,100,100,100,102,102,106,108,108,108,110,112,119,119,121,121,121,121,121,121,121,133,133],"card_choices":[{"not_picked":["Backflip","Endless Agony"],"picked":"Acrobatics","floor":1.0},{"not_picked":["Deadly Poison","Dagger Throw","Well Laid Plans"],"picked":"SKIP","floor":2.0},{"not_picked":["Sucker Punch","PiercingWail","Underhanded Strike"],"picked":"SKIP","floor":6.0},{"not_picked":["Crippling Poison","Glass Knife","Deadly Poison"],"picked":"SKIP","floor":8.0},{"not_picked":["Deadly Poison","Infinite Blades","Flying Knee"],"picked":"SKIP","floor":11.0},{"not_picked":["Dodge and Roll","Bullet Time","Skewer"],"picked":"SKIP","floor":13.0},{"not_picked":["Deadly Poison","Bane","Endless Agony"],"picked":"SKIP","floor":14.0},{"not_picked":["Deflect","Predator","Flying Knee"],"picked":"SKIP","floor":15.0},{"not_picked":["Grand Finale","Phantasmal Killer"],"picked":"REME_LeechingPoison","floor":17.0},{"not_picked":["Expertise","Predator","Bouncing Flask","Forethought"],"picked":"SKIP","floor":19.0},{"not_picked":["Finisher","Riddle With Holes","Underhanded Strike","Mayhem"],"picked":"SKIP","floor":20.0},{"not_picked":["Bane","Dodge and Roll","Trip"],"picked":"REME_SpectralBlade","floor":21.0},{"not_picked":["Footwork","Cloak And Dagger","Master of Strategy"],"picked":"Adrenaline","floor":21.0},{"not_picked":["Escape Plan","Backflip","Distraction","Metamorphosis"],"picked":"Singing Bowl","floor":21.0},{"not_picked":["Prepared","Deadly Poison","Backflip","Transmutation"],"picked":"Singing Bowl","floor":21.0},{"not_picked":["Flechettes+1","Flying Knee","Dagger Spray","Impatience"],"picked":"Singing Bowl","floor":21.0},{"not_picked":["Dash","Deflect","Slice","REME_ProfessionalPlagiarism"],"picked":"Singing Bowl","floor":22.0},{"not_picked":["Quick Slash","Deflect","Leg Sweep","REME_BodyOfCthun"],"picked":"Singing Bowl","floor":23.0},{"not_picked":["Grand Finale","Predator","Underhanded Strike","Panacea"],"picked":"Singing Bowl","floor":24.0},{"not_picked":["Cloak And Dagger","Dagger Spray","Sucker Punch+1","Dramatic Entrance"],"picked":"Singing Bowl","floor":28.0},{"not_picked":["Poisoned Stab","Sucker Punch","REME_HeartOfCthun"],"picked":"Calculated Gamble+1","floor":30.0},{"not_picked":["Poisoned Stab","Deflect","REME_BattleFury"],"picked":"Tactician","floor":31.0},{"not_picked":["Flying Knee","Blade Dance","Acrobatics","Bandage Up"],"picked":"Singing Bowl","floor":32.0},{"not_picked":["Malaise","REME_ShadowForm","Venomology","Secret Weapon"],"picked":"Singing Bowl","floor":34.0},{"not_picked":["Well Laid Plans","Poisoned Stab+1","Distraction","REME_EyeOfCthun"],"picked":"Singing Bowl","floor":36.0},{"not_picked":["Well Laid Plans","Sucker Punch","Leg Sweep+1","Jack Of All Trades+1"],"picked":"Singing Bowl","floor":37.0},{"not_picked":["Slice","PiercingWail","Cloak And Dagger+1","REME_ShortnessOfBreath"],"picked":"Singing Bowl","floor":40.0},{"not_picked":["Good Instincts","REME_FirmDetermination","Apotheosis"],"picked":"Singing Bowl","floor":42.0},{"not_picked":["Transmutation","Madness","REME_FirmDetermination"],"picked":"Singing Bowl","floor":42.0},{"not_picked":["REME_EyeOfCthun","Flash of Steel"],"picked":"Purity","floor":42.0},{"not_picked":["REME_GreenPollution+1","Sucker Punch","PiercingWail","Master of Strategy"],"picked":"Singing Bowl","floor":43.0},{"not_picked":["Backflip","PiercingWail+1","Footwork","Trip"],"picked":"Singing Bowl","floor":46.0},{"not_picked":["Leg Sweep","Underhanded Strike+1","REME_ShadowStrike","Metamorphosis"],"picked":"Singing Bowl","floor":47.0},{"not_picked":["Cloak And Dagger+1","Dash","Dagger Throw+1","REME_ProfessionalPlagiarism"],"picked":"Singing Bowl","floor":48.0},{"not_picked":["REME_ShadowForm","Blade Dance","Backflip+1","Jack Of All Trades"],"picked":"Singing Bowl","floor":50.0},{"not_picked":["Choke","Crippling Poison","Accuracy+1","Mind Blast"],"picked":"Singing Bowl","floor":57.0}],"player_experience":480003,"relics_obtained":[{"floor":12.0,"key":"Bronze Scales"},{"floor":14.0,"key":"MawBank"},{"floor":18.0,"key":"Strawberry"},{"floor":18.0,"key":"War Paint"},{"floor":27.0,"key":"Juzu Bracelet"},{"floor":30.0,"key":"Ornamental Fan"},{"floor":38.0,"key":"Regal Pillow"},{"floor":43.0,"key":"Blue Candle"},{"floor":45.0,"key":"REME_ArchaeologicalTools"},{"floor":46.0,"key":"Art of War"},{"floor":50.0,"key":"CatCart"},{"floor":57.0,"key":"Pear"}],"event_choices":[{"damage_healed":0.0,"max_hp_gain":0.0,"max_hp_loss":0.0,"gold_gain":0.0,"event_name":"Liars Game","player_choice":"Ignored","floor":3.0,"gold_loss":0.0,"damage_taken":0.0},{"damage_healed":0.0,"max_hp_gain":5.0,"max_hp_loss":0.0,"gold_gain":0.0,"event_name":"Big Fish","player_choice":"Donut","floor":5.0,"gold_loss":0.0,"damage_taken":0.0},{"damage_healed":0.0,"max_hp_gain":0.0,"max_hp_loss":0.0,"gold_gain":0.0,"event_name":"Dead Adventurer","player_choice":"Searched \u00271\u0027 times","floor":12.0,"gold_loss":0.0,"damage_taken":0.0},{"damage_healed":0.0,"max_hp_gain":0.0,"max_hp_loss":0.0,"gold_gain":0.0,"event_name":"The Woman in Blue","player_choice":"Bought 1 Potion","floor":29.0,"gold_loss":0.0,"damage_taken":0.0},{"damage_healed":0.0,"max_hp_gain":0.0,"max_hp_loss":0.0,"gold_gain":0.0,"event_name":"Upgrade Shrine","player_choice":"Upgraded","floor":41.0,"gold_loss":0.0,"damage_taken":0.0,"cards_upgraded":["REME_LeechingPoison"]},{"damage_healed":0.0,"max_hp_gain":0.0,"max_hp_loss":0.0,"gold_gain":0.0,"event_name":"SensoryStone","player_choice":"Memory 3","floor":42.0,"gold_loss":0.0,"damage_taken":10.0},{"cards_removed":["Acrobatics"],"damage_healed":0.0,"max_hp_gain":0.0,"max_hp_loss":0.0,"gold_gain":0.0,"event_name":"Purifier","player_choice":"Purged","floor":44.0,"gold_loss":0.0,"damage_taken":0.0},{"damage_healed":0.0,"max_hp_gain":0.0,"max_hp_loss":0.0,"gold_gain":0.0,"event_name":"OrinTheCat","player_choice":"Fight","floor":50.0,"gold_loss":0.0,"damage_taken":0.0}],"is_beta":false,"boss_relics":[{"not_picked":["Tiny House","REME_DemonsWealth"],"picked":"REME_LowDesire"},{"not_picked":["REME_DuelDisc","Philosopher\u0027s Stone"],"picked":"REME_ChargedStone"}],"items_purged_floors":[4,7,9,16,16,21,21,25,26,33,39,49],"is_endless":false,"potions_floor_spawned":[1,2,6,12,19,20,28,31,34,36,40,48,57],"ascension_level":20}}