{"host":"5jzx1090woovszu4","time":1611445967,"event":{"mods":["BaseMod","Gremlin Mod","Hermit","Minty Spire (QoL Compilation)","Shade Mod","Spicy Shops","StSLib","The Marked"],"gold_per_floor":[111,286,286,304,322,352,352,387,387,387,417,23,23,60,60,183,183,221,221,221,12,62,87,87,141,141,181,181,215,233,291,291,394,394,410,429,479,479,515,515,575,575,629,629,668,679,706,724,724,724,724],"floor_reached":50,"language":"ENG","playtime":3179,"items_purged":["Doubt"],"score":730,"play_id":"5aae0b34-370a-410b-80e9-9cbe7157cfc4","local_time":"20210124005247","is_ascension_mode":true,"campfire_choices":[{"floor":7.0,"key":"REST"},{"floor":10.0,"key":"REST"},{"floor":15,"key":"REST"},{"data":"HandOfGreed","floor":24,"key":"SMITH"},{"floor":28,"key":"REST"},{"floor":32,"key":"REST"},{"data":"Trip","floor":40,"key":"SMITH"},{"data":"Storm of Steel","floor":42,"key":"SMITH"},{"data":"Finisher","floor":44,"key":"SMITH"},{"floor":49,"key":"REST"}],"circlet_count":0,"master_deck":["theMarked:Strike+1","theMarked:Strike+1","theMarked:Strike+1","theMarked:Strike+1","theMarked:Strike+1","theMarked:Defend+1","theMarked:Defend+1","theMarked:Defend+1","theMarked:Defend+1","theMarked:SoldierOfQuellstein+1","theMarked:SwordAndMagic+1","theMarked:AttractMetal","theMarked:BanishingWave","HandOfGreed+1","theMarked:EmpowerWeapon","Storm of Steel+1","Finisher+1","Blade Dance","Blade Dance","Blade Dance+1","theMarked:TwofoldDefense+1","Trip+1","Parasite","Blade Dance+1"],"relics":["theMarked:ArtifactOfAir","Gambling Chip","Orichalcum","Du-Vu Doll","HornCleat","Whetstone","Nunchaku","PreservedInsect","SlaversCollar","Membership Card","Blue Candle","theMarked:NailFile","Strawberry","Happy Flower","Vajra","theMarked:Eyepatch","Turnip","Boot","Pen Nib","Frozen Egg 2"],"acts_visited":["Exordium","TheCity","TheBeyond"],"potions_floor_usage":[25,29,30,30,35,37,45,45,47,50],"damage_taken":[{"damage":1.0,"enemies":"Jaw Worm","floor":1.0,"turns":5.0},{"damage":0.0,"enemies":"Cultist","floor":4.0,"turns":2.0},{"damage":0.0,"enemies":"Small Slimes","floor":5.0,"turns":3.0},{"damage":30.0,"enemies":"Lagavulin","floor":6.0,"turns":8.0},{"damage":16.0,"enemies":"3 Sentries","floor":8.0,"turns":8.0},{"damage":9.0,"enemies":"Gremlin Nob","floor":11.0,"turns":4.0},{"damage":3,"enemies":"Red Slaver","floor":14,"turns":4},{"damage":24,"enemies":"Slime Boss","floor":16,"turns":9},{"damage":14,"enemies":"Spheric Guardian","floor":18,"turns":4},{"damage":7,"enemies":"2 Thieves","floor":22,"turns":4},{"damage":0,"enemies":"Gremlin Leader","floor":23,"turns":4},{"damage":8,"enemies":"Slavers","floor":25,"turns":3},{"damage":8,"enemies":"Snake Plant","floor":27,"turns":4},{"damage":0,"enemies":"Book of Stabbing","floor":29,"turns":3},{"damage":8,"enemies":"Sentry and Sphere","floor":30,"turns":4},{"damage":7,"enemies":"Gremlin Leader","floor":31,"turns":5},{"damage":49,"enemies":"Automaton","floor":33,"turns":9},{"damage":0,"enemies":"3 Darklings","floor":35,"turns":7},{"damage":11,"enemies":"Orb Walker","floor":36,"turns":3},{"damage":3,"enemies":"Mind Bloom Boss Battle","floor":37,"turns":5},{"damage":5,"enemies":"Jaw Worm Horde","floor":39,"turns":4},{"damage":7,"enemies":"Giant Head","floor":41,"turns":6},{"damage":19,"enemies":"Writhing Mass","floor":45,"turns":5},{"damage":0,"enemies":"3 Darklings","floor":46,"turns":2},{"damage":13,"enemies":"Nemesis","floor":47,"turns":4},{"damage":1,"enemies":"Spire Growth","floor":48,"turns":3},{"damage":59,"enemies":"Donu and Deca","floor":50,"turns":6}],"seed_played":"6118454509940722491","potions_obtained":[{"floor":1.0,"key":"FairyPotion"},{"floor":5.0,"key":"SteroidPotion"},{"floor":14,"key":"BlessingOfTheForge"},{"floor":16,"key":"SteroidPotion"},{"floor":22,"key":"Block Potion"},{"floor":27,"key":"LiquidBronze"},{"floor":30,"key":"Regen Potion"},{"floor":31,"key":"BlessingOfTheForge"},{"floor":33,"key":"PowerPotion"},{"floor":35,"key":"PowerPotion"},{"floor":41,"key":"AttackPotion"},{"floor":47,"key":"theMarked:ChargePotion"}],"is_trial":false,"path_per_floor":["M","?","?","M","M","E","R","E","T","R","E","$","?","M","R","B",null,"M","?","?","$","M","E","R","E","T","M","R","E","M","E","R","B",null,"M","M","?","?","M","R","E","R","T","R","M","M","E","M","R","B"],"character_chosen":"THE_DEFAULT","items_purchased":["HandOfGreed","Nunchaku","Membership Card","Finisher","Blade Dance"],"campfire_rested":6,"item_purchase_floors":[12,12,21,21,21],"current_hp_per_floor":[48,48,48,48,48,18,39,23,23,44,35,35,35,32,53,29,70,56,56,56,56,49,49,49,41,48,40,63,63,55,48,71,22,77,77,66,63,63,58,58,51,51,51,51,46,46,33,32,55,0,0],"gold":724,"neow_bonus":"ONE_RARE_RELIC","is_daily":false,"chose_seed":false,"campfire_upgraded":4,"win_rate":0.0,"timestamp":1611445967,"path_taken":["M","?","?","M","?","E","R","E","T","R","E","$","?","M","R","BOSS","M","?","?","?","M","E","R","E","T","M","R","E","?","E","R","BOSS","M","M","?","?","M","R","E","R","T","R","?","?","E","M","R","BOSS"],"items_purchased_type":["Card","Relic","Relic","Card","Card"],"build_version":"2020-12-22","purchased_purges":1,"victory":false,"max_hp_per_floor":[70,70,70,70,70,70,70,70,70,70,70,70,70,70,70,70,70,70,70,70,70,70,70,70,70,77,77,77,77,77,77,77,77,77,77,77,77,77,77,77,77,77,77,77,77,77,77,77,77,77,77],"card_choices":[{"not_picked":["Eviscerate","theMarked:RogueSparks"],"picked":"theMarked:SwordAndMagic","floor":1.0},{"not_picked":["Acrobatics","Sucker Punch"],"picked":"theMarked:AttractMetal","floor":4.0},{"not_picked":["theMarked:Polarize","theMarked:RepellingDischarge"],"picked":"theMarked:BanishingWave","floor":5.0},{"not_picked":["theMarked:RepellingDischarge","Calculated Gamble","theMarked:Electrocute"],"picked":"SKIP","floor":6.0},{"not_picked":["Slice","Cloak And Dagger","Poisoned Stab"],"picked":"SKIP","floor":8.0},{"not_picked":["Backflip","Predator","theMarked:MuscleMemory"],"picked":"SKIP","floor":11.0},{"not_picked":["Cloak And Dagger","Slice"],"picked":"theMarked:EmpowerWeapon","floor":14},{"not_picked":["theMarked:DispelDoubt","After Image"],"picked":"Storm of Steel","floor":16},{"not_picked":["theMarked:Parkour","Backstab","All Out Attack"],"picked":"SKIP","floor":18},{"not_picked":["theMarked:SwordAndMagic","theMarked:ChainLightning"],"picked":"Blade Dance","floor":22},{"not_picked":["theMarked:WastefulDefense","theMarked:TurnInvisible"],"picked":"Blade Dance+1","floor":23},{"not_picked":["Blade Dance","Deflect","Setup+1"],"picked":"SKIP","floor":25},{"not_picked":["theMarked:WastefulAttack+1","Deadly Poison","theMarked:SoldierForm"],"picked":"SKIP","floor":27},{"not_picked":["Well Laid Plans","theMarked:Aftermath","theMarked:Reabsorb"],"picked":"SKIP","floor":29},{"not_picked":["Flechettes","theMarked:ParalyzingBlade","theMarked:GodGivenPower"],"picked":"SKIP","floor":30},{"not_picked":["theMarked:TakeCover","Blade Dance","theMarked:GodGivenPower+1"],"picked":"SKIP","floor":31},{"not_picked":["theMarked:Static+1","theMarked:BanishingStrike+1"],"picked":"theMarked:TwofoldDefense+1","floor":35},{"not_picked":["Skewer","Acrobatics","theMarked:Convert"],"picked":"SKIP","floor":36},{"not_picked":["Dagger Throw+1","Quick Slash","Distraction+1"],"picked":"SKIP","floor":39},{"not_picked":["theMarked:Static+1","Flechettes","theMarked:Snap"],"picked":"SKIP","floor":41},{"not_picked":["Deadly Poison","theMarked:SwordAndMagic"],"picked":"Blade Dance+1","floor":45},{"not_picked":["theMarked:ShockingTouch","theMarked:ParalyzingBlade","Tactician"],"picked":"SKIP","floor":46},{"not_picked":["Predator","theMarked:Convert+1","theMarked:Aftermath+1"],"picked":"SKIP","floor":47},{"not_picked":["Reflex+1","theMarked:Electrify+1","theMarked:WardOff"],"picked":"SKIP","floor":48}],"player_experience":674394,"relics_obtained":[{"floor":6.0,"key":"Orichalcum"},{"floor":8.0,"key":"Du-Vu Doll"},{"floor":9.0,"key":"HornCleat"},{"floor":11.0,"key":"Whetstone"},{"floor":23,"key":"Blue Candle"},{"floor":25,"key":"theMarked:NailFile"},{"floor":26,"key":"Strawberry"},{"floor":29,"key":"Happy Flower"},{"floor":31,"key":"Vajra"},{"floor":37,"key":"Turnip"},{"floor":41,"key":"Boot"},{"floor":43,"key":"Pen Nib"},{"floor":47,"key":"Frozen Egg 2"}],"event_choices":[{"damage_healed":0.0,"max_hp_gain":0.0,"max_hp_loss":0.0,"gold_gain":175.0,"event_name":"Liars Game","player_choice":"AGREE","floor":2.0,"gold_loss":0.0,"damage_taken":0.0,"cards_obtained":["Doubt"]},{"damage_healed":0.0,"max_hp_gain":0.0,"max_hp_loss":0.0,"gold_gain":0.0,"event_name":"Upgrade Shrine","player_choice":"Upgraded","floor":3.0,"gold_loss":0.0,"damage_taken":0.0,"cards_upgraded":["theMarked:SoldierOfQuellstein"]},{"damage_healed":0,"gold_gain":0,"player_choice":"Gave Potion","damage_taken":0,"relics_obtained":["PreservedInsect"],"max_hp_gain":0,"max_hp_loss":0,"event_name":"WeMeetAgain","floor":13,"gold_loss":0},{"damage_healed":0,"gold_gain":0,"player_choice":"Simplicity","damage_taken":0,"max_hp_gain":0,"max_hp_loss":0,"event_name":"Back to Basics","floor":19,"gold_loss":0,"cards_upgraded":["theMarked:Strike","theMarked:Strike","theMarked:Strike","theMarked:Strike","theMarked:Defend","theMarked:Defend","theMarked:Defend","theMarked:Defend"]},{"damage_healed":0,"gold_gain":0,"player_choice":"Ignored","damage_taken":0,"max_hp_gain":0,"max_hp_loss":0,"event_name":"Ghosts","floor":20,"gold_loss":0},{"damage_healed":0,"gold_gain":0,"player_choice":"Fight","damage_taken":0,"max_hp_gain":0,"max_hp_loss":0,"event_name":"MindBloom","floor":37,"gold_loss":0},{"damage_healed":0,"gold_gain":0,"player_choice":"1 cards matched","damage_taken":0,"max_hp_gain":0,"max_hp_loss":0,"event_name":"Match and Keep!","floor":38,"gold_loss":0,"cards_obtained":["Trip"]}],"is_beta":false,"boss_relics":[{"not_picked":["Philosopher\u0027s Stone","SacredBark"],"picked":"SlaversCollar"},{"not_picked":["Velvet Choker","Runic Pyramid"],"picked":"theMarked:Eyepatch"}],"items_purged_floors":[12],"is_endless":false,"potions_floor_spawned":[1,5,14,16,22,27,30,31,33,35,36,41,47],"killed_by":"Donu and Deca","ascension_level":1}}