{"host":"mmqs5ul2bvb60kyc","time":1611365631,"event":{"mods":["AchievementEnabler","BaseMod","Colored Map","Colored Powertips","Minty Spire (QoL Compilation)","Quick Restart","StSLib","The Administrix","The Saiyan","The Wild Card"],"gold_per_floor":[97,97,178,194,214,214,246,257,303,228,228,246,266,296,296,391,391,410,410,410],"floor_reached":19,"language":"ZHS","playtime":1085,"items_purged":["Saiyan:SAIYA_Strike"],"score":179,"play_id":"462599d4-bbb6-4bd1-8788-8a5c9be279de","local_time":"20210123093351","is_ascension_mode":false,"campfire_choices":[{"data":"Saiyan:TurtleShell","floor":6.0,"key":"SMITH"},{"data":"Saiyan:LastResort","floor":11.0,"key":"SMITH"},{"data":"Saiyan:KaioKen","floor":15.0,"key":"SMITH"}],"circlet_count":0,"master_deck":["Saiyan:SAIYA_Strike","Saiyan:SAIYA_Strike+1","Saiyan:SAIYA_Strike","Saiyan:SAIYA_Defend+1","Saiyan:SAIYA_Defend","Saiyan:SAIYA_Defend","Saiyan:SAIYA_Defend","Saiyan:EnergyBlast+1","Saiyan:KaioKen+1","Saiyan:RuthlessBlow","Saiyan:Overexert+1","Saiyan:LastResort+1","Saiyan:TurtleShell+1","Saiyan:SolarFlare","Saiyan:Afterimage","Saiyan:WarmUp","Saiyan:SpiritSword","Saiyan:SenzuBean","Saiyan:RemoveWeights+1","Saiyan:PowerStance"],"relics":["SaiyanSoul","SaiyanHeart","NeowsBlessing","White Beast Statue","War Paint","Prayer Wheel","Black Star","Ancient Tea Set"],"acts_visited":["Exordium","TheCity"],"potions_floor_usage":[],"damage_taken":[{"damage":0.0,"enemies":"Small Slimes","floor":1.0,"turns":1.0},{"damage":0.0,"enemies":"Jaw Worm","floor":4.0,"turns":1.0},{"damage":0.0,"enemies":"Cultist","floor":5.0,"turns":2.0},{"damage":7.0,"enemies":"Gremlin Nob","floor":7.0,"turns":4.0},{"damage":11.0,"enemies":"2 Fungi Beasts","floor":8.0,"turns":4.0},{"damage":2.0,"enemies":"Lots of Slimes","floor":12.0,"turns":2.0},{"damage":0.0,"enemies":"Large Slime","floor":13.0,"turns":6.0},{"damage":13.0,"enemies":"3 Sentries","floor":14.0,"turns":6.0},{"damage":20.0,"enemies":"The Guardian","floor":16.0,"turns":12.0},{"damage":61.0,"enemies":"Spheric Guardian","floor":18.0,"turns":11.0},{"damage":17,"enemies":"3 Byrds","floor":19,"turns":2}],"seed_played":"-3210566691653148242","potions_obtained":[{"floor":5.0,"key":"SkillPotion"},{"floor":8.0,"key":"SmokeBomb"},{"floor":12.0,"key":"SkillPotion"},{"floor":13.0,"key":"Energy Potion"},{"floor":16.0,"key":"Dexterity Potion"},{"floor":18.0,"key":"EssenceOfSteel"}],"is_trial":false,"path_per_floor":["M","?","T","M","M","R","E","M","T","$","R","M","M","E","R","B",null,"M","M"],"character_chosen":"SAIYAJIN","items_purchased":[],"campfire_rested":0,"item_purchase_floors":[],"current_hp_per_floor":[61,49,49,49,50,50,45,36,36,36,36,36,38,25,25,6,71,11,0,0],"gold":410,"neow_bonus":"THREE_ENEMY_KILL","is_daily":false,"chose_seed":false,"campfire_upgraded":3,"win_rate":0.0,"timestamp":1611365631,"path_taken":["M","?","?","M","?","R","E","M","T","$","R","M","M","E","R","BOSS","M","M"],"items_purchased_type":[],"build_version":"2020-12-22","purchased_purges":1,"victory":false,"max_hp_per_floor":[61,61,61,61,62,62,64,66,66,66,66,68,70,70,70,71,71,72,73,73],"card_choices":[{"not_picked":["Saiyan:ExpandingShockwave","Saiyan:BackAttack"],"picked":"Saiyan:Overexert","floor":1.0},{"not_picked":["Saiyan:Twize","Saiyan:Scouter"],"picked":"Saiyan:LastResort","floor":4.0},{"not_picked":["Saiyan:SaiyanHubris","Saiyan:BigBangAttack"],"picked":"Saiyan:TurtleShell","floor":5.0},{"not_picked":["Saiyan:SuperSaiyanForm","Saiyan:DoubleMasenko"],"picked":"Saiyan:SolarFlare","floor":7.0},{"not_picked":["Saiyan:KameHameHa","Saiyan:ExpandingShockwave"],"picked":"Saiyan:Afterimage","floor":8.0},{"not_picked":["Saiyan:ExpandingShockwave","Saiyan:Afterimage"],"picked":"Saiyan:WarmUp","floor":12.0},{"not_picked":["Saiyan:WarmUp","Saiyan:BackAttack","Saiyan:Scouter"],"picked":"SKIP","floor":13.0},{"not_picked":["Saiyan:BackAttack","Saiyan:ExpandingShockwave"],"picked":"Saiyan:SpiritSword","floor":14.0},{"not_picked":["Saiyan:Rekindle","Saiyan:SuperSaiyanThree"],"picked":"Saiyan:SenzuBean","floor":16.0},{"not_picked":["Saiyan:ExtremeSpeed","Saiyan:SaiyanHubris"],"picked":"Saiyan:RemoveWeights+1","floor":18.0},{"not_picked":["Saiyan:ThirstForFight","Saiyan:WarmUp"],"picked":"Saiyan:PowerStance","floor":18.0}],"player_experience":292727,"relics_obtained":[{"floor":7.0,"key":"White Beast Statue"},{"floor":9.0,"key":"War Paint"},{"floor":14.0,"key":"Prayer Wheel"},{"floor":18.0,"key":"Ancient Tea Set"}],"event_choices":[{"damage_healed":0.0,"max_hp_gain":0.0,"max_hp_loss":0.0,"gold_gain":0.0,"event_name":"Shining Light","player_choice":"Entered Light","floor":2.0,"gold_loss":0.0,"damage_taken":12.0,"cards_upgraded":["Saiyan:EnergyBlast","Saiyan:SAIYA_Strike"]}],"is_beta":false,"boss_relics":[{"not_picked":["Snecko Eye","Philosopher\u0027s Stone"],"picked":"Black Star"}],"items_purged_floors":[10],"is_endless":false,"potions_floor_spawned":[5,8,12,13,14,16,18],"killed_by":"3 Byrds","ascension_level":0}}