{"host":"684z1xpuwaoqmmh1","time":1611387576,"event":{"mods":["BaseMod","Downfall","Hermit","Jorbs\u0027s Wanderer Trilogy","Marisa????????","Minty Spire (QoL Compilation)","Robot Space Explorer","Shade Mod","StSLib","The Bug Knight","The Cursed","The Dragon Tamer","The Hayseed","The Hierophant","The Marked","The Mystic","The Runesmith","The Senshi"],"gold_per_floor":[110,129,129,139,155,186,186,214,287,287,315,325,325,345,345,468,468,454,473,487,117,117,153,153,153,199,222,242,242,317,317,317,317,317],"floor_reached":33,"language":"ENG","playtime":1558,"items_purged":["TheSimpletonMod:Strike_TheSimpleton"],"score":399,"play_id":"e96b9c15-bf28-4a3b-aa75-4ad4b5cb86ad","local_time":"20210123093936","is_ascension_mode":true,"campfire_choices":[{"data":"1","floor":10.0,"key":"LIFT"},{"data":"2","floor":15.0,"key":"LIFT"},{"data":"3","floor":24.0,"key":"LIFT"},{"data":"TheSimpletonMod:LandGrant","floor":29.0,"key":"SMITH"},{"data":"TheSimpletonMod:Artichokes","floor":32,"key":"SMITH"}],"circlet_count":0,"master_deck":["TheSimpletonMod:Strike_TheSimpleton","TheSimpletonMod:Strike_TheSimpleton","TheSimpletonMod:Defend_TheSimpleton","TheSimpletonMod:Defend_TheSimpleton","TheSimpletonMod:Defend_TheSimpleton","TheSimpletonMod:Haymaker","TheSimpletonMod:ReapAndSow","TheSimpletonMod:RootDown","TheSimpletonMod:Sunseed","TheSimpletonMod:Strawberries+1","TheSimpletonMod:Swelter+1","TheSimpletonMod:BumperCrop","TheSimpletonMod:Artichokes+1","TheSimpletonMod:TakeHeart","TheSimpletonMod:StockTheCellar","TheSimpletonMod:LandGrant+1","TheSimpletonMod:SeedCoat","TheSimpletonMod:Aerate","TheSimpletonMod:OnionBloom","TheSimpletonMod:Sunchoke","TheSimpletonMod:Pruning","TheSimpletonMod:LandGrant+1","TheSimpletonMod:DesperatePlunge","TheSimpletonMod:FanTheFlames"],"relics":["TheSimpletonMod:SpudOfTheInnocent","TheSimpletonMod:NightSoil","TheSimpletonMod:TheHarvester","theSenshi:FeatherClipsRelic","Girya","Blue Candle","Happy Flower","Bloody Idol","Black Star","Frozen Egg 2","TheSimpletonMod:Moonshine","Bottled Lightning","Lantern","Mercury Hourglass","Juzu Bracelet"],"acts_visited":["Exordium","TheCity"],"potions_floor_usage":[30,30],"damage_taken":[{"damage":4.0,"enemies":"Jaw Worm","floor":1.0,"turns":5.0},{"damage":7.0,"enemies":"Small Slimes","floor":2.0,"turns":3.0},{"damage":6.0,"enemies":"Cultist","floor":4.0,"turns":5.0},{"damage":0.0,"enemies":"Large Slime","floor":5.0,"turns":4.0},{"damage":18.0,"enemies":"Gremlin Nob","floor":6.0,"turns":3.0},{"damage":10.0,"enemies":"Lagavulin","floor":8.0,"turns":7.0},{"damage":7.0,"enemies":"Gremlin Nob","floor":11.0,"turns":3.0},{"damage":1.0,"enemies":"Looter","floor":12.0,"turns":3.0},{"damage":1.0,"enemies":"Blue Slaver","floor":14.0,"turns":3.0},{"damage":29.0,"enemies":"Slime Boss","floor":16.0,"turns":10.0},{"damage":3.0,"enemies":"2 Thieves","floor":18.0,"turns":4.0},{"damage":24.0,"enemies":"Spheric Guardian","floor":19.0,"turns":7.0},{"damage":31.0,"enemies":"Snecko","floor":20.0,"turns":10.0},{"damage":29.0,"enemies":"Book of Stabbing","floor":23.0,"turns":6.0},{"damage":11.0,"enemies":"Snake Plant","floor":27.0,"turns":5.0},{"damage":28.0,"enemies":"3 Cultists","floor":28.0,"turns":7.0},{"damage":5,"enemies":"Slavers","floor":30,"turns":6},{"damage":83,"enemies":"Collector","floor":33,"turns":9}],"seed_played":"-6572169732163502233","potions_obtained":[{"floor":2.0,"key":"ColorlessPotion"},{"floor":5.0,"key":"PowerPotion"},{"floor":6.0,"key":"DuplicationPotion"},{"floor":12.0,"key":"bronze:BurnAndBuffPotion"},{"floor":20.0,"key":"sneckomod:MuddlingPotion"},{"floor":28.0,"key":"FearPotion"}],"is_trial":false,"path_per_floor":["M","M","?","M","M","E","?","E","T","R","E","M","?","M","R","B",null,"M","M","M","$","?","E","R","?","T","M","M","R","E","?","R","B"],"character_chosen":"THE_SIMPLETON","items_purchased":["Frozen Egg 2","TheSimpletonMod:Sunchoke"],"campfire_rested":0,"item_purchase_floors":[21,21],"current_hp_per_floor":[68,65,65,63,69,55,55,61,61,61,72,75,57,75,75,67,73,75,68,52,52,52,47,47,47,47,51,47,47,57,57,57,0,0],"gold":317,"neow_bonus":"REMOVE_CARD","is_daily":false,"chose_seed":false,"campfire_upgraded":2,"win_rate":0.0,"timestamp":1611387576,"path_taken":["M","M","?","M","M","E","?","E","T","R","E","M","?","M","R","BOSS","M","M","M","$","?","E","R","?","T","M","?","R","E","?","R","BOSS"],"items_purchased_type":["Relic","Card"],"build_version":"2020-12-22","purchased_purges":1,"victory":false,"max_hp_per_floor":[75,75,75,75,75,75,75,75,75,75,75,75,75,75,75,75,75,75,75,75,75,75,75,75,75,75,75,75,75,75,75,75,75,75],"card_choices":[{"not_picked":["TheSimpletonMod:SpiceUp","TheSimpletonMod:Mulch"],"picked":"TheSimpletonMod:RootDown","floor":1.0},{"not_picked":["TheSimpletonMod:SpiceUp","TheSimpletonMod:DoubleBarrel"],"picked":"TheSimpletonMod:Sunseed","floor":2.0},{"not_picked":["TheSimpletonMod:Ferment","TheSimpletonMod:Aerate"],"picked":"TheSimpletonMod:Swelter","floor":4.0},{"not_picked":["TheSimpletonMod:SlashAndBurn","TheSimpletonMod:Fertilaser"],"picked":"TheSimpletonMod:BumperCrop","floor":5.0},{"not_picked":["TheSimpletonMod:Fertilaser","TheSimpletonMod:ControlledBurn","TheSimpletonMod:Squash"],"picked":"SKIP","floor":6.0},{"not_picked":["TheSimpletonMod:Polyculture","TheSimpletonMod:Ferment","TheSimpletonMod:SpiceUp"],"picked":"SKIP","floor":8.0},{"not_picked":["TheSimpletonMod:SeedCoat","TheSimpletonMod:Germinate"],"picked":"TheSimpletonMod:Artichokes","floor":11.0},{"not_picked":["TheSimpletonMod:Swelter","TheSimpletonMod:Mulch"],"picked":"TheSimpletonMod:TakeHeart","floor":12.0},{"not_picked":["TheSimpletonMod:CullingStrike","TheSimpletonMod:Ferment"],"picked":"TheSimpletonMod:StockTheCellar","floor":14.0},{"not_picked":["TheSimpletonMod:Surplus","TheSimpletonMod:TakeHeart"],"picked":"TheSimpletonMod:LandGrant","floor":16.0},{"not_picked":["TheSimpletonMod:SpiceUp","TheSimpletonMod:SaladShooter+1"],"picked":"TheSimpletonMod:SeedCoat","floor":18.0},{"not_picked":["TheSimpletonMod:GoToMarket","TheSimpletonMod:SlashAndBurn"],"picked":"TheSimpletonMod:Aerate","floor":19.0},{"not_picked":["TheSimpletonMod:CloseScrape","TheSimpletonMod:Artichokes"],"picked":"TheSimpletonMod:OnionBloom","floor":20.0},{"not_picked":["TheSimpletonMod:Rototilling","TheSimpletonMod:BumperCrop"],"picked":"TheSimpletonMod:LandGrant+1","floor":23.0},{"not_picked":["TheSimpletonMod:CullingStrike","TheSimpletonMod:Ferment","TheSimpletonMod:BumperCrop"],"picked":"SKIP","floor":27.0},{"not_picked":["TheSimpletonMod:Mulch+1","TheSimpletonMod:Germinate"],"picked":"TheSimpletonMod:FanTheFlames","floor":28.0},{"not_picked":["TheSimpletonMod:Thresh","TheSimpletonMod:PestManagement","TheSimpletonMod:StockTheCellar+1"],"picked":"SKIP","floor":30}],"player_experience":2910297,"relics_obtained":[{"floor":6.0,"key":"theSenshi:FeatherClipsRelic"},{"floor":8.0,"key":"Girya"},{"floor":9.0,"key":"Blue Candle"},{"floor":11.0,"key":"Happy Flower"},{"floor":23.0,"key":"TheSimpletonMod:Moonshine"},{"floor":23.0,"key":"Bottled Lightning"},{"floor":26.0,"key":"Lantern"},{"floor":30,"key":"Mercury Hourglass"},{"floor":30,"key":"Juzu Bracelet"}],"event_choices":[{"damage_healed":0.0,"max_hp_gain":0.0,"max_hp_loss":0.0,"gold_gain":0.0,"event_name":"Living Wall","player_choice":"Grow","floor":7.0,"gold_loss":0.0,"damage_taken":0.0,"cards_upgraded":["TheSimpletonMod:Swelter"]},{"damage_healed":0.0,"max_hp_gain":0.0,"max_hp_loss":0.0,"gold_gain":0.0,"event_name":"Golden Idol","player_choice":"Take Damage","floor":13.0,"gold_loss":0.0,"damage_taken":18.0,"relics_obtained":["Golden Idol"]},{"damage_healed":0.0,"max_hp_gain":0.0,"max_hp_loss":0.0,"gold_gain":0.0,"event_name":"The Library","player_choice":"Read","floor":22.0,"gold_loss":0.0,"damage_taken":0.0,"cards_obtained":["TheSimpletonMod:Pruning"]},{"damage_healed":0.0,"max_hp_gain":0.0,"max_hp_loss":0.0,"gold_gain":0.0,"cards_transformed":["TheSimpletonMod:Defend_TheSimpleton"],"event_name":"Transmorgrifier","player_choice":"Transformed","floor":25.0,"gold_loss":0.0,"damage_taken":0.0,"cards_obtained":["TheSimpletonMod:DesperatePlunge"]},{"damage_healed":0,"gold_gain":0,"player_choice":"Gave Idol","damage_taken":0,"relics_obtained":["Bloody Idol"],"max_hp_gain":0,"max_hp_loss":0,"event_name":"Forgotten Altar","floor":31,"relics_lost":["Golden Idol"],"gold_loss":0}],"is_beta":false,"boss_relics":[{"not_picked":["TheSimpletonMod:OnionBelt","Sozu"],"picked":"Black Star"}],"items_purged_floors":[21],"is_endless":false,"potions_floor_spawned":[2,5,6,12,20,28],"killed_by":"Collector","ascension_level":6}}