{"host":"4amcrcg6ktw8dbzk","time":1611405031,"event":{"mods":["ATMod(°¢èªMod)","Act Like it!","BaseMod","Dota2Spire","Gensokyo","Hallownest","Minty Spire (QoL Compilation)","MostiFishMod","Spicy Shops","StSLib","Waifu the Spire"],"gold_per_floor":[213,138,138,156,156,184,184,201,227,245,16,44,57,137,137,137,137],"floor_reached":16,"language":"ZHS","playtime":790,"items_purged":["Strike_B"],"score":200,"play_id":"abd29fa2-3019-4908-aa13-6436b3139c11","local_time":"20210123203031","is_ascension_mode":true,"campfire_choices":[{"floor":7,"key":"REST"},{"data":"Defragment","floor":15,"key":"SMITH"}],"circlet_count":0,"master_deck":["AscendersBane","Strike_B","Strike_B","Strike_B","Defend_B","Defend_B","Defend_B","Defend_B","Dualcast","AT_ThreeBodyProblem","Cold Snap","Conserve Battery","Defragment+1","MostiFishMod:GatherIntelligence","Gensokyo:BlemishedSteel","MostiFishMod:GatherIntelligence","Core Surge"],"relics":["Cracked Core","DaveBox","AT_ATBox","EGODaCapo","SynthV:TestCard","Gensokyo:Justice","AT_ChloranthyRing","Dota2Spire:EchoSabre","MostiFishMod:AdaptiveDefenses","Gambling Chip"],"acts_visited":["Exordium"],"potions_floor_usage":[16],"damage_taken":[{"damage":15,"enemies":"Gensokyo:3_Fairies","floor":1,"turns":5},{"damage":4,"enemies":"Gensokyo:Gryphon","floor":4,"turns":4},{"damage":47,"enemies":"Gensokyo:Aya","floor":6,"turns":9},{"damage":1,"enemies":"Gensokyo:2_Kodama","floor":8,"turns":4},{"damage":0,"enemies":"Gensokyo:VengefulSpirit","floor":10,"turns":4},{"damage":6,"enemies":"Gensokyo:Cirno","floor":12,"turns":9},{"damage":0,"enemies":"Gensokyo:2_Rabbits","floor":13,"turns":5},{"damage":24,"enemies":"Gensokyo:Reimu","floor":16,"turns":10}],"seed_played":"300910942628564287","potions_obtained":[{"floor":10,"key":"Strength Potion"},{"floor":12,"key":"Swift Potion"}],"is_trial":false,"path_per_floor":["M","$","?","M","?","E","R","M","T","M","COS","E","M","?","R","B"],"character_chosen":"DEFECT","items_purchased":[],"campfire_rested":1,"item_purchase_floors":[],"current_hp_per_floor":[49,49,49,45,52,5,28,27,27,27,27,21,21,21,21,12,12],"gold":137,"neow_bonus":"HUNDRED_GOLD","is_daily":false,"chose_seed":false,"campfire_upgraded":1,"win_rate":0.0,"timestamp":1611405031,"path_taken":["M","$","?","M","?","E","R","M","T","?","COS","E","M","?","R","BOSS"],"items_purchased_type":[],"build_version":"2020-12-22","purchased_purges":1,"victory":false,"max_hp_per_floor":[71,71,71,71,78,78,78,78,78,78,78,78,78,78,78,78,78],"card_choices":[{"not_picked":["Go for the Eyes","AT_StudyProgram","BootSequence"],"picked":"SKIP","floor":1},{"not_picked":["Leap","Loop","Streamline","AT_HeatAcrobatics"],"picked":"Cold Snap","floor":4},{"not_picked":["Stack","Rebound","Beam Cell","Reprogram"],"picked":"Conserve Battery","floor":6},{"not_picked":["Leap","Double Energy","Consume","Rebound"],"picked":"Defragment","floor":8},{"not_picked":["MostiFishMod:Prepare","Hologram","FTL","Gash"],"picked":"MostiFishMod:GatherIntelligence","floor":10},{"not_picked":["AT_EMC2","Steam","Melter","MostiFishMod:PushDownKick"],"picked":"MostiFishMod:GatherIntelligence","floor":12},{"not_picked":["Storm","Hologram","Redo","Rip and Tear"],"picked":"Core Surge","floor":13}],"player_experience":374367,"relics_obtained":[{"floor":1,"key":"SynthV:TestCard"},{"floor":6,"key":"AT_ChloranthyRing"},{"floor":9,"key":"Dota2Spire:EchoSabre"},{"floor":12,"key":"Gambling Chip"}],"event_choices":[],"is_beta":false,"boss_relics":[],"items_purged_floors":[2],"is_endless":false,"potions_floor_spawned":[10,12],"killed_by":"Gensokyo:Reimu","ascension_level":20}}