{"host":"gg","time":1611387387,"event":{"mods":["BaseMod","Colored Map","Googly Eyes","Minty Spire (QoL Compilation)","Permanent Neow","Relic Stats","The IronCluck"],"gold_per_floor":[114,114,8,32,46,89,139,174,255,295,316,316,334,334,334,427,427,452,472,397,5,43,43,43],"floor_reached":23,"language":"ENG","playtime":1782,"items_purged":["Strike_B"],"score":418,"play_id":"768bd597-ad8d-4b51-b5f7-4896d1fe76ce","local_time":"20210122233627","is_ascension_mode":true,"campfire_choices":[{"floor":12.0,"key":"REST"},{"floor":15.0,"key":"REST"}],"circlet_count":0,"master_deck":["AscendersBane","Strike_B","Strike_B","Defend_B","Defend_B","Defend_B","Defend_B","Zap","Dualcast","Coolheaded","Streamline","FTL","Doom and Gloom","Compile Driver","Undo","Biased Cognition","Conserve Battery","Leap","Genetic Algorithm","Defragment","Cold Snap","Seek","Conserve Battery","BootSequence","PanicButton","Ball Lightning+1"],"relics":["Cracked Core","DataDisk","Golden Idol","StoneCalendar","Dream Catcher","Ornamental Fan","Boot","Runic Pyramid","Toolbox","Red Mask"],"acts_visited":["Exordium","TheCity"],"potions_floor_usage":[23],"damage_taken":[{"damage":0.0,"enemies":"Cultist","floor":1.0,"turns":2.0},{"damage":2.0,"enemies":"Jaw Worm","floor":4.0,"turns":3.0},{"damage":0.0,"enemies":"Small Slimes","floor":5.0,"turns":2.0},{"damage":20.0,"enemies":"Lagavulin","floor":6.0,"turns":7.0},{"damage":26.0,"enemies":"3 Sentries","floor":8.0,"turns":6.0},{"damage":5.0,"enemies":"Lagavulin","floor":10.0,"turns":5.0},{"damage":3.0,"enemies":"3 Louse","floor":11.0,"turns":3.0},{"damage":0.0,"enemies":"2 Fungi Beasts","floor":13.0,"turns":4.0},{"damage":21.0,"enemies":"Slime Boss","floor":16.0,"turns":7.0},{"damage":25.0,"enemies":"3 Byrds","floor":18.0,"turns":5.0},{"damage":1.0,"enemies":"Chosen","floor":19.0,"turns":7.0},{"damage":6.0,"enemies":"Masked Bandits","floor":22.0,"turns":4.0},{"damage":23,"enemies":"Slavers","floor":23,"turns":3}],"seed_played":"-2184998962722325411","potions_obtained":[{"floor":4.0,"key":"PowerPotion"},{"floor":5.0,"key":"PowerPotion"},{"floor":10.0,"key":"PotionOfCapacity"},{"floor":22.0,"key":"ColorlessPotion"}],"is_trial":false,"path_per_floor":["M","?","$","M","M","E","?","E","T","E","M","R","M","?","R","B",null,"M","M","?","$","?","E"],"character_chosen":"DEFECT","items_purchased":["Streamline","FTL","Toolbox","PanicButton","Block Potion"],"campfire_rested":2,"item_purchase_floors":[3,3,21,21,21],"current_hp_per_floor":[64,64,64,62,62,42,36,10,10,5,2,21,21,21,40,19,53,28,27,27,27,21,0,0],"gold":43,"neow_bonus":"RANDOM_COMMON_RELIC","is_daily":false,"chose_seed":false,"campfire_upgraded":0,"win_rate":0.0,"timestamp":1611387387,"path_taken":["M","?","$","M","M","E","?","E","T","E","M","R","?","?","R","BOSS","M","M","?","$","?","E"],"items_purchased_type":["Card","Card","Relic","Card","Potion"],"build_version":"2020-12-18","purchased_purges":1,"victory":false,"max_hp_per_floor":[71,64,64,64,64,64,64,64,64,64,64,64,64,64,64,64,64,64,64,64,64,64,64,64],"relic_stats":{"Dream Catcher":2,"counters":[13,58],"Golden Idol":76,"Ornamental Fan":[8],"StoneCalendar":[0],"Boot":[14],"obtain_stats":[{"DataDisk":0,"Dream Catcher":8,"Golden Idol":2,"Ornamental Fan":9,"Toolbox":21,"StoneCalendar":6,"Red Mask":22,"Cracked Core":0,"Boot":10,"Runic Pyramid":17},{"DataDisk":0,"Dream Catcher":5,"Golden Idol":1,"Ornamental Fan":5,"Toolbox":11,"StoneCalendar":4,"Red Mask":12,"Cracked Core":0,"Boot":6,"Runic Pyramid":9},{"DataDisk":0,"Dream Catcher":20,"Golden Idol":2,"Ornamental Fan":20,"Toolbox":51,"StoneCalendar":14,"Red Mask":55,"Cracked Core":0,"Boot":25,"Runic Pyramid":39}]},"card_choices":[{"not_picked":["Redo","Gash"],"picked":"Coolheaded","floor":1.0},{"not_picked":["Steam","Storm"],"picked":"Doom and Gloom","floor":4.0},{"not_picked":["Turbo","Barrage"],"picked":"Compile Driver","floor":5.0},{"not_picked":["Go for the Eyes","Darkness"],"picked":"Undo","floor":6.0},{"not_picked":["Amplify","Storm"],"picked":"Biased Cognition","floor":8.0},{"not_picked":["Steam","Force Field"],"picked":"Conserve Battery","floor":10.0},{"not_picked":["Stack","Turbo"],"picked":"Leap","floor":11.0},{"not_picked":["Rip and Tear","Barrage"],"picked":"Genetic Algorithm","floor":12.0},{"not_picked":["Stack","Tempest"],"picked":"Defragment","floor":13.0},{"not_picked":["Reinforced Body","Sunder"],"picked":"Cold Snap","floor":15.0},{"not_picked":["Fission","Biased Cognition"],"picked":"Seek","floor":16.0},{"not_picked":["Streamline","Doom and Gloom"],"picked":"Conserve Battery","floor":18.0},{"not_picked":["Redo","Steam"],"picked":"BootSequence","floor":19.0},{"not_picked":["Steam","Leap"],"picked":"Ball Lightning+1","floor":22.0}],"player_experience":1255539,"relics_obtained":[{"floor":6.0,"key":"StoneCalendar"},{"floor":8.0,"key":"Dream Catcher"},{"floor":9.0,"key":"Ornamental Fan"},{"floor":10.0,"key":"Boot"},{"floor":22.0,"key":"Red Mask"}],"event_choices":[{"damage_healed":0.0,"max_hp_gain":0.0,"max_hp_loss":7.0,"gold_gain":0.0,"event_name":"Golden Idol","player_choice":"Lose Max HP","floor":2.0,"gold_loss":0.0,"damage_taken":0.0,"relics_obtained":["Golden Idol"]},{"damage_healed":0.0,"max_hp_gain":0.0,"max_hp_loss":0.0,"gold_gain":50.0,"event_name":"FaceTrader","player_choice":"Touch","floor":7.0,"gold_loss":0.0,"damage_taken":6.0},{"damage_healed":0.0,"max_hp_gain":0.0,"max_hp_loss":0.0,"gold_gain":0.0,"event_name":"Liars Game","player_choice":"Ignored","floor":14.0,"gold_loss":0.0,"damage_taken":0.0},{"cards_removed":["Strike_B"],"damage_healed":0.0,"max_hp_gain":0.0,"max_hp_loss":0.0,"gold_gain":0.0,"event_name":"Beggar","player_choice":"Gave Gold","floor":20.0,"gold_loss":75.0,"damage_taken":0.0},{"damage_healed":0.0,"max_hp_gain":0.0,"max_hp_loss":0.0,"gold_gain":0.0,"event_name":"Masked Bandits","player_choice":"Fought Bandits","floor":22.0,"gold_loss":0.0,"damage_taken":0.0}],"is_beta":true,"boss_relics":[{"not_picked":["Snecko Eye","Ectoplasm"],"picked":"Runic Pyramid"}],"items_purged_floors":[21],"is_endless":false,"potions_floor_spawned":[4,5,10,22],"killed_by":"Slavers","ascension_level":20}}