{"host":"kg3sujd0l7l0va61","time":1611406236,"event":{"mods":["ATMod(阿瑾Mod)","AchievementEnabler","Arknights The Spire","Aspiration","BaseMod","BetterRewards","Challenge The Spire","Colored Powertips","Custom Start","Decade(王小明)","Displayed Cursed Tome","GifTheSpireLib","Hermit","Infinite Spire","KinomotoSakuraMod(木之本樱)","Koishi","KomeijiMod","Marisa（F雨　魔理沙）","Marked Mod","Minty Spire (QoL Compilation)","MostiFishMod","Prisma Mod","Quick Restart","Replay The Spire","RumiaBox-露米娅的神秘盒子","StSLib","The Jungle","Waifu the Spire"],"gold_per_floor":[117,192,192,205,205,337,350,376,376,376,387,415,430,275,275,370,370,430,432,432,432,447,447,461,486,555,555,587,587,184,211,211,308,308,327,343,343,354,811,845,845,874,897,912,937,951,951,951,951,977],"floor_reached":51,"language":"ZHS","playtime":2191,"items_purged":["Flying Knee"],"score":1453,"play_id":"eda15517-43eb-4b1e-b7ac-8712fb0a0016","local_time":"20210123205036","is_ascension_mode":true,"campfire_choices":[{"data":"MostiFishMod:LegendTransform","floor":10.0,"key":"SMITH"},{"data":"Adaptation","floor":15.0,"key":"SMITH"},{"floor":23.0,"key":"DIG"},{"floor":32.0,"key":"DIG"},{"floor":49,"key":"DIG"}],"circlet_count":0,"master_deck":["AT_FamilyPortrait","MostiFishMod:LegendTransform+1","Flash of Steel","CutThroughFate","FollowUp","MostiFishMod:PathToVictory+1","Replay:AtTheReady","Tantrum","DeusExMachina","Adaptation+1","Dagger Throw","FearNoEvil+1","Replay:Battleflow+1","MostiFishMod:StarOceanP","AT_RealColorLess","WheelKick","FlurryOfBlows","Fasting2+1","MarkedMod:NorthStar","MostiFishMod:ScryFuture","Judgement","DeusExMachina","MarkedMod:SlowDance","Replay:LoomingThreat","AT_RealColorLess","Omniscience","FollowUp","CarveReality","MostiFishMod:Unraveling","FollowUp"],"relics":["PureWater","AT_ATBox","DaveBox","PatriotShield","AT_Manta","infinitespire:ShieldingShard","aspiration:Nostalgia","Replay:M_SmolderingBlood","SynthV:TestCard","AT_SilvercatRing","infinitespire:Midas Blood","HoshigumaDish","Juzu Bracelet","ChiXiaoBlade","Shovel","Replay:Multitool","AT_BladeRuinedKing","infinitespire:CheckeredPen","DianDianMeat","Replay:Lucky Slots","AT_EbonyIvory","Ancient Tea Set","Chameleon Ring","Black Star","AT_TimeSand","SumBook","ReplayFunnel","MagicDraw1","Replay:Wax Seal","AT_ArchangelStaff","infinitespire:EmpoweringShard","Pear","HornCleat"],"acts_visited":["Exordium","Exordium","TheBeyond"],"potions_floor_usage":[],"damage_taken":[{"damage":0.0,"enemies":"Cultist","floor":1.0,"turns":1.0},{"damage":0.0,"enemies":"2 Louse","floor":4.0,"turns":1.0},{"damage":0.0,"enemies":"Lagavulin","floor":6.0,"turns":2.0},{"damage":0.0,"enemies":"Jaw Worm","floor":7.0,"turns":1.0},{"damage":0.0,"enemies":"3 Sentries","floor":8.0,"turns":1.0},{"damage":0.0,"enemies":"Blue Slaver","floor":11.0,"turns":2.0},{"damage":0.0,"enemies":"Replay:BlueRogue","floor":12.0,"turns":1.0},{"damage":0.0,"enemies":"Looter","floor":13.0,"turns":1.0},{"damage":0.0,"enemies":"Fading Forest","floor":16.0,"turns":3.0},{"damage":0.0,"enemies":"theJungle:Flameango_and_Byrd","floor":18.0,"turns":1.0},{"damage":0.0,"enemies":"theJungle:5_Spyders","floor":22.0,"turns":2.0},{"damage":0.0,"enemies":"theJungle:2_Flameangoes","floor":24.0,"turns":1.0},{"damage":0.0,"enemies":"theJungle:MamaSnecko","floor":25.0,"turns":1.0},{"damage":0.0,"enemies":"theJungle:Cassacara","floor":28.0,"turns":1.0},{"damage":0.0,"enemies":"theJungle:2_Phrogs","floor":31.0,"turns":2.0},{"damage":0.0,"enemies":"theJungle:TotemBoss","floor":33.0,"turns":2.0},{"damage":7.0,"enemies":"3 Shapes","floor":35.0,"turns":1.0},{"damage":0.0,"enemies":"Orb Walker","floor":36.0,"turns":1.0},{"damage":0.0,"enemies":"Spire Growth","floor":38.0,"turns":1.0},{"damage":0.0,"enemies":"R_Hoarder","floor":40.0,"turns":2.0},{"damage":0.0,"enemies":"Reptomancer","floor":42.0,"turns":1.0},{"damage":0.0,"enemies":"3 Darklings","floor":44.0,"turns":1.0},{"damage":0.0,"enemies":"R_Hoarder","floor":45.0,"turns":1.0},{"damage":0.0,"enemies":"Writhing Mass","floor":46.0,"turns":1.0},{"damage":13,"enemies":"infinitespire:MassOfShapes","floor":50,"turns":1}],"seed_played":"-4121103171093403656","potions_obtained":[{"floor":4.0,"key":"Venom Potion"},{"floor":7.0,"key":"DuplicationPotion"},{"floor":8.0,"key":"Cursed Concoction"},{"floor":37.0,"key":"LiquidMemories"},{"floor":37.0,"key":"DuplicationPotion"}],"is_trial":false,"path_per_floor":["M","?","?","M","?","E","M","E","T","R","M","E","M","$","R","B",null,"M","?","?","?","M","R","M","E","T","?","E","?","$","E","R","B",null,"M","M","?","M","?","E","?","E","T","M","E","M","?","AVR","R","B",null],"character_chosen":"WATCHER","items_purchased":["MostiFishMod:LegendTransform","AT_Manta","infinitespire:ShieldingShard","aspiration:Nostalgia","Flash of Steel","CutThroughFate","Juzu Bracelet","Replay:Lucky Slots","AT_EbonyIvory"],"campfire_rested":0,"item_purchase_floors":[0,0,0,0,0,0,14,30,30],"current_hp_per_floor":[40,29,22,22,46,46,46,46,46,46,46,46,46,46,46,46,72,72,44,54,54,54,54,54,54,54,68,68,68,68,69,69,71,89,85,89,89,94,94,184,184,184,184,199,215,232,232,242,242,229],"gold":977,"neow_bonus":"","is_daily":false,"chose_seed":false,"campfire_upgraded":2,"win_rate":0.0,"timestamp":1611406236,"path_taken":["M","?","?","M","?","E","M","E","T","R","M","E","M","?","R","BOSS","M","?","?","?","M","R","M","E","T","?","E","?","$","E","R","BOSS","M","M","?","M","?","E","?","E","T","M","E","M","?","AVR","R","BOSS"],"items_purchased_type":["Card","Relic","Relic","Relic","Card","Card","Relic","Relic","Relic"],"build_version":"2020-12-22","purchased_purges":1,"victory":true,"max_hp_per_floor":[72,72,72,72,72,72,72,72,72,72,72,72,72,72,72,72,72,72,72,72,72,72,72,72,72,72,86,86,86,86,87,87,89,89,92,96,96,101,101,191,191,191,191,206,222,239,239,249,249,249],"card_choices":[{"not_picked":["Protect","MentalFortress"],"picked":"FollowUp","floor":1.0},{"not_picked":["Halt","Wallop","Carnage","ClearTheMind"],"picked":"MostiFishMod:PathToVictory","floor":4.0},{"not_picked":["EmptyFist","Conclude","WreathOfFlame","ClearTheMind"],"picked":"Replay:AtTheReady","floor":6.0},{"not_picked":["FollowUp","ClearTheMind","CutThroughFate","PathToVictory"],"picked":"Tantrum","floor":7.0},{"not_picked":["EmptyBody","Clash","CarveReality","Replay:Battleflow"],"picked":"DeusExMachina","floor":8.0},{"not_picked":["SashWhip","EmptyFist","JustLucky","ThirdEye","MentalFortress"],"picked":"SKIP","floor":11.0},{"not_picked":["Swivel","CrushJoints","MostiFishMod:Clarity","BowlingBash","MarkedMod:SlowDance"],"picked":"SKIP","floor":12.0},{"not_picked":["FollowUp","Protect","Replay:Hum","EmptyFist"],"picked":"Adaptation","floor":13.0},{"not_picked":["Alpha","MostiFishMod:OutWit","Scrawl","Replay:LoomingThreat"],"picked":"Feed","floor":16.0},{"not_picked":["MostiFishMod:Nomercy","CutThroughFate","Replay:BluntJabs","MarkedMod:GentlePulse","Vengeance"],"picked":"SKIP","floor":18.0},{"not_picked":["Consecrate+1","Replay:ManipulateFuture+1","CrushJoints+1","Halt"],"picked":"FearNoEvil+1","floor":22.0},{"not_picked":["Replay:AtTheReady","Replay:Cycle+1","ClearTheMind+1","FollowUp+1","JustLucky+1"],"picked":"SKIP","floor":24.0},{"not_picked":["Replay:BluntJabs+1","MarkedMod:GentlePulse","FlyingSleeves+1","Wireheading+1"],"picked":"Replay:Battleflow+1","floor":25.0},{"not_picked":["MostiFishMod:Minus","Halt","WaveOfTheHand","PathToVictory","Perseverance+1"],"picked":"SKIP","floor":28.0},{"not_picked":["DeceiveReality","CrushJoints","MostiFishMod:PathToVictory","Evaluate"],"picked":"MostiFishMod:StarOceanP","floor":31.0},{"not_picked":["DeusExMachina","MostiFishMod:StarWish","Ragnarok","MostiFishMod:CyberBuddha"],"picked":"AT_RealColorLess","floor":33.0},{"not_picked":["FlurryOfBlows","FollowUp","AT_DivineConfetti","ReachHeaven"],"picked":"WheelKick","floor":35.0},{"not_picked":["Replay:ManipulateFuture","WheelKick","Halt+1","EmptyBody"],"picked":"FlurryOfBlows","floor":36.0},{"not_picked":["MarkedMod:Acupuncture+1","Prostrate+1","Wallop","MostiFishMod:Clarity+1"],"picked":"Fasting2+1","floor":38.0},{"not_picked":["MarkedMod:PinPointDefense+1","CutThroughFate+1","MarkedMod:GentlePulse+1","MostiFishMod:Speedup+1"],"picked":"FollowUp","floor":40.0},{"not_picked":["MarkedMod:NorthStar","MarkedMod:GentlePulse+1","Replay:Vibes","MostiFishMod:CyberBuddha","ReachHeaven+1"],"picked":"SKIP","floor":42.0},{"not_picked":["Consecrate+1","MostiFishMod:FlowState","ClearTheMind+1","Prostrate+1"],"picked":"CarveReality","floor":44.0},{"not_picked":["Replay:Anticipation","Protect+1","LikeWater+1","Replay:AtTheReady+1"],"picked":"MostiFishMod:Unraveling","floor":45.0},{"not_picked":["Crescendo+1","MarkedMod:FirstStrike+1","Replay:BluntJabs+1","FlyingSleeves+1"],"picked":"FollowUp","floor":46}],"player_experience":59976,"relics_obtained":[{"floor":1.0,"key":"SynthV:TestCard"},{"floor":6.0,"key":"AT_SilvercatRing"},{"floor":8.0,"key":"infinitespire:Midas Blood"},{"floor":12.0,"key":"HoshigumaDish"},{"floor":23.0,"key":"Replay:Multitool"},{"floor":25.0,"key":"AT_BladeRuinedKing"},{"floor":26.0,"key":"infinitespire:CheckeredPen"},{"floor":28.0,"key":"DianDianMeat"},{"floor":31.0,"key":"Ancient Tea Set"},{"floor":32.0,"key":"Chameleon Ring"},{"floor":40.0,"key":"AT_TimeSand"},{"floor":40.0,"key":"SumBook"},{"floor":42.0,"key":"ReplayFunnel"},{"floor":42.0,"key":"MagicDraw1"},{"floor":43.0,"key":"Replay:Wax Seal"},{"floor":45.0,"key":"AT_ArchangelStaff"},{"floor":45.0,"key":"infinitespire:EmpoweringShard"},{"floor":49,"key":"HornCleat"}],"event_choices":[{"damage_healed":0.0,"max_hp_gain":0.0,"max_hp_loss":0.0,"gold_gain":75.0,"event_name":"World of Goop","player_choice":"Gather Gold","floor":2.0,"gold_loss":0.0,"damage_taken":11.0},{"cards_removed":["Defend_P"],"damage_healed":0.0,"max_hp_gain":0.0,"max_hp_loss":0.0,"gold_gain":0.0,"event_name":"Golden Wing","player_choice":"Card Removal","floor":3.0,"gold_loss":0.0,"damage_taken":7.0},{"damage_healed":24.0,"max_hp_gain":0.0,"max_hp_loss":0.0,"gold_gain":0.0,"event_name":"Big Fish","player_choice":"Banana","floor":5.0,"gold_loss":0.0,"damage_taken":0.0},{"damage_healed":0.0,"max_hp_gain":0.0,"max_hp_loss":0.0,"gold_gain":0.0,"event_name":"Lab","player_choice":"Got Potions","floor":37.0,"gold_loss":0.0,"damage_taken":0.0},{"damage_healed":0,"gold_gain":0,"player_choice":"Ignored","damage_taken":0,"max_hp_gain":0,"max_hp_loss":0,"event_name":"Tomb of Lord Red Mask","floor":47,"gold_loss":0}],"is_beta":false,"boss_relics":[{"not_picked":["SoulBox","Replay:Drink Me"],"picked":"ChiXiaoBlade"},{"not_picked":["Replay:Fungal Core","HereWithMe"],"picked":"Black Star"}],"items_purged_floors":[30],"is_endless":false,"potions_floor_spawned":[4,7,8,12,13,25,28,33,36,38,42],"ascension_level":3}}