{"host":"bxn2em57qlx5u4i0","time":1611363964,"event":{"mods":["BaseMod","Colored Map","Colored Powertips","Highlight Path","Minty Spire (QoL Compilation)","Random Character Button","Relic Sorter","Relic Stats","StSLib","SuperFastMode"],"gold_per_floor":[113,133,133,133,146,146,177,177,177,177,190,215,1,26,26,103,103,117,42,56,70,82,114,114,114,114,132,132,159,172,191,191,266,266,285,285,285,305,32,59,78,108,108,108,125,142,173,191,191,191,191,191,191,13,13,13],"floor_reached":55,"language":"ENG","playtime":2774,"items_purged":["Strike_G","Strike_G","Strike_G+1"],"score":2188,"play_id":"4d01e73a-45bf-49e4-ad15-c6213d3b2ff3","local_time":"20210122200604","is_ascension_mode":true,"campfire_choices":[{"data":"Bouncing Flask","floor":6.0,"key":"SMITH"},{"data":"Deadly Poison","floor":8.0,"key":"SMITH"},{"data":"Neutralize","floor":10.0,"key":"SMITH"},{"floor":15.0,"key":"REST"},{"data":"Burst","floor":24.0,"key":"SMITH"},{"data":"Ghostly","floor":28.0,"key":"SMITH"},{"data":"Reflex","floor":32.0,"key":"SMITH"},{"floor":49.0,"key":"RECALL"},{"data":"Ghostly","floor":53.0,"key":"SMITH"}],"circlet_count":0,"master_deck":["AscendersBane","Strike_G+1","Defend_G","Defend_G","Defend_G","Defend_G+1","Defend_G","Survivor","Neutralize+1","Predator+1","Bouncing Flask+1","Deadly Poison+1","Well Laid Plans","Burst+1","Bullet Time+1","Footwork+1","Calculated Gamble+1","Crippling Poison","Corpse Explosion","Ghostly+1","Ghostly","Ghostly+1","Backflip","Tools of the Trade","Reflex+1","Acrobatics","Doppelganger","Bandage Up","Acrobatics","Tactician","Noxious Fumes","PiercingWail","Backflip+1","Tactician+1"],"relics":["Ring of the Snake","NeowsBlessing","WarpedTongs","TungstenRod","Potion Belt","Medical Kit","Whetstone","Empty Cage","War Paint","CaptainsWheel","Kunai","Cursed Key","PreservedInsect","Bag of Marbles","Toy Ornithopter","Blood Vial"],"acts_visited":["Exordium","TheCity","TheBeyond","TheEnding"],"potions_floor_usage":[],"damage_taken":[{"damage":0.0,"enemies":"Jaw Worm","floor":1.0,"turns":1.0},{"damage":0.0,"enemies":"2 Louse","floor":2.0,"turns":1.0},{"damage":0.0,"enemies":"Cultist","floor":5.0,"turns":2.0},{"damage":17.0,"enemies":"Lagavulin","floor":7.0,"turns":6.0},{"damage":3.0,"enemies":"Large Slime","floor":11.0,"turns":5.0},{"damage":25.0,"enemies":"Gremlin Nob","floor":12.0,"turns":4.0},{"damage":3.0,"enemies":"Lagavulin","floor":14.0,"turns":4.0},{"damage":2.0,"enemies":"The Guardian","floor":16.0,"turns":8.0},{"damage":10.0,"enemies":"Shell Parasite","floor":18.0,"turns":4.0},{"damage":0.0,"enemies":"Chosen","floor":20.0,"turns":4.0},{"damage":1.0,"enemies":"Centurion and Healer","floor":21.0,"turns":7.0},{"damage":0.0,"enemies":"Snecko","floor":22.0,"turns":6.0},{"damage":13.0,"enemies":"Book of Stabbing","floor":23.0,"turns":6.0},{"damage":3.0,"enemies":"Cultist and Chosen","floor":27.0,"turns":3.0},{"damage":2.0,"enemies":"Gremlin Leader","floor":29.0,"turns":7.0},{"damage":0.0,"enemies":"Snake Plant","floor":30.0,"turns":3.0},{"damage":5.0,"enemies":"3 Cultists","floor":31.0,"turns":5.0},{"damage":2.0,"enemies":"Collector","floor":33.0,"turns":9.0},{"damage":0.0,"enemies":"3 Darklings","floor":35.0,"turns":5.0},{"damage":0.0,"enemies":"Orb Walker","floor":38.0,"turns":5.0},{"damage":0.0,"enemies":"Nemesis","floor":40.0,"turns":5.0},{"damage":0.0,"enemies":"Jaw Worm Horde","floor":41.0,"turns":4.0},{"damage":0.0,"enemies":"Giant Head","floor":42.0,"turns":8.0},{"damage":14.0,"enemies":"Writhing Mass","floor":45.0,"turns":7.0},{"damage":0.0,"enemies":"3 Darklings","floor":46.0,"turns":5.0},{"damage":6.0,"enemies":"Reptomancer","floor":47.0,"turns":7.0},{"damage":0.0,"enemies":"Sphere and 2 Shapes","floor":48.0,"turns":3.0},{"damage":0.0,"enemies":"Awakened One","floor":50.0,"turns":17.0},{"damage":5.0,"enemies":"Donu and Deca","floor":51.0,"turns":7.0},{"damage":36,"enemies":"Shield and Spear","floor":55,"turns":2}],"seed_played":"-9103041777043711787","potions_obtained":[{"floor":1.0,"key":"Block Potion"},{"floor":5.0,"key":"LiquidMemories"},{"floor":7.0,"key":"Fire Potion"},{"floor":14.0,"key":"Dexterity Potion"},{"floor":18.0,"key":"PowerPotion"},{"floor":20.0,"key":"SkillPotion"},{"floor":23.0,"key":"Dexterity Potion"},{"floor":27.0,"key":"ColorlessPotion"},{"floor":30.0,"key":"SkillPotion"},{"floor":35.0,"key":"ColorlessPotion"},{"floor":41.0,"key":"Weak Potion"},{"floor":42.0,"key":"PowerPotion"},{"floor":46.0,"key":"Dexterity Potion"},{"floor":47.0,"key":"SteroidPotion"},{"floor":48.0,"key":"Regen Potion"}],"is_trial":false,"path_per_floor":["M","M","?","?","M","R","E","R","T","R","M","E","$","E","R","B",null,"M","$","M","M","M","E","R","?","T","M","R","E","M","M","R","B",null,"M","?","?","M","$","E","M","E","T","$","M","M","E","M","R","B","B",null,"R","$","E"],"character_chosen":"THE_SILENT","items_purchased":["Medical Kit","Block Potion","PreservedInsect","PowerPotion"],"campfire_rested":1,"item_purchase_floors":[13,13,39,54],"current_hp_per_floor":[59,59,59,59,59,59,42,42,42,42,39,14,14,11,30,28,57,47,47,47,46,46,33,33,33,33,30,30,28,28,23,23,21,30,30,21,21,25,25,29,33,33,33,33,30,33,31,33,33,33,33,33,33,33,0,0],"gold":13,"neow_bonus":"THREE_ENEMY_KILL","is_daily":false,"chose_seed":false,"campfire_upgraded":7,"win_rate":0.0,"timestamp":1611363964,"path_taken":["M","M","?","?","M","R","E","R","T","R","M","E","$","E","R","BOSS","M","$","M","M","?","E","R","?","T","M","R","E","M","M","R","BOSS","M","?","?","M","$","E","M","E","T","$","?","M","E","?","R","BOSS","BOSS","R","$","E"],"items_purchased_type":["Relic","Potion","Relic","Potion"],"build_version":"2020-12-22","purchased_purges":3,"victory":false,"max_hp_per_floor":[66,66,66,66,66,66,66,66,66,66,66,66,66,66,66,66,66,66,66,66,66,66,66,66,33,33,33,33,33,33,33,33,33,33,33,33,33,33,33,33,33,33,33,33,33,33,33,33,33,33,33,33,33,33,33,33],"relic_stats":{"counters":[30,160],"PreservedInsect":317,"Whetstone":["Strike_G","Strike_G"],"War Paint":["Bullet Time","Defend_G"],"Medical Kit":[22],"Cursed Key":0,"WarpedTongs":[150],"Blood Vial":2,"Kunai":[12],"obtain_stats":[{"Potion Belt":12,"NeowsBlessing":0,"PreservedInsect":39,"Whetstone":14,"War Paint":23,"Medical Kit":13,"Empty Cage":17,"Cursed Key":34,"WarpedTongs":4,"Blood Vial":47,"CaptainsWheel":26,"Bag of Marbles":40,"Kunai":29,"TungstenRod":7,"Toy Ornithopter":42,"Ring of the Snake":0},{"Potion Belt":6,"NeowsBlessing":0,"PreservedInsect":20,"Whetstone":7,"War Paint":13,"Medical Kit":6,"Empty Cage":8,"Cursed Key":18,"WarpedTongs":2,"Blood Vial":26,"CaptainsWheel":13,"Bag of Marbles":21,"Kunai":15,"TungstenRod":4,"Toy Ornithopter":23,"Ring of the Snake":0},{"Potion Belt":19,"NeowsBlessing":0,"PreservedInsect":95,"Whetstone":23,"War Paint":58,"Medical Kit":19,"Empty Cage":31,"Cursed Key":85,"WarpedTongs":2,"Blood Vial":131,"CaptainsWheel":58,"Bag of Marbles":100,"Kunai":68,"TungstenRod":10,"Toy Ornithopter":112,"Ring of the Snake":0}],"TungstenRod":77,"Toy Ornithopter":5,"Ring of the Snake":[60]},"card_choices":[{"not_picked":["Caltrops","Masterful Stab"],"picked":"Predator","floor":1.0},{"not_picked":["Backflip","Quick Slash"],"picked":"Bouncing Flask","floor":2.0},{"not_picked":["Underhanded Strike","Eviscerate","Sucker Punch"],"picked":"SKIP","floor":5.0},{"not_picked":["Blur","Heel Hook"],"picked":"Deadly Poison","floor":7.0},{"not_picked":["Dodge and Roll","Slice"],"picked":"Well Laid Plans","floor":11.0},{"not_picked":["Deflect","Bane"],"picked":"Burst","floor":12.0},{"not_picked":["Accuracy","Envenom","Slice"],"picked":"SKIP","floor":14.0},{"not_picked":["Die Die Die","Phantasmal Killer"],"picked":"Bullet Time","floor":16.0},{"not_picked":["Infinite Blades","Poisoned Stab+1","Slice"],"picked":"SKIP","floor":18.0},{"not_picked":["Accuracy","Deflect+1"],"picked":"Footwork+1","floor":20.0},{"not_picked":["Poisoned Stab","Tactician"],"picked":"Calculated Gamble+1","floor":21.0},{"not_picked":["Escape Plan","Bouncing Flask"],"picked":"Crippling Poison","floor":22.0},{"not_picked":["Expertise","Underhanded Strike"],"picked":"Corpse Explosion","floor":23.0},{"not_picked":["Quick Slash","Underhanded Strike"],"picked":"Backflip","floor":27.0},{"not_picked":["Deadly Poison","Dash"],"picked":"Tools of the Trade","floor":29.0},{"not_picked":["Crippling Poison+1","Prepared"],"picked":"Reflex","floor":30.0},{"not_picked":["Deflect+1","Quick Slash"],"picked":"Acrobatics","floor":31.0},{"not_picked":["Die Die Die","Grand Finale"],"picked":"Doppelganger","floor":33.0},{"not_picked":["Riddle With Holes+1","Slice","Skewer"],"picked":"SKIP","floor":35.0},{"not_picked":["Blind","Trip"],"picked":"Bandage Up","floor":36.0},{"not_picked":["Flying Knee","Deflect+1"],"picked":"Acrobatics","floor":38.0},{"not_picked":["Predator","Footwork"],"picked":"Tactician","floor":40.0},{"not_picked":["Dodge and Roll","Prepared+1"],"picked":"Noxious Fumes","floor":41.0},{"not_picked":["Die Die Die","Choke"],"picked":"PiercingWail","floor":42.0},{"not_picked":["Dodge and Roll","All Out Attack","Outmaneuver"],"picked":"SKIP","floor":45.0},{"not_picked":["Infinite Blades","Sucker Punch","Bane"],"picked":"SKIP","floor":46.0},{"not_picked":["Quick Slash","Terror"],"picked":"Backflip+1","floor":47.0},{"not_picked":["Escape Plan","Cloak And Dagger"],"picked":"Tactician+1","floor":48.0}],"player_experience":2904672,"relics_obtained":[{"floor":7.0,"key":"TungstenRod"},{"floor":12.0,"key":"Potion Belt"},{"floor":14.0,"key":"Whetstone"},{"floor":23.0,"key":"War Paint"},{"floor":26.0,"key":"CaptainsWheel"},{"floor":29.0,"key":"Kunai"},{"floor":40.0,"key":"Bag of Marbles"},{"floor":42.0,"key":"Toy Ornithopter"},{"floor":47.0,"key":"Blood Vial"}],"event_choices":[{"damage_healed":0.0,"max_hp_gain":0.0,"max_hp_loss":0.0,"gold_gain":0.0,"event_name":"Living Wall","player_choice":"Grow","floor":3.0,"gold_loss":0.0,"damage_taken":0.0,"cards_upgraded":["Predator"]},{"damage_healed":0.0,"max_hp_gain":0.0,"max_hp_loss":0.0,"gold_gain":0.0,"event_name":"Accursed Blacksmith","player_choice":"Rummage","floor":4.0,"gold_loss":0.0,"damage_taken":0.0,"relics_obtained":["WarpedTongs"],"cards_obtained":["Pain"]},{"damage_healed":0.0,"max_hp_gain":0.0,"max_hp_loss":33.0,"gold_gain":0.0,"event_name":"Ghosts","player_choice":"Became a Ghost","floor":25.0,"gold_loss":0.0,"damage_taken":0.0,"cards_obtained":["Ghostly","Ghostly","Ghostly"]},{"damage_healed":0.0,"max_hp_gain":0.0,"max_hp_loss":0.0,"gold_gain":0.0,"event_name":"SensoryStone","player_choice":"Memory 3","floor":36.0,"gold_loss":0.0,"damage_taken":10.0},{"damage_healed":0.0,"max_hp_gain":0.0,"max_hp_loss":0.0,"gold_gain":0.0,"event_name":"SecretPortal","player_choice":"Ignored","floor":37.0,"gold_loss":0.0,"damage_taken":0.0}],"is_beta":false,"boss_relics":[{"not_picked":["HoveringKite","Coffee Dripper"],"picked":"Empty Cage"},{"not_picked":["WristBlade","Pandora\u0027s Box"],"picked":"Cursed Key"}],"items_purged_floors":[19,39,54],"is_endless":false,"potions_floor_spawned":[1,5,7,14,18,20,23,27,30,35,41,42,46,47,48],"killed_by":"Shield and Spear","ascension_level":20}}