{"host":"x3qmax6e7jj3tga5","time":1611416735,"event":{"mods":["BaseMod","Custom Start","Minty Spire (QoL Compilation)","StSLib"],"gold_per_floor":[117,117,117,129,139,164,177,193,217,217,217,217,247,263,263,358,358,371,385,397,299,318,344,358,358,358,358,368,398,398,426,426,530,530,549,549,561,577,577,608,623,642,669,239,250,262,277,302,302,302],"floor_reached":51,"language":"ENG","playtime":3281,"items_purged":[],"score":1160,"play_id":"21dcacb8-ae62-42a4-acaa-5421b4a1c51a","local_time":"20210123094535","is_ascension_mode":false,"campfire_choices":[{"floor":10,"key":"REST"},{"floor":12,"key":"REST"},{"floor":15,"key":"REST"},{"floor":27,"key":"REST"},{"floor":30,"key":"REST"},{"floor":32,"key":"REST"},{"floor":49,"key":"REST"}],"circlet_count":0,"master_deck":["Panacea+1","Glacier+1","Seek+1","Defragment+1","Machine Learning+1","Sweeping Beam+1","Cold Snap+1","Reinforced Body+1","Conserve Battery+1","Coolheaded+1","Capacitor+1","Electrodynamics+1","Biased Cognition+1","Core Surge+1","Ball Lightning+1","FTL+1","Coolheaded+1","Coolheaded+1","Recycle+1","Fission+1","Darkness+1","Heatsinks+1","Amplify+1","Loop+1","Hologram+1","FTL+1","Turbo+1","Recycle+1","Blizzard+1","Defragment+1","Capacitor+1","FTL+1"],"relics":["Cracked Core","Fusion Hammer","Frozen Egg 2","Molten Egg 2","Toxic Egg 2","Runic Capacitor","Ice Cream","Akabeko","Toy Ornithopter","Oddly Smooth Stone","Busted Crown","Omamori","Bottled Tornado","Bottled Lightning","The Courier","Whetstone","Runic Pyramid","CaptainsWheel","Regal Pillow","TungstenRod","Calipers","Pen Nib"],"acts_visited":["Exordium","TheCity","TheBeyond"],"potions_floor_usage":[46],"damage_taken":[{"damage":0,"enemies":"Small Slimes","floor":1,"turns":1},{"damage":0,"enemies":"2 Louse","floor":4,"turns":2},{"damage":0,"enemies":"Cultist","floor":5,"turns":2},{"damage":0,"enemies":"Gremlin Nob","floor":6,"turns":2},{"damage":5,"enemies":"Exordium Thugs","floor":7,"turns":2},{"damage":0,"enemies":"Large Slime","floor":8,"turns":2},{"damage":0,"enemies":"Lagavulin","floor":13,"turns":4},{"damage":0,"enemies":"2 Fungi Beasts","floor":14,"turns":2},{"damage":0,"enemies":"The Guardian","floor":16,"turns":7},{"damage":0,"enemies":"2 Thieves","floor":18,"turns":2},{"damage":0,"enemies":"Spheric Guardian","floor":19,"turns":3},{"damage":0,"enemies":"Shelled Parasite and Fungi","floor":20,"turns":2},{"damage":10,"enemies":"Cultist and Chosen","floor":22,"turns":3},{"damage":0,"enemies":"Book of Stabbing","floor":23,"turns":3},{"damage":0,"enemies":"Snake Plant","floor":24,"turns":3},{"damage":18,"enemies":"Shelled Parasite and Fungi","floor":28,"turns":2},{"damage":0,"enemies":"Slavers","floor":29,"turns":1},{"damage":12,"enemies":"Book of Stabbing","floor":31,"turns":3},{"damage":0,"enemies":"Collector","floor":33,"turns":4},{"damage":0,"enemies":"3 Darklings","floor":35,"turns":4},{"damage":0,"enemies":"Orb Walker","floor":37,"turns":2},{"damage":0,"enemies":"Maw","floor":38,"turns":3},{"damage":0,"enemies":"Giant Head","floor":40,"turns":5},{"damage":0,"enemies":"Jaw Worm Horde","floor":41,"turns":3},{"damage":5,"enemies":"Spire Growth","floor":42,"turns":3},{"damage":0,"enemies":"Transient","floor":45,"turns":5},{"damage":35,"enemies":"Jaw Worm Horde","floor":46,"turns":2},{"damage":0,"enemies":"Sphere and 2 Shapes","floor":47,"turns":3},{"damage":0,"enemies":"Nemesis","floor":48,"turns":3},{"damage":0,"enemies":"Time Eater","floor":50,"turns":8}],"seed_played":"-6743567516081404986","potions_obtained":[{"floor":1,"key":"FocusPotion"},{"floor":5,"key":"Explosive Potion"},{"floor":8,"key":"FairyPotion"},{"floor":22,"key":"EntropicBrew"},{"floor":46,"key":"FocusPotion"}],"is_trial":true,"path_per_floor":["M","?","?","M","M","E","M","M","T","R","?","R","E","M","R","B",null,"M","M","M","$","M","E","M","?","T","R","M","E","R","E","R","B",null,"M","?","M","M","?","E","M","M","T","$","M","M","M","E","R","B",null],"character_chosen":"DEFECT","items_purchased":["Loop+1","Hologram+1","Blizzard+1","Defragment+1","Capacitor+1","TungstenRod"],"campfire_rested":7,"item_purchase_floors":[21,21,44,44,44,44],"current_hp_per_floor":[75,75,80,80,80,80,75,75,75,80,80,80,80,80,80,80,80,80,80,80,80,70,70,70,70,70,80,62,62,80,68,80,80,80,80,76,76,76,73,73,73,68,68,68,68,38,38,38,75,75],"gold":302,"neow_bonus":"","is_daily":false,"chose_seed":false,"campfire_upgraded":0,"win_rate":0.0,"timestamp":1611416735,"path_taken":["M","?","?","M","M","E","M","M","T","R","?","R","E","M","R","BOSS","M","M","M","$","?","E","M","?","T","R","M","E","R","E","R","BOSS","M","?","M","M","?","E","M","M","T","$","?","M","M","E","R","BOSS"],"items_purchased_type":["Card","Card","Card","Card","Card","Relic"],"build_version":"2020-12-22","purchased_purges":0,"victory":true,"max_hp_per_floor":[75,75,80,80,80,80,80,80,80,80,80,80,80,80,80,80,80,80,80,80,80,80,80,80,80,80,80,80,80,80,80,80,80,80,80,76,76,76,76,76,76,76,76,76,76,76,76,76,76,76],"card_choices":[{"not_picked":["Reinforced Body+1","White Noise+1"],"picked":"Doom and Gloom+1","floor":1},{"not_picked":["White Noise+1","Aggregate+1"],"picked":"Coolheaded+1","floor":4},{"not_picked":["Fusion+1","Turbo+1"],"picked":"Coolheaded+1","floor":5},{"not_picked":["Go for the Eyes+1","Streamline+1"],"picked":"Recycle+1","floor":6},{"not_picked":["Cold Snap+1","Sweeping Beam+1"],"picked":"Fission+1","floor":7},{"not_picked":["Turbo+1","Hello World+1"],"picked":"Darkness+1","floor":8},{"not_picked":["Redo+1","Conserve Battery+1"],"picked":"Heatsinks+1","floor":13},{"not_picked":["Coolheaded+1","Gash+1","Steam+1"],"picked":"SKIP","floor":14},{"not_picked":["Thunder Strike+1","Machine Learning+1"],"picked":"Amplify+1","floor":16},{"not_picked":["Melter+1"],"picked":"SKIP","floor":18},{"not_picked":["Scrape+1"],"picked":"SKIP","floor":19},{"not_picked":["Redo+1"],"picked":"SKIP","floor":20},{"not_picked":["Sunder+1"],"picked":"SKIP","floor":22},{"not_picked":["Sunder+1"],"picked":"SKIP","floor":23},{"not_picked":["White Noise+1"],"picked":"SKIP","floor":24},{"not_picked":["Beam Cell+1"],"picked":"SKIP","floor":28},{"not_picked":["Redo+1"],"picked":"SKIP","floor":29},{"not_picked":["Leap+1"],"picked":"SKIP","floor":31},{"not_picked":["Cold Snap+1"],"picked":"SKIP","floor":35},{"not_picked":["Leap+1"],"picked":"SKIP","floor":37},{"not_picked":["Storm+1"],"picked":"SKIP","floor":38},{"not_picked":[],"picked":"Turbo+1","floor":40},{"not_picked":["Steam Power+1"],"picked":"SKIP","floor":41},{"not_picked":[],"picked":"Recycle+1","floor":42},{"not_picked":["Consume+1"],"picked":"SKIP","floor":45},{"not_picked":["Cold Snap+1"],"picked":"SKIP","floor":46},{"not_picked":["Rebound+1"],"picked":"SKIP","floor":47},{"not_picked":[],"picked":"FTL+1","floor":48}],"player_experience":336331,"relics_obtained":[{"floor":6,"key":"Akabeko"},{"floor":9,"key":"Toy Ornithopter"},{"floor":13,"key":"Oddly Smooth Stone"},{"floor":23,"key":"Omamori"},{"floor":26,"key":"Bottled Tornado"},{"floor":29,"key":"The Courier"},{"floor":31,"key":"Whetstone"},{"floor":40,"key":"CaptainsWheel"},{"floor":43,"key":"Regal Pillow"},{"floor":48,"key":"Pen Nib"}],"event_choices":[{"cards_removed":["Doom and Gloom"],"damage_healed":0,"gold_gain":0,"player_choice":"Forget","damage_taken":0,"max_hp_gain":0,"max_hp_loss":0,"event_name":"Living Wall","floor":2,"gold_loss":0},{"damage_healed":0,"gold_gain":0,"player_choice":"Donut","damage_taken":0,"max_hp_gain":5,"max_hp_loss":0,"event_name":"Big Fish","floor":3,"gold_loss":0},{"damage_healed":0,"gold_gain":0,"player_choice":"Ignored","damage_taken":0,"max_hp_gain":0,"max_hp_loss":0,"event_name":"Upgrade Shrine","floor":11,"gold_loss":0},{"damage_healed":0,"gold_gain":0,"player_choice":"Read","damage_taken":0,"max_hp_gain":0,"max_hp_loss":0,"event_name":"The Library","floor":25,"gold_loss":0,"cards_obtained":["FTL"]},{"damage_healed":0,"gold_gain":0,"player_choice":"Max HP","damage_taken":0,"max_hp_gain":0,"max_hp_loss":4,"event_name":"Winding Halls","floor":36,"gold_loss":0},{"damage_healed":0,"gold_gain":0,"player_choice":"Punched","damage_taken":3,"max_hp_gain":0,"max_hp_loss":0,"event_name":"Designer","floor":39,"gold_loss":0}],"is_beta":false,"boss_relics":[{"not_picked":["Inserter","Philosopher\u0027s Stone"],"picked":"Busted Crown"},{"not_picked":["Pandora\u0027s Box","SlaversCollar"],"picked":"Runic Pyramid"}],"items_purged_floors":[],"is_endless":false,"potions_floor_spawned":[1,5,8,16,18,22,24,28,31,33,38,40,46,47,48],"ascension_level":0}}