{"host":"m3rs92yjkwi06hli","time":1611429989,"event":{"mods":["Act Like it!","Aspiration","BaseMod","Colored Map","Conspire","Defuse TimeMaze Blight","Downfall","Energized Spire","Hubris","Infinite Spire","Minty Spire (QoL Compilation)","Relic Stats","Spicy Shops","StSLib"],"gold_per_floor":[99,99,99,118,268,302,302,302,56,56,41,60,45,58,68,166,166,166,181,66,66,351,371,371,406,417,417,417,443,463,482,494,593,593,493,504,504,604,620,920,920,952,952,952,966,966,666,666,681,681],"floor_reached":51,"language":"ENG","playtime":2922,"items_purged":["downfall:Icky","Pain"],"score":750,"play_id":"119c82dc-96b0-471c-97cc-19ec44e2630e","local_time":"20210123132629","is_ascension_mode":true,"campfire_choices":[{"data":"bronze:SpaghettiCode","floor":1.0,"key":"SMITH"},{"floor":8.0,"key":"REST"},{"data":"bronze:Spike","floor":10.0,"key":"SMITH"},{"floor":18.0,"key":"RECALL"},{"floor":28.0,"key":"REST"},{"data":"bronze:Library","floor":35,"key":"SMITH"},{"data":"bronze:SpaghettiCode","floor":40,"key":"SMITH"}],"circlet_count":0,"master_deck":["bronze:Strike+1","bronze:Strike","bronze:Defend","bronze:Defend","bronze:Defend","bronze:Defend","bronze:Replicate","bronze:Goto","bronze:SpaghettiCode+1","bronze:Spike+1","bronze:Iterate","bronze:ChosenStrike","bronze:Optimize","bronze:Iterate+1","bronze:GetLatest","bronze:Verify","bronze:FineTuning","bronze:HardenedForm+1","bronze:Library+1","bronze:CutThrough","bronze:Fortify+1","bronze:Repair","bronze:Separator","bronze:SpaghettiCode+1","bronze:Iterate+1","bronze:Repair","bronze:ThunderWave","bronze:WhirlingStrike","bronze:Boost+1","bronze:WhirlingStrike+1","expansioncontent:AwakenDeath","bronze:DarkDash","Parasite"],"relics":["bronze:BronzeCore","WarpedTongs","hubris:Potato","TungstenRod","Whetstone","Velvet Choker","aspiration:Lifesprig","Pantograph","Ginger","Happy Flower","Sozu","downfall:HeartBlessingRed","downfall:GremlinWheel","aspiration:ChemicalBlood","Kunai","hubris:Towel","Bag of Preparation","Lee\u0027s Waffle"],"acts_visited":["Exordium","TheCity","TheBeyond"],"potions_floor_usage":[32,50,50],"damage_taken":[{"damage":5.0,"enemies":"DF_ARCHETYPE_STREAMLINE","floor":2.0,"turns":1.0},{"damage":3.0,"enemies":"2 Louse","floor":4.0,"turns":1.0},{"damage":22.0,"enemies":"Lagavulin","floor":6.0,"turns":4.0},{"damage":0.0,"enemies":"downfall:FleeingMerchant","floor":9.0,"turns":4.0},{"damage":2.0,"enemies":"downfall:FleeingMerchant","floor":11.0,"turns":4.0},{"damage":0.0,"enemies":"Small Slimes","floor":12.0,"turns":2.0},{"damage":15.0,"enemies":"downfall:FleeingMerchant","floor":13.0,"turns":4.0},{"damage":0.0,"enemies":"Cultist","floor":14.0,"turns":2.0},{"damage":1.0,"enemies":"Blue Slaver","floor":15.0,"turns":2.0},{"damage":19.0,"enemies":"IC_STATUS_ARCHETYPE","floor":16.0,"turns":8.0},{"damage":23.0,"enemies":"conspire:FuzzyDice","floor":19.0,"turns":5.0},{"damage":10.0,"enemies":"downfall:FleeingMerchant","floor":20.0,"turns":4.0},{"damage":0.0,"enemies":"downfall:FleeingMerchant","floor":22.0,"turns":2.0},{"damage":0.0,"enemies":"Centurion and Healer","floor":23.0,"turns":2.0},{"damage":16.0,"enemies":"conspire:MimicChest","floor":25.0,"turns":5.0},{"damage":14.0,"enemies":"Snake Plant","floor":26.0,"turns":3.0},{"damage":1.0,"enemies":"conspire:Head Lice","floor":29.0,"turns":7.0},{"damage":4,"enemies":"conspire:HollyBat","floor":30,"turns":6},{"damage":4,"enemies":"Centurion and Healer","floor":31,"turns":4},{"damage":19,"enemies":"Cultist and Chosen","floor":32,"turns":4},{"damage":25,"enemies":"DF_ARCHETYPE_CLAW","floor":33,"turns":7},{"damage":15,"enemies":"Orb Walker","floor":36,"turns":3},{"damage":1,"enemies":"Orb Walker","floor":38,"turns":3},{"damage":0,"enemies":"3 Darklings","floor":39,"turns":2},{"damage":10,"enemies":"Reptomancer","floor":42,"turns":4},{"damage":1,"enemies":"Jaw Worm Horde","floor":45,"turns":3},{"damage":27,"enemies":"Writhing Mass","floor":49,"turns":5},{"damage":28,"enemies":"WA_ARCHETYPE_DIVINITY","floor":50,"turns":8}],"seed_played":"746060697165786148","potions_obtained":[{"floor":4.0,"key":"hexamod:SoulburnPotion"},{"floor":12.0,"key":"PowerPotion"},{"floor":15.0,"key":"SteroidPotion"},{"floor":16.0,"key":"Ancient Potion"},{"floor":23.0,"key":"GamblersBrew"},{"floor":25.0,"key":"AttackPotion"},{"floor":32,"key":"Weak Potion"}],"is_trial":false,"path_per_floor":["R","?","?","M","?","E","T","R","$","R","$","M","$","M","M","B",null,"R","M","$","?","$","M","T","?","M","$","R","E","M","M","M","B",null,"R","M","?","?","M","R","T","E","?","?","M","?","$","?","M","B",null],"character_chosen":"THE_AUTOMATON","items_purchased":["Whetstone","aspiration:Lifesprig","Bag of Preparation","Lee\u0027s Waffle"],"campfire_rested":2,"item_purchase_floors":[9,22,47,47],"current_hp_per_floor":[70,65,65,62,62,40,40,61,61,61,59,59,44,44,43,24,70,70,47,37,37,37,37,37,31,27,27,48,57,63,69,50,55,70,70,55,55,70,70,70,70,62,62,62,61,61,77,77,67,49],"gold":681,"neow_bonus":"TRANSFORM_CARD","is_daily":false,"chose_seed":false,"campfire_upgraded":4,"win_rate":0.0,"timestamp":1611429989,"path_taken":["R","?","?","?","?","E","T","R","$","R","$","M","?","?","M","BOSS","R","M","$","?","$","M","T","?","?","?","R","E","M","M","M","BOSS","R","M","?","?","?","R","T","E","?","?","M","?","$","?","M","BOSS"],"items_purchased_type":["Relic","Relic","Relic","Relic"],"build_version":"2020-12-22","purchased_purges":2,"victory":true,"max_hp_per_floor":[70,70,70,70,70,70,70,70,70,70,70,70,70,70,70,70,70,70,70,70,70,70,70,70,70,70,70,70,70,70,70,70,70,70,70,70,70,70,70,70,70,70,70,70,70,70,77,77,77,77],"relic_stats":{"Sozu":3,"Lee\u0027s Waffle":16,"Happy Flower":[16],"counters":[28,109],"Pantograph":30,"Bag of Preparation":[4],"Whetstone":["bronze:Iterate","bronze:Strike"],"Ginger":[13],"Kunai":[7],"obtain_stats":[{"aspiration:Lifesprig":22,"Lee\u0027s Waffle":47,"bronze:BronzeCore":0,"Happy Flower":29,"downfall:HeartBlessingRed":35,"Velvet Choker":17,"Bag of Preparation":47,"Whetstone":9,"Ginger":25,"hubris:Towel":43,"WarpedTongs":3,"Sozu":34,"downfall:GremlinWheel":38,"Pantograph":24,"Kunai":42,"hubris:Potato":6,"TungstenRod":7,"aspiration:ChemicalBlood":41},{"aspiration:Lifesprig":13,"Lee\u0027s Waffle":26,"bronze:BronzeCore":0,"Happy Flower":17,"downfall:HeartBlessingRed":21,"Velvet Choker":10,"Bag of Preparation":26,"Whetstone":4,"Ginger":15,"hubris:Towel":25,"WarpedTongs":1,"Sozu":21,"downfall:GremlinWheel":23,"Pantograph":14,"Kunai":25,"hubris:Potato":3,"TungstenRod":3,"aspiration:ChemicalBlood":24},{"aspiration:Lifesprig":43,"Lee\u0027s Waffle":96,"bronze:BronzeCore":0,"Happy Flower":60,"downfall:HeartBlessingRed":81,"Velvet Choker":32,"Bag of Preparation":96,"Whetstone":10,"Ginger":50,"hubris:Towel":93,"WarpedTongs":1,"Sozu":81,"downfall:GremlinWheel":87,"Pantograph":45,"Kunai":93,"hubris:Potato":6,"TungstenRod":6,"aspiration:ChemicalBlood":89}],"TungstenRod":51,"WarpedTongs":[108]},"card_choices":[{"not_picked":[],"picked":"bronze:Spike","floor":2.0},{"not_picked":["bronze:Repulsor","bronze:ItsAFeature"],"picked":"bronze:Iterate","floor":2.0},{"not_picked":["bronze:DelayedSlice","bronze:Overheat"],"picked":"bronze:ChosenStrike","floor":4.0},{"not_picked":["bronze:Terminator","bronze:Refactor"],"picked":"bronze:Optimize","floor":6.0},{"not_picked":["bronze:WildBeam","bronze:RecursiveStrike"],"picked":"bronze:Iterate","floor":9.0},{"not_picked":["bronze:DarkDash","bronze:Shield","bronze:OilSpill"],"picked":"SKIP","floor":11.0},{"not_picked":["bronze:BitShift","bronze:ChosenStrike"],"picked":"bronze:GetLatest","floor":12.0},{"not_picked":["bronze:Philosophize","bronze:CloningBeam"],"picked":"bronze:Verify","floor":13.0},{"not_picked":["bronze:BugBarrage","bronze:Terminator"],"picked":"bronze:FineTuning","floor":14.0},{"not_picked":["bronze:WhirlingStrike","bronze:Separator"],"picked":"bronze:HardenedForm","floor":15.0},{"not_picked":["bronze:Hardcode","bronze:FindAndReplace"],"picked":"bronze:Library","floor":16.0},{"not_picked":["bronze:WildBeam","bronze:ForLoop","bronze:BuggyMess+1"],"picked":"SKIP","floor":19.0},{"not_picked":["bronze:Turbo+1","bronze:Frontload"],"picked":"bronze:CutThrough","floor":20.0},{"not_picked":["bronze:WhirlingStrike+1","bronze:FineTuning+1"],"picked":"bronze:Fortify+1","floor":22.0},{"not_picked":["bronze:Constructor+1","bronze:FineTuning"],"picked":"bronze:Repair","floor":23.0},{"not_picked":["bronze:CutThrough","bronze:BitShift+1"],"picked":"bronze:Hardcode","floor":25.0},{"not_picked":["bronze:WildBeam+1","bronze:CloningBeam"],"picked":"bronze:Separator","floor":26.0},{"not_picked":["bronze:Constructor+1","bronze:Invalidate"],"picked":"bronze:SpaghettiCode","floor":29},{"not_picked":["bronze:OilSpill+1","bronze:ItsAFeature"],"picked":"bronze:Iterate+1","floor":30},{"not_picked":["bronze:MaxOutput","bronze:BuggyMess","bronze:Deprecate+1"],"picked":"SKIP","floor":31},{"not_picked":["bronze:RecursiveStrike","bronze:Overheat+1"],"picked":"bronze:Repair","floor":32},{"not_picked":["bronze:InfiniteLoop","bronze:TinkerersToolbox"],"picked":"bronze:ThunderWave","floor":33},{"not_picked":["bronze:DelayedSlice+1","bronze:Philosophize+1"],"picked":"bronze:WhirlingStrike","floor":36},{"not_picked":["bronze:ChildClass+1","bronze:ForLoop"],"picked":"bronze:Boost+1","floor":39},{"not_picked":["bronze:BronzeArmor+1","bronze:ClassDefault"],"picked":"bronze:WhirlingStrike+1","floor":42},{"not_picked":["bronze:BugBarrage","bronze:Shield+1","bronze:Assembly"],"picked":"SKIP","floor":45},{"not_picked":["expansioncontent:Hexaburn","expansioncontent:GuardianWhirl"],"picked":"expansioncontent:AwakenDeath","floor":46},{"not_picked":["bronze:WildBeam","bronze:CutThrough+1","bronze:Constructor+1"],"picked":"SKIP","floor":49}],"player_experience":912046,"relics_obtained":[{"floor":6.0,"key":"hubris:Potato"},{"floor":7.0,"key":"TungstenRod"},{"floor":24.0,"key":"Pantograph"},{"floor":25.0,"key":"Ginger"},{"floor":29,"key":"Happy Flower"},{"floor":38,"key":"downfall:GremlinWheel"},{"floor":41,"key":"aspiration:ChemicalBlood"},{"floor":42,"key":"Kunai"}],"event_choices":[{"damage_healed":0,"gold_gain":300,"player_choice":"Gold","damage_taken":0,"max_hp_gain":0,"max_hp_loss":0,"event_name":"Wheel of Change","floor":40,"gold_loss":0}],"is_beta":false,"boss_relics":[{"not_picked":["infinitespire:Cupcake","aspiration:WatcherSkillbook"],"picked":"Velvet Choker"},{"not_picked":["aspiration:SilentSkillbook","energizedSpire:HugeHouse"],"picked":"Sozu"}],"items_purged_floors":[9,20],"is_endless":false,"potions_floor_spawned":[4,12,15,16,23,25,26,32,33,39,45,49],"ascension_level":1}}