{"host":"m5bsg12zcyqnofur","time":1611385073,"event":{"mods":["AchievementEnabler","BaseMod","BetterRewards","Colored Powertips","Hermit","Highlight Path","Minty Spire (QoL Compilation)","Quick Restart","Replay The Spire","Shop Mod","StSLib","The Bug Knight"],"gold_per_floor":[119,138,155,174,194,223,239,264,264,284,314,326,353,303,303,401,401,414,414,434,384,423,482,482,524,549,606,556,556,618,651,651,790,790,830,856,707,763,832,832,860,924,978,1026,1026,1082,1113,1151,1151,1191,1191,1191,864,914,962,962],"floor_reached":55,"language":"ENG","playtime":3175,"items_purged":["Strike_G","Strike_G","Strike_G","Strike_G","Strike_G","Defend_G","Defend_G","Defend_G","Defend_G","Defend_G","Delirium","Survivor","Neutralize","Concentrate+1"],"score":2139,"play_id":"a7b1b1a3-cd03-4190-8e48-816041ef9cb0","local_time":"20210123005753","is_ascension_mode":true,"campfire_choices":[{"data":"ReplayTheSpireMod:Scrap Shanks","floor":15.0,"key":"SMITH"},{"data":"1","floor":24.0,"key":"LIFT"},{"data":"2","floor":29.0,"key":"LIFT"},{"data":"3","floor":32.0,"key":"LIFT"},{"data":"Reflex","floor":40.0,"key":"SMITH"},{"floor":49.0,"key":"RECALL"},{"data":"Accuracy","floor":52.0,"key":"SMITH"}],"circlet_count":0,"master_deck":["AscendersBane","Tactician+1","ReplayTheSpireMod:Scrap Shanks+1","Accuracy+1","Prepared+1","ReplayTheSpireMod:Shiv Toss+1","Reflex+1","Blade Dance","Accuracy+1","Envenom","Calculated Gamble"],"relics":["Ring of the Snake","HollowMod:LifeEnderRelic","Membership Card","Blue Doll","Ninja Scroll","Bird Faced Urn","Bronze Scales","Girya","Blood Vial","Snecko Scales","ReplayTheSpireMod:CursedCoin","Replay:Bandana","Snake Skull","Divine Protection","Coffee Dripper","Replay:Rubber Ducky","The Specimen","Letter Opener","Pen Nib","FossilizedHelix","PreservedInsect","MerchantsRug","Quantum Egg","Durian","White Beast Statue"],"acts_visited":["TheCity","TheBeyond","TheEnding"],"potions_floor_usage":[55,55,55],"damage_taken":[{"damage":0.0,"enemies":"2 Louse","floor":1.0,"turns":1.0},{"damage":0.0,"enemies":"Small Slimes","floor":2.0,"turns":1.0},{"damage":0.0,"enemies":"Cultist","floor":3.0,"turns":1.0},{"damage":0.0,"enemies":"Blue Slaver","floor":4.0,"turns":1.0},{"damage":0.0,"enemies":"Red Slaver","floor":5.0,"turns":1.0},{"damage":0.0,"enemies":"3 Sentries","floor":6.0,"turns":3.0},{"damage":0.0,"enemies":"2 Fungi Beasts","floor":7.0,"turns":1.0},{"damage":12.0,"enemies":"HollowMod:MossKnight","floor":8.0,"turns":1.0},{"damage":0.0,"enemies":"Exordium Thugs","floor":10.0,"turns":2.0},{"damage":0.0,"enemies":"3 Sentries","floor":11.0,"turns":2.0},{"damage":0.0,"enemies":"Gremlin Gang","floor":12.0,"turns":1.0},{"damage":6.0,"enemies":"Replay:BlueRogue","floor":13.0,"turns":2.0},{"damage":29.0,"enemies":"The Guardian","floor":16.0,"turns":5.0},{"damage":0.0,"enemies":"Chosen","floor":18.0,"turns":1.0},{"damage":0.0,"enemies":"3 Byrds","floor":20.0,"turns":1.0},{"damage":0.0,"enemies":"Snake Plant","floor":22.0,"turns":2.0},{"damage":0.0,"enemies":"Book of Stabbing","floor":23.0,"turns":1.0},{"damage":0.0,"enemies":"Cultist and Chosen","floor":25.0,"turns":1.0},{"damage":0.0,"enemies":"Slavers","floor":27.0,"turns":1.0},{"damage":0.0,"enemies":"HollowMod:Nosk","floor":30.0,"turns":1.0},{"damage":0.0,"enemies":"Snecko","floor":31.0,"turns":1.0},{"damage":0.0,"enemies":"Champ","floor":33.0,"turns":1.0},{"damage":0.0,"enemies":"3 Darklings","floor":35.0,"turns":1.0},{"damage":0.0,"enemies":"Orb Walker","floor":36.0,"turns":1.0},{"damage":0.0,"enemies":"2 Orb Walkers","floor":39.0,"turns":2.0},{"damage":0.0,"enemies":"4 Shapes","floor":41.0,"turns":1.0},{"damage":0.0,"enemies":"R_Hoarder","floor":42.0,"turns":3.0},{"damage":0.0,"enemies":"HollowMod:StalkingDevout","floor":44.0,"turns":1.0},{"damage":0.0,"enemies":"R_Hoarder","floor":46.0,"turns":2.0},{"damage":0.0,"enemies":"Jaw Worm Horde","floor":47.0,"turns":1.0},{"damage":0.0,"enemies":"Sphere and 2 Shapes","floor":48.0,"turns":1.0},{"damage":0.0,"enemies":"Donu and Deca","floor":50.0,"turns":2.0},{"damage":0.0,"enemies":"Shield and Spear","floor":54.0,"turns":1.0},{"damage":75,"enemies":"The Heart","floor":55,"turns":3}],"seed_played":"-6044779323574414477","potions_obtained":[{"floor":2.0,"key":"GamblersBrew"},{"floor":3.0,"key":"Reflective Coating"},{"floor":4.0,"key":"LifebloodPotion"},{"floor":6.0,"key":"Death Potion"},{"floor":11.0,"key":"Ancient Potion"},{"floor":16.0,"key":"SkillPotion"},{"floor":33.0,"key":"Languid Potion"},{"floor":38.0,"key":"DistilledChaos"},{"floor":39.0,"key":"Dexterity Potion"},{"floor":44.0,"key":"BlessingOfTheForge"},{"floor":46.0,"key":"SteroidPotion"},{"floor":47.0,"key":"Swift Potion"}],"is_trial":false,"path_per_floor":["M","M","M","M","M","E","M","E","T","M","E","M","E","$","R","B",null,"M","?","M","$","M","E","R","M","T","E","$","R","E","M","R","B",null,"M","M","$","?","?","R","M","E","T","E","?","E","M","M","R","B",null,"R","$","E","B"],"character_chosen":"THE_SILENT","items_purchased":["HollowMod:LifeEnderRelic","Tactician","Membership Card","Blue Doll","ReplayTheSpireMod:Scrap Shanks","Ninja Scroll","Accuracy","Prepared+1","ReplayTheSpireMod:Shiv Toss","Reflex","ReplayTheSpireMod:CursedCoin","Replay:Bandana","War Paint","Replay:Rubber Ducky","Swift Potion","MerchantsRug","Quantum Egg","Durian","Calculated Gamble","Swift Potion","BlessingOfTheForge"],"campfire_rested":0,"item_purchase_floors":[0,0,0,0,0,0,0,0,0,0,21,21,21,37,37,53,53,53,53,53,53],"current_hp_per_floor":[21,21,21,21,21,21,25,17,17,21,25,29,27,27,27,4,54,60,60,66,66,70,70,70,70,70,70,70,70,70,70,70,70,70,70,70,70,53,63,63,70,70,70,70,70,70,70,70,70,70,70,70,75,75,0,0],"gold":962,"neow_bonus":"","is_daily":false,"chose_seed":false,"campfire_upgraded":3,"win_rate":0.0,"timestamp":1611385073,"path_taken":["M","M","M","M","M","E","M","E","T","M","E","M","E","$","R","BOSS","M","?","M","$","M","E","R","M","T","E","$","R","E","M","R","BOSS","M","M","$","?","?","R","M","E","T","E","?","E","M","M","R","BOSS","R","$","E","BOSS"],"items_purchased_type":["Relic","Card","Relic","Relic","Card","Relic","Card","Card","Card","Card","Relic","Relic","Relic","Relic","Potion","Relic","Relic","Relic","Card","Potion","Potion"],"build_version":"2020-12-22","purchased_purges":14,"victory":false,"max_hp_per_floor":[70,70,70,70,70,70,70,70,70,70,70,70,70,70,70,70,70,70,70,70,70,70,70,70,70,70,70,70,70,70,70,70,70,70,70,70,70,70,70,70,70,70,70,70,70,70,70,70,70,70,70,70,75,75,75,75],"card_choices":[{"not_picked":["Slice","ReplayTheSpireMod:Speed Training","Eviscerate"],"picked":"SKIP","floor":1.0},{"not_picked":["Escape Plan","Bouncing Flask","Quick Slash"],"picked":"SKIP","floor":2.0},{"not_picked":["Flying Knee","Endless Agony","Dodge and Roll"],"picked":"SKIP","floor":3.0},{"not_picked":["Slice","Bullet Time","PiercingWail"],"picked":"SKIP","floor":4.0},{"not_picked":["Dagger Spray","Heel Hook","Escape Plan"],"picked":"SKIP","floor":5.0},{"not_picked":["Sneak Up","Toxin Wave","PiercingWail"],"picked":"SKIP","floor":6.0},{"not_picked":["Outmaneuver","Backflip","Flying Knee"],"picked":"SKIP","floor":7.0},{"not_picked":["Distraction","ReplayTheSpireMod:The Works","Prepared"],"picked":"SKIP","floor":8.0},{"not_picked":["Sucker Punch","Hidden Blade","Prepared"],"picked":"SKIP","floor":10.0},{"not_picked":["Expertise","Backstab"],"picked":"Blade Dance","floor":11.0},{"not_picked":["ReplayTheSpireMod:Speed Training","Outmaneuver","Choke"],"picked":"SKIP","floor":12.0},{"not_picked":["ReplayTheSpireMod:The Works","Dagger Spray","Replay:Poison Smokescreen"],"picked":"SKIP","floor":13.0},{"not_picked":["Backflip","Outmaneuver","Noxious Fumes+1"],"picked":"SKIP","floor":18.0},{"not_picked":["Heel Hook+1","Skewer","Dagger Spray"],"picked":"SKIP","floor":20.0},{"not_picked":["Outmaneuver","Heel Hook","Deflect"],"picked":"SKIP","floor":22.0},{"not_picked":["Finisher+1","Bane","Dagger Spray"],"picked":"SKIP","floor":23.0},{"not_picked":["Deadly Poison","Sucker Punch","Choke"],"picked":"SKIP","floor":25.0},{"not_picked":["Expertise+1","Bane","Backflip"],"picked":"SKIP","floor":27.0},{"not_picked":["Draining Mist","A Thousand Cuts","Deflect"],"picked":"SKIP","floor":30.0},{"not_picked":["Sucker Punch","All Out Attack+1"],"picked":"Accuracy+1","floor":31.0},{"not_picked":["Bullet Time","Phantasmal Killer"],"picked":"Envenom","floor":33.0},{"not_picked":["Backflip","Dagger Throw+1"],"picked":"Concentrate+1","floor":35.0},{"not_picked":["Flying Knee+1","Eviscerate+1","PiercingWail"],"picked":"SKIP","floor":36.0},{"not_picked":["Expertise","ReplayTheSpireMod:Scrap Shanks","Blur+1"],"picked":"SKIP","floor":41.0},{"not_picked":["Underhanded Strike","Sucker Punch+1","Acrobatics+1"],"picked":"SKIP","floor":42.0},{"not_picked":["Acrobatics","Bane+1","Dodge and Roll"],"picked":"SKIP","floor":44.0},{"not_picked":["Riddle With Holes","Well Laid Plans","Wraith Form v2"],"picked":"SKIP","floor":46.0},{"not_picked":["Infinite Blades+1","Dagger Throw+1","PiercingWail"],"picked":"SKIP","floor":47.0},{"not_picked":["Acrobatics+1","Deadly Poison","Quick Slash+1"],"picked":"SKIP","floor":48.0},{"not_picked":["Noxious Fumes","Sneak Up+1","Deadly Poison"],"picked":"SKIP","floor":54.0}],"player_experience":267173,"relics_obtained":[{"floor":6.0,"key":"Bird Faced Urn"},{"floor":8.0,"key":"Bronze Scales"},{"floor":9.0,"key":"Smiling Mask"},{"floor":11.0,"key":"Girya"},{"floor":13.0,"key":"Blood Vial"},{"floor":23.0,"key":"Replay:Mystery Machine"},{"floor":27.0,"key":"Snake Skull"},{"floor":30.0,"key":"Divine Protection"},{"floor":38.0,"key":"Pet Ghost"},{"floor":39.0,"key":"The Specimen"},{"floor":42.0,"key":"Letter Opener"},{"floor":43.0,"key":"Pen Nib"},{"floor":44.0,"key":"FossilizedHelix"},{"floor":46.0,"key":"PreservedInsect"},{"floor":54.0,"key":"White Beast Statue"}],"event_choices":[{"damage_healed":0.0,"max_hp_gain":0.0,"max_hp_loss":0.0,"gold_gain":0.0,"event_name":"Mysterious Sphere","player_choice":"Fight","floor":39.0,"gold_loss":0.0,"damage_taken":0.0},{"damage_healed":0.0,"max_hp_gain":0.0,"max_hp_loss":0.0,"gold_gain":0.0,"event_name":"SecretPortal","player_choice":"Ignored","floor":45.0,"gold_loss":0.0,"damage_taken":0.0}],"is_beta":false,"boss_relics":[{"not_picked":["Philosopher\u0027s Stone","ChewingGum"],"picked":"Snecko Scales"},{"not_picked":["Fusion Hammer","SacredBark"],"picked":"Coffee Dripper"}],"items_purged_floors":[0,0,0,0,0,0,0,0,0,14,21,28,37,53],"is_endless":false,"potions_floor_spawned":[2,3,4,6,11,16,18,23,33,39,44,46,47],"killed_by":"The Heart","ascension_level":10}}