{"host":"b7j598ve05halrwk","time":1611376948,"event":{"mods":["2.2 Compatiblity","BaseMod","Block Reminder","DeckTracker","Minty Spire (QoL Compilation)","Relic Stats","Slay the Relics Exporter","StSLib","ojb\u0027s Better Paths Mod","ojb\u0027s Info Mod"],"gold_per_floor":[115,190,29,29,29,29,89,124,171,204,219,252,252,282,282,361,361,371,389,407,407,18,48,60,60,60,77,77,77,77,77],"floor_reached":30,"language":"ENG","playtime":1697,"items_purged":["Strike_B"],"score":598,"play_id":"4760ba6b-dc43-4a11-84e8-9f559cdb7bdb","local_time":"20210122234228","is_ascension_mode":true,"campfire_choices":[{"data":"Zap","floor":6.0,"key":"SMITH"},{"data":"Consume","floor":15,"key":"SMITH"},{"data":"Capacitor","floor":25,"key":"SMITH"}],"circlet_count":0,"master_deck":["AscendersBane","Strike_B","Defend_B","Defend_B","Defend_B","Defend_B","Zap+1","Dualcast","Barrage","Compile Driver","Leap","Go for the Eyes","Ball Lightning","Consume+1","Go for the Eyes","Rainbow","Capacitor+1","Hologram","Cold Snap","Seek","Sunder","Recycle+1","RitualDagger","Ball Lightning","Amplify+1"],"relics":["Cracked Core","NeowsBlessing","Lee\u0027s Waffle","Cables","Kunai","MealTicket","Vajra","Oddly Smooth Stone","GremlinMask","Sundial","Philosopher\u0027s Stone","Meat on the Bone","Dream Catcher","Toxic Egg 2"],"acts_visited":["Exordium","TheCity"],"potions_floor_usage":[14,16,23,23,23,23],"damage_taken":[{"damage":0.0,"enemies":"2 Louse","floor":1.0,"turns":1.0},{"damage":0.0,"enemies":"Lagavulin Event","floor":7.0,"turns":1.0},{"damage":0.0,"enemies":"3 Sentries","floor":8.0,"turns":1.0},{"damage":7.0,"enemies":"Gremlin Nob","floor":10.0,"turns":3.0},{"damage":0.0,"enemies":"Small Slimes","floor":11.0,"turns":2.0},{"damage":17,"enemies":"Lagavulin","floor":12,"turns":6},{"damage":8,"enemies":"Gremlin Nob","floor":14,"turns":3},{"damage":13,"enemies":"Slime Boss","floor":16,"turns":7},{"damage":21,"enemies":"Shell Parasite","floor":18,"turns":4},{"damage":4,"enemies":"Spheric Guardian","floor":19,"turns":3},{"damage":8,"enemies":"Snake Plant","floor":20,"turns":3},{"damage":21,"enemies":"Gremlin Leader","floor":23,"turns":6},{"damage":17,"enemies":"Chosen and Byrds","floor":24,"turns":6},{"damage":7,"enemies":"Centurion and Healer","floor":27,"turns":5},{"damage":41,"enemies":"Slavers","floor":30,"turns":3}],"seed_played":"6977646578627324816","potions_obtained":[{"floor":7.0,"key":"SkillPotion"},{"floor":11,"key":"BlessingOfTheForge"},{"floor":12,"key":"SneckoOil"},{"floor":19,"key":"Weak Potion"},{"floor":21,"key":"AttackPotion"},{"floor":21,"key":"EntropicBrew"},{"floor":27,"key":"SteroidPotion"}],"is_trial":false,"path_per_floor":["M","?","$","?","$","R","?","E","T","E","M","E","?","E","R","B",null,"M","M","M","?","$","E","M","R","T","M","?","?","E"],"character_chosen":"DEFECT","items_purchased":["Lee\u0027s Waffle","Meat on the Bone","Cold Snap"],"campfire_rested":0,"item_purchase_floors":[3,22,22],"current_hp_per_floor":[64,53,78,83,83,83,83,83,83,76,76,59,59,51,51,38,72,51,47,39,39,54,45,40,40,40,45,39,39,0,0],"gold":77,"neow_bonus":"THREE_ENEMY_KILL","is_daily":false,"chose_seed":false,"campfire_upgraded":3,"win_rate":0.0,"timestamp":1611376948,"path_taken":["M","?","$","?","$","R","?","E","T","E","M","E","?","E","R","BOSS","M","M","M","?","$","E","?","R","T","M","?","?","E"],"items_purchased_type":["Relic","Relic","Card"],"build_version":"2020-12-22","purchased_purges":1,"victory":false,"max_hp_per_floor":[71,71,78,83,83,83,83,83,83,83,83,83,83,83,83,83,83,83,83,83,83,83,83,83,83,83,83,83,83,83,83],"relic_stats":{"Lee\u0027s Waffle":25,"Dream Catcher":0,"counters":[15,54],"Sundial":[2],"MealTicket":15,"Kunai":[16],"obtain_stats":[{"Lee\u0027s Waffle":3,"NeowsBlessing":0,"Vajra":10,"Oddly Smooth Stone":12,"GremlinMask":13,"Cables":7,"Dream Catcher":23,"Sundial":14,"MealTicket":9,"Philosopher\u0027s Stone":17,"Kunai":8,"Toxic Egg 2":26,"Cracked Core":0,"Meat on the Bone":22},{"Lee\u0027s Waffle":1,"NeowsBlessing":0,"Vajra":4,"Oddly Smooth Stone":6,"GremlinMask":6,"Cables":2,"Dream Catcher":12,"Sundial":7,"MealTicket":3,"Philosopher\u0027s Stone":8,"Kunai":3,"Toxic Egg 2":13,"Cracked Core":0,"Meat on the Bone":11},{"Lee\u0027s Waffle":1,"NeowsBlessing":0,"Vajra":6,"Oddly Smooth Stone":14,"GremlinMask":14,"Cables":2,"Dream Catcher":40,"Sundial":17,"MealTicket":3,"Philosopher\u0027s Stone":24,"Kunai":3,"Toxic Egg 2":46,"Cracked Core":0,"Meat on the Bone":34}],"Cables":[43,38,2,3,0],"Meat on the Bone":36},"card_choices":[{"not_picked":["Redo","Force Field"],"picked":"Barrage","floor":1.0},{"not_picked":["Redo","Self Repair"],"picked":"Compile Driver","floor":7.0},{"not_picked":["Heatsinks","Turbo"],"picked":"Leap","floor":8.0},{"not_picked":["Double Energy","Fission"],"picked":"Go for the Eyes","floor":10.0},{"not_picked":["Heatsinks","Auto Shields"],"picked":"Ball Lightning","floor":11},{"not_picked":["Leap","Sweeping Beam"],"picked":"Consume","floor":12},{"not_picked":["Gash","Aggregate"],"picked":"Go for the Eyes","floor":14},{"not_picked":["Hyperbeam","Amplify"],"picked":"Rainbow","floor":16},{"not_picked":["Consume","Gash","Heatsinks+1"],"picked":"SKIP","floor":18},{"not_picked":["Beam Cell","Conserve Battery"],"picked":"Capacitor","floor":19},{"not_picked":["Beam Cell","Barrage"],"picked":"Hologram","floor":20},{"not_picked":["Streamline","Turbo"],"picked":"Seek","floor":23},{"not_picked":["Go for the Eyes","Redo"],"picked":"Sunder","floor":24},{"not_picked":["Gash","Redo+1"],"picked":"Recycle+1","floor":27}],"player_experience":1035471,"relics_obtained":[{"floor":7.0,"key":"Cables"},{"floor":8.0,"key":"Kunai"},{"floor":9.0,"key":"MealTicket"},{"floor":10.0,"key":"Vajra"},{"floor":12,"key":"Oddly Smooth Stone"},{"floor":14,"key":"Sundial"},{"floor":23,"key":"Dream Catcher"},{"floor":26,"key":"Toxic Egg 2"}],"event_choices":[{"damage_healed":0.0,"max_hp_gain":0.0,"max_hp_loss":0.0,"gold_gain":75.0,"event_name":"World of Goop","player_choice":"Gather Gold","floor":2.0,"gold_loss":0.0,"damage_taken":11.0},{"damage_healed":0.0,"max_hp_gain":5.0,"max_hp_loss":0.0,"gold_gain":0.0,"event_name":"Big Fish","player_choice":"Donut","floor":4.0,"gold_loss":0.0,"damage_taken":0.0},{"damage_healed":0.0,"max_hp_gain":0.0,"max_hp_loss":0.0,"gold_gain":0.0,"event_name":"Dead Adventurer","player_choice":"Searched \u00271\u0027 times","floor":7.0,"gold_loss":0.0,"damage_taken":0.0},{"damage_healed":0,"gold_gain":0,"player_choice":"Trade","damage_taken":0,"relics_obtained":["GremlinMask"],"max_hp_gain":0,"max_hp_loss":0,"event_name":"FaceTrader","floor":13,"gold_loss":0},{"damage_healed":0,"gold_gain":0,"player_choice":"Got Potions","damage_taken":0,"max_hp_gain":0,"max_hp_loss":0,"event_name":"Lab","floor":21,"gold_loss":0},{"damage_healed":0,"gold_gain":0,"player_choice":"Joined the Cult","damage_taken":6,"max_hp_gain":0,"max_hp_loss":0,"event_name":"Nest","floor":28,"gold_loss":0,"cards_obtained":["RitualDagger"]},{"damage_healed":0,"gold_gain":0,"cards_transformed":["Strike_B","Strike_B"],"player_choice":"Became Test Subject","damage_taken":0,"max_hp_gain":0,"max_hp_loss":0,"event_name":"Drug Dealer","floor":29,"gold_loss":0,"cards_obtained":["Ball Lightning","Amplify"]}],"is_beta":false,"boss_relics":[{"not_picked":["Astrolabe","Busted Crown"],"picked":"Philosopher\u0027s Stone"}],"items_purged_floors":[22],"is_endless":false,"potions_floor_spawned":[7,11,12,19,27],"killed_by":"Slavers","ascension_level":20}}