{"host":"l84l8xigz5v5foa2","time":1611382879,"event":{"mods":["2.2 Compatiblity","AchievementEnabler","BaseMod","Better Note","Better Vampires","Card Filter","Colored Map","DeckTracker","Gremlin Skip","Highlight Path","Keyboard Shortcuts","Minty Spire (QoL Compilation)","Permanent Neow","Quick Restart","Relic Filter","Relic Stats","Shop Mod","StSLib","SuperFastMode","Transform Curses","Unknown Chances"],"gold_per_floor":[19,34,44,60,70,70,70,86,86,86,97,97,57,5,5,76,76,90,15,0,90,104,104,104],"floor_reached":23,"language":"KOR","playtime":1371,"items_purged":["Strike_G"],"score":408,"play_id":"07ef1fd8-f7fb-4800-b054-fa335389b9a9","local_time":"20210123152119","is_ascension_mode":true,"campfire_choices":[{"data":"Acrobatics","floor":6.0,"key":"SMITH"},{"data":"Cloak And Dagger","floor":10.0,"key":"SMITH"},{"data":"Prepared","floor":12.0,"key":"SMITH"},{"data":"Well Laid Plans","floor":15.0,"key":"SMITH"}],"circlet_count":0,"master_deck":["AscendersBane","Strike_G","Strike_G","Strike_G","Defend_G","Defend_G","Defend_G","Defend_G","Survivor","Neutralize","Acrobatics+1","Sucker Punch","After Image","Tactician","Deflect","Cloak And Dagger+1","Prepared+1","Well Laid Plans+1","Tools of the Trade","Underhanded Strike+1","Forethought","Calculated Gamble"],"relics":["Ring of the Snake","Tingsha","Question Card","SlaversCollar"],"acts_visited":["Exordium","TheCity"],"potions_floor_usage":[23,23],"damage_taken":[{"damage":0.0,"enemies":"Jaw Worm","floor":1.0,"turns":5.0},{"damage":0.0,"enemies":"Small Slimes","floor":2.0,"turns":4.0},{"damage":2.0,"enemies":"Cultist","floor":3.0,"turns":5.0},{"damage":2.0,"enemies":"Large Slime","floor":4.0,"turns":10.0},{"damage":6.0,"enemies":"3 Louse","floor":5.0,"turns":5.0},{"damage":0.0,"enemies":"Gremlin Gang","floor":8.0,"turns":7.0},{"damage":0.0,"enemies":"Looter","floor":11.0,"turns":5.0},{"damage":0.0,"enemies":"The Guardian","floor":16.0,"turns":17.0},{"damage":19.0,"enemies":"2 Thieves","floor":18.0,"turns":5.0},{"damage":5,"enemies":"3 Byrds","floor":22,"turns":5},{"damage":22,"enemies":"Slavers","floor":23,"turns":4}],"seed_played":"-5919078231254818464","potions_obtained":[{"floor":4.0,"key":"Explosive Potion"},{"floor":11.0,"key":"Dexterity Potion"},{"floor":16.0,"key":"Fire Potion"}],"is_trial":false,"path_per_floor":["M","M","M","M","M","R","?","M","T","R","M","R","$","?","R","B",null,"M","$","?","?","M","E"],"character_chosen":"THE_SILENT","items_purchased":["Well Laid Plans"],"campfire_rested":0,"item_purchase_floors":[13],"current_hp_per_floor":[59,59,57,55,49,49,54,54,54,54,54,54,54,54,54,54,67,48,48,48,24,19,0,0],"gold":104,"neow_bonus":"TRANSFORM_TWO_CARDS","is_daily":false,"chose_seed":false,"campfire_upgraded":4,"win_rate":0.0,"timestamp":1611382879,"path_taken":["M","M","M","M","M","R","?","M","T","R","M","R","$","?","R","BOSS","M","?","?","?","M","E"],"items_purchased_type":["Card"],"build_version":"2020-12-22","purchased_purges":1,"victory":false,"max_hp_per_floor":[66,66,66,66,66,66,71,71,71,71,71,71,71,71,71,71,71,71,71,71,71,71,71,71],"relic_stats":{"counters":[11,72],"Tingsha":[174],"Question Card":4,"obtain_stats":[{"SlaversCollar":17,"Tingsha":9,"Question Card":14,"Ring of the Snake":0},{"SlaversCollar":8,"Tingsha":6,"Question Card":7,"Ring of the Snake":0},{"SlaversCollar":58,"Tingsha":36,"Question Card":41,"Ring of the Snake":0}],"Ring of the Snake":[22]},"card_choices":[{"not_picked":["Prepared","Flying Knee","Dodge and Roll"],"picked":"SKIP","floor":1.0},{"not_picked":["PiercingWail","Dagger Spray"],"picked":"After Image","floor":2.0},{"not_picked":["Heel Hook","Blur"],"picked":"Tactician","floor":3.0},{"not_picked":["Quick Slash","PiercingWail"],"picked":"Deflect","floor":4.0},{"not_picked":["Dodge and Roll","PiercingWail","Infinite Blades"],"picked":"SKIP","floor":5.0},{"not_picked":["Slice","Dodge and Roll"],"picked":"Cloak And Dagger","floor":8.0},{"not_picked":["Slice","PiercingWail"],"picked":"Prepared","floor":11.0},{"not_picked":["Envenom","A Thousand Cuts","Die Die Die"],"picked":"Tools of the Trade","floor":16.0},{"not_picked":["Outmaneuver","Deflect","Well Laid Plans"],"picked":"Underhanded Strike+1","floor":18.0},{"not_picked":["Bane","Blade Dance","Dagger Spray+1"],"picked":"Calculated Gamble","floor":22}],"player_experience":1414632,"relics_obtained":[{"floor":9.0,"key":"Tingsha"}],"event_choices":[{"damage_healed":0.0,"max_hp_gain":5.0,"max_hp_loss":0.0,"gold_gain":0.0,"event_name":"Big Fish","player_choice":"Donut","floor":7.0,"gold_loss":0.0,"damage_taken":0.0},{"damage_healed":0.0,"max_hp_gain":0.0,"max_hp_loss":0.0,"gold_gain":0.0,"event_name":"WeMeetAgain","player_choice":"Paid Gold","floor":14.0,"gold_loss":52.0,"damage_taken":0.0,"relics_obtained":["Question Card"]},{"damage_healed":0.0,"max_hp_gain":0.0,"max_hp_loss":0.0,"gold_gain":0.0,"event_name":"Masked Bandits","player_choice":"Paid Fearfully","floor":20.0,"gold_loss":15.0,"damage_taken":0.0},{"damage_healed":0.0,"max_hp_gain":0.0,"max_hp_loss":0.0,"gold_gain":90.0,"event_name":"Knowing Skull","player_choice":"POTION GOLD CARD ","floor":21.0,"potions_obtained":["Weak Potion"],"gold_loss":0.0,"damage_taken":24.0,"cards_obtained":["Forethought"]}],"is_beta":false,"boss_relics":[{"not_picked":["Calling Bell","Busted Crown"],"picked":"SlaversCollar"}],"items_purged_floors":[19],"is_endless":false,"potions_floor_spawned":[4,11,16,22],"killed_by":"Slavers","ascension_level":15}}