{"host":"qy1e0kd24tpj3i2m","time":1611399414,"event":{"mods":["Act Like it!","Alarm Clock","BaseMod","Better Skull","Better Vampires","Colored Map","Colored Powertips","Custom Start","Faster Ascension Climbing","Friendly Minions","GifTheSpireLib","Gremlin Skip","Highlight Path","Minty Spire (QoL Compilation)","Permanent Neow","Poor People Problems","Quick Restart","Red Circlet Mod","Relic Sorter","Reorder Act Four","SacredBarkPlus","Shop Mod","StSLib","SuperFastMode","Transform Curses","没有小屋子和绿帽子啦"],"gold_per_floor":[119,44,44,68,91,91,91,118,144,177,191,204,204,222,222,313,-187,-162,-162,-162,19,32,32,32,32],"floor_reached":24,"language":"ZHS","playtime":651,"items_purged":[],"score":496,"play_id":"18e9e292-daa6-4282-b502-09e6c575098e","local_time":"20210123195654","is_ascension_mode":true,"campfire_choices":[{"data":"Flex","floor":6.0,"key":"SMITH"},{"data":"Sword Boomerang","floor":13.0,"key":"SMITH"},{"data":"Body Slam","floor":15.0,"key":"SMITH"},{"data":"Limit Break","floor":23,"key":"SMITH"}],"circlet_count":0,"master_deck":["AscendersBane","Strike_R","Strike_R","Strike_R","Defend_R","Defend_R","Defend_R","Defend_R","Sword Boomerang+1","Flex+1","Blood for Blood","Fire Breathing","Body Slam+1","Limit Break+1","Dark Embrace","Battle Trance+1"],"relics":["Burning Blood","Red Skull","Golden Idol","Nunchaku","Happy Flower","Strawberry","Tiny House","MutagenicStrength"],"acts_visited":["Exordium","TheCity"],"potions_floor_usage":[22],"damage_taken":[{"damage":10.0,"enemies":"2 Louse","floor":1.0,"turns":3.0},{"damage":2.0,"enemies":"Jaw Worm","floor":4.0,"turns":3.0},{"damage":14.0,"enemies":"Small Slimes","floor":5.0,"turns":3.0},{"damage":12.0,"enemies":"Lagavulin","floor":10.0,"turns":4.0},{"damage":6.0,"enemies":"Looter","floor":11.0,"turns":2.0},{"damage":11.0,"enemies":"3 Louse","floor":12.0,"turns":2.0},{"damage":8.0,"enemies":"Blue Slaver","floor":14.0,"turns":3.0},{"damage":0.0,"enemies":"Slime Boss","floor":16.0,"turns":5.0},{"damage":40.0,"enemies":"Shell Parasite","floor":18.0,"turns":6.0},{"damage":13,"enemies":"2 Thieves","floor":21,"turns":4},{"damage":10,"enemies":"Sentry and Sphere","floor":22,"turns":4},{"damage":25,"enemies":"Book of Stabbing","floor":24,"turns":3}],"seed_played":"-8361606316308083466","potions_obtained":[{"floor":4.0,"key":"EntropicBrew"},{"floor":10.0,"key":"Strength Potion"},{"floor":11.0,"key":"Strength Potion"},{"floor":14.0,"key":"BloodPotion"},{"floor":18.0,"key":"Block Potion"}],"is_trial":false,"path_per_floor":["M","?","?","M","M","R","?","T","T","E","M","M","R","M","R","B",null,"M","?","?","M","M","R","E"],"character_chosen":"IRONCLAD","items_purchased":[],"campfire_rested":0,"item_purchase_floors":[],"current_hp_per_floor":[64,64,38,42,34,34,27,27,27,28,28,23,23,21,37,43,72,38,38,38,31,27,27,2,2],"gold":32,"neow_bonus":"RANDOM_COMMON_RELIC","is_daily":false,"chose_seed":false,"campfire_upgraded":4,"win_rate":0.0,"timestamp":1611399414,"path_taken":["M","?","?","M","M","R","?","?","T","E","M","M","R","M","R","BOSS","M","?","?","M","M","R","E"],"items_purchased_type":[],"build_version":"2020-12-22","purchased_purges":0,"victory":false,"max_hp_per_floor":[75,75,75,75,75,75,75,75,75,82,82,82,82,82,82,82,82,82,82,82,82,82,82,82,82],"card_choices":[{"not_picked":["Cleave","Flex"],"picked":"Sword Boomerang","floor":1.0},{"not_picked":["Clash","Entrench"],"picked":"Flex","floor":4.0},{"not_picked":["Warcry","Iron Wave","Clothesline"],"picked":"SKIP","floor":5.0},{"not_picked":["Heavy Blade","Wild Strike"],"picked":"Blood for Blood","floor":10.0},{"not_picked":["Shrug It Off","Power Through"],"picked":"Fire Breathing","floor":11.0},{"not_picked":["Flex","Headbutt"],"picked":"Body Slam","floor":12.0},{"not_picked":["Sentinel","Headbutt","Shockwave"],"picked":"SKIP","floor":14.0},{"not_picked":["Brutality","Feed"],"picked":"Limit Break","floor":16.0},{"not_picked":["Clash","Rampage","Dropkick"],"picked":"SKIP","floor":18.0},{"not_picked":["Clash","Disarm"],"picked":"Dark Embrace","floor":21},{"not_picked":["Thunderclap","Twin Strike"],"picked":"Battle Trance+1","floor":22}],"player_experience":921400,"relics_obtained":[{"floor":8.0,"key":"Nunchaku"},{"floor":9.0,"key":"Happy Flower"},{"floor":10.0,"key":"Strawberry"}],"event_choices":[{"cards_removed":["Bash"],"damage_healed":0.0,"max_hp_gain":0.0,"max_hp_loss":0.0,"gold_gain":0.0,"event_name":"The Cleric","player_choice":"Card Removal","floor":2.0,"gold_loss":75.0,"damage_taken":0.0},{"damage_healed":0.0,"max_hp_gain":0.0,"max_hp_loss":0.0,"gold_gain":0.0,"event_name":"Golden Idol","player_choice":"Take Damage","floor":3.0,"gold_loss":0.0,"damage_taken":26.0,"relics_obtained":["Golden Idol"]},{"cards_removed":["Strike_R"],"damage_healed":0.0,"max_hp_gain":0.0,"max_hp_loss":0.0,"gold_gain":0.0,"event_name":"Golden Wing","player_choice":"Card Removal","floor":7.0,"gold_loss":0.0,"damage_taken":7.0},{"cards_removed":["Strike_R"],"damage_healed":0.0,"max_hp_gain":0.0,"max_hp_loss":0.0,"gold_gain":0.0,"event_name":"Back to Basics","player_choice":"Elegance","floor":19.0,"gold_loss":0.0,"damage_taken":0.0},{"damage_healed":0.0,"max_hp_gain":0.0,"max_hp_loss":0.0,"gold_gain":0.0,"event_name":"Drug Dealer","player_choice":"Inject Mutagens","floor":20.0,"gold_loss":0.0,"damage_taken":0.0,"relics_obtained":["MutagenicStrength"]}],"is_beta":false,"boss_relics":[{"not_picked":["SacredBark","Black Star"],"picked":"Tiny House"}],"items_purged_floors":[],"is_endless":false,"potions_floor_spawned":[4,10,11,14,18],"killed_by":"Book of Stabbing","ascension_level":20}}