{"host":"c52z9ixzgdjttcmx","time":1611384769,"event":{"mods":["BaseMod","Colored Powertips","Minty Spire (QoL Compilation)","Rare Cards Sparkle","Relic Stats"],"gold_per_floor":[116,128,139,159,176,176,202,202,249,249,263,281,281,314,314,412,412,433,458,383,383,1,1,20,54,354,354,368,391,391,414,414,510,510,533,551,294,294,318,359,359,392,468,484,498,1,20,39,39,39],"floor_reached":51,"language":"ENG","playtime":4141,"items_purged":["Defend_P"],"score":1321,"play_id":"a331388d-79f6-4b87-8358-bd3bccb8d6ac","local_time":"20210123005249","is_ascension_mode":true,"campfire_choices":[{"data":"Eruption","floor":6.0,"key":"SMITH"},{"floor":13.0,"key":"REST"},{"data":"FlyingSleeves","floor":15.0,"key":"SMITH"},{"data":"LessonLearned","floor":23.0,"key":"SMITH"},{"data":"Judgement","floor":27.0,"key":"SMITH"},{"floor":32.0,"key":"REST"},{"floor":41,"key":"REST"},{"floor":49,"key":"REST"}],"circlet_count":0,"master_deck":["AscendersBane","Strike_P+1","Defend_P+1","Defend_P+1","Defend_P+1","Eruption+1","Vigilance+1","Judgement+1","FlyingSleeves+1","EmptyFist+1","Wallop+1","JustLucky","EmptyBody+1","ClearTheMind+1","LessonLearned+1","CutThroughFate+1","Sanctity+1","DeusExMachina+1","Prostrate+1","Nirvana+1","Prostrate+1","Crescendo+1","ThirdEye+1","DeusExMachina+1","ThirdEye+1","Alpha+1","CutThroughFate+1","Protect+1","Tantrum","Protect+1","Prostrate+1","EmptyBody+1","Parasite","Secret Technique+1","Establishment","SandsOfTime","Brilliance","Evaluate+1","MasterReality"],"relics":["PureWater","Dead Branch","Art of War","Golden Idol","Toxic Egg 2","Empty Cage","Ornamental Fan","Matryoshka","Damaru","Tiny Chest","Old Coin","Enchiridion","Busted Crown","Membership Card","Nunchaku","GoldenEye","Bronze Scales","Bag of Preparation","Mummified Hand","Yang","War Paint"],"acts_visited":["Exordium","TheCity","TheBeyond"],"potions_floor_usage":[50,50],"damage_taken":[{"damage":1.0,"enemies":"Cultist","floor":1.0,"turns":3.0},{"damage":0.0,"enemies":"Small Slimes","floor":2.0,"turns":2.0},{"damage":2.0,"enemies":"Jaw Worm","floor":3.0,"turns":2.0},{"damage":0.0,"enemies":"2 Fungi Beasts","floor":4.0,"turns":3.0},{"damage":7.0,"enemies":"Exordium Thugs","floor":5.0,"turns":4.0},{"damage":0.0,"enemies":"Gremlin Nob","floor":7.0,"turns":2.0},{"damage":4.0,"enemies":"Lots of Slimes","floor":11.0,"turns":4.0},{"damage":0.0,"enemies":"Blue Slaver","floor":12.0,"turns":3.0},{"damage":13.0,"enemies":"3 Sentries","floor":14.0,"turns":9.0},{"damage":42.0,"enemies":"The Guardian","floor":16.0,"turns":12.0},{"damage":3.0,"enemies":"Chosen","floor":18.0,"turns":6.0},{"damage":0.0,"enemies":"3 Byrds","floor":19.0,"turns":3.0},{"damage":1.0,"enemies":"3 Cultists","floor":24.0,"turns":5.0},{"damage":5.0,"enemies":"Book of Stabbing","floor":25.0,"turns":4.0},{"damage":0.0,"enemies":"Centurion and Healer","floor":28.0,"turns":7.0},{"damage":8.0,"enemies":"Snake Plant","floor":29.0,"turns":4.0},{"damage":0.0,"enemies":"Chosen and Byrds","floor":31.0,"turns":3.0},{"damage":33.0,"enemies":"Automaton","floor":33.0,"turns":9.0},{"damage":0.0,"enemies":"3 Shapes","floor":35.0,"turns":6.0},{"damage":0.0,"enemies":"Orb Walker","floor":36.0,"turns":4.0},{"damage":12.0,"enemies":"4 Shapes","floor":39.0,"turns":6.0},{"damage":0,"enemies":"Giant Head","floor":40,"turns":6},{"damage":5,"enemies":"Reptomancer","floor":42,"turns":5},{"damage":0,"enemies":"Spire Growth","floor":44,"turns":3},{"damage":7,"enemies":"Writhing Mass","floor":45,"turns":5},{"damage":15,"enemies":"Jaw Worm Horde","floor":47,"turns":4},{"damage":0,"enemies":"3 Darklings","floor":48,"turns":4},{"damage":1,"enemies":"Donu and Deca","floor":50,"turns":4}],"seed_played":"-9178389692822029002","potions_obtained":[{"floor":4.0,"key":"SpeedPotion"},{"floor":5.0,"key":"BlessingOfTheForge"},{"floor":11.0,"key":"CultistPotion"},{"floor":18.0,"key":"ColorlessPotion"},{"floor":24.0,"key":"BlessingOfTheForge"},{"floor":33.0,"key":"Strength Potion"},{"floor":35.0,"key":"PowerPotion"},{"floor":36.0,"key":"Fire Potion"}],"is_trial":false,"path_per_floor":["M","M","M","M","M","R","E","?","T","?","M","M","R","E","R","B",null,"M","M","?","T","$","R","M","E","T","R","M","M","?","M","R","B",null,"M","M","$","?","M","E","R","E","T","M","M","$","M","M","R","B",null],"character_chosen":"WATCHER","items_purchased":["Matryoshka","Prostrate+1","Membership Card","Nunchaku","Tantrum","Yang","War Paint","Secret Technique+1","PowerPotion","Establishment","SandsOfTime","Brilliance"],"campfire_rested":4,"item_purchase_floors":[22,22,37,37,37,46,46,46,46,46,46,46],"current_hp_per_floor":[64,64,62,62,55,55,55,41,41,41,37,37,58,45,45,3,55,52,52,52,52,52,52,51,46,46,46,46,38,22,22,43,10,57,57,57,57,50,38,38,59,54,54,54,47,47,32,32,53,52],"gold":39,"neow_bonus":"TRANSFORM_CARD","is_daily":false,"chose_seed":false,"campfire_upgraded":4,"win_rate":0.0,"timestamp":1611384769,"path_taken":["M","M","?","M","M","R","E","?","T","?","M","M","R","E","R","BOSS","M","M","?","?","$","R","M","E","T","R","M","?","?","M","R","BOSS","M","M","$","?","M","E","R","E","T","M","M","$","M","M","R","BOSS"],"items_purchased_type":["Relic","Card","Relic","Relic","Card","Relic","Relic","Card","Potion","Card","Card","Card"],"build_version":"2020-12-22","purchased_purges":1,"victory":true,"max_hp_per_floor":[72,72,72,72,72,72,72,72,72,72,72,72,72,72,72,72,72,72,72,72,72,72,72,72,72,72,72,72,72,72,72,72,72,72,72,72,72,72,72,72,72,72,72,72,72,72,72,72,72,72],"relic_stats":{"counters":[28,132],"Golden Idol":148,"Dead Branch":[235],"Yang":[54],"Bag of Preparation":[11],"War Paint":["Vigilance"],"GoldenEye":[44],"Nunchaku":[12],"Busted Crown":18,"Ornamental Fan":[184],"Mummified Hand":[27],"Bronze Scales":[42],"Tiny Chest":0,"Art of War":[13],"obtain_stats":[{"Golden Idol":10,"Dead Branch":7,"Damaru":25,"Enchiridion":30,"Yang":46,"Bag of Preparation":43,"War Paint":46,"Empty Cage":17,"GoldenEye":40,"Old Coin":26,"Nunchaku":37,"Matryoshka":22,"Busted Crown":34,"Ornamental Fan":21,"Mummified Hand":43,"Bronze Scales":42,"Tiny Chest":26,"Art of War":9,"Membership Card":37,"PureWater":0,"Toxic Egg 2":14},{"Golden Idol":6,"Dead Branch":6,"Damaru":14,"Enchiridion":16,"Yang":25,"Bag of Preparation":23,"War Paint":25,"Empty Cage":10,"GoldenEye":22,"Old Coin":14,"Nunchaku":20,"Matryoshka":12,"Busted Crown":18,"Ornamental Fan":12,"Mummified Hand":23,"Bronze Scales":23,"Tiny Chest":14,"Art of War":6,"Membership Card":20,"PureWater":0,"Toxic Egg 2":9},{"Golden Idol":16,"Dead Branch":16,"Damaru":62,"Enchiridion":73,"Yang":120,"Bag of Preparation":112,"War Paint":120,"Empty Cage":44,"GoldenEye":107,"Old Coin":62,"Nunchaku":95,"Matryoshka":53,"Busted Crown":85,"Ornamental Fan":53,"Mummified Hand":112,"Bronze Scales":112,"Tiny Chest":62,"Art of War":16,"Membership Card":95,"PureWater":0,"Toxic Egg 2":32}]},"card_choices":[{"not_picked":["ClearTheMind","JustLucky"],"picked":"FlyingSleeves","floor":1.0},{"not_picked":["FlyingSleeves","Protect"],"picked":"EmptyFist","floor":2.0},{"not_picked":["EmptyBody","LikeWater"],"picked":"Wallop","floor":3.0},{"not_picked":["BowlingBash","Swivel"],"picked":"JustLucky","floor":4.0},{"not_picked":["CrushJoints","Adaptation"],"picked":"EmptyBody","floor":5.0},{"not_picked":["Indignation","Meditate"],"picked":"ClearTheMind","floor":7.0},{"not_picked":["Adaptation","Prostrate"],"picked":"LessonLearned","floor":11.0},{"not_picked":["FlyingSleeves","EmptyFist"],"picked":"CutThroughFate","floor":12.0},{"not_picked":["SashWhip","BowlingBash"],"picked":"Sanctity+1","floor":14.0},{"not_picked":["Devotion","DevaForm"],"picked":"DeusExMachina+1","floor":16.0},{"not_picked":["EmptyFist","Evaluate+1"],"picked":"Prostrate+1","floor":18.0},{"not_picked":["Swivel+1","SandsOfTime"],"picked":"Nirvana","floor":19.0},{"not_picked":["BowlingBash","Evaluate+1"],"picked":"Crescendo+1","floor":24.0},{"not_picked":["Evaluate+1","PathToVictory+1"],"picked":"ThirdEye+1","floor":25.0},{"not_picked":["CutThroughFate+1","PathToVictory+1"],"picked":"DeusExMachina+1","floor":28.0},{"not_picked":["Study","FollowUp","Vengeance+1"],"picked":"SKIP","floor":29.0},{"not_picked":["Wireheading","Consecrate"],"picked":"ThirdEye+1","floor":31.0},{"not_picked":["Judgement+1","SpiritShield+1"],"picked":"Alpha+1","floor":33.0},{"not_picked":[],"picked":"CutThroughFate","floor":35.0},{"not_picked":[],"picked":"Protect+1","floor":36.0},{"not_picked":[],"picked":"Protect+1","floor":39.0},{"not_picked":["Conclude"],"picked":"SKIP","floor":40},{"not_picked":[],"picked":"Prostrate+1","floor":42},{"not_picked":[],"picked":"EmptyBody+1","floor":44},{"not_picked":["CrushJoints"],"picked":"SKIP","floor":45},{"not_picked":[],"picked":"Evaluate+1","floor":47},{"not_picked":[],"picked":"MasterReality","floor":48}],"player_experience":3315469,"relics_obtained":[{"floor":7.0,"key":"Dead Branch"},{"floor":9.0,"key":"Art of War"},{"floor":14.0,"key":"Toxic Egg 2"},{"floor":21.0,"key":"Ornamental Fan"},{"floor":25.0,"key":"Damaru"},{"floor":26.0,"key":"Tiny Chest"},{"floor":26.0,"key":"Old Coin"},{"floor":30.0,"key":"Enchiridion"},{"floor":40,"key":"GoldenEye"},{"floor":42,"key":"Bronze Scales"},{"floor":43,"key":"Bag of Preparation"},{"floor":43,"key":"Mummified Hand"}],"event_choices":[{"damage_healed":0.0,"max_hp_gain":0.0,"max_hp_loss":0.0,"gold_gain":0.0,"event_name":"Shining Light","player_choice":"Entered Light","floor":8.0,"gold_loss":0.0,"damage_taken":14.0,"cards_upgraded":["Defend_P","Wallop"]},{"damage_healed":0.0,"max_hp_gain":0.0,"max_hp_loss":0.0,"gold_gain":0.0,"event_name":"Golden Idol","player_choice":"Take Wound","floor":10.0,"gold_loss":0.0,"damage_taken":0.0,"relics_obtained":["Golden Idol"],"cards_obtained":["Injury"]},{"cards_removed":["Injury"],"damage_healed":0.0,"max_hp_gain":0.0,"max_hp_loss":0.0,"gold_gain":0.0,"event_name":"Beggar","player_choice":"Gave Gold","floor":20.0,"gold_loss":75.0,"damage_taken":0.0},{"damage_healed":0.0,"max_hp_gain":0.0,"max_hp_loss":0.0,"gold_gain":0.0,"event_name":"Cursed Tome","player_choice":"Obtained Book","floor":30.0,"gold_loss":0.0,"damage_taken":16.0},{"damage_healed":0.0,"max_hp_gain":0.0,"max_hp_loss":0.0,"gold_gain":0.0,"event_name":"Wheel of Change","player_choice":"Damaged","floor":38.0,"gold_loss":0.0,"damage_taken":7.0}],"is_beta":false,"boss_relics":[{"not_picked":["SacredBark","Snecko Eye"],"picked":"Empty Cage"},{"not_picked":["Coffee Dripper","Runic Pyramid"],"picked":"Busted Crown"}],"items_purged_floors":[22],"is_endless":false,"potions_floor_spawned":[4,5,11,12,14,18,24,28,33,35,36,39,47,48],"ascension_level":13}}