{"host":"89iuq2p5kwriuwfq","time":1611401398,"event":{"mods":["BaseMod","Curses Come First","Minty Spire (QoL Compilation)","Permanent Neow","StSLib"],"gold_per_floor":[111,129,148,148,148,175,195,232,258,300,310,330,330,383,383,383,383],"floor_reached":16,"language":"ENG","playtime":1246,"items_purged":[],"score":171,"play_id":"624c0783-93ad-411d-b22d-7355905152f1","local_time":"20210123112958","is_ascension_mode":true,"campfire_choices":[{"data":"Calculated Gamble","floor":13,"key":"SMITH"},{"data":"Dash","floor":15,"key":"SMITH"}],"circlet_count":0,"master_deck":["Strike_G","Strike_G","Strike_G","Strike_G","Defend_G","Defend_G","Defend_G","Defend_G","Defend_G","Survivor","Neutralize","Unload","Dash+1","Quick Slash","Calculated Gamble+1","Die Die Die","Dodge and Roll","Infinite Blades","Infinite Blades","Underhanded Strike"],"relics":["Ring of the Snake","MealTicket","CeramicFish","Strawberry","Vajra","Centennial Puzzle"],"acts_visited":["Exordium"],"potions_floor_usage":[6,8,16],"damage_taken":[{"damage":0,"enemies":"2 Louse","floor":1,"turns":2},{"damage":3,"enemies":"Jaw Worm","floor":2,"turns":4},{"damage":3,"enemies":"Small Slimes","floor":3,"turns":5},{"damage":12,"enemies":"3 Sentries","floor":6,"turns":10},{"damage":11,"enemies":"Exordium Thugs","floor":7,"turns":6},{"damage":5,"enemies":"Gremlin Nob","floor":8,"turns":4},{"damage":12,"enemies":"3 Sentries","floor":10,"turns":11},{"damage":3,"enemies":"3 Louse","floor":11,"turns":3},{"damage":0,"enemies":"Large Slime","floor":12,"turns":4},{"damage":15,"enemies":"The Guardian","floor":16,"turns":14}],"seed_played":"-7475664853474584729","potions_obtained":[{"floor":1,"key":"Swift Potion"},{"floor":6,"key":"Swift Potion"},{"floor":11,"key":"GamblersBrew"},{"floor":12,"key":"Energy Potion"}],"is_trial":false,"path_per_floor":["M","M","M","?","?","E","M","E","T","E","M","M","R","T","R","B"],"character_chosen":"THE_SILENT","items_purchased":[],"campfire_rested":0,"item_purchase_floors":[],"current_hp_per_floor":[63,60,57,57,57,45,34,29,36,24,21,21,21,21,21,6,6],"gold":383,"neow_bonus":"ONE_RANDOM_RARE_CARD","is_daily":false,"chose_seed":false,"campfire_upgraded":2,"win_rate":0.0,"timestamp":1611401398,"path_taken":["M","M","M","?","?","E","M","E","T","E","M","M","R","?","R","BOSS"],"items_purchased_type":[],"build_version":"2020-12-22","purchased_purges":0,"victory":false,"max_hp_per_floor":[70,70,70,70,70,70,70,70,77,77,77,77,77,77,77,77,77],"card_choices":[{"not_picked":["Distraction","Catalyst","Deflect"],"picked":"SKIP","floor":1},{"not_picked":["PiercingWail","Outmaneuver"],"picked":"Dash","floor":2},{"not_picked":["Terror","Deadly Poison"],"picked":"Quick Slash","floor":3},{"not_picked":["Accuracy","Escape Plan"],"picked":"Die Die Die","floor":6},{"not_picked":["Skewer","Bane"],"picked":"Dodge and Roll","floor":7},{"not_picked":["Prepared","Deflect"],"picked":"Infinite Blades","floor":8},{"not_picked":["Poisoned Stab","Crippling Poison"],"picked":"Infinite Blades","floor":10},{"not_picked":["Deadly Poison","Acrobatics","Terror"],"picked":"SKIP","floor":11},{"not_picked":["Prepared","Predator"],"picked":"Underhanded Strike","floor":12}],"player_experience":549038,"relics_obtained":[{"floor":6,"key":"MealTicket"},{"floor":8,"key":"CeramicFish"},{"floor":9,"key":"Strawberry"},{"floor":10,"key":"Vajra"},{"floor":14,"key":"Centennial Puzzle"}],"event_choices":[{"damage_healed":0,"gold_gain":0,"cards_transformed":["Strike_G"],"player_choice":"Change","damage_taken":0,"max_hp_gain":0,"max_hp_loss":0,"event_name":"Living Wall","floor":4,"gold_loss":0,"cards_obtained":["Calculated Gamble"]},{"damage_healed":0,"gold_gain":0,"player_choice":"Ignored","damage_taken":0,"max_hp_gain":0,"max_hp_loss":0,"event_name":"Liars Game","floor":5,"gold_loss":0}],"is_beta":false,"boss_relics":[],"items_purged_floors":[],"is_endless":false,"potions_floor_spawned":[1,6,11,12],"killed_by":"The Guardian","ascension_level":8}}