{"host":"njruw0b0uprlitpx","time":1611375272,"event":{"mods":["2.2 Compatiblity","Astrologer","Bartender","BaseMod","Better Altar","Better Match","Better Note","Better Sensory Stone","Better Skull","Better Third Choice","BetterRewards","Block Reminder","Colored Map","Colored Powertips","Energized Spire","Jedi Mod","Keyboard Shortcuts","Magitek Elite","Minty Spire (QoL Compilation)","Quick Restart","Rare Cards Sparkle","Relic Stats","Replay The Spire","SacredBarkPlus","Spicy Shops","StSLib","SuperFastMode","The Blackbeard","The Construct","The Dragon Tamer","The Mystic"],"gold_per_floor":[109,169,41,41,41,41,53,80,80,97,132,12,27,38,38,136,136,148,148,161,436,63,91,115,115,115,129,129,156,156,171,171,272,222,232,232,16,16,28,28,28,28,28,0,12,24,24,43,43,43],"floor_reached":51,"language":"ENG","playtime":2665,"items_purged":["Doubt","Regret","Defend_L"],"score":1018,"play_id":"90e3372f-11c5-4006-b05e-31a299c27572","local_time":"20210122221432","is_ascension_mode":false,"campfire_choices":[{"data":"Stop","floor":6.0,"key":"SMITH"},{"floor":15.0,"key":"REST"},{"data":"Quick","floor":28.0,"key":"SMITH"},{"floor":30.0,"key":"REST"},{"data":"Lightbringer","floor":32.0,"key":"SMITH"},{"data":"Aero","floor":40,"key":"SMITH"},{"data":"Float2_Spell","floor":42,"key":"SMITH"},{"data":"Stop","floor":49,"key":"SMITH"}],"circlet_count":0,"master_deck":["Strike_L","Strike_L","Strike_L","Strike_L","Defend_L","Defend_L","Defend_L","Defend_L","Fire2","Cure","Flametongue+1","Bravery+1","Replay:BasicMightCard+1","Dark","Flametongue","Dispel","Rasp","Float2_Spell+1","Blizzard_P","Magnus_Hat","Focus","Falchion","Blood_Hilt+1","Gaia_Gear","Lightbringer+1","Aero","Remember+1","Thunder_P","Quick+1","Water","Faith+1","Valor+1","Thunder_P","Meltdown+1","Might+1","Strike_L","Trance+1","Faith+1","Slow+1","Icebrand","Esuna","Gaia_Gear+1","Rune_Blade+1","Water","Icebrand+1","Aero","Stop+1"],"relics":["Pendant","Lizard Tail","jedi:archwizardhat","Juzu Bracelet","Membership Card","Strawberry","Calipers","jedi:HeartOfTheCards","Orrery","Frozen Egg 2","Iron Hammer","Quantum Egg","Vajra","Bottled Tornado","Sozu","Gremlin Food","White Beast Statue","ReplayTheSpireMod:Lightbulb","Dream Catcher","Prayer Wheel","Bag of Marbles","energizedSpire:HugeHouse","Guide Book","Pear","Darkstone Periapt","Red Mask"],"acts_visited":["Exordium","TheCity","TheBeyond"],"potions_floor_usage":[],"damage_taken":[{"damage":1.0,"enemies":"Cultist","floor":1.0,"turns":4.0},{"damage":0.0,"enemies":"2 Louse","floor":7.0,"turns":3.0},{"damage":10.0,"enemies":"Replay:BlueRogue","floor":8.0,"turns":6.0},{"damage":3.0,"enemies":"Jaw Worm","floor":10.0,"turns":3.0},{"damage":33.0,"enemies":"Gremlin Nob","floor":11.0,"turns":6.0},{"damage":3.0,"enemies":"Large Slime","floor":13.0,"turns":3.0},{"damage":5.0,"enemies":"2 Fungi Beasts","floor":14.0,"turns":2.0},{"damage":6.0,"enemies":"The Guardian","floor":16.0,"turns":8.0},{"damage":0.0,"enemies":"Spheric Guardian","floor":18.0,"turns":4.0},{"damage":15.0,"enemies":"3 Byrds","floor":20.0,"turns":2.0},{"damage":9.0,"enemies":"Book of Stabbing","floor":23.0,"turns":4.0},{"damage":3.0,"enemies":"3 Cultists","floor":27.0,"turns":4.0},{"damage":16.0,"enemies":"Slavers","floor":29.0,"turns":5.0},{"damage":4.0,"enemies":"Cultist and Chosen","floor":31.0,"turns":4.0},{"damage":17.0,"enemies":"Collector","floor":33.0,"turns":8.0},{"damage":10.0,"enemies":"3 Shapes","floor":35.0,"turns":2.0},{"damage":0,"enemies":"Orb Walker","floor":39,"turns":1},{"damage":0,"enemies":"Transient","floor":45,"turns":5},{"damage":3,"enemies":"Writhing Mass","floor":46,"turns":2},{"damage":9,"enemies":"Jaw Worm Horde","floor":48,"turns":4},{"damage":64,"enemies":"Awakened One","floor":50,"turns":8}],"seed_played":"5178504467310503937","potions_obtained":[{"floor":1.0,"key":"Elixir"},{"floor":8.0,"key":"Energy Potion"},{"floor":11.0,"key":"Weak Potion"},{"floor":16.0,"key":"LiquidBronze"}],"is_trial":false,"path_per_floor":["M","?","$","?","?","R","M","E","T","M","E","$","M","M","R","B",null,"M","?","M","?","$","E","T","?","T","M","R","E","R","M","R","B",null,"M","?","$","?","M","R","?","R","T","?","M","M","$","M","R","B",null],"character_chosen":"MAGITEKELITE","items_purchased":["Flametongue+1","jedi:archwizardhat","Juzu Bracelet","Membership Card","Strawberry","Bravery","jedi:HeartOfTheCards","Replay:BasicMightCard","Thunder_Blade","Orrery","Float2_Spell","Frozen Egg 2","Bottled Tornado","Remember","Thunder_P","Quick","Gremlin Food","Guide Book","Icebrand","Esuna","Pear"],"campfire_rested":2,"item_purchase_floors":[0,0,0,0,0,0,0,0,0,0,0,3,12,22,22,22,22,37,37,37,37],"current_hp_per_floor":[69,69,69,69,69,69,69,59,59,56,32,32,29,24,45,52,70,70,70,61,61,61,54,54,54,54,62,62,52,70,66,66,55,65,57,57,67,67,67,67,67,67,67,67,71,70,70,61,61,5],"gold":43,"neow_bonus":"","is_daily":false,"chose_seed":false,"campfire_upgraded":6,"win_rate":0.0,"timestamp":1611375272,"path_taken":["M","?","$","?","?","R","M","E","T","M","E","$","M","M","R","BOSS","M","?","M","?","$","E","?","?","T","M","R","E","R","M","R","BOSS","M","?","$","?","M","R","?","R","T","?","M","M","$","M","R","BOSS"],"items_purchased_type":["Card","Relic","Relic","Relic","Relic","Card","Relic","Card","Card","Relic","Card","Relic","Relic","Card","Card","Card","Relic","Relic","Card","Card","Relic"],"build_version":"2020-12-22","purchased_purges":3,"victory":true,"max_hp_per_floor":[70,70,70,70,70,70,70,70,70,70,70,70,70,70,70,70,70,70,70,70,70,70,70,70,70,70,70,70,70,70,70,70,70,65,65,65,75,71,71,71,71,71,71,71,71,71,71,71,71,71],"relic_stats":{"Sozu":18,"Darkstone Periapt":0,"Lizard Tail":0,"Dream Catcher":1,"counters":[50,194],"Prayer Wheel":8,"Juzu Bracelet":4,"obtain_stats":[{"Calipers":0,"Vajra":37,"Bottled Tornado":12,"Blood Vial":6,"Sozu":17,"Lizard Tail":43,"jedi:paperlyon":34,"Strawberry":0,"Prayer Wheel":26,"Iron Hammer":8,"Kunai":26,"Sneakers":0,"Pear":37,"ReplayTheSpireMod:CursedCoin":14,"Dead Branch":40,"Counterbalance":42,"Letter Opener":9,"jedi:HeartOfTheCards":0,"jedi:heavyjacket":48,"Onion Ring":42,"StrikeDummy":31,"Darkstone Periapt":43,"Lantern":43,"Juzu Bracelet":0,"jedi:archwizardhat":0,"White_Cape":42,"Dream Catcher":46,"Red Mask":24,"energizedSpire:HugeHouse":34,"Guardian:BottledAnomaly":37,"Replay:Bottled Eggs":37,"Gremlin Food":22,"BargainBundle":42,"ReplayTheSpireMod:Ninjato":19,"NeowsBlessing":0,"Guide Book":37,"Quantum Egg":9,"Frozen Egg 2":3,"energizedSpire:DeadBattery":17,"White Beast Statue":23,"Mercury Hourglass":20,"Anchor":42,"Pendant":0,"Orrery":0,"Turnip":31,"Bag of Marbles":41,"Membership Card":14,"hexamod:BolsterEngine":13,"ReplayTheSpireMod:Lightbulb":24},{"Calipers":29,"Vajra":17,"Bottled Tornado":34,"Blood Vial":4,"Sozu":37,"Lizard Tail":21,"jedi:paperlyon":16,"Strawberry":29,"Prayer Wheel":40,"Iron Hammer":32,"Kunai":10,"Sneakers":0,"Pear":45,"ReplayTheSpireMod:CursedCoin":6,"Dead Branch":20,"Counterbalance":21,"Letter Opener":4,"jedi:HeartOfTheCards":29,"jedi:heavyjacket":28,"Onion Ring":24,"StrikeDummy":15,"Darkstone Periapt":46,"Lantern":24,"Juzu Bracelet":29,"jedi:archwizardhat":29,"White_Cape":24,"Dream Catcher":22,"Red Mask":10,"energizedSpire:HugeHouse":44,"Guardian:BottledAnomaly":17,"Replay:Bottled Eggs":17,"Gremlin Food":39,"BargainBundle":24,"ReplayTheSpireMod:Ninjato":8,"NeowsBlessing":0,"Guide Book":23,"Quantum Egg":32,"Frozen Egg 2":30,"energizedSpire:DeadBattery":7,"White Beast Statue":40,"Mercury Hourglass":8,"Anchor":24,"Pendant":0,"Orrery":29,"Turnip":15,"Bag of Marbles":24,"Membership Card":6,"hexamod:BolsterEngine":6,"ReplayTheSpireMod:Lightbulb":40},{"Calipers":106,"Vajra":58,"Bottled Tornado":128,"Blood Vial":12,"Sozu":141,"Lizard Tail":67,"jedi:paperlyon":56,"Strawberry":106,"Prayer Wheel":151,"Iron Hammer":119,"Kunai":39,"Sneakers":0,"Pear":174,"ReplayTheSpireMod:CursedCoin":22,"Dead Branch":64,"Counterbalance":67,"Letter Opener":12,"jedi:HeartOfTheCards":106,"jedi:heavyjacket":98,"Onion Ring":81,"StrikeDummy":52,"Darkstone Periapt":175,"Lantern":81,"Juzu Bracelet":106,"jedi:archwizardhat":106,"White_Cape":81,"Dream Catcher":70,"Red Mask":39,"energizedSpire:HugeHouse":172,"Guardian:BottledAnomaly":58,"Replay:Bottled Eggs":58,"Gremlin Food":147,"BargainBundle":81,"ReplayTheSpireMod:Ninjato":34,"NeowsBlessing":0,"Guide Book":73,"Quantum Egg":119,"Frozen Egg 2":110,"energizedSpire:DeadBattery":31,"White Beast Statue":151,"Mercury Hourglass":34,"Anchor":81,"Pendant":0,"Orrery":106,"Turnip":52,"Bag of Marbles":81,"Membership Card":22,"hexamod:BolsterEngine":22,"ReplayTheSpireMod:Lightbulb":151}]},"card_choices":[{"not_picked":["Quake","Gaia_Gear"],"picked":"Dark","floor":0.0},{"not_picked":["Heavy_Shield","Magnus_Hat"],"picked":"Flametongue","floor":0.0},{"not_picked":["Barrier","Transpose_P"],"picked":"Dispel","floor":0.0},{"not_picked":["Falchion","Dispel"],"picked":"Stop","floor":0.0},{"not_picked":["Water","Thunder_Blade"],"picked":"Rasp","floor":0.0},{"not_picked":["Flametongue","Focus"],"picked":"Blizzard_P","floor":1.0},{"not_picked":["Vox","Throw"],"picked":"Magnus_Hat","floor":7.0},{"not_picked":["Protect_M+1","Meltdown"],"picked":"Focus","floor":8.0},{"not_picked":["Float2_Spell+1","Man_Eater","Magnus_Hat"],"picked":"SKIP","floor":10.0},{"not_picked":["Vox","Magnus_Hat"],"picked":"Falchion","floor":11.0},{"not_picked":["Circlet","Force_Armor"],"picked":"Blood_Hilt+1","floor":13.0},{"not_picked":["Magus_Robe","Tornado+1"],"picked":"Gaia_Gear","floor":14.0},{"not_picked":["Gravity","Mama"],"picked":"Lightbringer","floor":16.0},{"not_picked":["Man_Eater","Dispel"],"picked":"Aero","floor":18.0},{"not_picked":["Holy","Flare+1","Poisona+1"],"picked":"SKIP","floor":20.0},{"not_picked":["Falchion","Magnus_Hat","Tornado+1"],"picked":"SKIP","floor":23.0},{"not_picked":["Quake","Bravery+1"],"picked":"Water","floor":27.0},{"not_picked":["Transfusion","Flametongue"],"picked":"Faith+1","floor":27.0},{"not_picked":["Falchion","Crystal_Sword"],"picked":"Valor","floor":29.0},{"not_picked":["Magnus_Hat+1","Mythril_Knife"],"picked":"Thunder_P","floor":31.0},{"not_picked":["Tornado+1","Holy+1"],"picked":"Meltdown+1","floor":31.0},{"not_picked":["Reflect+1","Remember"],"picked":"Might+1","floor":33.0},{"not_picked":["Dark","Falchion+1"],"picked":"Faith+1","floor":35},{"not_picked":["Falchion","Icebrand"],"picked":"Slow+1","floor":35},{"not_picked":["Shell+1","Vox+1"],"picked":"Gaia_Gear+1","floor":39},{"not_picked":["Transpose_P+1","Heavy_Shield"],"picked":"Rune_Blade+1","floor":39},{"not_picked":["Falchion+1","Man_Eater"],"picked":"Water","floor":45},{"not_picked":["Circlet+1","Focus","Balance+1"],"picked":"SKIP","floor":45},{"not_picked":["Gaia_Gear+1","Man_Eater+1"],"picked":"Icebrand+1","floor":46},{"not_picked":["Gladius+1","Circlet","Balance+1"],"picked":"SKIP","floor":46},{"not_picked":["Force_Armor","Throw"],"picked":"Aero","floor":48},{"not_picked":["Heavy_Shield","Shell+1"],"picked":"Stop","floor":48}],"player_experience":1586571,"relics_obtained":[{"floor":8.0,"key":"Iron Hammer"},{"floor":9.0,"key":"Quantum Egg"},{"floor":11.0,"key":"Vajra"},{"floor":23.0,"key":"White Beast Statue"},{"floor":24.0,"key":"ReplayTheSpireMod:Lightbulb"},{"floor":25.0,"key":"Dream Catcher"},{"floor":26.0,"key":"Prayer Wheel"},{"floor":29.0,"key":"Bag of Marbles"},{"floor":43,"key":"Darkstone Periapt"}],"event_choices":[{"damage_healed":0.0,"max_hp_gain":0.0,"max_hp_loss":0.0,"gold_gain":60.0,"event_name":"Golden Wing","player_choice":"Gained Gold","floor":2.0,"gold_loss":0.0,"damage_taken":0.0},{"damage_healed":0.0,"max_hp_gain":0.0,"max_hp_loss":0.0,"gold_gain":0.0,"event_name":"Living Wall","player_choice":"Grow","floor":5.0,"gold_loss":0.0,"damage_taken":0.0,"cards_upgraded":["Bravery"]},{"cards_removed":["Stop"],"damage_healed":0.0,"max_hp_gain":0.0,"max_hp_loss":0.0,"gold_gain":0.0,"event_name":"betterNote:BetterNote","player_choice":"Give","floor":19.0,"gold_loss":0.0,"damage_taken":0.0,"cards_obtained":["None"]},{"damage_healed":0.0,"max_hp_gain":0.0,"max_hp_loss":0.0,"gold_gain":275.0,"event_name":"Golden Shrine","player_choice":"Desecrate","floor":21.0,"gold_loss":0.0,"damage_taken":0.0,"cards_obtained":["Regret"]},{"damage_healed":0,"gold_gain":0,"player_choice":"Upgraded","damage_taken":0,"max_hp_gain":0,"max_hp_loss":0,"event_name":"Upgrade Shrine","floor":36,"gold_loss":0,"cards_upgraded":["Valor"]},{"damage_healed":0,"gold_gain":0,"player_choice":"Max HP","damage_taken":0,"max_hp_gain":0,"max_hp_loss":4,"event_name":"Winding Halls","floor":38,"gold_loss":0},{"cards_removed":["Thunder_Blade"],"damage_healed":0,"gold_gain":0,"player_choice":"Removed Attack","damage_taken":0,"max_hp_gain":0,"max_hp_loss":0,"event_name":"Falling","floor":41,"gold_loss":0},{"damage_healed":0,"gold_gain":0,"player_choice":"Paid","damage_taken":0,"relics_obtained":["Red Mask"],"max_hp_gain":0,"max_hp_loss":0,"event_name":"Tomb of Lord Red Mask","floor":44,"gold_loss":28}],"is_beta":false,"boss_relics":[{"not_picked":["Gem_Box","Velvet Choker"],"picked":"Sozu"},{"not_picked":["Memories","Black Star"],"picked":"energizedSpire:HugeHouse"}],"items_purged_floors":[0,22,22],"is_endless":false,"potions_floor_spawned":[1,8,11,16,27,29,31,33,35,39,45,46,48],"ascension_level":0}}