{"host":"94qggqh0xz0sp6ai","time":1611370861,"event":{"mods":["100% Spire Juice","Abigail Mod","Act Like it!","BaseMod","CapriCore","Downfall","Friendly Minions","Gensokyo","Hermit","Jorbs\u0027s Wanderer Trilogy","Koishi","Marisa（霧雨　魔理沙）","Minty Spire (QoL Compilation)","Permanent Neow","Reimu（博??梦）","StSLib","The Alterego","The Construct","The Cursed","The Hierophant","The Immortal","The Marked","The Servant 0.9.4","TheBandit","Waifu the Spire"],"gold_per_floor":[112,112,128,58,58,58,72,72,118,218,1,19,19,30,30,130,430,418,418,225,68,87,87,119,119,119,119,145,164,179,198,198,299,299,318,95,95,95,115,115,115,115],"floor_reached":41,"language":"ENG","playtime":1175,"items_purged":[],"score":539,"play_id":"82a7133a-1a10-4ddc-83ac-9b8e27ac14da","local_time":"20210122210101","is_ascension_mode":true,"campfire_choices":[{"data":"theMarked:ComboAttacks","floor":6,"key":"SMITH"},{"data":"theMarked:SelfDefenseTraining","floor":8,"key":"SMITH"},{"data":"theMarked:MysticalArsenal","floor":13,"key":"SMITH"},{"data":"theMarked:ResourceFulStrike","floor":15,"key":"SMITH"},{"data":"theMarked:WardOff","floor":23,"key":"SMITH"},{"data":"1","floor":25,"key":"LIFT"},{"data":"2","floor":27,"key":"LIFT"},{"data":"3","floor":32,"key":"LIFT"},{"data":"theMarked:Indomitable","floor":40,"key":"SMITH"}],"circlet_count":0,"master_deck":["theMarked:Strike","theMarked:Strike","theMarked:Strike","theMarked:Strike","theMarked:Defend","theMarked:Defend","theMarked:Defend","theMarked:Defend","theMarked:SoldierOfQuellstein","theMarked:BanishingStrike","theMarked:SelfDefenseTraining+1","theMarked:ComboAttacks+1","theMarked:ResourceFulStrike+1","theMarked:TakeOffHeels","theMarked:MysticalArsenal+1","theMarked:ChainLightning","theMarked:RepellingDischarge","theMarked:SuspiciousRaven","CurseOfTheBell","theMarked:RepellingDischarge","theMarked:Frustration","theMarked:MysticalArsenal+1","theMarked:WardOff+1","theMarked:StartUp","theMarked:DeterminationOfTheMarked","theMarked:Overcharge+1","theMarked:Indomitable+1","theMarked:Vacuum","theMarked:MysticalArsenal","Panache","theMarked:WardOff","Decay"],"relics":["theMarked:ArtifactOfAir","Happy Flower","Orichalcum","Calling Bell","Oddly Smooth Stone","theMarked:NailFile","Old Coin","Lee\u0027s Waffle","DollysMirror","Girya","InkBottle","Kunai","Cursed Key","Blue Candle"],"acts_visited":["Exordium","TheCity","TheBeyond"],"potions_floor_usage":[14,16,22,22,41],"damage_taken":[{"damage":0,"enemies":"2 Louse","floor":1,"turns":4},{"damage":0,"enemies":"Small Slimes","floor":3,"turns":3},{"damage":0,"enemies":"Cultist","floor":7,"turns":3},{"damage":10,"enemies":"Exordium Thugs","floor":12,"turns":5},{"damage":34,"enemies":"Gremlin Gang","floor":14,"turns":5},{"damage":0,"enemies":"Slime Boss","floor":16,"turns":3},{"damage":15,"enemies":"2 Thieves","floor":18,"turns":4},{"damage":0,"enemies":"Chosen","floor":22,"turns":4},{"damage":25,"enemies":"Book of Stabbing","floor":24,"turns":6},{"damage":31,"enemies":"Slavers","floor":28,"turns":4},{"damage":13,"enemies":"Sentry and Sphere","floor":29,"turns":5},{"damage":18,"enemies":"Centurion and Healer","floor":30,"turns":5},{"damage":6,"enemies":"Snecko","floor":31,"turns":5},{"damage":45,"enemies":"Collector","floor":33,"turns":8},{"damage":6,"enemies":"3 Darklings","floor":35,"turns":4},{"damage":0,"enemies":"Orb Walker","floor":39,"turns":3},{"damage":102,"enemies":"Reptomancer","floor":41,"turns":6}],"seed_played":"4385841082858380926","potions_obtained":[{"floor":1,"key":"SneckoOil"},{"floor":3,"key":"sneckomod:MuddlingPotion"},{"floor":14,"key":"DistilledChaos"},{"floor":16,"key":"ColorlessPotion"},{"floor":18,"key":"ColorlessPotion"},{"floor":19,"key":"DistilledChaos"},{"floor":19,"key":"Dexterity Potion"},{"floor":22,"key":"Fire Potion"},{"floor":31,"key":"Regen Potion"}],"is_trial":false,"path_per_floor":["M","?","M","$","?","R","M","R","T","?","$","M","R","M","R","B",null,"M","?","$","$","M","R","E","R","T","R","E","M","M","M","R","B",null,"M","$","?","?","M","R","E"],"character_chosen":"THE_DEFAULT","items_purchased":["theMarked:ComboAttacks","theMarked:TakeOffHeels","theMarked:MysticalArsenal","Lee\u0027s Waffle","theMarked:Frustration","DollysMirror","Panache","theMarked:WardOff"],"campfire_rested":0,"item_purchase_floors":[4,11,11,20,20,21,36,36],"current_hp_per_floor":[70,63,63,63,68,68,68,68,68,68,68,58,58,24,24,24,75,60,60,82,82,82,82,57,57,57,57,46,43,45,49,49,4,82,82,82,77,77,77,77,0,0],"gold":115,"neow_bonus":"RANDOM_COMMON_RELIC","is_daily":false,"chose_seed":false,"campfire_upgraded":6,"win_rate":0.0,"timestamp":1611370861,"path_taken":["M","?","M","$","?","R","M","R","T","?","$","M","R","M","R","BOSS","M","?","?","$","M","R","E","R","T","R","E","?","M","M","R","BOSS","M","$","?","?","M","R","E"],"items_purchased_type":["Card","Card","Card","Relic","Card","Relic","Card","Card"],"build_version":"2020-12-22","purchased_purges":0,"victory":false,"max_hp_per_floor":[70,70,70,70,75,75,75,75,75,75,75,75,75,75,75,75,75,75,75,82,82,82,82,82,82,82,82,82,82,82,82,82,82,82,82,82,82,82,82,82,82,82],"card_choices":[{"not_picked":["theMarked:ElectricStrings","theMarked:Overthink"],"picked":"theMarked:BanishingStrike","floor":1},{"not_picked":["theMarked:DeterminationOfTheMarked","theMarked:Improvise"],"picked":"theMarked:SelfDefenseTraining","floor":3},{"not_picked":["theMarked:Indomitable","theMarked:SwordAndMagic"],"picked":"theMarked:ResourceFulStrike","floor":7},{"not_picked":["theMarked:Overthink","theMarked:TurnInvisible"],"picked":"theMarked:ChainLightning","floor":12},{"not_picked":["theMarked:Static","theMarked:Parkour"],"picked":"theMarked:RepellingDischarge","floor":14},{"not_picked":["theMarked:MagicAdept","theMarked:Vacuum"],"picked":"theMarked:SuspiciousRaven","floor":16},{"not_picked":["theMarked:WastefulDefense","theMarked:Parry"],"picked":"theMarked:RepellingDischarge","floor":18},{"not_picked":["theMarked:SwordAndMagic","theMarked:EmpowerWeapon"],"picked":"theMarked:WardOff","floor":22},{"not_picked":["theMarked:EmpowerWeapon","theMarked:HeightenedSenses"],"picked":"theMarked:StartUp","floor":24},{"not_picked":["theMarked:ComboAttacks","theMarked:Aftermath+1"],"picked":"theMarked:DeterminationOfTheMarked","floor":28},{"not_picked":["theMarked:PowerFlow","theMarked:Aftermath","theMarked:SwordAndMagic"],"picked":"SKIP","floor":29},{"not_picked":["theMarked:TunnelVision","theMarked:Snap"],"picked":"theMarked:Overcharge+1","floor":30},{"not_picked":["theMarked:TwofoldDefense","theMarked:Frustration"],"picked":"theMarked:Indomitable","floor":31},{"not_picked":["theMarked:Levitate","theMarked:MagicAdept"],"picked":"theMarked:Vacuum","floor":33},{"not_picked":["theMarked:Frustration+1","theMarked:Reabsorb+1"],"picked":"theMarked:MysticalArsenal","floor":35},{"not_picked":["theMarked:Frustration","theMarked:WastefulDefense","theMarked:Polarize+1"],"picked":"SKIP","floor":39}],"player_experience":1413022,"relics_obtained":[{"floor":9,"key":"Orichalcum"},{"floor":17,"key":"Oddly Smooth Stone"},{"floor":17,"key":"theMarked:NailFile"},{"floor":17,"key":"Old Coin"},{"floor":24,"key":"Girya"},{"floor":26,"key":"InkBottle"},{"floor":28,"key":"Kunai"}],"event_choices":[{"cards_removed":["theMarked:Strike"],"damage_healed":0,"gold_gain":0,"player_choice":"Card Removal","damage_taken":7,"max_hp_gain":0,"max_hp_loss":0,"event_name":"Golden Wing","floor":2,"gold_loss":0},{"damage_healed":0,"gold_gain":0,"player_choice":"Donut","damage_taken":0,"max_hp_gain":5,"max_hp_loss":0,"event_name":"Big Fish","floor":5,"gold_loss":0},{"damage_healed":0,"gold_gain":100,"player_choice":"Gold","damage_taken":0,"max_hp_gain":0,"max_hp_loss":0,"event_name":"Wheel of Change","floor":10,"gold_loss":0},{"damage_healed":0,"gold_gain":0,"player_choice":"Got Potions","damage_taken":0,"max_hp_gain":0,"max_hp_loss":0,"event_name":"Lab","floor":19,"gold_loss":0},{"damage_healed":0,"gold_gain":0,"player_choice":"Cursed","damage_taken":0,"max_hp_gain":0,"max_hp_loss":0,"event_name":"Wheel of Change","floor":38,"gold_loss":0,"cards_obtained":["Decay"]}],"is_beta":false,"boss_relics":[{"not_picked":["Fusion Hammer","Black Star"],"picked":"Calling Bell"},{"not_picked":["Velvet Choker","Sozu"],"picked":"Cursed Key"}],"items_purged_floors":[],"is_endless":false,"potions_floor_spawned":[1,3,14,16,18,22,31],"killed_by":"Reptomancer","ascension_level":3}}