{"host":"5w3ov2q8o40mj89d","time":1611370766,"event":{"mods":["ATMod(阿瑾Mod)","Arknights The Spire","Bard","BaseMod","Downfall","FutureSeer","Good Game Mod","Hunter 猎人","KinomotoSakuraMod(木之本樱)","LagranYue(拉格朗・月)","Luminous","Marisa（F雨　魔理沙）","Minty Spire (QoL Compilation)","Nova Terra(诺娃・泰拉)","Reimu（博丽灵梦）","Remilia_Scarlet Moed（蕾米莉亚・斯卡雷特）3.3.5","Remilia（蕾米莉亚）","RumiaBox-露米娅的神秘盒子","StSLib","Td1madao Mod","The Alterego","The Blackbeard","The Construct","The Gatherer","The Hierophant","The Invoker Mod","The Runesmith","The Senshi","The Servant 0.9.4","Waifu the Spire","WarShipGirlsR/战舰少女R mod","Yakumo Yukari mod","Youmu（魂魄妖梦）","Yuri Mod","Yuyuko","vexMod"],"gold_per_floor":[110,110,210,222,240,240,240,266,266,366,398,398,415,429,429,533,533,545,561,561,521,536,536,536,536],"floor_reached":23,"language":"ZHS","playtime":2927,"items_purged":[],"score":376,"play_id":"6c5d528d-f485-48c5-8e23-f03c1c252b0d","local_time":"20210123105926","is_ascension_mode":false,"metric_token":2325,"campfire_choices":[{"data":"AT_FamilyPortrait","floor":6,"key":"SMITH"},{"data":"Gatherer:VenomBarrier","floor":12,"key":"SMITH"},{"data":"Gatherer:FragileHammer","floor":15,"key":"SMITH"}],"circlet_count":0,"master_deck":["Gatherer:Strike_Gatherer","Gatherer:Strike_Gatherer","Gatherer:Strike_Gatherer","Gatherer:Strike_Gatherer","Gatherer:Strike_Gatherer","Gatherer:Defend_Gatherer","Gatherer:Defend_Gatherer","Gatherer:Defend_Gatherer","Gatherer:Centralize","Gatherer:FlowerWhip","AT_FamilyPortrait+1","ManaRampage","Gatherer:FruitForce","Gatherer:BambuSword","Gatherer:Frenzy","Gatherer:AromaProtection","Gatherer:FragileHammer","Gatherer:FlowerShield","Gatherer:CarefulStrike","Gatherer:VenomBarrier+1","Gatherer:QuickSynthesis","downfall:Haunted","downfall:Haunted","yuri:RhapsodyCurse","Gatherer:CursedBlade","Normality","Normality","Writhe","Gatherer:AlchemyTrial","Gatherer:FragileHammer+1","Gatherer:PoisonMastery","Gatherer:Frenzy","Gatherer:BomberForm","Gatherer:HeartToFruit","Gatherer:WoolGloves","Gatherer:BambuSword","Gatherer:RecoveryHerb","Envy_TH","Gatherer:CarefulStrike+1","Gatherer:RecipeChange"],"relics":["Gatherer:AlchemyBag","AT_ATBox","REME:ComplimentaryCards","LagranYue:RandomDrawCardRelic","NeowsBlessing","vexMod:InvisibilityCloak","StoneCalendar","vexMod:Dragonfruit","Darkstone Periapt","AT_BellDemon","FossilizedHelix","AT_ArchangelStaff","LagranYue:ContractPerformanceRelic"],"acts_visited":["Exordium","TheCity"],"potions_floor_usage":[16,23],"damage_taken":[{"damage":0,"enemies":"2 Louse","floor":1,"turns":1},{"damage":0,"enemies":"Cultist","floor":4,"turns":1},{"damage":0,"enemies":"Small Slimes","floor":5,"turns":1},{"damage":7,"enemies":"Gremlin Nob","floor":8,"turns":3},{"damage":19,"enemies":"3 Sentries","floor":11,"turns":3},{"damage":0,"enemies":"2 Fungi Beasts","floor":13,"turns":1},{"damage":0,"enemies":"Blue Slaver","floor":14,"turns":2},{"damage":33,"enemies":"The Guardian","floor":16,"turns":5},{"damage":21,"enemies":"2 Thieves","floor":18,"turns":4},{"damage":2,"enemies":"Chosen","floor":19,"turns":2},{"damage":9,"enemies":"Snecko","floor":22,"turns":4},{"damage":100,"enemies":"Book of Stabbing","floor":23,"turns":4}],"seed_played":"8832805169768988531","potions_obtained":[{"floor":4,"key":"Guardian:BlockOnCardUsePotion"},{"floor":11,"key":"EntropicBrew"},{"floor":14,"key":"BlessingOfTheForge"}],"is_trial":false,"path_per_floor":["M","?","?","M","M","R","?","E","T","?","E","R","M","M","R","B",null,"M","M","?","?","M","E"],"character_chosen":"THE_GATHERER","items_purchased":[],"campfire_rested":0,"item_purchase_floors":[],"current_hp_per_floor":[76,76,76,76,76,76,69,62,67,108,89,89,89,89,89,56,122,101,99,105,105,96,0,0,0],"gold":536,"neow_bonus":"THREE_ENEMY_KILL","is_daily":false,"chose_seed":false,"campfire_upgraded":3,"win_rate":0.0,"timestamp":1611370766,"path_taken":["M","?","?","M","?","R","?","E","T","?","E","R","M","M","R","BOSS","M","M","?","?","?","E"],"items_purchased_type":[],"build_version":"2020-12-22","purchased_purges":0,"victory":false,"max_hp_per_floor":[76,76,76,76,76,76,76,76,81,122,122,122,122,122,122,122,122,122,122,128,128,128,128,128,128],"card_choices":[{"not_picked":["Gatherer:AromaProtection","Gatherer:Convert"],"picked":"Gatherer:FruitForce","floor":1},{"not_picked":["Gatherer:SaveValuables","Gatherer:WoolGloves"],"picked":"Gatherer:CarefulStrike","floor":4},{"not_picked":["Gatherer:AcidicSpray","Gatherer:BigPouch"],"picked":"Gatherer:VenomBarrier","floor":5},{"not_picked":["Gatherer:FlowerShield","Gatherer:ScherryThrow"],"picked":"Gatherer:QuickSynthesis","floor":8},{"not_picked":["Gatherer:FlowerPower","Gatherer:FlowerShield"],"picked":"Gatherer:AlchemyTrial","floor":11},{"not_picked":["Gatherer:Convert","Gatherer:BalancedGrowth"],"picked":"Gatherer:FragileHammer","floor":13},{"not_picked":["Gatherer:FragileHammer","Gatherer:GatherMaterial"],"picked":"Gatherer:Frenzy","floor":14},{"not_picked":["Gatherer:MindSearch","Gatherer:FinishingStrike"],"picked":"Gatherer:HeartToFruit","floor":16},{"not_picked":["Gatherer:Liquidism+1","Gatherer:SaveValuables"],"picked":"Gatherer:BambuSword","floor":18},{"not_picked":["Gatherer:PotentialSlash","Gatherer:TacticalStrike"],"picked":"Gatherer:RecoveryHerb","floor":19},{"not_picked":["Gatherer:SmartManeuver+1","Gatherer:RecipeChange"],"picked":"Gatherer:CarefulStrike+1","floor":22}],"player_experience":25560,"relics_obtained":[{"floor":8,"key":"StoneCalendar"},{"floor":9,"key":"vexMod:Dragonfruit"},{"floor":11,"key":"AT_BellDemon"},{"floor":13,"key":"FossilizedHelix"},{"floor":14,"key":"AT_ArchangelStaff"}],"event_choices":[{"damage_healed":0,"gold_gain":100,"player_choice":"Pray","damage_taken":0,"max_hp_gain":0,"max_hp_loss":0,"event_name":"Golden Shrine","floor":3,"gold_loss":0},{"damage_healed":0,"gold_gain":0,"player_choice":"Success","damage_taken":7,"relics_obtained":["vexMod:InvisibilityCloak"],"max_hp_gain":0,"max_hp_loss":0,"event_name":"Scrap Ooze","floor":7,"gold_loss":0}],"is_beta":false,"boss_relics":[{"not_picked":["Ectoplasm","Runic Dome"],"picked":"LagranYue:ContractPerformanceRelic"}],"items_purged_floors":[],"is_endless":false,"potions_floor_spawned":[4,11,14],"killed_by":"Book of Stabbing","ascension_level":0}}