{"host":"0bf1j2iyw2812bby","time":1611409491,"event":{"mods":["BaseMod","Colored Map","Downfall","Highlight Path","Minty Spire (QoL Compilation)","StSLib"],"gold_per_floor":[99,111,111,123,138,238,261,274,174,208,208,228,128,161,173,278,278,278,293,310,324,324,324,324],"floor_reached":23,"language":"ENG","playtime":1202,"items_purged":[],"score":228,"play_id":"32c44510-035a-48f6-89ab-4e791b442b3f","local_time":"20210123084451","is_ascension_mode":false,"campfire_choices":[{"data":"bronze:Replicate","floor":1,"key":"SMITH"},{"floor":9,"key":"REST"},{"floor":11,"key":"RECALL"},{"data":"bronze:ShipIt","floor":13,"key":"SMITH"},{"data":"bronze:DarkDash","floor":18,"key":"SMITH"}],"circlet_count":0,"master_deck":["bronze:Strike","bronze:Defend","bronze:Defend","bronze:Defend","bronze:Defend","bronze:Replicate+1","bronze:Goto+1","bronze:BronzeOrb","bronze:Shell","bronze:DarkDash+1","bronze:ShipIt+1","bronze:Shield","bronze:Mutator+1","bronze:BugBarrage","bronze:BuggyMess","bronze:Shield","bronze:BugBarrage","bronze:Shield"],"relics":["Velvet Choker","downfall:HeartBlessingBlue","Sundial","downfall:HeartBlessingRed","FossilizedHelix","bronze:MakeshiftBattery"],"acts_visited":["Exordium","TheCity"],"potions_floor_usage":[14],"damage_taken":[{"damage":5,"enemies":"2 Louse","floor":2,"turns":3},{"damage":0,"enemies":"Jaw Worm","floor":4,"turns":3},{"damage":0,"enemies":"Cultist","floor":5,"turns":3},{"damage":41,"enemies":"downfall:Heads","floor":6,"turns":5},{"damage":2,"enemies":"3 Louse","floor":8,"turns":4},{"damage":5,"enemies":"Lagavulin","floor":10,"turns":7},{"damage":0,"enemies":"Lots of Slimes","floor":12,"turns":5},{"damage":0,"enemies":"3 Sentries","floor":14,"turns":5},{"damage":0,"enemies":"2 Fungi Beasts","floor":15,"turns":2},{"damage":4,"enemies":"SI_SHIV_ARCHETYPE","floor":16,"turns":8},{"damage":0,"enemies":"Spheric Guardian","floor":19,"turns":3},{"damage":5,"enemies":"3 Byrds","floor":20,"turns":6},{"damage":0,"enemies":"Centurion and Healer","floor":21,"turns":7},{"damage":36,"enemies":"Slavers","floor":23,"turns":3}],"seed_played":"262446208854571462","potions_obtained":[{"floor":5,"key":"Energy Potion"},{"floor":10,"key":"DistilledChaos"},{"floor":14,"key":"champ:CounterPotion"},{"floor":16,"key":"SmokeBomb"},{"floor":19,"key":"CultistPotion"}],"is_trial":false,"path_per_floor":["R","M","?","M","M","?","T","M","R","E","R","M","R","E","M","B",null,"R","M","M","M","?","E"],"character_chosen":"THE_AUTOMATON","items_purchased":[],"campfire_rested":1,"item_purchase_floors":[],"current_hp_per_floor":[70,65,65,65,65,24,24,22,56,51,51,51,51,51,51,47,80,80,80,75,75,75,39,39],"gold":324,"neow_bonus":"BOSS_RELIC","is_daily":false,"chose_seed":false,"campfire_upgraded":3,"win_rate":0.0,"timestamp":1611409491,"path_taken":["R","M","?","M","M","?","T","M","R","E","R","M","R","E","M","BOSS","R","M","M","M","?","E"],"items_purchased_type":[],"build_version":"2020-12-13","purchased_purges":0,"victory":false,"max_hp_per_floor":[70,70,70,70,70,70,70,70,80,80,80,80,80,80,80,80,80,80,80,80,80,80,80,80],"card_choices":[{"not_picked":["bronze:DelayedSlice","bronze:FineTuning"],"picked":"bronze:BronzeOrb","floor":2},{"not_picked":["bronze:OilSpill","bronze:Branch"],"picked":"bronze:DarkDash","floor":4},{"not_picked":["bronze:BitShift","bronze:Repair"],"picked":"bronze:ShipIt","floor":5},{"not_picked":["bronze:Refactor","bronze:BronzeArmor"],"picked":"bronze:Shield","floor":6},{"not_picked":["bronze:Flail","bronze:Branch"],"picked":"bronze:BugBarrage","floor":8},{"not_picked":["bronze:Flail","bronze:Iterate"],"picked":"bronze:BuggyMess","floor":10},{"not_picked":["bronze:Iterate","bronze:Turbo"],"picked":"bronze:Shield","floor":12},{"not_picked":["bronze:GetLatest","bronze:CutThrough","bronze:FineTuning"],"picked":"SKIP","floor":14},{"not_picked":["bronze:ForLoop","bronze:Invalidate"],"picked":"bronze:BugBarrage","floor":15},{"not_picked":["bronze:ForLoop+1","bronze:Constructor","bronze:Deprecate"],"picked":"SKIP","floor":19},{"not_picked":["bronze:WhirlingStrike","bronze:DelayedSlice","bronze:Frontload+1"],"picked":"SKIP","floor":20},{"not_picked":["bronze:FineTuning+1","bronze:NullPointer"],"picked":"bronze:Shield","floor":21}],"player_experience":380338,"relics_obtained":[{"floor":10,"key":"Sundial"},{"floor":14,"key":"FossilizedHelix"}],"event_choices":[],"is_beta":false,"boss_relics":[{"not_picked":["Black Star","Tiny House"],"picked":"bronze:MakeshiftBattery"}],"items_purged_floors":[],"is_endless":false,"potions_floor_spawned":[5,10,14,16,19],"killed_by":"Slavers","ascension_level":0}}