{"host":"g907ck67u7c3hrs6","time":1611377387,"event":{"mods":["BaseMod","Colored Map","DeckTracker","Highlight Path","Keyboard Shortcuts","Minty Spire (QoL Compilation)","Permanent Neow","Say the Spire","SuperFastMode"],"gold_per_floor":[114,114,64,79,94,94,124,124,124,52,82,82,97,112,112,212,212,227,78,88,41,56,71,101,116,116,446,446,461,476,506,506,606,606,621,621,636,651,347,377,427,442,442,362,362,377,407,407,422,422,422],"floor_reached":52,"language":"KOR","playtime":1774,"items_purged":["Normality","Writhe"],"score":1009,"play_id":"2bef7dbc-969e-40ff-9f73-b28d0217f420","local_time":"20210123134947","daily_mods":["Cursed Run","Purple Cards","DeadlyEvents"],"is_ascension_mode":false,"campfire_choices":[{"data":"Bash","floor":6,"key":"SMITH"},{"data":"Limit Break","floor":12,"key":"SMITH"},{"data":"Prostrate","floor":15,"key":"SMITH"},{"data":"Sword Boomerang","floor":28,"key":"SMITH"},{"data":"Pommel Strike","floor":32,"key":"SMITH"},{"data":"Entrench","floor":45,"key":"SMITH"},{"data":"Barricade","floor":50,"key":"SMITH"}],"circlet_count":0,"master_deck":["Strike_R","Strike_R","Defend_R","Defend_R+1","Defend_R","Defend_R","Bash+1","Prostrate+1","Metallicize","Seeing Red","Flame Barrier","Limit Break+1","Flame Barrier","Pommel Strike+1","Parasite","Impervious","CurseOfTheBell","Pommel Strike+1","Reaper","Sword Boomerang+1","Power Through","Second Wind","Writhe","Protect+1","Limit Break+1","Entrench+1","WaveOfTheHand","Barricade+1","Offering","Heavy Blade+1","Clumsy","Body Slam+1","Normality"],"relics":["Cursed Key","Darkstone Periapt","Du-Vu Doll","Turnip","InkBottle","Bag of Preparation","Calling Bell","Oddly Smooth Stone","Paper Frog","Pocketwatch","Red Mask","The Courier","Kunai","Old Coin","Toy Ornithopter","Runic Dome","Potion Belt","War Paint","Peace Pipe","Lizard Tail","Anchor"],"acts_visited":["Exordium","TheCity","TheBeyond"],"potions_floor_usage":[11,51,51,51],"damage_taken":[{"damage":1,"enemies":"Jaw Worm","floor":1,"turns":3},{"damage":0,"enemies":"2 Louse","floor":4,"turns":3},{"damage":0,"enemies":"Cultist","floor":5,"turns":4},{"damage":15,"enemies":"Lagavulin","floor":7,"turns":7},{"damage":20,"enemies":"3 Sentries","floor":11,"turns":11},{"damage":5,"enemies":"Exordium Thugs","floor":13,"turns":6},{"damage":1,"enemies":"Exordium Wildlife","floor":14,"turns":3},{"damage":25,"enemies":"Hexaghost","floor":16,"turns":11},{"damage":0,"enemies":"3 Byrds","floor":18,"turns":3},{"damage":51,"enemies":"Masked Bandits","floor":20,"turns":7},{"damage":0,"enemies":"Spheric Guardian","floor":22,"turns":3},{"damage":8,"enemies":"Snake Plant","floor":23,"turns":3},{"damage":2,"enemies":"Book of Stabbing","floor":24,"turns":5},{"damage":13,"enemies":"Sentry and Sphere","floor":25,"turns":6},{"damage":10,"enemies":"Gremlin Leader","floor":27,"turns":5},{"damage":0,"enemies":"Cultist and Chosen","floor":29,"turns":6},{"damage":0,"enemies":"Snake Plant","floor":30,"turns":2},{"damage":11,"enemies":"Slavers","floor":31,"turns":5},{"damage":46,"enemies":"Automaton","floor":33,"turns":7},{"damage":8,"enemies":"3 Darklings","floor":35,"turns":4},{"damage":4,"enemies":"Orb Walker","floor":37,"turns":4},{"damage":12,"enemies":"Writhing Mass","floor":38,"turns":5},{"damage":38,"enemies":"Nemesis","floor":40,"turns":9},{"damage":2,"enemies":"Mind Bloom Boss Battle","floor":41,"turns":5},{"damage":24,"enemies":"Transient","floor":42,"turns":5},{"damage":6,"enemies":"4 Shapes","floor":46,"turns":5},{"damage":6,"enemies":"Giant Head","floor":47,"turns":8},{"damage":6,"enemies":"Jaw Worm Horde","floor":49,"turns":5},{"damage":15,"enemies":"Time Eater","floor":51,"turns":8}],"seed_played":"-4692305807027556167","potions_obtained":[{"floor":5,"key":"ElixirPotion"},{"floor":7,"key":"LiquidBronze"},{"floor":11,"key":"Weak Potion"},{"floor":16,"key":"Swift Potion"},{"floor":25,"key":"Strength Potion"},{"floor":40,"key":"SkillPotion"},{"floor":41,"key":"Weak Potion"}],"is_trial":false,"path_per_floor":["M","?","?","M","M","R","E","$","T","$","E","R","M","M","R","B",null,"M","$","?","$","M","M","E","M","T","E","R","M","M","E","R","B",null,"M","?","M","M","$","E","?","M","T","$","R","M","E","?","M","R","B",null],"character_chosen":"IRONCLAD","items_purchased":["Limit Break","Reaper","Sword Boomerang","Barricade","Potion Belt"],"campfire_rested":0,"item_purchase_floors":[10,19,21,39,39],"current_hp_per_floor":[79,79,79,79,79,79,64,64,70,70,50,50,45,44,44,25,98,98,98,63,63,63,68,83,77,83,104,104,104,104,104,104,64,110,102,102,106,98,98,102,100,110,116,116,116,116,116,116,110,110,122],"gold":422,"neow_bonus":"","is_daily":true,"chose_seed":false,"campfire_upgraded":7,"win_rate":0.0,"timestamp":1611377387,"path_taken":["M","?","?","M","M","R","E","$","T","$","E","R","?","M","R","BOSS","M","$","?","?","M","?","E","M","T","E","R","M","M","E","R","BOSS","M","?","M","M","$","E","?","M","T","$","R","?","?","?","M","R","BOSS"],"items_purchased_type":["Card","Card","Card","Card","Relic"],"build_version":"2020-12-22","purchased_purges":2,"victory":true,"max_hp_per_floor":[80,80,80,80,80,80,80,80,86,86,86,86,86,86,86,92,98,98,98,98,98,98,98,98,98,104,104,104,104,104,104,104,110,110,110,110,110,110,110,110,110,110,116,116,116,116,116,116,116,116,122],"card_choices":[{"not_picked":["CrushJoints","Thunderclap"],"picked":"Prostrate","floor":1},{"not_picked":["Flex","Combust"],"picked":"Seeing Red","floor":4},{"not_picked":["FollowUp","Clash"],"picked":"Flame Barrier","floor":5},{"not_picked":["Halt","Warcry","True Grit"],"picked":"SKIP","floor":7},{"not_picked":["Flex","Anger"],"picked":"Flame Barrier","floor":11},{"not_picked":["SignatureMove","Nirvana"],"picked":"Pommel Strike","floor":13},{"not_picked":["Rage","Warcry","FollowUp"],"picked":"SKIP","floor":14},{"not_picked":["Omniscience","Scrawl"],"picked":"Impervious","floor":16},{"not_picked":["Wild Strike","Spot Weakness+1"],"picked":"Pommel Strike+1","floor":18},{"not_picked":["Feel No Pain+1","Battle Trance"],"picked":"Power Through","floor":22},{"not_picked":["Dark Embrace","Halt","Consecrate"],"picked":"SKIP","floor":23},{"not_picked":["Tantrum","EmptyBody","MasterReality"],"picked":"SKIP","floor":24},{"not_picked":["EmptyFist","BowlingBash"],"picked":"Second Wind","floor":25},{"not_picked":["Meditate","Havoc","Warcry"],"picked":"SKIP","floor":27},{"not_picked":["Havoc+1","CutThroughFate","Blood for Blood"],"picked":"SKIP","floor":29},{"not_picked":["Heavy Blade","Anger"],"picked":"Protect+1","floor":30},{"not_picked":["BowlingBash","Rupture","Armaments"],"picked":"SKIP","floor":31},{"not_picked":["Demon Form","SpiritShield"],"picked":"Limit Break","floor":33},{"not_picked":["Consecrate+1","Hemokinesis"],"picked":"Entrench","floor":35},{"not_picked":["Reckless Charge","True Grit+1","ClearTheMind+1"],"picked":"SKIP","floor":37},{"not_picked":["Spot Weakness+1","FlurryOfBlows"],"picked":"WaveOfTheHand","floor":38},{"not_picked":["Twin Strike+1","Second Wind+1","Spot Weakness+1"],"picked":"SKIP","floor":40},{"not_picked":["Pommel Strike+1","BowlingBash"],"picked":"Offering","floor":41},{"not_picked":["InnerPeace","Shrug It Off+1"],"picked":"Heavy Blade+1","floor":42},{"not_picked":["CutThroughFate+1","Blood for Blood","Thunderclap"],"picked":"SKIP","floor":46},{"not_picked":["Infernal Blade+1","Thunderclap","LikeWater"],"picked":"SKIP","floor":47},{"not_picked":["Vengeance+1","Pommel Strike"],"picked":"Body Slam+1","floor":49}],"player_experience":224069,"relics_obtained":[{"floor":7,"key":"Turnip"},{"floor":9,"key":"InkBottle"},{"floor":11,"key":"Bag of Preparation"},{"floor":17,"key":"Oddly Smooth Stone"},{"floor":17,"key":"Paper Frog"},{"floor":17,"key":"Pocketwatch"},{"floor":20,"key":"Red Mask"},{"floor":24,"key":"The Courier"},{"floor":26,"key":"Kunai"},{"floor":27,"key":"Old Coin"},{"floor":31,"key":"Toy Ornithopter"},{"floor":40,"key":"War Paint"},{"floor":41,"key":"Peace Pipe"},{"floor":43,"key":"Lizard Tail"},{"floor":47,"key":"Anchor"}],"event_choices":[{"damage_healed":0,"gold_gain":0,"cards_transformed":["Strike_R"],"player_choice":"Change","damage_taken":0,"max_hp_gain":0,"max_hp_loss":0,"event_name":"Living Wall","floor":2,"gold_loss":0,"cards_obtained":["Metallicize"]},{"cards_removed":["Strike_R"],"damage_healed":0,"gold_gain":0,"player_choice":"Card Removal","damage_taken":0,"max_hp_gain":0,"max_hp_loss":0,"event_name":"The Cleric","floor":3,"gold_loss":50},{"damage_healed":0,"gold_gain":0,"player_choice":"Fought Bandits","damage_taken":0,"max_hp_gain":0,"max_hp_loss":0,"event_name":"Masked Bandits","floor":20,"gold_loss":0},{"cards_removed":["Strike_R"],"damage_healed":0,"gold_gain":0,"player_choice":"Removed Attack","damage_taken":0,"max_hp_gain":0,"max_hp_loss":0,"event_name":"Falling","floor":36,"gold_loss":0},{"damage_healed":0,"gold_gain":0,"player_choice":"Fight","damage_taken":0,"max_hp_gain":0,"max_hp_loss":0,"event_name":"MindBloom","floor":41,"gold_loss":0}],"is_beta":false,"boss_relics":[{"not_picked":["SacredBark","SlaversCollar"],"picked":"Calling Bell"},{"not_picked":["Velvet Choker","Busted Crown"],"picked":"Runic Dome"}],"items_purged_floors":[39,44],"is_endless":false,"potions_floor_spawned":[5,7,11,16,25,27,29,33,40,41],"ascension_level":0}}