{"host":"pf47v7h0307523iy","time":1611394480,"event":{"mods":["BaseMod","Minty Spire (QoL Compilation)"],"gold_per_floor":[363,333,347,22,22,22,40,115,115,130,130,130,130,164,164,263,263,277,277,296,26,47,47,47,47,47],"floor_reached":25,"language":"ENG","playtime":1320,"items_purged":["Strike_G","Strike_G"],"score":398,"play_id":"0528f749-56b0-414b-be06-d2da94449d63","local_time":"20210123113440","is_ascension_mode":true,"campfire_choices":[{"floor":6,"key":"REST"},{"data":"Neutralize","floor":11,"key":"SMITH"},{"data":"Deadly Poison","floor":13,"key":"SMITH"},{"data":"Leg Sweep","floor":15,"key":"SMITH"},{"floor":23,"key":"REST"}],"circlet_count":0,"master_deck":["AscendersBane","Strike_G","Strike_G","Defend_G","Defend_G","Defend_G","Defend_G","Defend_G","Survivor","Neutralize+1","Deadly Poison+1","Dagger Throw","Dash","Sucker Punch","Leg Sweep+1","Bullet Time","Backflip+1","Reflex","Caltrops","Burst","Well Laid Plans","Setup+1","RitualDagger"],"relics":["Ring of the Snake","Snake Skull","Mercury Hourglass","Golden Idol","Matryoshka","SlaversCollar"],"acts_visited":["Exordium","TheCity"],"potions_floor_usage":[14,16,18,22],"damage_taken":[{"damage":14,"enemies":"Jaw Worm","floor":1,"turns":8},{"damage":0,"enemies":"Cultist","floor":3,"turns":4},{"damage":0,"enemies":"Small Slimes","floor":7,"turns":3},{"damage":0,"enemies":"2 Fungi Beasts","floor":10,"turns":3},{"damage":5,"enemies":"Lagavulin","floor":14,"turns":5},{"damage":13,"enemies":"Hexaghost","floor":16,"turns":11},{"damage":9,"enemies":"Spheric Guardian","floor":18,"turns":4},{"damage":17,"enemies":"Shell Parasite","floor":20,"turns":7},{"damage":4,"enemies":"Centurion and Healer","floor":22,"turns":11},{"damage":30,"enemies":"Slavers","floor":25,"turns":4}],"seed_played":"-6256385944839127252","potions_obtained":[{"floor":1,"key":"Strength Potion"},{"floor":2,"key":"Poison Potion"},{"floor":14,"key":"BlessingOfTheForge"},{"floor":16,"key":"CunningPotion"}],"is_trial":false,"path_per_floor":["M","?","M","$","?","R","M","?","T","M","R","?","R","E","R","B",null,"M","?","M","$","M","R","?","E"],"character_chosen":"THE_SILENT","items_purchased":["Snake Skull","Dash","Burst","Well Laid Plans"],"campfire_rested":2,"item_purchase_floors":[4,4,21,21],"current_hp_per_floor":[30,30,30,30,23,42,42,31,31,31,31,31,31,26,26,13,48,39,39,22,22,18,36,30,0,0],"gold":47,"neow_bonus":"TWO_FIFTY_GOLD","is_daily":false,"chose_seed":false,"campfire_upgraded":3,"win_rate":0.0,"timestamp":1611394480,"path_taken":["M","?","?","$","?","R","M","?","T","M","R","?","R","E","R","BOSS","M","?","M","$","?","R","?","E"],"items_purchased_type":["Relic","Card","Card","Card"],"build_version":"2020-12-22","purchased_purges":2,"victory":false,"max_hp_per_floor":[66,66,66,66,66,66,66,66,66,66,66,60,60,60,60,60,60,60,60,60,60,60,60,60,60,60],"card_choices":[{"not_picked":["Flechettes","Acrobatics"],"picked":"Deadly Poison","floor":1},{"not_picked":["Underhanded Strike","Acrobatics"],"picked":"Dagger Throw","floor":3},{"not_picked":["Slice","Prepared","Reflex"],"picked":"SKIP","floor":7},{"not_picked":["Dodge and Roll","Calculated Gamble"],"picked":"Sucker Punch","floor":10},{"not_picked":["Storm of Steel","Poisoned Stab"],"picked":"Leg Sweep","floor":14},{"not_picked":["Grand Finale","Night Terror"],"picked":"Bullet Time","floor":16},{"not_picked":["Riddle With Holes","Bane+1"],"picked":"Backflip+1","floor":18},{"not_picked":["Prepared","All Out Attack"],"picked":"Caltrops","floor":20},{"not_picked":["Dodge and Roll","Acrobatics"],"picked":"Setup+1","floor":22}],"player_experience":1675676,"relics_obtained":[{"floor":9,"key":"Mercury Hourglass"},{"floor":14,"key":"Matryoshka"}],"event_choices":[{"damage_healed":0,"gold_gain":0,"player_choice":"Bought 2 Potions","damage_taken":0,"max_hp_gain":0,"max_hp_loss":0,"event_name":"The Woman in Blue","floor":2,"gold_loss":0},{"cards_removed":["Strike_G"],"damage_healed":0,"gold_gain":0,"player_choice":"Card Removal","damage_taken":7,"max_hp_gain":0,"max_hp_loss":0,"event_name":"Golden Wing","floor":5,"gold_loss":0},{"damage_healed":0,"gold_gain":75,"player_choice":"Gather Gold","damage_taken":11,"max_hp_gain":0,"max_hp_loss":0,"event_name":"World of Goop","floor":8,"gold_loss":0},{"damage_healed":0,"gold_gain":0,"player_choice":"Lose Max HP","damage_taken":0,"relics_obtained":["Golden Idol"],"max_hp_gain":0,"max_hp_loss":6,"event_name":"Golden Idol","floor":12,"gold_loss":0},{"damage_healed":0,"gold_gain":0,"player_choice":"1 cards matched","damage_taken":0,"max_hp_gain":0,"max_hp_loss":0,"event_name":"Match and Keep!","floor":19,"gold_loss":0,"cards_obtained":["Reflex"]},{"damage_healed":0,"gold_gain":0,"player_choice":"Joined the Cult","damage_taken":6,"max_hp_gain":0,"max_hp_loss":0,"event_name":"Nest","floor":24,"gold_loss":0,"cards_obtained":["RitualDagger"]}],"is_beta":false,"boss_relics":[{"not_picked":["Tiny House","Calling Bell"],"picked":"SlaversCollar"}],"items_purged_floors":[4,21],"is_endless":false,"potions_floor_spawned":[1,14,16],"killed_by":"Slavers","ascension_level":20}}