{"host":"7vbqmauhyfxrzjp5","time":1611434654,"event":{"mods":["Act Like it!","Aspiration","BaseMod","Bestiary","Better Note","Conspire","Custom Start","Hubris","Infinite Spire","Minty Spire (QoL Compilation)","Replay The Spire","StSLib","Unceasing Turn Reminder","vexMod"],"gold_per_floor":[111,111,111,121,32,32,61,61,142,142,155,171,171,183,183,183,183,278,278,289,299,299,249,249,249,249,0,0,27,27,52,62,82,82,177,177,195,41,41,41,51,82,82,107,131,145,145,195,242,257,257,257,257,257,92,124,124],"floor_reached":58,"language":"ENG","playtime":3408,"items_purged":["Replay:Hysterical Blindness"],"score":1225,"play_id":"4befd024-449e-46de-84ad-a4197b3aa868","local_time":"20210123144414","is_ascension_mode":false,"campfire_choices":[{"data":"Replay:Dark Deal","floor":6,"key":"SMITH"},{"data":"infinitespire:Punishment","floor":10,"key":"SMITH"},{"data":"Dualcast","floor":13,"key":"SMITH"},{"data":"Beam Cell","floor":25,"key":"SMITH"},{"data":"1","floor":34,"key":"LIFT"},{"floor":43,"key":"RECALL"},{"data":"Infernal Blade","floor":54,"key":"SMITH"}],"circlet_count":0,"master_deck":["Strike_B","Strike_B","Strike_B","Defend_B","Defend_B","Defend_B","Defend_B","Zap","Dualcast+1","Coolheaded","Pot Of Greed+1","Pot Of Greed+1","Beam Cell+1","Replay:Dark Deal+1","Cold Snap","infinitespire:Punishment+1","Chill","Coolheaded","Biased Cognition","All For One+1","Double Energy+1","Panache+1","Defragment+1","Pot Of Greed+1","Fusion","Chaos+1","Echo Form","Body Slam+1","Strike_B","Strike_B","Strike_B","Defend_B","Defend_B","Defend_B","Defend_B","Zap","Dualcast+1","Coolheaded","Pot Of Greed+1","Pot Of Greed+1","Beam Cell+1","Replay:Dark Deal+1","Cold Snap","infinitespire:Punishment+1","Chill","Coolheaded","Biased Cognition","All For One","Double Energy+1","Panache+1","Defragment+1","Pot Of Greed+1","Fusion","Chaos+1","Echo Form","Body Slam+1","Pot Of Greed+1","Pot Of Greed+1","Infernal Blade+1","Stack+1","Cleave+1","Twin Strike+1","Leap+1","infinitespire:Punishment+1","Secret Weapon","Pot Of Greed+1","Body Slam+1"],"relics":["Cracked Core","NeowsBlessing","Grinning Jar","Spirit Poop","ReplayTheSpireMod:CursedCoin","DataDisk","hubris:KleinBottle","ReplayTheSpireMod:TigerMarble","conspire:DeflatedDodgeball","Black Star","FaceOfCleric","aspiration:FaultyCoupler","Question Card","hubris:BallOfYels","White Beast Statue","Girya","Replay:Ringing Soul","aspiration:IroncladSkillbook","Membership Card","hubris:Towel","Pet Ghost","Replay:Bottled Eggs","conspire:IceCreamScoop","infinitespire:Lucky Rock","Vajra","hubris:MedicalManual","hubris:BundleOfHerbs","DollysMirror","infinitespire:Joker Card","Letter Opener"],"acts_visited":["Exordium","TheCity","TheBeyond","TheEnding"],"potions_floor_usage":[57,57],"damage_taken":[{"damage":0,"enemies":"Small Slimes","floor":1,"turns":1},{"damage":0,"enemies":"2 Louse","floor":4,"turns":1},{"damage":0,"enemies":"3 Sentries","floor":7,"turns":1},{"damage":0,"enemies":"Cultist","floor":11,"turns":1},{"damage":0,"enemies":"Lots of Slimes","floor":12,"turns":3},{"damage":0,"enemies":"2 Fungi Beasts","floor":14,"turns":3},{"damage":0,"enemies":"Hexaghost","floor":18,"turns":1},{"damage":0,"enemies":"conspire:FuzzyDice","floor":20,"turns":4},{"damage":1,"enemies":"Shell Parasite","floor":21,"turns":6},{"damage":15,"enemies":"conspire:Head Lice","floor":29,"turns":3},{"damage":0,"enemies":"conspire:SneckoGhost","floor":31,"turns":2},{"damage":15,"enemies":"Centurion and Healer","floor":32,"turns":3},{"damage":1,"enemies":"Shelled Parasite and Fungi","floor":33,"turns":3},{"damage":32,"enemies":"Automaton","floor":35,"turns":10},{"damage":3,"enemies":"3 Shapes","floor":37,"turns":4},{"damage":2,"enemies":"3 Darklings","floor":41,"turns":4},{"damage":0,"enemies":"Nemesis","floor":42,"turns":3},{"damage":0,"enemies":"R_Hoarder","floor":44,"turns":4},{"damage":5,"enemies":"Transient","floor":46,"turns":4},{"damage":47,"enemies":"Mind Bloom Boss Battle","floor":48,"turns":3},{"damage":28,"enemies":"2 Orb Walkers","floor":49,"turns":3},{"damage":10,"enemies":"Writhing Mass","floor":50,"turns":4},{"damage":15,"enemies":"Replay:Hell Engine","floor":52,"turns":2},{"damage":22,"enemies":"Shield and Spear","floor":56,"turns":3},{"damage":40,"enemies":"The Heart","floor":57,"turns":5}],"seed_played":"-1229726441179492246","potions_obtained":[{"floor":11,"key":"conspire:TimeTravelPotion"},{"floor":12,"key":"LiquidBronze"},{"floor":14,"key":"EssenceOfSteel"},{"floor":33,"key":"EssenceOfDarkness"},{"floor":44,"key":"FocusPotion"},{"floor":48,"key":"DuplicationPotion"},{"floor":56,"key":"PotionOfCapacity"}],"is_trial":false,"path_per_floor":["M","?","?","M","$","R","E","$","T","R","M","M","R","M","PTL","PTL","R","B",null,"M","M","?","?","$","R","?","$","T","E","T","E","M","M","R","B",null,"M","$","?","?","M","E","R","E","T","M","?","?","?","M","R","B",null,"R","$","E","B",null],"character_chosen":"DEFECT","items_purchased":["ReplayTheSpireMod:CursedCoin","Replay:Dark Deal","hubris:KleinBottle","ReplayTheSpireMod:TigerMarble","aspiration:FaultyCoupler","Membership Card","DollysMirror","Secret Weapon"],"campfire_rested":0,"item_purchase_floors":[5,5,8,8,27,38,55,55],"current_hp_per_floor":[75,75,75,75,75,75,75,46,46,46,46,46,46,46,46,46,46,46,75,75,74,74,74,74,74,74,74,74,60,60,64,53,63,63,35,89,94,94,94,97,101,105,105,109,109,112,112,70,50,45,80,70,120,120,123,109,74],"gold":124,"neow_bonus":"THREE_ENEMY_KILL","is_daily":false,"chose_seed":false,"campfire_upgraded":5,"win_rate":0.0,"timestamp":1611434654,"path_taken":["M","?","?","?","$","R","E","?","T","R","M","M","R","M","PTL","PTL","R","BOSS","M","M","?","?","$","R","?","?","T","E","?","E","M","?","R","BOSS","M","$","?","?","?","E","R","E","T","M","?","?","?","M","R","BOSS","R","$","E","BOSS"],"items_purchased_type":["Relic","Card","Relic","Relic","Relic","Relic","Relic","Card"],"build_version":"2020-12-22","purchased_purges":1,"victory":true,"max_hp_per_floor":[75,75,75,75,75,75,75,75,75,75,75,75,75,75,75,75,75,75,75,75,75,75,75,75,75,75,75,75,76,76,80,84,85,85,89,89,94,94,94,97,101,105,105,109,109,113,113,114,118,119,119,120,120,120,123,127,128],"card_choices":[{"not_picked":["Barrage","hubris:PowerSurge"],"picked":"Coolheaded","floor":1},{"not_picked":["aspiration:Polymerization","FIFO Queue"],"picked":"Beam Cell","floor":4},{"not_picked":["conspire:Rain","Compile Driver"],"picked":"Cold Snap","floor":7},{"not_picked":["infinitespire:TheBestDefense","infinitespire:NeuralNetwork"],"picked":"infinitespire:Punishment","floor":8},{"not_picked":["Sunder","Storm"],"picked":"Chill","floor":11},{"not_picked":["Hologram","Panic Button"],"picked":"Coolheaded","floor":12},{"not_picked":["Turbo","Redo","Steam Power"],"picked":"SKIP","floor":14},{"not_picked":["Seek","Electrodynamics"],"picked":"All For One","floor":18},{"not_picked":["Redo","hubris:PowerSurge+1","Static Discharge"],"picked":"SKIP","floor":20},{"not_picked":["ReplaySort","ReplayTheSpireMod:GoodbyeWorld"],"picked":"Double Energy+1","floor":21},{"not_picked":["Static Discharge+1","Barrage"],"picked":"Defragment+1","floor":29},{"not_picked":["Turbo","Aggregate","Scrape"],"picked":"Fusion","floor":31},{"not_picked":["Streamline","BasicCrystalCard","Barrage"],"picked":"Chaos+1","floor":32},{"not_picked":["Glacier","BasicCrystalCard+1","ReplayGash+1","FTL"],"picked":"SKIP","floor":33},{"not_picked":["Machine Learning","Amplify","Buffer"],"picked":"Echo Form","floor":35},{"not_picked":["Flex+1","Beam Cell","Thunderclap+1","Self Repair"],"picked":"Body Slam+1","floor":37},{"not_picked":["Wild Strike","Sever Soul+1","ReplaySort+1","Ball Lightning+1"],"picked":"Infernal Blade","floor":41},{"not_picked":["Coolheaded","Flex+1","ReplayTheSpireMod:GoodbyeWorld","True Grit"],"picked":"Stack+1","floor":42},{"not_picked":["Sever Soul","hubris:Ukulele+1","True Grit+1","Biased Cognition"],"picked":"Cleave+1","floor":44},{"not_picked":["Cold Snap","Glacier","Clothesline","Headbutt"],"picked":"Twin Strike+1","floor":46},{"not_picked":["Heavy Blade","Twin Strike","Conserve Battery","Ball Lightning+1"],"picked":"Leap+1","floor":49},{"not_picked":["Dual Wield+1","Stack+1","Intimidate+1","Perfected Strike+1","Sword Boomerang"],"picked":"SKIP","floor":50},{"not_picked":["ReplayTheSpireMod:Repulse+1","BasicCrystalCard","Impervious","Rupture+1"],"picked":"Body Slam+1","floor":56}],"player_experience":249892,"relics_obtained":[{"floor":7,"key":"DataDisk"},{"floor":9,"key":"conspire:DeflatedDodgeball"},{"floor":29,"key":"Question Card"},{"floor":29,"key":"hubris:BallOfYels"},{"floor":30,"key":"White Beast Statue"},{"floor":31,"key":"Girya"},{"floor":31,"key":"Replay:Ringing Soul"},{"floor":42,"key":"Pet Ghost"},{"floor":42,"key":"Replay:Bottled Eggs"},{"floor":44,"key":"conspire:IceCreamScoop"},{"floor":44,"key":"infinitespire:Lucky Rock"},{"floor":45,"key":"Vajra"},{"floor":48,"key":"hubris:MedicalManual"},{"floor":49,"key":"hubris:BundleOfHerbs"},{"floor":56,"key":"infinitespire:Joker Card"},{"floor":56,"key":"Letter Opener"}],"event_choices":[{"damage_healed":0,"gold_gain":0,"player_choice":"Box","damage_taken":0,"relics_obtained":["Grinning Jar"],"max_hp_gain":0,"max_hp_loss":0,"event_name":"Big Fish","floor":2,"gold_loss":0,"cards_obtained":["Regret"]},{"cards_removed":["Regret"],"damage_healed":0,"gold_gain":0,"player_choice":"Offered Curse","damage_taken":0,"relics_obtained":["Spirit Poop"],"max_hp_gain":0,"max_hp_loss":0,"event_name":"Bonfire Elementals","floor":3,"gold_loss":0},{"damage_healed":0,"gold_gain":0,"player_choice":"Trade","damage_taken":0,"relics_obtained":["FaceOfCleric"],"max_hp_gain":0,"max_hp_loss":0,"event_name":"FaceTrader","floor":22,"gold_loss":0},{"damage_healed":0,"gold_gain":0,"player_choice":"Bet on Murderer","damage_taken":0,"max_hp_gain":0,"max_hp_loss":0,"event_name":"The Joust","floor":23,"gold_loss":50},{"cards_removed":["infinitespire:Punishment"],"damage_healed":0,"gold_gain":0,"player_choice":"Take \u0026 Give","damage_taken":0,"max_hp_gain":0,"max_hp_loss":0,"event_name":"betterNote:BetterNote","floor":26,"gold_loss":0,"cards_obtained":["Panache"]},{"damage_healed":0,"gold_gain":0,"player_choice":"Fight","damage_taken":0,"max_hp_gain":0,"max_hp_loss":0,"event_name":"MindBloom","floor":48,"gold_loss":0},{"damage_healed":0,"gold_gain":0,"player_choice":"Fight","damage_taken":0,"max_hp_gain":0,"max_hp_loss":0,"event_name":"Mysterious Sphere","floor":49,"gold_loss":0}],"is_beta":false,"boss_relics":[{"not_picked":["conspire:RoyalGoblet","Philosopher\u0027s Stone"],"picked":"Black Star"},{"not_picked":["Sozu","Astrolabe"],"picked":"aspiration:IroncladSkillbook"}],"items_purged_floors":[5],"is_endless":false,"potions_floor_spawned":[11,12,14,18,21,31,32,33,35,37,41,42,44,46,48,49,50,56],"ascension_level":0}}