{"host":"qy1e0kd24tpj3i2m","time":1611429961,"event":{"mods":["Act Like it!","Alarm Clock","BaseMod","Better Skull","Better Vampires","Colored Map","Colored Powertips","Custom Start","Faster Ascension Climbing","Friendly Minions","GifTheSpireLib","Gremlin Skip","Highlight Path","Minty Spire (QoL Compilation)","Permanent Neow","Poor People Problems","Quick Restart","Red Circlet Mod","Relic Sorter","Reorder Act Four","SacredBarkPlus","Shop Mod","StSLib","SuperFastMode","Transform Curses","没有小屋子和绿帽子啦"],"gold_per_floor":[118,118,118,129,54,81,81,81,155,171,182,182,213,122,122,122,122],"floor_reached":16,"language":"ZHS","playtime":362,"items_purged":["Regret"],"score":216,"play_id":"beb8a326-ca54-4274-94b3-73ecbf9b3e59","local_time":"20210124042601","is_ascension_mode":true,"campfire_choices":[{"floor":7.0,"key":"DIG"},{"floor":12.0,"key":"DIG"},{"floor":15.0,"key":"DIG"}],"circlet_count":0,"master_deck":["AscendersBane","Strike_R","Strike_R","Strike_R","Strike_R","Strike_R","Defend_R","Defend_R","Defend_R","Defend_R","Perfected Strike","Pommel Strike","Perfected Strike","Shrug It Off"],"relics":["Burning Blood","Shovel","Lantern","Self Forming Clay","Darkstone Periapt","Centennial Puzzle","Sundial","MerchantsRug","Regal Pillow"],"acts_visited":["Exordium"],"potions_floor_usage":[16],"damage_taken":[{"damage":3.0,"enemies":"2 Louse","floor":1.0,"turns":4.0},{"damage":21.0,"enemies":"Jaw Worm","floor":4.0,"turns":4.0},{"damage":40.0,"enemies":"3 Sentries","floor":6.0,"turns":10.0},{"damage":0.0,"enemies":"Cultist","floor":10.0,"turns":2.0},{"damage":1.0,"enemies":"Looter","floor":11.0,"turns":2.0},{"damage":6.0,"enemies":"Gremlin Nob","floor":13.0,"turns":3.0},{"damage":25,"enemies":"Slime Boss","floor":16,"turns":7}],"seed_played":"2379372705514797099","potions_obtained":[{"floor":4.0,"key":"FearPotion"},{"floor":6.0,"key":"SmokeBomb"},{"floor":13.0,"key":"SteroidPotion"}],"is_trial":false,"path_per_floor":["M","?","?","M","$","E","R","T","T","M","M","R","E","$","R","B"],"character_chosen":"IRONCLAD","items_purchased":["MerchantsRug"],"campfire_rested":0,"item_purchase_floors":[14],"current_hp_per_floor":[71,64,64,49,49,15,15,22,22,28,33,33,33,33,33,8,8],"gold":122,"neow_bonus":"THREE_CARDS","is_daily":false,"chose_seed":false,"campfire_upgraded":0,"win_rate":0.0,"timestamp":1611429961,"path_taken":["M","?","?","M","$","E","R","?","T","M","?","R","E","$","R","BOSS"],"items_purchased_type":["Relic"],"build_version":"2020-12-22","purchased_purges":1,"victory":false,"max_hp_per_floor":[75,75,75,75,75,75,75,82,82,82,82,82,82,82,82,82,82],"card_choices":[{"not_picked":["Shrug It Off","Thunderclap"],"picked":"Perfected Strike","floor":0.0},{"not_picked":["Whirlwind","Body Slam"],"picked":"Pommel Strike","floor":1.0},{"not_picked":["Thunderclap","True Grit","Armaments"],"picked":"SKIP","floor":4.0},{"not_picked":["Clothesline","Searing Blow","Anger"],"picked":"SKIP","floor":6.0},{"not_picked":["Feel No Pain","Fiend Fire"],"picked":"Perfected Strike","floor":10.0},{"not_picked":["Combust","Armaments"],"picked":"Shrug It Off","floor":11.0},{"not_picked":["Body Slam","Thunderclap","Offering"],"picked":"SKIP","floor":13.0}],"player_experience":922703,"relics_obtained":[{"floor":6.0,"key":"Lantern"},{"floor":7.0,"key":"Self Forming Clay"},{"floor":8.0,"key":"Strawberry"},{"floor":9.0,"key":"Darkstone Periapt"},{"floor":12.0,"key":"Centennial Puzzle"},{"floor":13.0,"key":"Sundial"},{"floor":15.0,"key":"Regal Pillow"}],"event_choices":[{"cards_removed":["Bash"],"damage_healed":0.0,"max_hp_gain":0.0,"max_hp_loss":0.0,"gold_gain":0.0,"event_name":"Golden Wing","player_choice":"Card Removal","floor":2.0,"gold_loss":0.0,"damage_taken":7.0},{"damage_healed":0.0,"max_hp_gain":0.0,"max_hp_loss":0.0,"gold_gain":0.0,"event_name":"Big Fish","player_choice":"Box","floor":3.0,"gold_loss":0.0,"damage_taken":0.0,"relics_obtained":["Shovel"],"cards_obtained":["Regret"]}],"is_beta":false,"boss_relics":[],"items_purged_floors":[5],"is_endless":false,"potions_floor_spawned":[4,6,13],"killed_by":"Slime Boss","ascension_level":20}}