{"host":"9kesdg97wkrx2bva","time":1611394509,"event":{"mods":["AchievementEnabler","BaseMod","Colored Map","GifTheSpireLib","Infinite Spire","Minty Spire (QoL Compilation)","Replay The Spire","StSLib"],"gold_per_floor":[19,19,19,36,36,36,36,50,50,50,50,69,69,69,69,147,147,158,169,94,107,125,125,140,140,140],"floor_reached":25,"language":"ENG","playtime":545,"items_purged":["Loop"],"score":367,"play_id":"10b961e4-55af-4f21-85b7-f6deb0da4c3d","local_time":"20210123033509","is_ascension_mode":true,"campfire_choices":[{"data":"Metamorphosis","floor":6,"key":"SMITH"},{"floor":10,"key":"REST"},{"data":"infinitespire:Gouge","floor":13,"key":"SMITH"},{"floor":15,"key":"REST"},{"floor":23,"key":"REST"}],"circlet_count":0,"master_deck":["AscendersBane","Zap","Dualcast","Metamorphosis+1","Beam Cell","Rebound+1","infinitespire:Gouge+1","Streamline","Machine Learning","Steam Power","Rip and Tear","Glacier","Go for the Eyes","Reprogram","ReplayGash","Reprogram","Leap"],"relics":["Cracked Core","Iron Hammer","Pandora\u0027s Box"],"acts_visited":["Exordium","TheCity"],"potions_floor_usage":[16,22,25,25],"damage_taken":[{"damage":1,"enemies":"2 Louse","floor":1,"turns":3},{"damage":12,"enemies":"Small Slimes","floor":4,"turns":4},{"damage":9,"enemies":"Jaw Worm","floor":8,"turns":2},{"damage":0,"enemies":"Large Slime","floor":12,"turns":5},{"damage":16,"enemies":"Hexaghost","floor":16,"turns":6},{"damage":15,"enemies":"Shell Parasite","floor":18,"turns":2},{"damage":0,"enemies":"Chosen","floor":19,"turns":3},{"damage":0,"enemies":"Snake Plant","floor":21,"turns":2},{"damage":21,"enemies":"Chosen and Byrds","floor":22,"turns":4},{"damage":12,"enemies":"3 Cultists","floor":24,"turns":3},{"damage":35,"enemies":"Book of Stabbing","floor":25,"turns":4}],"seed_played":"3356886918292637951","potions_obtained":[{"floor":4,"key":"Milkshake"},{"floor":12,"key":"SpeedPotion"},{"floor":19,"key":"AttackPotion"},{"floor":21,"key":"Dexterity Potion"},{"floor":22,"key":"LiquidBronze"}],"is_trial":false,"path_per_floor":["M","$","?","M","?","R","?","M","T","R","?","M","R","?","R","B",null,"M","M","$","M","M","R","M","E"],"character_chosen":"DEFECT","items_purchased":[],"campfire_rested":3,"item_purchase_floors":[],"current_hp_per_floor":[63,63,63,51,44,44,27,18,18,39,39,39,39,18,39,23,59,44,44,44,44,23,44,32,0,0],"gold":140,"neow_bonus":"RANDOM_COLORLESS_2","is_daily":false,"chose_seed":false,"campfire_upgraded":2,"win_rate":0.0,"timestamp":1611394509,"path_taken":["M","$","?","M","?","R","?","M","T","R","?","?","R","?","R","BOSS","M","M","$","M","M","R","M","E"],"items_purchased_type":[],"build_version":"2020-12-22","purchased_purges":1,"victory":false,"max_hp_per_floor":[71,71,71,71,71,71,71,71,71,71,71,71,71,71,71,71,71,71,71,71,71,71,71,71,71,71],"card_choices":[{"not_picked":["The Bomb","Violence"],"picked":"Metamorphosis","floor":0},{"not_picked":["Crystallizer","Chill"],"picked":"Beam Cell","floor":1},{"not_picked":["ReplayTheSpireMod:GoodbyeWorld","ReplayTheSpireMod:Repulse"],"picked":"Rebound","floor":4},{"not_picked":["ReplayTheSpireMod:Chaos Vortex","infinitespire:SevenWalls"],"picked":"infinitespire:Gouge","floor":7},{"not_picked":["Cold Snap","BasicCrystalCard"],"picked":"Streamline","floor":8},{"not_picked":["Barrage","Cold Snap","FIFO Queue"],"picked":"SKIP","floor":12},{"not_picked":["ReplayTheSpireMod:Fabricate Wheel","Mirror Shield"],"picked":"Machine Learning","floor":16},{"not_picked":["Consume","Steam Power","Melter"],"picked":"SKIP","floor":18},{"not_picked":["Steam Power+1","Glacier"],"picked":"Reprogram","floor":19},{"not_picked":["Cold Snap+1","Coolheaded","Panic Button"],"picked":"SKIP","floor":21},{"not_picked":["Double Energy+1","Cold Snap+1","Steam"],"picked":"SKIP","floor":22},{"not_picked":["Sweeping Beam","Turbo"],"picked":"Leap","floor":24}],"player_experience":960185,"relics_obtained":[{"floor":9,"key":"Iron Hammer"}],"event_choices":[{"cards_removed":["CommonCold"],"damage_healed":0,"gold_gain":0,"player_choice":"Card Removal","damage_taken":7,"max_hp_gain":0,"max_hp_loss":0,"event_name":"Golden Wing","floor":5,"gold_loss":0},{"cards_removed":["Strike_B"],"damage_healed":0,"gold_gain":0,"player_choice":"Forget","damage_taken":0,"max_hp_gain":0,"max_hp_loss":0,"event_name":"Living Wall","floor":11,"gold_loss":0},{"damage_healed":0,"gold_gain":0,"player_choice":"Entered Light","damage_taken":21,"max_hp_gain":0,"max_hp_loss":0,"event_name":"Shining Light","floor":14,"gold_loss":0,"cards_upgraded":["Strike_B","Rebound"]}],"is_beta":false,"boss_relics":[{"not_picked":["Ring of Chaos","SacredBark"],"picked":"Pandora\u0027s Box"}],"items_purged_floors":[20],"is_endless":false,"potions_floor_spawned":[4,12,19,21,22],"killed_by":"Book of Stabbing","ascension_level":18}}