{"host":"bg8va46pgqgvtzim","time":1611409185,"event":{"mods":["BaseMod","Minty Spire (QoL Compilation)","Quick Restart","StSLib","SuperFastMode"],"gold_per_floor":[111,211,231,241,257,34,34,60,60,60,85,85,110,110,141,153,165,165,165,262,262,279,105,122,156,156,156,185,165,165,191,216,216,232,251,251,281,299,299,299,395,395,405,405,416,429,446,459,334,354,354,384,384,412,464,493,512,526,526,541,558,558,558,558,558,558,0,29,29],"floor_reached":70,"language":"ZHS","playtime":1577,"items_purged":["Defend_P","Strike_P","Strike_P","Strike_P"],"score":1744,"play_id":"37f5b0f1-5425-4883-bb95-b38012645d16","local_time":"20210123213945","is_ascension_mode":true,"campfire_choices":[{"data":"Eruption","floor":7.0,"key":"SMITH"},{"data":"WheelKick","floor":9.0,"key":"SMITH"},{"floor":14.0,"key":"RECALL"},{"data":"TalkToTheHand","floor":18.0,"key":"SMITH"},{"data":"Indignation","floor":19.0,"key":"SMITH"},{"data":"Adaptation","floor":30.0,"key":"SMITH"},{"data":"Vault","floor":33.0,"key":"SMITH"},{"data":"Strike_P","floor":36.0,"key":"PURGE"},{"data":"ClearTheMind","floor":39.0,"key":"SMITH"},{"data":"Defend_P","floor":40.0,"key":"PURGE"},{"data":"Wallop","floor":51.0,"key":"SMITH"},{"data":"Scrawl","floor":59,"key":"SMITH"},{"data":"Meditate","floor":62,"key":"SMITH"},{"data":"Tantrum","floor":63,"key":"SMITH"},{"data":"Defend_P","floor":66,"key":"PURGE"}],"circlet_count":0,"master_deck":["Defend_P+1","Eruption+1","Vigilance","ClearTheMind+1","WheelKick+1","BattleHymn","TalkToTheHand+1","InnerPeace+1","Indignation+1","Vault+1","DeceiveReality+1","Adaptation+1","Fasting2+1","FearNoEvil","FlurryOfBlows","Meditate+1","Wallop+1","Panacea","Thinking Ahead","Tantrum+1","Scrawl+1","MentalFortress","DevaForm"],"relics":["PureWater","NeowsBlessing","ClockworkSouvenir","Blue Candle","Pear","Peace Pipe","WingedGreaves","Lantern","Runic Dome","Red Mask","Potion Belt","Ornamental Fan","Vajra","VioletLotus","Bronze Scales","Centennial Puzzle","Bag of Preparation","Du-Vu Doll","War Paint","Art of War","Damaru"],"acts_visited":["Exordium","TheCity","TheBeyond","TheEnding"],"potions_floor_usage":[64,64,69,69,69,69,69,69,69,69,69],"damage_taken":[{"damage":0.0,"enemies":"Cultist","floor":1.0,"turns":1.0},{"damage":0.0,"enemies":"Small Slimes","floor":3.0,"turns":1.0},{"damage":0.0,"enemies":"2 Louse","floor":4.0,"turns":2.0},{"damage":0.0,"enemies":"Large Slime","floor":5.0,"turns":5.0},{"damage":11.0,"enemies":"3 Sentries","floor":8.0,"turns":6.0},{"damage":2.0,"enemies":"Gremlin Nob","floor":11.0,"turns":3.0},{"damage":13.0,"enemies":"Lagavulin","floor":13.0,"turns":5.0},{"damage":0.0,"enemies":"Gremlin Nob","floor":15.0,"turns":2.0},{"damage":0.0,"enemies":"Lots of Slimes","floor":16.0,"turns":3.0},{"damage":0.0,"enemies":"Gremlin Gang","floor":17.0,"turns":2.0},{"damage":15.0,"enemies":"The Guardian","floor":20.0,"turns":7.0},{"damage":9.0,"enemies":"3 Byrds","floor":22.0,"turns":4.0},{"damage":0.0,"enemies":"Spheric Guardian","floor":24.0,"turns":3.0},{"damage":0.0,"enemies":"Masked Bandits","floor":25.0,"turns":4.0},{"damage":16.0,"enemies":"Gremlin Leader","floor":28.0,"turns":4.0},{"damage":17.0,"enemies":"Slavers","floor":32.0,"turns":5.0},{"damage":2.0,"enemies":"Centurion and Healer","floor":34.0,"turns":5.0},{"damage":0.0,"enemies":"Chosen and Byrds","floor":35.0,"turns":3.0},{"damage":0.0,"enemies":"Book of Stabbing","floor":37.0,"turns":4.0},{"damage":9.0,"enemies":"Snake Plant","floor":38.0,"turns":3.0},{"damage":25.0,"enemies":"Collector","floor":41.0,"turns":7.0},{"damage":6.0,"enemies":"3 Shapes","floor":43.0,"turns":3.0},{"damage":10.0,"enemies":"3 Darklings","floor":45.0,"turns":3.0},{"damage":0.0,"enemies":"Spire Growth","floor":46.0,"turns":4.0},{"damage":0.0,"enemies":"Transient","floor":47.0,"turns":6.0},{"damage":0.0,"enemies":"Writhing Mass","floor":48.0,"turns":3.0},{"damage":1.0,"enemies":"Sphere and 2 Shapes","floor":50.0,"turns":5.0},{"damage":2,"enemies":"Giant Head","floor":52,"turns":4},{"damage":12,"enemies":"Reptomancer","floor":54,"turns":4},{"damage":3,"enemies":"Nemesis","floor":56,"turns":3},{"damage":9,"enemies":"4 Shapes","floor":57,"turns":3},{"damage":0,"enemies":"Jaw Worm Horde","floor":58,"turns":3},{"damage":0,"enemies":"Writhing Mass","floor":60,"turns":3},{"damage":0,"enemies":"4 Shapes","floor":61,"turns":6},{"damage":3,"enemies":"Time Eater","floor":64,"turns":6},{"damage":0,"enemies":"Shield and Spear","floor":68,"turns":2},{"damage":0,"enemies":"The Heart","floor":69,"turns":4}],"seed_played":"2849984988627555537","potions_obtained":[{"floor":3.0,"key":"EssenceOfSteel"},{"floor":13.0,"key":"Explosive Potion"},{"floor":15.0,"key":"Regen Potion"},{"floor":17.0,"key":"EntropicBrew"},{"floor":20.0,"key":"Fruit Juice"},{"floor":24.0,"key":"Strength Potion"},{"floor":25.0,"key":"Ancient Potion"},{"floor":28.0,"key":"BottledMiracle"},{"floor":29.0,"key":"Regen Potion"},{"floor":37.0,"key":"SkillPotion"},{"floor":43.0,"key":"Regen Potion"},{"floor":52,"key":"DistilledChaos"}],"is_trial":false,"path_per_floor":["M","?","M","M","M","$","R","E","R","$","E","T","E","R","E","M","M","R","R","B",null,"M","$","M","?","?","?","E","?","R","T","E","R","M","M","R","E","M","R","R","B",null,"M","?","M","M","M","M","$","M","R","E","?","E","T","E","M","M","R","M","M","R","R","B",null,"R","$","E","B",null],"character_chosen":"WATCHER","items_purchased":["ClockworkSouvenir","Adaptation","War Paint","MentalFortress","Art of War","Energy Potion"],"campfire_rested":0,"item_purchase_floors":[6,23,67,67,67,67],"current_hp_per_floor":[72,72,72,72,72,72,72,61,61,61,69,69,56,56,56,56,56,56,56,41,82,73,73,78,78,78,78,62,62,62,62,45,45,43,43,43,43,34,34,34,9,87,81,81,71,71,71,71,71,70,70,68,58,46,46,43,34,34,34,34,34,34,34,71,87,87,87,87,87],"gold":29,"neow_bonus":"THREE_ENEMY_KILL","is_daily":false,"chose_seed":false,"campfire_upgraded":11,"win_rate":0.0,"timestamp":1611409185,"path_taken":["M","?","M","?","M","?","R","E","R","$","E","T","E","R","E","M","M","R","R","BOSS","M","$","M","?","?","?","E","?","R","T","E","R","M","?","R","E","M","R","R","BOSS","M","?","M","?","M","M","$","M","R","E","?","E","T","E","M","M","R","M","M","R","R","BOSS","R","$","E","BOSS"],"items_purchased_type":["Relic","Card","Relic","Card","Relic","Potion"],"build_version":"2020-12-22","purchased_purges":4,"victory":true,"max_hp_per_floor":[72,72,72,72,72,72,72,72,72,72,82,82,82,82,82,82,82,82,82,82,82,82,82,87,87,87,87,87,87,87,87,87,87,87,87,87,87,87,87,87,87,87,87,87,87,87,87,87,87,87,87,87,87,87,87,87,87,87,87,87,87,87,87,87,87,87,87,87,87],"card_choices":[{"not_picked":["PathToVictory","EmptyFist","Evaluate"],"picked":"SKIP","floor":1.0},{"not_picked":["Wish","Weave"],"picked":"ClearTheMind","floor":3.0},{"not_picked":["ClearTheMind","Protect","FlyingSleeves"],"picked":"SKIP","floor":4.0},{"not_picked":["Prostrate","FlurryOfBlows"],"picked":"WheelKick","floor":5.0},{"not_picked":["Consecrate","Devotion","Sanctity"],"picked":"SKIP","floor":8.0},{"not_picked":["ThirdEye","CutThroughFate","Consecrate"],"picked":"SKIP","floor":11.0},{"not_picked":["Meditate","DeceiveReality"],"picked":"BattleHymn","floor":13.0},{"not_picked":["Protect","CrushJoints"],"picked":"TalkToTheHand","floor":15.0},{"not_picked":["Worship","BowlingBash"],"picked":"InnerPeace","floor":16.0},{"not_picked":["Consecrate","ConjureBlade"],"picked":"Indignation","floor":17.0},{"not_picked":["Brilliance","DevaForm"],"picked":"Vault","floor":20.0},{"not_picked":["WreathOfFlame+1","InnerPeace"],"picked":"DeceiveReality+1","floor":22.0},{"not_picked":["Crescendo","EmptyFist+1","Consecrate"],"picked":"SKIP","floor":24.0},{"not_picked":["Conclude","LikeWater","ThirdEye"],"picked":"SKIP","floor":28.0},{"not_picked":["FlurryOfBlows","WindmillStrike"],"picked":"Fasting2+1","floor":32.0},{"not_picked":["BowlingBash+1","FollowUp+1"],"picked":"FearNoEvil","floor":34.0},{"not_picked":["PathToVictory","FollowUp","JustLucky"],"picked":"SKIP","floor":35.0},{"not_picked":["EmptyFist","WheelKick+1","Judgement"],"picked":"SKIP","floor":37.0},{"not_picked":["Halt","Consecrate+1","FollowUp"],"picked":"SKIP","floor":38.0},{"not_picked":["SashWhip","ThirdEye+1","Protect+1"],"picked":"SKIP","floor":43.0},{"not_picked":["EmptyMind","PathToVictory"],"picked":"FlurryOfBlows","floor":45.0},{"not_picked":["Consecrate","EmptyFist","Alpha"],"picked":"SKIP","floor":46.0},{"not_picked":["Prostrate+1","EmptyBody","SashWhip+1"],"picked":"SKIP","floor":47.0},{"not_picked":["EmptyFist","Worship"],"picked":"Meditate","floor":48.0},{"not_picked":["ThirdEye+1","Halt"],"picked":"Wallop","floor":50.0},{"not_picked":["Devotion","Worship+1","Halt"],"picked":"SKIP","floor":52},{"not_picked":["Impatience","Sadistic Nature"],"picked":"Panacea","floor":53},{"not_picked":["The Bomb","HandOfGreed"],"picked":"Thinking Ahead","floor":53},{"not_picked":["CutThroughFate","Perseverance+1"],"picked":"Tantrum","floor":54},{"not_picked":["BattleHymn","Halt"],"picked":"Scrawl","floor":56},{"not_picked":["Halt+1","ReachHeaven+1","Evaluate+1"],"picked":"SKIP","floor":57},{"not_picked":["Collect","Halt","FlyingSleeves"],"picked":"SKIP","floor":58},{"not_picked":["CutThroughFate","FollowUp","Crescendo"],"picked":"SKIP","floor":60},{"not_picked":["BowlingBash+1","SashWhip+1","WheelKick"],"picked":"SKIP","floor":61},{"not_picked":["WindmillStrike+1","Alpha"],"picked":"DevaForm","floor":68}],"player_experience":2311264,"relics_obtained":[{"floor":8.0,"key":"Blue Candle"},{"floor":11.0,"key":"Pear"},{"floor":12.0,"key":"Peace Pipe"},{"floor":13.0,"key":"WingedGreaves"},{"floor":15.0,"key":"Lantern"},{"floor":25.0,"key":"Red Mask"},{"floor":28.0,"key":"Potion Belt"},{"floor":32.0,"key":"Ornamental Fan"},{"floor":37.0,"key":"Vajra"},{"floor":52,"key":"Bronze Scales"},{"floor":54,"key":"Centennial Puzzle"},{"floor":55,"key":"Bag of Preparation"},{"floor":56,"key":"Du-Vu Doll"},{"floor":68,"key":"Damaru"}],"event_choices":[{"damage_healed":0.0,"max_hp_gain":0.0,"max_hp_loss":0.0,"gold_gain":100.0,"event_name":"Golden Shrine","player_choice":"Pray","floor":2.0,"gold_loss":0.0,"damage_taken":0.0},{"damage_healed":0.0,"max_hp_gain":0.0,"max_hp_loss":0.0,"gold_gain":0.0,"event_name":"Masked Bandits","player_choice":"Fought Bandits","floor":25.0,"gold_loss":0.0,"damage_taken":0.0},{"damage_healed":0.0,"max_hp_gain":0.0,"max_hp_loss":0.0,"gold_gain":0.0,"event_name":"Ghosts","player_choice":"Ignored","floor":26.0,"gold_loss":0.0,"damage_taken":0.0},{"damage_healed":0.0,"max_hp_gain":0.0,"max_hp_loss":0.0,"gold_gain":0.0,"event_name":"The Mausoleum","player_choice":"Ignored","floor":27.0,"gold_loss":0.0,"damage_taken":0.0},{"damage_healed":0.0,"max_hp_gain":0.0,"max_hp_loss":0.0,"gold_gain":0.0,"event_name":"The Woman in Blue","player_choice":"Bought 1 Potion","floor":29.0,"gold_loss":0.0,"damage_taken":0.0},{"damage_healed":0.0,"max_hp_gain":0.0,"max_hp_loss":0.0,"gold_gain":0.0,"event_name":"NoteForYourself","player_choice":"Ignored","floor":44.0,"gold_loss":0.0,"damage_taken":0.0},{"damage_healed":0,"gold_gain":0,"player_choice":"Memory 3","damage_taken":10,"max_hp_gain":0,"max_hp_loss":0,"event_name":"SensoryStone","floor":53,"gold_loss":0}],"is_beta":false,"boss_relics":[{"not_picked":["Calling Bell","Empty Cage"],"picked":"Runic Dome"},{"not_picked":["SlaversCollar","Snecko Eye"],"picked":"VioletLotus"}],"items_purged_floors":[6,23,49,67],"is_endless":false,"potions_floor_spawned":[3,13,15,17,20,24,25,28,37,41,43,46,48,52,58,60],"ascension_level":1}}