{"host":"sboty77psj7t2cnn","time":1611367824,"event":{"mods":["Aspiration","BaseMod","Beaked The Cultist","Better Match","Better Vampires","ChefMod","Colored Map","Conspire","Dio Mod","Downfall","Hubris","Infinite Spire","Jorbs\u0027s Wanderer Trilogy","Minty Spire (QoL Compilation)","StSLib"],"gold_per_floor":[99,116,24,83,99,99,99],"floor_reached":6,"language":"SPA","playtime":2217,"items_purged":[],"score":36,"play_id":"7f6a7154-682e-408b-9cb7-0955b363fedd","local_time":"20210122201024","is_ascension_mode":true,"campfire_choices":[{"data":"Bite","floor":1,"key":"SMITH"}],"circlet_count":0,"master_deck":["dioMod:Strike","dioMod:Strike","dioMod:Strike","dioMod:Strike","Bite+1","dioMod:Defend","dioMod:Defend","dioMod:Defend","dioMod:Defend","dioMod:LaserVision","dioMod:CutDeep","dioMod:CutDeep","dioMod:BloodSuck"],"relics":["dioMod:VampireBlood","Juzu Bracelet"],"acts_visited":["Exordium"],"potions_floor_usage":[6],"damage_taken":[{"damage":6,"enemies":"Cultist","floor":2,"turns":3},{"damage":5,"enemies":"downfall:FleeingMerchant","floor":3,"turns":4},{"damage":39,"enemies":"3 Sentries","floor":4,"turns":9},{"damage":7,"enemies":"Jaw Worm","floor":5,"turns":5},{"damage":80,"enemies":"Lagavulin","floor":6,"turns":8}],"seed_played":"5771113688694461634","potions_obtained":[{"floor":4,"key":"LiquidBronze"}],"is_trial":false,"path_per_floor":["R","M","$","?","M","E"],"character_chosen":"THE_DEFAULT","items_purchased":["dioMod:CutDeep"],"campfire_rested":0,"item_purchase_floors":[3],"current_hp_per_floor":[68,71,72,51,50,0,0],"gold":99,"neow_bonus":"TWENTY_PERCENT_HP_BONUS","is_daily":false,"chose_seed":false,"campfire_upgraded":1,"win_rate":0.0,"timestamp":1611367824,"path_taken":["R","M","$","?","M","E"],"items_purchased_type":["Card"],"build_version":"2020-12-22","purchased_purges":0,"victory":false,"max_hp_per_floor":[89,89,89,89,89,89,89],"card_choices":[{"not_picked":["dioMod:Muda","dioMod:StreetSign"],"picked":"dioMod:LaserVision","floor":2},{"not_picked":["dioMod:CautiousMuda","dioMod:CoffinBath","dioMod:BloodSuck"],"picked":"SKIP","floor":3},{"not_picked":["dioMod:DoubleTime","dioMod:HeavyLifting"],"picked":"dioMod:CutDeep","floor":4},{"not_picked":["dioMod:VengefulMuda","dioMod:Diversion"],"picked":"dioMod:BloodSuck","floor":5}],"player_experience":371942,"relics_obtained":[{"floor":4,"key":"Juzu Bracelet"}],"event_choices":[],"is_beta":false,"boss_relics":[],"items_purged_floors":[],"is_endless":false,"potions_floor_spawned":[4],"killed_by":"Lagavulin","ascension_level":1}}