{"host":"avq773cl9g5msfol","time":1611425091,"event":{"mods":["100% Spire Juice","AchievementEnabler","Act Like it!","Ascension Unlocker","Aspiration","Astrologer","Bard","Bartender","BaseMod","Better Altar","Better Third Choice","BetterRewards","CapriCore","ChefMod","Colored Map","Colored Powertips","Conspire","Dio Mod","Downfall","Elementarium","Energized Spire","Gensokyo","GifTheSpireLib","GungeonMod","Hallownest","Hermit","Highlight Path","Hubris","Humility","Infinite Spire","Jorbs\u0027s Wanderer Trilogy","Koishi","Magitek Elite","Marisa????????","Marked Mod","Menagerie","Minty Spire (QoL Compilation)","Pale of the Ancients","Potionbrewer","Quarter Circle Forward PUNCH!","Rare Cards Sparkle","Reimu??????","Relic Stats","Remilia??????","Replay The Spire","SacredBarkPlus","Shade Mod","Somnambulant","Spicy Shops","Spire Arcade","StSLib","The Administrix","The Blue Laboratory","The Bug Knight","The Construct","The Cursed","The Disciple","The Dragon Tamer","The Exalted","The Hayseed","The Hierophant","The Immortal","The Marked","The Mystic","The Problem Sleuth","The Runesmith","The Senshi","The Vixen","The Wild Card","TheFirefly","Wandering Minibosses","vexMod"],"gold_per_floor":[42156,127,148,201,226,259,259,259,273,288,298,298,328,345,357,434,434,434,450,468,501,516,550,550,250,250,250,261,279,279,313,313,390,390,390,400,419,444,444,455,480,480,480,495,495,282,311,311,321,321,321,352,194,194,194,194],"floor_reached":57,"language":"ENG","playtime":5203,"items_purged":["hexamod:FifthSeal","hexamod:RadiantFlame+1","hexamod:HauntingEcho+1","hexamod:HauntingEcho+1","hexamod:HeatShield+1","Languid","Decay"],"score":3391,"play_id":"294024ac-c3ed-4ffd-9ae4-6d9f1a83231d","local_time":"20210124010451","is_ascension_mode":true,"campfire_choices":[{"data":"hexamod:Float","floor":1,"key":"SMITH"},{"data":"hexamod:BurningTouch","floor":8,"key":"SMITH"},{"floor":12,"key":"RECALL"},{"floor":18,"key":"REST"},{"floor":25,"key":"REST"},{"data":"Gensokyo:SlitMouthedWoman","floor":35,"key":"SMITH"},{"floor":42,"key":"REST"},{"floor":54,"key":"REST"}],"circlet_count":0,"master_deck":["AscendersBane","hexamod:Sear+1","hexamod:Float+1","hexamod:Haunt+1","hexamod:EmpoweredFlame+1","hexamod:ThermalTransfer+1","hexamod:ExtraCrispy+1","hexamod:EtherealExpedition+1","hexamod:GhostShield+1","hexamod:HeatCrush+1","hexamod:GhostLash+1","hexamod:PhantomFireball+1","hexamod:FlamesFromBeyond+1","hexamod:AdvancingGuard+1","hexamod:PowerFromBeyond+1","hexamod:GhostflameBarrier+1","hexamod:ThermalTransfer+1","hexamod:SuperheatedStrike+1","hexamod:HeatShield+1","hexamod:DynamicBlow+1","hexamod:Incineration+1","hexamod:Firestarter+1","Survey Options+1","hexamod:Hexaguard+1","hexamod:BurningTouch+1","hexamod:VolcanoVisage+1","hexamod:SearingWound+1","Night Terror+1","Gensokyo:SlitMouthedWoman+1","hexamod:TimeWarp+1"],"relics":["hexamod:SpiritBrand","Golden Egg","Quantum Egg","potionbrewer:Keyblade","potionbrewer:Torch","HollowMod:JonisBlessing","hubris:FunFungus","White_Cape","infinitespire:Satchel","Bromod:ArcanePistoleer","hubris:EmptyBottle","DemoMod:PinkGuonStone","Bromod:ArcaneFury","DemoMod:Antibody","qcfpunch:Chain_With_Nametags","HollowMod:QueensCombRelic","hexamod:SoulConsumer","OrangePellets","hubris:HerbalPaste","wanderingMiniBosses:AbyssPearl","hexamod:TheBrokenSeal","Happy Flower","Ginger","DemoMod:GlassGuonStoneRelic","aspiration:StickyExplosives","Replay:Bronze Core","Incense Burner","ReplayTheSpireMod:Lightbulb","downfall:HeartBlessingRed","downfall:HeartBlessingGreen","downfall:HeartBlessingBlue","PreservedInsect","infinitespire:Cupcake","Ribbon","hubris:Towel","DemoMod:MonsterBlood","Snack Pack","Tintinnabulum","infinitespire:Lucky Rock","ReplayTheSpireMod:CursedCoin","Strange Spoon","Sundial","vexMod:FocusSash","Bromod:ArcaneNullifier"],"acts_visited":["Hallownest:Greenpath","Gensokyo:Gensokyoer","TheBeyond","TheEnding"],"potions_floor_usage":[2,2,2,2,3,3,3,3,3,3,3,3,3,3,3,3,5,5,5,5,5,5,32,46,46,46,46,46,46,46,46,46,46,50,55,55,56,56,56],"damage_taken":[{"damage":0,"enemies":"Hallownest:monsterHuskWarrior","floor":2,"turns":2},{"damage":0,"enemies":"2_ Uuma","floor":3,"turns":2},{"damage":0,"enemies":"Hallownest:2_MossCreeps","floor":5,"turns":2},{"damage":0,"enemies":"Hallownest:eliteVengeflyKing","floor":6,"turns":3},{"damage":0,"enemies":"Hallownest:MossCreep_and_Mosskin","floor":9,"turns":3},{"damage":0,"enemies":"Hallownest:2_Tiktiks_1_Baldur_1_Crawlid","floor":10,"turns":3},{"damage":0,"enemies":"Hallownest:monsterAspidMother","floor":11,"turns":3},{"damage":0,"enemies":"Hallownest:eliteCrystalGuardian","floor":13,"turns":4},{"damage":0,"enemies":"Hallownest:MossCreep_and_Mosskin","floor":14,"turns":4},{"damage":0,"enemies":"Hallownest:monsterFoolEater","floor":15,"turns":3},{"damage":0,"enemies":"DF_ARCHETYPE_STREAMLINE","floor":16,"turns":6},{"damage":0,"enemies":"Gensokyo:AngelMirror","floor":19,"turns":2},{"damage":0,"enemies":"Gensokyo:2_Gloops","floor":20,"turns":2},{"damage":0,"enemies":"conspire:MimicChest","floor":21,"turns":3},{"damage":0,"enemies":"Gensokyo:Wraith","floor":22,"turns":4},{"damage":0,"enemies":"Gensokyo:Koishi","floor":23,"turns":4},{"damage":0,"enemies":"Gensokyo:Slime_Group","floor":28,"turns":3},{"damage":0,"enemies":"Gensokyo:Swordslinger","floor":29,"turns":3},{"damage":0,"enemies":"Gensokyo:Reisen","floor":31,"turns":3},{"damage":0,"enemies":"Gensokyo:Wraith","floor":32,"turns":1},{"damage":0,"enemies":"IC_MUSHROOM_ARCHETYPE","floor":33,"turns":3},{"damage":0,"enemies":"Orb Walker","floor":36,"turns":2},{"damage":0,"enemies":"3 Shapes","floor":37,"turns":2},{"damage":0,"enemies":"3 Shapes","floor":38,"turns":3},{"damage":0,"enemies":"Writhing Mass","floor":40,"turns":3},{"damage":0,"enemies":"Transient","floor":44,"turns":7},{"damage":0,"enemies":"downfall:FleeingMerchant","floor":46,"turns":1},{"damage":0,"enemies":"R_Hoarder","floor":47,"turns":3},{"damage":0,"enemies":"Spire Growth","floor":49,"turns":2},{"damage":0,"enemies":"WA_ARCHETYPE_DIVINITY","floor":50,"turns":8},{"damage":0,"enemies":"downfall:CharBossMerchant","floor":52,"turns":4},{"damage":0,"enemies":"downfall:NeowBoss","floor":55,"turns":9},{"damage":0,"enemies":"downfall:NeowBossFinal","floor":56,"turns":7}],"seed_played":"1697494129124803018","potions_obtained":[{"floor":47,"key":"Block Potion"}],"is_trial":false,"path_per_floor":["R","M","M","?","M","E","T","R","M","M","M","R","E","M","M","B",null,"R","M","M","?","M","E","T","R","?","?","M","M","?","E","M","B",null,"R","M","M","?","?","M","T","R","$","M","?","$","E","?","M","B",null,"E","$","R","B","B",null],"character_chosen":"THE_SPIRIT","items_purchased":["hexamod:GhostShield","hexamod:HeatCrush","hexamod:GhostLash","hexamod:PhantomFireball","hexamod:HauntingEcho","hexamod:FlamesFromBeyond","hexamod:AdvancingGuard","hexamod:SecondSeal","potionbrewer:Keyblade","MagicPotion:ReiMu","potionbrewer:Torch","HollowMod:JonisBlessing","hubris:FunFungus","hexamod:HauntingEcho","hexamod:PowerFromBeyond","hexamod:GhostflameBarrier","hexamod:ThermalTransfer","White_Cape","infinitespire:Satchel","hexamod:SuperheatedStrike","hexamod:HeatShield","hexamod:DynamicBlow","Bromod:ArcanePistoleer","hubris:EmptyBottle","blueLaboratory:BubblePotion","hexamod:Incineration","DemoMod:PinkGuonStone","Bromod:ArcaneFury","DemoMod:Antibody","hexamod:Firestarter","Survey Options","qcfpunch:Chain_With_Nametags","HollowMod:QueensCombRelic","hexamod:Hexaguard","hexamod:SoulConsumer","OrangePellets","hubris:HerbalPaste","Regen Potion","Snack Pack","Tintinnabulum","infinitespire:Lucky Rock","ReplayTheSpireMod:CursedCoin","Strange Spoon","Bromod:ArcaneNullifier"],"campfire_rested":4,"item_purchase_floors":[0,0,0,0,0,0,0,0,0,0,0,0,0,0,0,0,0,0,0,0,0,0,0,0,0,0,0,0,0,0,0,0,0,0,0,0,0,0,43,43,46,46,46,53],"current_hp_per_floor":[46,46,46,46,46,46,46,46,46,46,46,46,46,46,46,46,54,56,56,56,56,56,56,56,66,66,58,58,58,58,58,58,58,59,59,59,59,59,59,59,66,66,40,40,53,54,54,55,55,55,64,64,65,66,66,66],"gold":194,"neow_bonus":"","is_daily":false,"chose_seed":false,"campfire_upgraded":3,"win_rate":0.0,"timestamp":1611425091,"path_taken":["R","M","M","?","M","E","T","R","M","M","M","R","E","M","M","BOSS","R","M","M","?","?","E","T","R","?","?","M","M","?","E","M","BOSS","R","M","M","?","?","M","T","R","?","M","?","$","E","?","M","BOSS","E","$","R","BOSS","BOSS"],"items_purchased_type":["Card","Card","Card","Card","Card","Card","Card","Card","Relic","Potion","Relic","Relic","Relic","Card","Card","Card","Card","Relic","Relic","Card","Card","Card","Relic","Relic","Potion","Card","Relic","Relic","Relic","Card","Card","Relic","Relic","Card","Relic","Relic","Relic","Potion","Relic","Relic","Relic","Relic","Relic","Relic"],"build_version":"2020-12-22","purchased_purges":7,"victory":true,"max_hp_per_floor":[46,46,46,46,56,56,56,56,56,56,56,56,56,56,56,56,56,56,56,56,56,56,56,56,66,66,66,66,66,59,59,59,59,59,59,59,59,59,59,59,66,66,66,66,66,66,66,66,66,66,66,66,66,66,66,66],"relic_stats":{"OrangePellets":[42],"Strange Spoon":[11],"Happy Flower":[72],"counters":[135,439],"Sundial":[4],"PreservedInsect":351,"Ginger":[21],"obtain_stats":[{"Golden Egg":1,"Bromod:ArcaneNullifier":53,"downfall:HeartBlessingGreen":35,"wanderingMiniBosses:OtherGremlinHorn":4,"Ginger":29,"qcfpunch:Red_Beret":35,"Old Coin":41,"Replay:Wanted Poster":34,"vexMod:InvisibilityCloak":0,"aspiration:PoetsPen":34,"hubris:HerbalPaste":0,"Ribbon":0,"qcfpunch:Lotus_Statue":24,"Sundial":47,"Replay:Bronze Core":17,"HollowMod:QueensCombRelic":0,"aspiration:StickyExplosives":13,"construct:RocketBooster":0,"DemoMod:OrangeGuonStone":23,"HollowMod:JonisBlessing":53,"potionbrewer:Torch":38,"DemoMod:GundromedaStrain":48,"infinitespire:Broken Mirror":4,"Bird Faced Urn":46,"Tintinnabulum":12,"Pandora\u0027s Box":4,"hubris:TenFootPole":14,"hexamod:SoulConsumer":0,"Bromod:ArcaneFury":0,"infinitespire:Cupcake":34,"qcfpunch:Spiky_Bracers":0,"aspiration:Lifesprig":7,"Bromod:ArcanePistoleer":23,"wanderingMiniBosses:AbyssPearl":15,"hubris:EmptyBottle":0,"Ancient Tea Set":41,"Gensokyo:PortableGap":17,"Cursed Key":17,"White_Cape":0,"Pet Ghost":3,"Gensokyo:LunaticRedEyes":4,"Replay:Rubber Ducky":39,"hubris:Backtick":34,"Toolbox":37,"WingedGreaves":4,"hubris:FunFungus":0,"aspiration:FutureDiary":0,"Guardian:BottledAnomaly":0,"InkBottle":52,"Potion Belt":31,"Slimebound:SelfDamagePreventRelic":22,"downfall:HeartBlessingRed":18,"DemoMod:WeirdEgg":0,"DemoMod:Antibody":0,"PreservedInsect":4,"hexamod:InflammatoryLetter":41,"DemoMod:PinkGuonStone":0,"infinitespire:CheckeredPen":8,"infinitespire:Lucky Rock":13,"hubris:Towel":29,"PureWhite:ReiMu":0,"Ornamental Fan":22,"CrazyTorch:ReiMu":45,"Slimebound:AbsorbEndCombat":0,"Garlic":26,"ReplayTheSpireMod:Lightbulb":37,"Ice Cream":0,"DemoMod:BlueGuonStone":0,"hubris:CrystalStatue":34,"Tea:ReiMu":24,"Vajra":12,"DemoMod:GlassGuonStoneRelic":2,"DemoMod:RiddleOfLead":17,"DemoMod:MonsterBlood":42,"DemoMod:ClearGuonStone":0,"qcfpunch:Chain_With_Nametags":0,"hexamod:SpiritBrand":0,"Guardian:BottledStasis":0,"Happy Flower":0,"ReplayTheSpireMod:CursedCoin":46,"Oddly Smooth Stone":44,"Guardian:ModeShifter":0,"hexamod:TheBrokenSeal":3,"potionbrewer:BhaskarasWheel":17,"War Paint":40,"Question Card":0,"hexamod:MatchstickCase":8,"OrangePellets":29,"Replay:Baseball":28,"Shuriken":0,"infinitespire:EmpoweringShard":0,"aspiration:HatOfInfinitePower":11,"Meat on the Bone":9,"Bromod:ArcaneAvenger":44,"theSenshi:SuperSailorFukuRelic":0,"Juzu Bracelet":41,"Incense Burner":0,"hubris:SlimyHat":0,"DemoMod:WhiteGuonStone":40,"Empty Cage":5,"ClockworkSouvenir":45,"DemoMod:SevenLeafClover":26,"Frozen Eye":25,"hubris:Icosahedron":19,"downfall:HeartBlessingBlue":18,"downfall:KnowingSkull":20,"Genji_Glove":26,"qcfpunch:Wrestler\u0027s_Cloak":39,"hubris:DisguiseKit":45,"qcfpunch:Army_Boots":26,"ReplayTheSpireMod:Ninjato":22,"Replay:Towering Pillar of Hats":0,"aspiration:FetidBarrel":0,"Quantum Egg":1,"vexMod:FocusSash":52,"qcfpunch:White_Boots":0,"Strange Spoon":46,"Pondfish Scales":0,"vexMod:HeadHunter":0,"infinitespire:Satchel":0,"qcfpunch:Red_Headband":24,"Bag of Marbles":43,"Snack Pack":43,"Membership Card":0,"DemoMod:WaxWing":17,"potionbrewer:Keyblade":19,"hexamod:IceCube":34,"RuthlessExorcism:ReiMu":25},{"Golden Egg":0,"Bromod:ArcaneNullifier":133,"downfall:HeartBlessingGreen":93,"wanderingMiniBosses:OtherGremlinHorn":2,"Ginger":15,"qcfpunch:Red_Beret":43,"Old Coin":45,"Replay:Wanted Poster":93,"vexMod:InvisibilityCloak":25,"aspiration:PoetsPen":18,"hubris:HerbalPaste":102,"Ribbon":51,"qcfpunch:Lotus_Statue":86,"Sundial":130,"Replay:Bronze Core":113,"HollowMod:QueensCombRelic":102,"aspiration:StickyExplosives":110,"construct:RocketBooster":74,"DemoMod:OrangeGuonStone":12,"HollowMod:JonisBlessing":101,"potionbrewer:Torch":45,"DemoMod:GundromedaStrain":23,"infinitespire:Broken Mirror":2,"Bird Faced Urn":98,"Tintinnabulum":7,"Pandora\u0027s Box":2,"hubris:TenFootPole":32,"hexamod:SoulConsumer":102,"Bromod:ArcaneFury":102,"infinitespire:Cupcake":123,"qcfpunch:Spiky_Bracers":51,"aspiration:Lifesprig":28,"Bromod:ArcanePistoleer":37,"wanderingMiniBosses:AbyssPearl":83,"hubris:EmptyBottle":25,"Ancient Tea Set":45,"Gensokyo:PortableGap":60,"Cursed Key":84,"White_Cape":102,"Pet Ghost":27,"Gensokyo:LunaticRedEyes":53,"Replay:Rubber Ducky":68,"hubris:Backtick":43,"Toolbox":68,"WingedGreaves":53,"hubris:FunFungus":102,"aspiration:FutureDiary":0,"Guardian:BottledAnomaly":51,"InkBottle":101,"Potion Belt":41,"Slimebound:SelfDamagePreventRelic":11,"downfall:HeartBlessingRed":84,"DemoMod:WeirdEgg":51,"DemoMod:Antibody":102,"PreservedInsect":27,"hexamod:InflammatoryLetter":96,"DemoMod:PinkGuonStone":102,"infinitespire:CheckeredPen":29,"infinitespire:Lucky Rock":57,"hubris:Towel":89,"PureWhite:ReiMu":74,"Ornamental Fan":11,"CrazyTorch:ReiMu":22,"Slimebound:AbsorbEndCombat":0,"Garlic":39,"ReplayTheSpireMod:Lightbulb":68,"Ice Cream":51,"DemoMod:BlueGuonStone":25,"hubris:CrystalStatue":43,"Tea:ReiMu":62,"Vajra":81,"DemoMod:GlassGuonStoneRelic":1,"DemoMod:RiddleOfLead":60,"DemoMod:MonsterBlood":69,"DemoMod:ClearGuonStone":25,"qcfpunch:Chain_With_Nametags":102,"hexamod:SpiritBrand":51,"Guardian:BottledStasis":25,"Happy Flower":25,"ReplayTheSpireMod:CursedCoin":129,"Oddly Smooth Stone":22,"Guardian:ModeShifter":25,"hexamod:TheBrokenSeal":53,"potionbrewer:BhaskarasWheel":9,"War Paint":21,"Question Card":25,"hexamod:MatchstickCase":54,"OrangePellets":40,"Replay:Baseball":14,"Shuriken":51,"infinitespire:EmpoweringShard":51,"aspiration:HatOfInfinitePower":56,"Meat on the Bone":30,"Bromod:ArcaneAvenger":72,"theSenshi:SuperSailorFukuRelic":25,"Juzu Bracelet":21,"Incense Burner":25,"hubris:SlimyHat":25,"DemoMod:WhiteGuonStone":21,"Empty Cage":76,"ClockworkSouvenir":22,"DemoMod:SevenLeafClover":39,"Frozen Eye":62,"hubris:Icosahedron":84,"downfall:HeartBlessingBlue":84,"downfall:KnowingSkull":10,"Genji_Glove":39,"qcfpunch:Wrestler\u0027s_Cloak":95,"hubris:DisguiseKit":22,"qcfpunch:Army_Boots":39,"ReplayTheSpireMod:Ninjato":62,"Replay:Towering Pillar of Hats":51,"aspiration:FetidBarrel":25,"Quantum Egg":0,"vexMod:FocusSash":133,"qcfpunch:White_Boots":51,"Strange Spoon":129,"Pondfish Scales":25,"vexMod:HeadHunter":74,"infinitespire:Satchel":102,"qcfpunch:Red_Headband":12,"Bag of Marbles":71,"Snack Pack":127,"Membership Card":51,"DemoMod:WaxWing":34,"potionbrewer:Keyblade":60,"hexamod:IceCube":67,"RuthlessExorcism:ReiMu":63},{"Golden Egg":0,"Bromod:ArcaneNullifier":423,"downfall:HeartBlessingGreen":285,"wanderingMiniBosses:OtherGremlinHorn":8,"Ginger":42,"qcfpunch:Red_Beret":120,"Old Coin":126,"Replay:Wanted Poster":285,"vexMod:InvisibilityCloak":71,"aspiration:PoetsPen":52,"hubris:HerbalPaste":325,"Ribbon":143,"qcfpunch:Lotus_Statue":256,"Sundial":409,"Replay:Bronze Core":360,"HollowMod:QueensCombRelic":325,"aspiration:StickyExplosives":347,"construct:RocketBooster":213,"DemoMod:OrangeGuonStone":33,"HollowMod:JonisBlessing":316,"potionbrewer:Torch":126,"DemoMod:GundromedaStrain":66,"infinitespire:Broken Mirror":8,"Bird Faced Urn":302,"Tintinnabulum":17,"Pandora\u0027s Box":8,"hubris:TenFootPole":86,"hexamod:SoulConsumer":325,"Bromod:ArcaneFury":325,"infinitespire:Cupcake":388,"qcfpunch:Spiky_Bracers":143,"aspiration:Lifesprig":78,"Bromod:ArcanePistoleer":99,"wanderingMiniBosses:AbyssPearl":246,"hubris:EmptyBottle":71,"Ancient Tea Set":126,"Gensokyo:PortableGap":173,"Cursed Key":251,"White_Cape":325,"Pet Ghost":76,"Gensokyo:LunaticRedEyes":151,"Replay:Rubber Ducky":193,"hubris:Backtick":120,"Toolbox":193,"WingedGreaves":151,"hubris:FunFungus":325,"aspiration:FutureDiary":0,"Guardian:BottledAnomaly":143,"InkBottle":316,"Potion Belt":110,"Slimebound:SelfDamagePreventRelic":28,"downfall:HeartBlessingRed":251,"DemoMod:WeirdEgg":143,"DemoMod:Antibody":325,"PreservedInsect":76,"hexamod:InflammatoryLetter":292,"DemoMod:PinkGuonStone":325,"infinitespire:CheckeredPen":81,"infinitespire:Lucky Rock":163,"hubris:Towel":266,"PureWhite:ReiMu":213,"Ornamental Fan":28,"CrazyTorch:ReiMu":64,"Slimebound:AbsorbEndCombat":0,"Garlic":107,"ReplayTheSpireMod:Lightbulb":193,"Ice Cream":143,"DemoMod:BlueGuonStone":71,"hubris:CrystalStatue":120,"Tea:ReiMu":178,"Vajra":238,"DemoMod:GlassGuonStoneRelic":4,"DemoMod:RiddleOfLead":173,"DemoMod:MonsterBlood":197,"DemoMod:ClearGuonStone":71,"qcfpunch:Chain_With_Nametags":325,"hexamod:SpiritBrand":143,"Guardian:BottledStasis":71,"Happy Flower":71,"ReplayTheSpireMod:CursedCoin":406,"Oddly Smooth Stone":64,"Guardian:ModeShifter":71,"hexamod:TheBrokenSeal":150,"potionbrewer:BhaskarasWheel":23,"War Paint":62,"Question Card":71,"hexamod:MatchstickCase":154,"OrangePellets":108,"Replay:Baseball":38,"Shuriken":143,"infinitespire:EmpoweringShard":143,"aspiration:HatOfInfinitePower":158,"Meat on the Bone":83,"Bromod:ArcaneAvenger":207,"theSenshi:SuperSailorFukuRelic":71,"Juzu Bracelet":62,"Incense Burner":71,"hubris:SlimyHat":71,"DemoMod:WhiteGuonStone":62,"Empty Cage":217,"ClockworkSouvenir":64,"DemoMod:SevenLeafClover":107,"Frozen Eye":178,"hubris:Icosahedron":251,"downfall:HeartBlessingBlue":251,"downfall:KnowingSkull":25,"Genji_Glove":107,"qcfpunch:Wrestler\u0027s_Cloak":289,"hubris:DisguiseKit":64,"qcfpunch:Army_Boots":107,"ReplayTheSpireMod:Ninjato":178,"Replay:Towering Pillar of Hats":143,"aspiration:FetidBarrel":71,"Quantum Egg":0,"vexMod:FocusSash":423,"qcfpunch:White_Boots":143,"Strange Spoon":406,"Pondfish Scales":71,"vexMod:HeadHunter":213,"infinitespire:Satchel":325,"qcfpunch:Red_Headband":33,"Bag of Marbles":203,"Snack Pack":398,"Membership Card":143,"DemoMod:WaxWing":91,"potionbrewer:Keyblade":173,"hexamod:IceCube":192,"RuthlessExorcism:ReiMu":181}]},"card_choices":[{"not_picked":["hexamod:SixthSeal","hexamod:SecondSeal"],"picked":"hexamod:ThirdSeal","floor":2},{"not_picked":["hexamod:HauntingEcho","hexamod:GhostflameInferno","hexamod:EtherealExpedition"],"picked":"SKIP","floor":2},{"not_picked":["hexamod:FirstSeal","hexamod:SixthSeal"],"picked":"hexamod:FourthSeal","floor":3},{"not_picked":["hexamod:FastForward","hexamod:HauntingEcho","hexamod:GhostLash"],"picked":"SKIP","floor":3},{"not_picked":["hexamod:GhostShield","hexamod:ShieldOfDarkness","hexamod:FastForward"],"picked":"SKIP","floor":3},{"not_picked":["hexamod:BacktrackSmack","hexamod:PhantomCloak"],"picked":"hexamod:BurningTouch","floor":5},{"not_picked":["hexamod:NightmareStrike","hexamod:StepThrough","hexamod:SpectersWail"],"picked":"SKIP","floor":6},{"not_picked":["hexamod:GhostShield","hexamod:RetreatToShadows","hexamod:SuperheatedStrike"],"picked":"SKIP","floor":9},{"not_picked":["hexamod:ShieldOfDarkness","hexamod:HeatCrush","hexamod:Hexaguard"],"picked":"SKIP","floor":10},{"not_picked":["hexamod:FastForward","hexamod:InspiringFlames","hexamod:FirstSeal"],"picked":"SKIP","floor":11},{"not_picked":["hexamod:NightmareStrike","hexamod:SixthSeal"],"picked":"hexamod:VolcanoVisage","floor":13},{"not_picked":["hexamod:ShieldOfDarkness","hexamod:HeatMetal","hexamod:NightmareStrike"],"picked":"SKIP","floor":14},{"not_picked":["hexamod:GhostLash","hexamod:EmpoweredFlame","hexamod:GhostflameInferno"],"picked":"SKIP","floor":15},{"not_picked":["hexamod:SixthSeal","hexamod:UnlimitedPower"],"picked":"hexamod:SearingWound","floor":16},{"not_picked":["hexamod:HauntingEcho","hexamod:HeatMetal","hexamod:NightmareStrike"],"picked":"SKIP","floor":19},{"not_picked":["hexamod:SpectralAdrenaline","hexamod:FirstSeal","hexamod:RadiantFlame"],"picked":"SKIP","floor":20},{"not_picked":["hexamod:GhostLash","hexamod:Incineration","hexamod:HeatMetal"],"picked":"SKIP","floor":22},{"not_picked":["hexamod:InspiringFlames","hexamod:ForkedFlame","hexamod:VolcanoVisage"],"picked":"SKIP","floor":23},{"not_picked":["hexamod:PowerFromBeyond","hexamod:StepThrough","hexamod:NightmareStrike"],"picked":"SKIP","floor":28},{"not_picked":["hexamod:SoulSteal","hexamod:BurningTouch","hexamod:EmpoweredFlame"],"picked":"SKIP","floor":29},{"not_picked":["Gensokyo:LochNessMonster","Gensokyo:HAARP"],"picked":"Gensokyo:SlitMouthedWoman","floor":30},{"not_picked":["hexamod:DynamicBlow","hexamod:SkipABeat","hexamod:NightmareStrike"],"picked":"SKIP","floor":31},{"not_picked":["hexamod:GiftsFromTheDead","hexamod:SearingWound"],"picked":"hexamod:TimeWarp","floor":33},{"not_picked":["hexamod:GhostflameBarrier+1","hexamod:ShieldOfDarkness+1","hexamod:SuperheatedStrike"],"picked":"SKIP","floor":36},{"not_picked":["hexamod:HauntingEcho+1","hexamod:HeatShield","hexamod:InspiringFlames"],"picked":"SKIP","floor":37},{"not_picked":["hexamod:FirstSeal","hexamod:SpectersWail","hexamod:ThermalTransfer+1"],"picked":"SKIP","floor":40},{"not_picked":["hexamod:Firestarter","hexamod:SecondSeal","hexamod:HeatMetal+1"],"picked":"SKIP","floor":44},{"not_picked":["hexamod:BurningTouch","hexamod:SwordOfDarkness","hexamod:SearingWound"],"picked":"SKIP","floor":46},{"not_picked":["hexamod:GhostLash","hexamod:GhostShield","hexamod:NightmareStrike+1"],"picked":"SKIP","floor":47},{"not_picked":["hexamod:NecessarySacrifice","hexamod:Hexaguard","hexamod:StepThrough"],"picked":"SKIP","floor":49},{"not_picked":["hexamod:GhostLash","hexamod:SkipABeat+1","hexamod:HauntingEcho"],"picked":"SKIP","floor":52}],"player_experience":1342474,"relics_obtained":[{"floor":3,"key":"wanderingMiniBosses:AbyssPearl"},{"floor":6,"key":"Happy Flower"},{"floor":7,"key":"Ginger"},{"floor":13,"key":"aspiration:StickyExplosives"},{"floor":21,"key":"Incense Burner"},{"floor":23,"key":"ReplayTheSpireMod:Lightbulb"},{"floor":31,"key":"PreservedInsect"},{"floor":38,"key":"Ribbon"},{"floor":41,"key":"DemoMod:MonsterBlood"},{"floor":47,"key":"Sundial"},{"floor":52,"key":"vexMod:FocusSash"}],"event_choices":[],"is_beta":false,"boss_relics":[{"not_picked":["qcfpunch:Dark_Gi","construct:WeddingRing"],"picked":"Replay:Bronze Core"},{"not_picked":["Bromod:ArcaneGrace","Replay:Grab Bag"],"picked":"infinitespire:Cupcake"}],"items_purged_floors":[0,0,0,0,0,46,46],"is_endless":false,"potions_floor_spawned":[2,6,13,14,19,20,29,33,40,44],"ascension_level":20}}