{"host":"TheShotgunBoss","time":1611441579,"event":{"mods":["AchievementEnabler","Always Whale","Aspiration","BaseMod","Beaked The Cultist","Colored Map","Colored Powertips","Colorless Booster Pack","Conspire","Downfall","Energized Spire","FetchMod","GifTheSpireLib","Halation","Hubris","Infinite Spire","Jedi Mod","Minty Spire (QoL Compilation)","Poor People Problems","Quick Restart","RNG!","Relic Sorter","SacredBarkPlus","Shop Mod","Spikes Relics","StSLib","Stuff the Spire","The Blue Laboratory","The Construct","Uncapped","Unceasing Turn Reminder","everything is the same but u backflip on backflip","vexMod","??????REMEMod"],"gold_per_floor":[99,109,123,143,159,159,159,309,309,338,354,373,401,89,100,204,204,104,104,115,115,115,156,203,241,241,274,290,126,26,19,41,163,163,163,163,163,163,163,176,176,76,108,133,133,133,133,193,219,223,223,315,315,315],"floor_reached":52,"language":"ENG","playtime":3085,"items_purged":["downfall:Icky"],"score":826,"play_id":"cc6f1b5f-93fa-419b-bb1d-6a2907666f8e","local_time":"20210123173939","is_ascension_mode":false,"campfire_choices":[{"data":"hexamod:Float","floor":1.0,"key":"SMITH"},{"data":"hexamod:DynamicBlow","floor":6.0,"key":"SMITH"},{"data":"Metallicize","floor":9.0,"key":"SMITH"},{"data":"hexamod:PhantomCloak","floor":18,"key":"SMITH"},{"data":"hexamod:HeatShield","floor":26,"key":"SMITH"},{"data":"hexamod:BurningTouch","floor":30,"key":"SMITH"},{"floor":35,"key":"RECALL"},{"data":"hexamod:SearingWound","floor":42,"key":"SMITH"},{"data":"hexamod:GhostflameBarrier","floor":46,"key":"SMITH"}],"circlet_count":0,"master_deck":["hexamod:Strike","hexamod:Strike","hexamod:Defend","hexamod:Defend","hexamod:Defend","hexamod:Defend","hexamod:Sear","hexamod:Float+1","Metallicize+1","hexamod:SoulSteal","hexamod:DynamicBlow+1","hexamod:ThermalTransfer","hexamod:VolcanoVisage","hexamod:ThermalTransfer","hexamod:HeatShield+1","hexamod:PhantomCloak+1","hexamod:GhostflameBarrier+1","hexamod:BurningTouch+1","hexamod:SecondSeal","hexamod:SkipABeat","hexamod:ThermalTransfer","Decay","hexamod:HeatMetal+1","hexamod:SearingWound+1","hexamod:VolcanoVisage","hexamod:ThermalTransfer+1","Parasite","hexamod:HeatShield+1"],"relics":["hexamod:SpiritBrand","REME_ComplimentaryCards","StoneCalendar","halation:TwoAmDonut","infinitespire:Bottled Soul","Bag of Preparation","energizedSpire:EnergizedDie","downfall:HeartBlessingGreen","REME_HourglassOfDeath","Pear","vexMod:ConsolationPrize","Juzu Bracelet","downfall:HeartBlessingBlue","construct:ClawGrip","Ancient Tea Set","RollingBoulder","downfall:HeartBlessingRed","hubris:BundleOfHerbs"],"acts_visited":["Exordium","TheCity","TheBeyond","TheEnding"],"potions_floor_usage":[52,52,52],"damage_taken":[{"damage":5.0,"enemies":"infinitespire:Voidling","floor":2.0,"turns":6.0},{"damage":3.0,"enemies":"Jaw Worm","floor":3.0,"turns":3.0},{"damage":2.0,"enemies":"Small Slimes","floor":4.0,"turns":3.0},{"damage":0.0,"enemies":"Exordium Thugs","floor":5.0,"turns":3.0},{"damage":4.0,"enemies":"Lagavulin","floor":10.0,"turns":7.0},{"damage":2.0,"enemies":"conspire:2 RoseBushes","floor":11.0,"turns":3.0},{"damage":0.0,"enemies":"Exordium Thugs","floor":12.0,"turns":4.0},{"damage":13.0,"enemies":"3 Sentries","floor":13.0,"turns":7.0},{"damage":0.0,"enemies":"downfall:FleeingMerchant","floor":14.0,"turns":4.0},{"damage":0.0,"enemies":"Lots of Slimes","floor":15.0,"turns":6.0},{"damage":4,"enemies":"WA_ARCHETYPE_RETAIN","floor":16,"turns":7},{"damage":0,"enemies":"Spheric Guardian","floor":19,"turns":5},{"damage":4,"enemies":"3 Byrds","floor":20,"turns":3},{"damage":9,"enemies":"conspire:SneckoGhost","floor":23,"turns":7},{"damage":15,"enemies":"Slavers","floor":25,"turns":5},{"damage":0,"enemies":"conspire:SneckoGhost","floor":27,"turns":7},{"damage":6,"enemies":"Snake Plant","floor":28,"turns":5},{"damage":1,"enemies":"downfall:FleeingMerchant","floor":29,"turns":4},{"damage":0,"enemies":"downfall:FleeingMerchant","floor":31,"turns":4},{"damage":0,"enemies":"Chosen and Byrds","floor":32,"turns":3},{"damage":20,"enemies":"IC_MUSHROOM_ARCHETYPE","floor":33,"turns":7},{"damage":3,"enemies":"3 Shapes","floor":36,"turns":4},{"damage":0,"enemies":"Orb Walker","floor":40,"turns":3},{"damage":5,"enemies":"Maw","floor":43,"turns":7},{"damage":0,"enemies":"Sphere and 2 Shapes","floor":44,"turns":6},{"damage":0,"enemies":"Writhing Mass","floor":45,"turns":7},{"damage":0,"enemies":"3 Darklings","floor":47,"turns":5},{"damage":6,"enemies":"2 Orb Walkers","floor":48,"turns":4},{"damage":6,"enemies":"Maw","floor":49,"turns":7},{"damage":4,"enemies":"SI_POISON_ARCHETYPE","floor":50,"turns":12},{"damage":117,"enemies":"downfall:CharBossMerchant","floor":52,"turns":12}],"seed_played":"-7142234020385954690","potions_obtained":[{"floor":2.0,"key":"construct:ShiftPotion"},{"floor":5.0,"key":"blueLaboratory:NullPotion"},{"floor":11.0,"key":"blueLaboratory:Moonshine"},{"floor":16,"key":"Regen Potion"},{"floor":20,"key":"Explosive Potion"},{"floor":28,"key":"blueLaboratory:HummingbirdPotion"},{"floor":33,"key":"blueLaboratory:HummingbirdPotion"}],"is_trial":false,"path_per_floor":["R","M","M","M","M","R","T","?","R","E","M","M","E","$","M","B",null,"R","M","M","?","?","E","T","E","R","E","M","$","R","$","M","B",null,"R","M","?","$","T","M","T","R","M","M","M","R","M","?","M","B",null,"E"],"character_chosen":"THE_SPIRIT","items_purchased":["hexamod:PhantomCloak","Bag of Preparation","Juzu Bracelet"],"campfire_rested":0,"item_purchase_floors":[14,14,29],"current_hp_per_floor":[77,72,69,67,67,67,67,67,67,63,61,61,48,48,48,44,77,77,77,73,73,73,64,64,59,59,59,53,52,62,62,62,42,97,97,94,94,94,94,94,94,94,89,89,89,89,89,83,77,73,97,0,0,0],"gold":315,"neow_bonus":"TEN_PERCENT_HP_BONUS","is_daily":false,"chose_seed":false,"campfire_upgraded":8,"win_rate":0.0,"timestamp":1611441579,"path_taken":["R","M","M","?","M","R","T","?","R","E","M","M","E","$","M","BOSS","R","M","M","?","?","E","T","E","R","E","?","$","R","?","M","BOSS","R","M","?","?","?","M","T","R","M","M","M","R","M","?","M","BOSS","E"],"items_purchased_type":["Card","Relic","Relic"],"build_version":"2020-12-18","purchased_purges":1,"victory":false,"max_hp_per_floor":[77,77,77,77,77,77,77,77,77,77,77,77,77,77,77,77,77,77,77,77,77,77,77,77,87,87,87,87,87,97,97,97,97,97,97,97,97,97,97,97,97,97,97,97,97,97,97,97,97,97,97,97,97,97],"card_choices":[{"not_picked":["hexamod:Firestarter","hexamod:BacktrackSmack"],"picked":"hexamod:SoulSteal","floor":2.0},{"not_picked":["hexamod:RadiantFlame","hexamod:SpectersWail"],"picked":"hexamod:DynamicBlow","floor":3.0},{"not_picked":["hexamod:GhostShield","hexamod:FirstSeal"],"picked":"hexamod:ThermalTransfer","floor":4.0},{"not_picked":["hexamod:BacktrackSmack","hexamod:NightmareStrike","hexamod:StepThrough"],"picked":"SKIP","floor":5.0},{"not_picked":["hexamod:BacktrackSmack","hexamod:NightmareStrike","hexamod:StepThrough"],"picked":"SKIP","floor":5.0},{"not_picked":["hexamod:SpectersWail","hexamod:EtherealExpedition"],"picked":"hexamod:VolcanoVisage","floor":10.0},{"not_picked":["hexamod:FastForward","hexamod:GhostLash"],"picked":"hexamod:ThermalTransfer","floor":11.0},{"not_picked":["hexamod:BacktrackSmack","hexamod:NightmareStrike"],"picked":"hexamod:HeatShield","floor":12.0},{"not_picked":["hexamod:RadiantFlame","hexamod:ShieldOfDarkness","hexamod:GhostShield"],"picked":"SKIP","floor":13.0},{"not_picked":["hexamod:ShieldOfDarkness","hexamod:SpectralAdrenaline","hexamod:InspiringFlames"],"picked":"SKIP","floor":14.0},{"not_picked":["hexamod:FastForward","hexamod:EmpoweredFlame"],"picked":"hexamod:GhostflameBarrier","floor":15.0},{"not_picked":["hexamod:HauntingEcho","hexamod:NightmareStrike+1","hexamod:FirstSeal"],"picked":"SKIP","floor":19},{"not_picked":["hexamod:NecessarySacrifice","hexamod:SwordOfDarkness"],"picked":"hexamod:BurningTouch","floor":20},{"not_picked":["hexamod:NightmareStrike","hexamod:StepThrough"],"picked":"hexamod:ThermalTransfer","floor":23},{"not_picked":["hexamod:Hexaguard+1","hexamod:NecessarySacrifice+1","hexamod:GhostShield"],"picked":"SKIP","floor":25},{"not_picked":["hexamod:RainOfEmbers","hexamod:AdvancingGuard"],"picked":"hexamod:HeatMetal+1","floor":27},{"not_picked":["hexamod:SpectersWail","hexamod:SwordOfDarkness","hexamod:GhostShield"],"picked":"SKIP","floor":28},{"not_picked":["hexamod:GhostOfSpirePresent","hexamod:AdvancingGuard","hexamod:ShieldOfDarkness"],"picked":"SKIP","floor":29},{"not_picked":["hexamod:ChargedBarrage","hexamod:InspiringFlames"],"picked":"hexamod:SearingWound","floor":31},{"not_picked":["hexamod:SwordOfDarkness","hexamod:Hexaguard","hexamod:Rewind"],"picked":"SKIP","floor":32},{"not_picked":["hexamod:FifthSeal","hexamod:SixthSeal"],"picked":"hexamod:VolcanoVisage","floor":33},{"not_picked":["hexamod:GhostOfSpireFuture+1","hexamod:ThirdSeal","hexamod:NightmareGuise"],"picked":"SKIP","floor":36},{"not_picked":["hexamod:HauntingEcho","hexamod:GhostLash+1","hexamod:CatchUp+1"],"picked":"SKIP","floor":40},{"not_picked":["hexamod:NecessarySacrifice","hexamod:SpectersWail"],"picked":"hexamod:ThermalTransfer+1","floor":43},{"not_picked":["hexamod:NightmareGuise","hexamod:SpectersWail+1","hexamod:BacktrackSmack+1"],"picked":"SKIP","floor":44},{"not_picked":["hexamod:ParanormalForm","hexamod:BacktrackSmack","hexamod:SkipABeat+1"],"picked":"SKIP","floor":45},{"not_picked":["hexamod:NightmareGuise+1","hexamod:SpectralAdrenaline","hexamod:SkipABeat"],"picked":"SKIP","floor":47},{"not_picked":["hexamod:AdvancingGuard","hexamod:PhantomFireball"],"picked":"hexamod:HeatShield+1","floor":48},{"not_picked":["hexamod:AdvancingGuard","hexamod:GhostOfSpirePast","hexamod:HauntingEcho"],"picked":"SKIP","floor":49}],"player_experience":310869,"relics_obtained":[{"floor":7.0,"key":"StoneCalendar"},{"floor":10.0,"key":"halation:TwoAmDonut"},{"floor":13.0,"key":"infinitespire:Bottled Soul"},{"floor":23,"key":"REME_HourglassOfDeath"},{"floor":25,"key":"Pear"},{"floor":27,"key":"vexMod:ConsolationPrize"},{"floor":39,"key":"Ancient Tea Set"},{"floor":41,"key":"RollingBoulder"},{"floor":48,"key":"hubris:BundleOfHerbs"}],"event_choices":[{"damage_healed":0,"gold_gain":0,"cards_transformed":["hexamod:Strike","hexamod:Strike"],"player_choice":"Became Test Subject","damage_taken":0,"max_hp_gain":0,"max_hp_loss":0,"event_name":"Drug Dealer","floor":21,"gold_loss":0,"cards_obtained":["hexamod:SecondSeal","hexamod:SkipABeat"]},{"damage_healed":0,"gold_gain":0,"player_choice":"Leave","damage_taken":0,"max_hp_gain":0,"max_hp_loss":0,"event_name":"FaceTrader","floor":22,"gold_loss":0},{"damage_healed":0,"gold_gain":0,"player_choice":"Fight","damage_taken":0,"max_hp_gain":0,"max_hp_loss":0,"event_name":"Mysterious Sphere","floor":48,"gold_loss":0}],"is_beta":true,"boss_relics":[{"not_picked":["halation:SmartPhone","StuffTheSpire:RunicConfusion"],"picked":"energizedSpire:EnergizedDie"},{"not_picked":["Philosopher\u0027s Stone","beaked:MawFillet"],"picked":"construct:ClawGrip"}],"items_purged_floors":[14],"is_endless":false,"potions_floor_spawned":[2,5,11,16,20,25,28,32,33,36,43],"killed_by":"downfall:CharBossMerchant","ascension_level":0}}