{"host":"290egjt91b2tngam","time":1611364379,"event":{"mods":["BaseMod","Colored Map","Colored Powertips","Downfall","Hubris","Infinite Spire","Marisa????????","Minty Spire (QoL Compilation)","Replay The Spire","StSLib","The Bug Knight","The Cursed","The Servant 0.9.4"],"gold_per_floor":[99,113,113,172,347,347,347,25,36,48,48,61,71,101,120,216,316,316,332,348,361,361,361,385,385,385,458,458,535,603,669,691,842,854,766,555,608,662,721,721,721,721,721,782,801,854,676,676,747,757,757,757],"floor_reached":50,"language":"ENG","playtime":3492,"items_purged":["Doubt"],"score":611,"play_id":"df639929-9e72-49b6-abc5-6ca62966e71d","local_time":"20210123081259","is_ascension_mode":false,"campfire_choices":[{"data":"Guardian:CurlUp","floor":1.0,"key":"SMITH"},{"data":"expansioncontent:StudyTheSpire","floor":11.0,"key":"SMITH"},{"floor":18.0,"key":"DIG"},{"data":"Guardian:BaubleBeam","floor":23,"key":"SMITH"},{"data":"Guardian:BronzeArmor","floor":35,"key":"SMITH"},{"data":"Guardian:BronzeArmor","floor":40,"key":"SMITH"},{"data":"Guardian:WalkerClaw","floor":43,"key":"SMITH"}],"circlet_count":0,"master_deck":["Guardian:Strike_Guardian","Guardian:Strike_Guardian","Guardian:Strike_Guardian","Guardian:Strike_Guardian","Guardian:Defend_Guardian+1","Guardian:Defend_Guardian","Guardian:Defend_Guardian","Guardian:Defend_Guardian","Guardian:CurlUp+1","Guardian:TwinSlam","Guardian:RollAttack","Guardian:BronzeOrb","Guardian:PrimingBeam","Guardian:BronzeArmor+1","Guardian:BronzeArmor+1","expansioncontent:StudyTheSpire+1","Guardian:ShieldCharger+1","Guardian:ArmoredProtocol","Guardian:EvasiveProtocol","Guardian:BaubleBeam+1","Guardian:ExploitGems","Guardian:TemporalStrike","Guardian:PiercingHide","Pride","Guardian:BodySlam","Guardian:Harden","Guardian:WalkerClaw+1","Guardian:PolyBeam+1","Guardian:FastForward","Guardian:Suspension","Guardian:Planning","Guardian:CrystalBeam+1","Guardian:CrystalBeam+1","Guardian:Planning+1","Guardian:Gem_Red","Guardian:RollAttack+1","Guardian:Gem_Green","Guardian:Gem_Green","Guardian:Gem_Red","infinitespire:TheBestDefense","Guardian:ChargeCore+1"],"relics":["Guardian:ModeShifter","Toy Ornithopter","Ornamental Fan","hubris:Towel","Letter Opener","Mirror","Replay:Wanted Poster","Replay:Ringing Soul","infinitespire:Satchel","Blood Vial","downfall:KnowingSkull","Eternal Feather","MawBank","hubris:SphereOfDissonance","hubris:ScarierMask","downfall:HeartBlessingGreen","War Paint","infinitespire:Midas Blood","Garlic","hubris:EvacipatedBox","PreservedInsect","Juzu Bracelet","ClockworkSouvenir"],"acts_visited":["Exordium","TheCity","TheBeyond"],"potions_floor_usage":[27,32,33,33,50,50,50],"damage_taken":[{"damage":3.0,"enemies":"Jaw Worm","floor":2.0,"turns":5.0},{"damage":36.0,"enemies":"Gremlin Nob","floor":4.0,"turns":7.0},{"damage":0.0,"enemies":"downfall:FleeingMerchant","floor":8.0,"turns":4.0},{"damage":0.0,"enemies":"Small Slimes","floor":9.0,"turns":3.0},{"damage":0.0,"enemies":"2 Louse","floor":10.0,"turns":2.0},{"damage":0.0,"enemies":"Gremlin Gang","floor":12.0,"turns":4.0},{"damage":6.0,"enemies":"Exordium Wildlife","floor":13.0,"turns":4.0},{"damage":0.0,"enemies":"Lagavulin","floor":14.0,"turns":8.0},{"damage":0.0,"enemies":"Exordium Thugs","floor":15.0,"turns":6.0},{"damage":20.0,"enemies":"WA_ARCHETYPE_RETAIN","floor":16.0,"turns":10.0},{"damage":0.0,"enemies":"Spheric Guardian","floor":19.0,"turns":4.0},{"damage":0.0,"enemies":"Chosen","floor":20.0,"turns":5.0},{"damage":14,"enemies":"Sentry and Sphere","floor":21,"turns":6},{"damage":25,"enemies":"Nightmare","floor":27,"turns":9},{"damage":20,"enemies":"Slavers","floor":29,"turns":5},{"damage":3,"enemies":"Snake Plant","floor":30,"turns":4},{"damage":8,"enemies":"Centurion and Healer","floor":31,"turns":6},{"damage":0,"enemies":"Snecko","floor":32,"turns":4},{"damage":52,"enemies":"DF_ARCHETYPE_CLAW","floor":33,"turns":9},{"damage":3,"enemies":"downfall:FleeingMerchant","floor":36,"turns":4},{"damage":3,"enemies":"Orb Walker","floor":37,"turns":3},{"damage":8,"enemies":"3 Shapes","floor":39,"turns":4},{"damage":10,"enemies":"Spire Growth","floor":44,"turns":4},{"damage":4,"enemies":"Sphere and 2 Shapes","floor":45,"turns":3},{"damage":3,"enemies":"3 Darklings","floor":46,"turns":5},{"damage":3,"enemies":"downfall:FleeingMerchant","floor":47,"turns":4},{"damage":17,"enemies":"4 Shapes","floor":49,"turns":5},{"damage":94,"enemies":"SI_POISON_ARCHETYPE","floor":50,"turns":7}],"seed_played":"-4692809560294679644","potions_obtained":[{"floor":9.0,"key":"EssenceOfSteel"},{"floor":10.0,"key":"AttackPotion"},{"floor":12.0,"key":"SteroidPotion"},{"floor":16.0,"key":"Strength Potion"},{"floor":27,"key":"sneckomod:MuddlingPotion"},{"floor":45,"key":"Reflective Coating"},{"floor":46,"key":"Block Potion"},{"floor":49,"key":"Guardian:AcceleratePotion"}],"is_trial":false,"path_per_floor":["R","M","?","?","?","?","T","$","M","M","R","M","M","E","M","B",null,"R_BF","M","M","M","?","R","T","?","?","NM","AVR","E","M","M","M","B",null,"R","$","M","?","M","R","T","$","R","M","M","M","?","AVR","M","B"],"character_chosen":"GUARDIAN","items_purchased":["Guardian:BronzeArmor","expansioncontent:StudyTheSpire","Guardian:Suspension","Guardian:Planning","War Paint","hubris:EvacipatedBox","PreservedInsect","Juzu Bracelet","Guardian:Gem_Red","ClockworkSouvenir"],"campfire_rested":0,"item_purchase_floors":[8,8,36,36,36,42,42,42,47,47],"current_hp_per_floor":[88,85,85,49,49,49,49,49,49,49,49,49,43,48,48,28,88,88,91,94,83,86,86,86,86,78,63,63,48,50,47,57,20,118,118,118,120,92,86,104,104,65,83,78,79,81,86,89,77,0,0,0],"gold":757,"neow_bonus":"TEN_PERCENT_HP_BONUS","is_daily":false,"chose_seed":false,"campfire_upgraded":6,"win_rate":0.0,"timestamp":1611364379,"path_taken":["R","M","?","?","?","?","T","$","M","M","R","M","M","E","M","BOSS","R_BF","M","M","M","?","R","T","?","?","NM","AVR","E","M","?","M","BOSS","R","$","M","?","M","R","T","?","R","M","M","M","?","AVR","M","BOSS"],"items_purchased_type":["Card","Card","Card","Card","Relic","Relic","Relic","Relic","Card","Relic"],"build_version":"2020-12-22","purchased_purges":1,"victory":false,"max_hp_per_floor":[88,88,88,88,88,88,88,88,88,88,88,88,88,88,88,88,88,88,91,94,97,100,100,100,100,100,103,103,106,109,112,115,118,118,118,121,124,127,127,127,127,127,127,130,133,136,139,142,145,145,145,145],"card_choices":[{"not_picked":["Guardian:Emergency","Guardian:PrismaticBeam"],"picked":"Guardian:RollAttack","floor":2.0},{"not_picked":["Guardian:Gem_Green","Guardian:Gem_Blue"],"picked":"Guardian:BronzeOrb","floor":4.0},{"not_picked":["Guardian:Planning","Guardian:ShieldCharger"],"picked":"Guardian:PrimingBeam","floor":8.0},{"not_picked":["Guardian:Recover","Guardian:Emergency"],"picked":"Guardian:ShieldCharger","floor":9.0},{"not_picked":["Guardian:Emergency","Guardian:WalkerClaw"],"picked":"Guardian:ArmoredProtocol","floor":10.0},{"not_picked":["Guardian:ShieldCharger","Guardian:Gem_Lightblue"],"picked":"Guardian:Gem_Cyan","floor":12.0},{"not_picked":["Guardian:PrimingBeam","Guardian:BronzeArmor"],"picked":"Guardian:EvasiveProtocol","floor":13.0},{"not_picked":["Guardian:BronzeArmor","Guardian:Gem_Green"],"picked":"Guardian:Gem_Red","floor":14.0},{"not_picked":["Guardian:Gem_Lightblue","Guardian:Gem_Green"],"picked":"Guardian:BaubleBeam","floor":15.0},{"not_picked":["Guardian:ConstructionForm","Guardian:RevengeProtocol"],"picked":"Guardian:ExploitGems","floor":16.0},{"not_picked":["Guardian:Gem_Red","Guardian:PrimingBeam"],"picked":"Guardian:Gem_Fragmented","floor":19.0},{"not_picked":["Guardian:Gem_Cyan","Guardian:ShieldCharger"],"picked":"Guardian:TemporalStrike","floor":20},{"not_picked":["Guardian:PolyBeam","Guardian:FloatingOrbs"],"picked":"Guardian:PiercingHide","floor":21},{"not_picked":["Guardian:ShieldCharger","Guardian:ChargeCore"],"picked":"Guardian:BodySlam","floor":27},{"not_picked":["Guardian:ChargeCore","Guardian:TemporalShield"],"picked":"Guardian:Harden","floor":29},{"not_picked":["Guardian:Gem_Yellow","Guardian:DecasProtection"],"picked":"Guardian:WalkerClaw","floor":30},{"not_picked":["Guardian:Suspension","Guardian:TemporalStrike"],"picked":"Guardian:Gem_Lightblue","floor":31},{"not_picked":["Guardian:BronzeOrb","Guardian:Gem_Red"],"picked":"Guardian:PolyBeam+1","floor":32},{"not_picked":["Guardian:ConstructionForm","Guardian:RevengeProtocol"],"picked":"Guardian:Gem_Synthetic","floor":33},{"not_picked":["Guardian:WalkerClaw+1","Guardian:ChargeCore"],"picked":"Guardian:FastForward","floor":36},{"not_picked":["Guardian:Incinerate+1","Guardian:PiercingHide"],"picked":"Guardian:CrystalBeam+1","floor":37},{"not_picked":["Guardian:Preprogram+1","Guardian:PiercingHide"],"picked":"Guardian:CrystalBeam+1","floor":38},{"not_picked":["Guardian:EvasiveProtocol","Guardian:Reroute+1"],"picked":"Guardian:Planning+1","floor":38},{"not_picked":["Guardian:Reroute+1","Guardian:Repulse","Guardian:TemporalShield"],"picked":"SKIP","floor":39},{"not_picked":["Guardian:TimeCapacitor","Guardian:Gem_Green"],"picked":"Guardian:Gem_Red","floor":44},{"not_picked":["Guardian:RefractedBeam+1","Guardian:Reroute"],"picked":"Guardian:RollAttack+1","floor":45},{"not_picked":["Guardian:GuardianWhirl","Guardian:Incinerate"],"picked":"Guardian:Gem_Green","floor":46},{"not_picked":["Guardian:PrimingBeam+1","Guardian:DonusPower+1"],"picked":"Guardian:Gem_Green","floor":47},{"not_picked":["Guardian:Gem_Green","Guardian:Incinerate+1"],"picked":"Guardian:ChargeCore+1","floor":49}],"player_experience":732660,"relics_obtained":[{"floor":3.0,"key":"Toy Ornithopter"},{"floor":4.0,"key":"Ornamental Fan"},{"floor":7.0,"key":"Letter Opener"},{"floor":14.0,"key":"Mirror"},{"floor":18.0,"key":"Replay:Ringing Soul"},{"floor":24,"key":"Blood Vial"},{"floor":27,"key":"Eternal Feather"},{"floor":29,"key":"hubris:SphereOfDissonance"},{"floor":38,"key":"infinitespire:Midas Blood"},{"floor":41,"key":"Garlic"}],"event_choices":[{"damage_healed":0,"gold_gain":0,"player_choice":"Stole Relic","damage_taken":0,"relics_obtained":["infinitespire:Satchel"],"max_hp_gain":0,"max_hp_loss":0,"event_name":"Addict","floor":22,"gold_loss":0,"cards_obtained":["Pride"]},{"damage_healed":0,"gold_gain":0,"player_choice":"Ignored","damage_taken":0,"max_hp_gain":0,"max_hp_loss":0,"event_name":"Ghosts","floor":25,"gold_loss":0}],"is_beta":false,"boss_relics":[{"not_picked":["Ring of Chaos","Velvet Choker"],"picked":"Replay:Wanted Poster"},{"not_picked":["infinitespire:Cupcake","Runic Pyramid"],"picked":"hubris:ScarierMask"}],"items_purged_floors":[8],"is_endless":true,"potions_floor_spawned":[9,10,12,13,16,21,27,29,30,45,46,49],"killed_by":"SI_POISON_ARCHETYPE","ascension_level":0}}