{"host":"vex7walpoxzv48nx","time":1611375404,"event":{"mods":["BaseMod","Bestiary","Minty Spire (QoL Compilation)","Permanent Neow","Quick Restart","Relic Stats"],"gold_per_floor":[110,60,135,135,135,135,154,3,28,42,61,84,124,139,139,139,139],"floor_reached":16,"language":"ENG","playtime":1107,"items_purged":[],"score":127,"play_id":"865b1578-2869-4eb8-905b-0ef51ac8436d","local_time":"20210123051644","daily_mods":["Draft","Heirloom","Flight"],"is_ascension_mode":false,"campfire_choices":[{"data":"Genetic Algorithm","floor":6,"key":"SMITH"},{"data":"Genetic Algorithm","floor":15,"key":"SMITH"}],"circlet_count":0,"master_deck":["Chill","Go for the Eyes","Ball Lightning","Genetic Algorithm+1","Streamline","Streamline","Self Repair","Conserve Battery","Hologram","Capacitor","Coolheaded","FTL","Ball Lightning","Compile Driver","Hologram","Barrage","Consume","Genetic Algorithm+1","Cold Snap"],"relics":["Cracked Core","FossilizedHelix","Golden Idol","MealTicket","Orrery","Pen Nib","Dream Catcher"],"acts_visited":["Exordium"],"potions_floor_usage":[14],"damage_taken":[{"damage":0,"enemies":"2 Louse","floor":1,"turns":2},{"damage":0,"enemies":"Small Slimes","floor":7,"turns":2},{"damage":0,"enemies":"Jaw Worm","floor":10,"turns":2},{"damage":0,"enemies":"Gremlin Gang","floor":11,"turns":3},{"damage":0,"enemies":"Blue Slaver","floor":12,"turns":2},{"damage":0,"enemies":"Gremlin Nob","floor":13,"turns":3},{"damage":5,"enemies":"Lots of Slimes","floor":14,"turns":3},{"damage":0,"enemies":"The Guardian","floor":16,"turns":4}],"seed_played":"-1706369961802163204","potions_obtained":[{"floor":1,"key":"Fire Potion"},{"floor":7,"key":"Swift Potion"},{"floor":11,"key":"CultistPotion"}],"is_trial":true,"path_per_floor":["M","?","?","?","T","R","M","$","T","M","M","M","E","M","R","B"],"character_chosen":"DEFECT","items_purchased":["Orrery"],"campfire_rested":0,"item_purchase_floors":[8],"current_hp_per_floor":[75,75,64,64,64,64,64,69,69,69,69,69,69,69,69,69,69],"gold":139,"neow_bonus":"","is_daily":false,"chose_seed":false,"campfire_upgraded":2,"win_rate":0.0,"timestamp":1611375404,"path_taken":["M","?","?","?","?","R","M","$","T","M","M","M","E","M","R","BOSS"],"items_purchased_type":["Relic"],"build_version":"2020-12-22","purchased_purges":0,"victory":false,"max_hp_per_floor":[75,75,75,69,69,69,69,69,69,69,69,69,69,69,69,69,69],"relic_stats":{"Dream Catcher":0,"counters":[8,21],"Golden Idol":27,"MealTicket":5,"Pen Nib":[2],"obtain_stats":[{"Dream Catcher":13,"Golden Idol":4,"Orrery":8,"MealTicket":5,"Pen Nib":9,"Cracked Core":0,"FossilizedHelix":0},{"Dream Catcher":6,"Golden Idol":1,"Orrery":2,"MealTicket":1,"Pen Nib":2,"Cracked Core":0,"FossilizedHelix":0},{"Dream Catcher":14,"Golden Idol":2,"Orrery":4,"MealTicket":2,"Pen Nib":4,"Cracked Core":0,"FossilizedHelix":0}]},"card_choices":[{"not_picked":["Skim","Cold Snap"],"picked":"Chill","floor":0},{"not_picked":["Lockon","Force Field"],"picked":"Loop","floor":0},{"not_picked":["Loop","Stack"],"picked":"Go for the Eyes","floor":0},{"not_picked":["Gash","Aggregate"],"picked":"Ball Lightning","floor":0},{"not_picked":["Undo","Rebound"],"picked":"Genetic Algorithm","floor":0},{"not_picked":["Turbo","Blizzard"],"picked":"Streamline","floor":0},{"not_picked":["Aggregate","Go for the Eyes"],"picked":"Streamline","floor":0},{"not_picked":["Go for the Eyes","Steam"],"picked":"Self Repair","floor":0},{"not_picked":["Beam Cell","Turbo"],"picked":"Conserve Battery","floor":0},{"not_picked":["Loop","Turbo"],"picked":"Hologram","floor":0},{"not_picked":["Blizzard","Tempest"],"picked":"Capacitor","floor":0},{"not_picked":["Steam","Force Field"],"picked":"Coolheaded","floor":0},{"not_picked":["Reprogram","Hologram"],"picked":"FTL","floor":0},{"not_picked":["Turbo","Steam"],"picked":"Ball Lightning","floor":0},{"not_picked":["Rebound","Double Energy"],"picked":"Compile Driver","floor":0},{"not_picked":["Chaos","Streamline","Go for the Eyes"],"picked":"SKIP","floor":1},{"not_picked":["Redo","Aggregate","Beam Cell"],"picked":"SKIP","floor":7},{"not_picked":["Melter","Double Energy"],"picked":"Hologram","floor":8},{"not_picked":["Stack","Gash"],"picked":"Barrage","floor":8},{"not_picked":["Hologram","Turbo"],"picked":"Consume","floor":10},{"not_picked":["Rebound","Beam Cell","Steam Power"],"picked":"SKIP","floor":11},{"not_picked":["Streamline","Turbo","Force Field"],"picked":"SKIP","floor":12},{"not_picked":["Steam","Chill"],"picked":"Genetic Algorithm","floor":13},{"not_picked":["Recycle","Scrape"],"picked":"Cold Snap","floor":14}],"player_experience":203802,"relics_obtained":[{"floor":5,"key":"MealTicket"},{"floor":9,"key":"Pen Nib"},{"floor":13,"key":"Dream Catcher"}],"event_choices":[{"cards_removed":["Loop"],"damage_healed":0,"gold_gain":0,"player_choice":"Card Removal","damage_taken":0,"max_hp_gain":0,"max_hp_loss":0,"event_name":"The Cleric","floor":2,"gold_loss":50},{"damage_healed":0,"gold_gain":75,"player_choice":"Gather Gold","damage_taken":11,"max_hp_gain":0,"max_hp_loss":0,"event_name":"World of Goop","floor":3,"gold_loss":0},{"damage_healed":0,"gold_gain":0,"player_choice":"Lose Max HP","damage_taken":0,"relics_obtained":["Golden Idol"],"max_hp_gain":0,"max_hp_loss":6,"event_name":"Golden Idol","floor":4,"gold_loss":0}],"is_beta":false,"boss_relics":[],"items_purged_floors":[],"is_endless":false,"potions_floor_spawned":[1,7,11,12],"killed_by":"The Guardian","ascension_level":0}}