{"host":"jak4ncvfzor9mys0","time":1611379842,"event":{"mods":["2.2 Compatiblity","AchievementEnabler","BaseMod","Better Altar","Better Match","Better Note","Better Sensory Stone","Better Skull","Better Third Choice","BetterRewards","Block Reminder","Colored Map","Colored Powertips","Dark Map","Energized Spire","Gold Saver","Hubris","Infinite Spire","Key Reminder","Minty Spire (QoL Compilation)","Rare Cards Sparkle","Red Circlet Mod","Relic Sorter","Relic Stats","Replay The Spire","Retaliation","Spicy Shops","StSLib","SuperFastMode","The Blue Laboratory"],"gold_per_floor":[27633,27647,27663,27155,27155,27184,27184,27184,27184,27184,27201,26124,26150,26165,26165,26261,26261,26274,25735,25735,25735,25735,25735,25746,25746,25771,25800,25818,25834,25848,25848,25848],"floor_reached":31,"language":"ENG","playtime":1403,"items_purged":["Strike_R","Strike_R"],"score":383,"play_id":"17c84a16-03ff-4e8c-81ce-242751fa954f","local_time":"20210122213042","is_ascension_mode":true,"campfire_choices":[{"data":"Body Slam","floor":8,"key":"SMITH"},{"data":"Flex","floor":10,"key":"SMITH"},{"data":"Flame Barrier","floor":15,"key":"SMITH"},{"data":"ReplayTheSpireMod:Stacked","floor":23,"key":"SMITH"},{"data":"hubris:SharpeningStone","floor":25,"key":"SMITH"}],"circlet_count":0,"master_deck":["Strike_R","Strike_R","Strike_R","Defend_R","Defend_R","Defend_R","Defend_R","Bash","ReplayTheSpireMod:Stacked+1","Body Slam+1","Flex+1","Twin Strike","Flame Barrier+1","DDmod:SpikedSkill","Shrug It Off+1","DDmod:UnstoppableAttack+1","Cleave+1","hubris:SharpeningStone+1","Perfected Strike+1"],"relics":["Burning Blood","hubris:Icosahedron","Sundial","Bag of Preparation","TheAbacus","Ancient Tea Set","infinitespire:Bottled Soul","Bottled Lightning","Molten Egg 2","Lee\u0027s Waffle","hubris:PeanutButter","FossilizedHelix","Ring of Chaos","Charon\u0027s Ashes","Regal Pillow","Bronze Scales","Pen Nib"],"acts_visited":["Exordium","TheCity"],"potions_floor_usage":[6,7,16,16,16,31],"damage_taken":[{"damage":0,"enemies":"2 Louse","floor":1,"turns":2},{"damage":6,"enemies":"Cultist","floor":2,"turns":3},{"damage":6,"enemies":"Jaw Worm","floor":3,"turns":6},{"damage":22,"enemies":"3 Sentries","floor":6,"turns":12},{"damage":5,"enemies":"Exordium Thugs","floor":11,"turns":3},{"damage":15,"enemies":"Gremlin Nob","floor":13,"turns":5},{"damage":0,"enemies":"Looter","floor":14,"turns":3},{"damage":31,"enemies":"Slime Boss","floor":16,"turns":14},{"damage":0,"enemies":"Shell Parasite","floor":18,"turns":6},{"damage":0,"enemies":"Spheric Guardian","floor":24,"turns":5},{"damage":7,"enemies":"Replay:Snechameleon","floor":27,"turns":4},{"damage":0,"enemies":"Snake Plant","floor":28,"turns":4},{"damage":0,"enemies":"Cultist and Chosen","floor":29,"turns":6},{"damage":8,"enemies":"3 Cultists","floor":30,"turns":4},{"damage":127,"enemies":"Nightmare","floor":31,"turns":15}],"seed_played":"-3917912685894292013","potions_obtained":[{"floor":1,"key":"SkillPotion"},{"floor":3,"key":"Languid Potion"},{"floor":7,"key":"Fruit Juice"},{"floor":7,"key":"blueLaboratory:BottledHope"},{"floor":7,"key":"blueLaboratory:SavagePotion"},{"floor":18,"key":"Regen Potion"},{"floor":30,"key":"Elixir"}],"is_trial":false,"path_per_floor":["M","M","M","$","?","E","?","R","T","R","M","$","E","M","R","B",null,"M","$","?","?","?","R","M","R","T","E","M","M","M","NM"],"character_chosen":"IRONCLAD","items_purchased":["Bag of Preparation","TheAbacus","Ancient Tea Set","Flex","Sundial","Molten Egg 2","Lee\u0027s Waffle","hubris:PeanutButter","Flame Barrier","DDmod:SpikedSkill","Charon\u0027s Ashes","Regal Pillow"],"campfire_rested":0,"item_purchase_floors":[4,4,4,4,12,12,12,12,12,12,19,19],"current_hp_per_floor":[80,80,80,80,80,64,69,69,69,69,70,92,83,89,89,82,92,92,92,92,92,92,92,92,92,92,92,92,92,92,0,0],"gold":25848,"neow_bonus":"","is_daily":false,"chose_seed":false,"campfire_upgraded":5,"win_rate":0.0,"timestamp":1611379842,"path_taken":["M","M","M","$","?","E","?","R","T","R","M","$","E","M","R","BOSS","M","$","?","?","?","R","M","R","T","E","M","?","M","NM"],"items_purchased_type":["Relic","Relic","Relic","Card","Relic","Relic","Relic","Relic","Card","Card","Relic","Relic"],"build_version":"2020-12-22","purchased_purges":2,"victory":false,"max_hp_per_floor":[80,80,80,80,80,80,85,85,85,85,85,92,92,92,92,92,92,92,92,92,92,92,92,92,92,92,92,92,92,92,92,92],"relic_stats":{"Lee\u0027s Waffle":22,"Regal Pillow":0,"TheAbacus":[276],"counters":[24,134],"Sundial":[10],"Bronze Scales":[90],"Charon\u0027s Ashes":[24],"Pen Nib":[5],"Bag of Preparation":[55],"obtain_stats":[{"Lee\u0027s Waffle":12,"Regal Pillow":19,"ReplayTheSpireMod:CursedCoin":4,"Oddly Smooth Stone":4,"Ring of Chaos":17,"Charon\u0027s Ashes":19,"Pen Nib":27,"Bag of Preparation":4,"Ancient Tea Set":0,"Boot":9,"Burning Blood":0,"Replay:Ringing Soul":13,"Shovel":8,"TheAbacus":4,"hubris:Icosahedron":5,"infinitespire:Bottled Soul":6,"Sundial":12,"Bronze Scales":26,"Molten Egg 2":12,"hubris:PeanutButter":12,"Bottled Lightning":9,"FossilizedHelix":13},{"Lee\u0027s Waffle":14,"Regal Pillow":18,"ReplayTheSpireMod:CursedCoin":2,"Oddly Smooth Stone":2,"Ring of Chaos":17,"Charon\u0027s Ashes":18,"Pen Nib":20,"Bag of Preparation":12,"Ancient Tea Set":0,"Boot":5,"Burning Blood":0,"Replay:Ringing Soul":7,"Shovel":5,"TheAbacus":12,"hubris:Icosahedron":12,"infinitespire:Bottled Soul":13,"Sundial":14,"Bronze Scales":19,"Molten Egg 2":14,"hubris:PeanutButter":14,"Bottled Lightning":13,"FossilizedHelix":15},{"Lee\u0027s Waffle":68,"Regal Pillow":96,"ReplayTheSpireMod:CursedCoin":6,"Oddly Smooth Stone":6,"Ring of Chaos":90,"Charon\u0027s Ashes":96,"Pen Nib":105,"Bag of Preparation":53,"Ancient Tea Set":0,"Boot":21,"Burning Blood":0,"Replay:Ringing Soul":31,"Shovel":21,"TheAbacus":53,"hubris:Icosahedron":53,"infinitespire:Bottled Soul":65,"Sundial":68,"Bronze Scales":101,"Molten Egg 2":68,"hubris:PeanutButter":68,"Bottled Lightning":65,"FossilizedHelix":73}],"Burning Blood":87},"card_choices":[{"not_picked":["True Grit","Anger","Iron Wave"],"picked":"SKIP","floor":1},{"not_picked":["Havoc","Pummel"],"picked":"ReplayTheSpireMod:Stacked","floor":2},{"not_picked":["Abandon","DDmod:RapidStrikeAttack"],"picked":"Body Slam","floor":3},{"not_picked":["Power Through","Havoc"],"picked":"Twin Strike","floor":6},{"not_picked":["Run Through","Replay:Many Hands","Anger"],"picked":"SKIP","floor":11},{"not_picked":["DDmod:EasePowerCard","Sword Boomerang+1"],"picked":"Shrug It Off","floor":13},{"not_picked":["Thunderclap+1","DDmod:CallousedSkill"],"picked":"DDmod:UnstoppableAttack+1","floor":14},{"not_picked":["Heavy Blade+1","Sword Boomerang+1"],"picked":"Cleave+1","floor":18},{"not_picked":["True Grit+1","DDmod:EasePowerCard"],"picked":"hubris:SharpeningStone","floor":24},{"not_picked":["Spot Weakness","Dual Wield","Flex"],"picked":"SKIP","floor":27},{"not_picked":["Clash+1","ReplayTheSpireMod:Limb From Limb+1"],"picked":"Perfected Strike+1","floor":28},{"not_picked":["True Grit","Abandon","Carnage+1"],"picked":"SKIP","floor":29},{"not_picked":["Sword Boomerang+1","Armaments","Iron Wave+1"],"picked":"SKIP","floor":30}],"player_experience":2780856,"relics_obtained":[{"floor":6,"key":"infinitespire:Bottled Soul"},{"floor":9,"key":"Bottled Lightning"},{"floor":13,"key":"FossilizedHelix"},{"floor":26,"key":"Bronze Scales"},{"floor":27,"key":"Pen Nib"}],"event_choices":[{"damage_healed":0,"gold_gain":0,"player_choice":"Got Potions","damage_taken":0,"max_hp_gain":0,"max_hp_loss":0,"event_name":"Lab","floor":7,"gold_loss":0},{"damage_healed":0,"gold_gain":0,"player_choice":"Upgraded","damage_taken":0,"max_hp_gain":0,"max_hp_loss":0,"event_name":"Upgrade Shrine","floor":20,"gold_loss":0,"cards_upgraded":["Shrug It Off"]},{"cards_removed":["Defend_R"],"damage_healed":0,"gold_gain":0,"player_choice":"Give","damage_taken":0,"max_hp_gain":0,"max_hp_loss":0,"event_name":"betterNote:BetterNote","floor":21,"gold_loss":0,"cards_obtained":["Defend_G"]}],"is_beta":false,"boss_relics":[{"not_picked":["Tiny House","energizedSpire:EnergizedDie"],"picked":"Ring of Chaos"}],"items_purged_floors":[12,19],"is_endless":false,"potions_floor_spawned":[1,3,13,14,18,30],"killed_by":"Nightmare","ascension_level":1}}