{"host":"17xjy7b7ubl548g2","time":1611386006,"event":{"mods":["2.2 Compatiblity","Act Like it!","Aspiration","Astrologer","Bard","BaseMod","Challenge The Spire","ChefMod","Colored Map","Colored Powertips","Conspire","Elementarium","Energized Spire","Gensokyo","GifTheSpireLib","Halation","Hallownest","Hubris","Infinite Spire","Jedi Mod","Jorbs\u0027s Wanderer Trilogy","Marisa（霧雨　魔理沙）","Marked Mod","Menagerie","Minty Spire (QoL Compilation)","Permanent Neow","Replay The Spire","Robot Space Explorer","Spicy Shops","StSLib","Stuff the Spire","The Blue Laboratory","The Bug Knight","The Construct","The Disciple","The Hayseed","The Hierophant","The Marked","The Runesmith","The Sage","TheFirefly"],"gold_per_floor":[120,15,15,28,28,28,59,159,159,159,12,31,42,75,75,171,171,185,185,185,198,212,212,243,243,325,325,325,364,398,411,411,514,514,533,533,533,533,578,606,606,390,390,390,423,91,91,91,91,91,91,91,16,16,16],"floor_reached":56,"language":"ENG","playtime":7087,"items_purged":["stsjorbsmod:Strike_Wanderer","stsjorbsmod:Strike_Wanderer","StuffTheSpire:Python"],"score":1679,"play_id":"d8f64975-5b36-4d4e-b642-40246b04759e","local_time":"20210123021326","is_ascension_mode":true,"campfire_choices":[{"data":"stsjorbsmod:ChatteringStrike","floor":6.0,"key":"SMITH"},{"data":"stsjorbsmod:ArcaneWeapon","floor":10.0,"key":"SMITH"},{"data":"stsjorbsmod:TinyHut","floor":15.0,"key":"SMITH"},{"floor":23.0,"key":"REST"},{"floor":32.0,"key":"RECALL"},{"floor":44,"key":"REST"},{"floor":49,"key":"REST"},{"floor":52,"key":"REST"}],"circlet_count":0,"master_deck":["AscendersBane","stsjorbsmod:ForbiddenGrimoire+1","stsjorbsmod:Defend_Wanderer","stsjorbsmod:Defend_Wanderer","stsjorbsmod:Defend_Wanderer+1","stsjorbsmod:FreshAdventure","stsjorbsmod:EyeOfTheStorm+1","stsjorbsmod:TrueStrike+1","stsjorbsmod:ChatteringStrike+1","stsjorbsmod:ArcaneWeapon+1","stsjorbsmod:Materialize","stsjorbsmod:TinyHut+1","stsjorbsmod:SiphonEnergy+1","stsjorbsmod:WeightOfMemory","stsjorbsmod:BurningFlask+1","stsjorbsmod:ChainLightning","stsjorbsmod:DoubleCheck+1","Dash","hubris:Fate","stsjorbsmod:Prestidigitation","stsjorbsmod:BurningFlask","stsjorbsmod:Index+1","stsjorbsmod:Channel+1","stsjorbsmod:DoubleCheck+1","stsjorbsmod:MirrorImage+1","Predator","StuffTheSpire:Shiver","stsjorbsmod:DisguiseSelf+1","stsjorbsmod:RayOfFrost","stsjorbsmod:GatherPower"],"relics":["stsjorbsmod:GrimoireRelic","halation:PromiseList","jedi:archwizardhat","ClockworkSouvenir","StuffTheSpire:Barrel","sagemod:Creepy_Carousel","Fusion Hammer","Gensokyo:DirgeOfMelancholy","hubris:ToyBattleship","Kunai","Lantern","construct:ClawGrip","Replay:Baseball","ReplayTheSpireMod:Shallot","infinitespire:FocusingShard","OrangePellets","Singing Bowl","construct:RocketBooster","jedi:ominousloannote","Oddly Smooth Stone","Mummified Hand","Toolbox","Omamori","ReplayTheSpireMod:CursedCoin","conspire:GiftBox"],"acts_visited":["Exordium","Gensokyo:Gensokyo","Gensokyo:Gensokyoer","TheEnding"],"potions_floor_usage":[40,46,50,50,54,55,55,55],"damage_taken":[{"damage":7.0,"enemies":"Gensokyo:Gryphon","floor":1.0,"turns":6.0},{"damage":0.0,"enemies":"Gensokyo:2_Kodama","floor":4.0,"turns":1.0},{"damage":6.0,"enemies":"Gensokyo:Aya","floor":7.0,"turns":5.0},{"damage":2.0,"enemies":"Gensokyo:Python","floor":12.0,"turns":3.0},{"damage":7.0,"enemies":"Gensokyo:VengefulSpirit","floor":13.0,"turns":4.0},{"damage":28.0,"enemies":"Gensokyo:Cirno","floor":14.0,"turns":8.0},{"damage":13.0,"enemies":"Gensokyo:Reimu","floor":16.0,"turns":8.0},{"damage":3.0,"enemies":"Gensokyo:Chomper","floor":18.0,"turns":4.0},{"damage":1.0,"enemies":"Gensokyo:2_Gloops","floor":21.0,"turns":4.0},{"damage":28.0,"enemies":"Gensokyo:Slime_Group","floor":22.0,"turns":5.0},{"damage":4.0,"enemies":"Gensokyo:Koishi","floor":24.0,"turns":6.0},{"damage":1.0,"enemies":"Gensokyo:Reisen","floor":29.0,"turns":7.0},{"damage":8.0,"enemies":"Gensokyo:3_Gloops","floor":30.0,"turns":4.0},{"damage":3.0,"enemies":"Gensokyo:Mirror_and_Dog","floor":31.0,"turns":3.0},{"damage":33,"enemies":"Gensokyo:Eiki","floor":33,"turns":7},{"damage":0,"enemies":"Gensokyo:AncientGuardian","floor":35,"turns":4},{"damage":0,"enemies":"Gensokyo:3_Boulders","floor":39,"turns":4},{"damage":16,"enemies":"Nightmare","floor":40,"turns":5},{"damage":35,"enemies":"Gensokyo:Marisa","floor":45,"turns":5},{"damage":0,"enemies":"Gensokyo:SeedOfUnknown","floor":47,"turns":5},{"damage":0,"enemies":"Gensokyo:AtlasGolem","floor":48,"turns":5},{"damage":8,"enemies":"Gensokyo:Scarlet_Devils","floor":50,"turns":7},{"damage":3,"enemies":"Shield and Spear","floor":54,"turns":6},{"damage":76,"enemies":"The Heart","floor":55,"turns":10}],"seed_played":"2139332378731934507","potions_obtained":[{"floor":4.0,"key":"blueLaboratory:PhilterOfMotion"},{"floor":7.0,"key":"blueLaboratory:PhilterOfMotion"},{"floor":13.0,"key":"EssenceOfSteel"},{"floor":18.0,"key":"blueLaboratory:BubblePotion"},{"floor":21.0,"key":"sagemod:Wine"},{"floor":30.0,"key":"jedi:holywater"},{"floor":35,"key":"blueLaboratory:TrueEctoplasm"},{"floor":45,"key":"BlessingOfTheForge"}],"is_trial":false,"path_per_floor":["M","COS","?","M","?","R","E","?","T","R","$","M","M","E","R","B",null,"M","?","?","M","M","R","E","?","T","AVR","?","E","M","M","R","B",null,"M","AVR","?","?","M","NM","?","COS","T","R","E","$","M","M","R","B",null,"R","$","E","B",null],"character_chosen":"WANDERER","items_purchased":["ClockworkSouvenir","jedi:ominousloannote","Oddly Smooth Stone","Mummified Hand","stsjorbsmod:RayOfFrost","Toolbox","Omamori","Regen Potion","Adrenaline Potion","ReplayTheSpireMod:CursedCoin","blueLaboratory:Moonshine"],"campfire_rested":4,"item_purchase_floors":[11,46,46,46,46,46,46,46,46,53,53],"current_hp_per_floor":[57,57,64,64,64,64,59,59,59,59,59,58,53,25,25,12,54,53,53,60,62,35,55,54,54,54,54,54,70,63,66,66,35,64,66,66,66,52,54,42,42,42,42,64,31,31,35,39,63,76,79,80,80,82,14],"gold":16,"neow_bonus":"TRANSFORM_CARD","is_daily":false,"chose_seed":false,"campfire_upgraded":3,"win_rate":0.0,"timestamp":1611386006,"path_taken":["M","COS","?","?","?","R","E","?","T","R","?","?","M","E","R","BOSS","M","?","?","M","?","R","E","?","T","AVR","?","E","M","M","R","BOSS","M","AVR","?","?","M","NM","?","COS","T","R","E","$","?","M","R","BOSS","R","$","E","BOSS"],"items_purchased_type":["Relic","Relic","Relic","Relic","Card","Relic","Relic","Potion","Potion","Relic","Potion"],"build_version":"2020-12-22","purchased_purges":3,"victory":true,"max_hp_per_floor":[68,68,68,68,68,68,68,68,68,68,68,68,68,68,68,68,68,68,68,68,68,68,68,70,70,70,70,70,70,70,74,74,74,74,74,74,74,74,74,76,76,76,76,76,76,76,78,80,80,80,80,80,80,82,82],"card_choices":[{"not_picked":["stsjorbsmod:UnseenServant","stsjorbsmod:Prepare"],"picked":"stsjorbsmod:TrueStrike","floor":1.0},{"not_picked":["stsjorbsmod:WeightOfMemory","stsjorbsmod:Trauma"],"picked":"stsjorbsmod:ChatteringStrike","floor":4.0},{"not_picked":["stsjorbsmod:WeightOfMemory","stsjorbsmod:ParryingBlow"],"picked":"stsjorbsmod:ArcaneWeapon","floor":7.0},{"not_picked":["stsjorbsmod:Inferno","stsjorbsmod:Counterspell"],"picked":"stsjorbsmod:Materialize","floor":12.0},{"not_picked":["stsjorbsmod:MagicMirror","stsjorbsmod:Aid"],"picked":"stsjorbsmod:TinyHut","floor":13.0},{"not_picked":["stsjorbsmod:Hurt","stsjorbsmod:Aid","stsjorbsmod:Stalwart"],"picked":"SKIP","floor":14.0},{"not_picked":["stsjorbsmod:Pyromancy","stsjorbsmod:IvoryTower"],"picked":"stsjorbsmod:SiphonEnergy","floor":16.0},{"not_picked":["stsjorbsmod:Hurt","stsjorbsmod:ParryingBlow"],"picked":"stsjorbsmod:WeightOfMemory","floor":18.0},{"not_picked":["stsjorbsmod:ScorchingRay","stsjorbsmod:OldPocket"],"picked":"stsjorbsmod:BurningFlask","floor":21.0},{"not_picked":["stsjorbsmod:SmithingStrike","stsjorbsmod:DisguiseSelf"],"picked":"stsjorbsmod:ChainLightning","floor":22.0},{"not_picked":["stsjorbsmod:Mending+1","stsjorbsmod:Trauma"],"picked":"stsjorbsmod:DoubleCheck+1","floor":24.0},{"not_picked":["stsjorbsmod:FindFamiliar","stsjorbsmod:TinyHut"],"picked":"stsjorbsmod:Prestidigitation","floor":29.0},{"not_picked":["stsjorbsmod:Hibernate","stsjorbsmod:TinyHut"],"picked":"stsjorbsmod:BurningFlask","floor":30.0},{"not_picked":["stsjorbsmod:Firebolt","stsjorbsmod:UnseenServant"],"picked":"stsjorbsmod:Index+1","floor":31.0},{"not_picked":["stsjorbsmod:DisguiseSelf","stsjorbsmod:BlackTentacles"],"picked":"stsjorbsmod:Channel+1","floor":35},{"not_picked":["stsjorbsmod:Aid+1","stsjorbsmod:Introspection+1"],"picked":"stsjorbsmod:DoubleCheck+1","floor":39},{"not_picked":["stsjorbsmod:WanderingMind+1","stsjorbsmod:ArcaneWeapon+1"],"picked":"stsjorbsmod:MirrorImage","floor":40},{"not_picked":["stsjorbsmod:ChainLightning","stsjorbsmod:Aid"],"picked":"stsjorbsmod:DisguiseSelf+1","floor":45},{"not_picked":["stsjorbsmod:WeightOfMemory","stsjorbsmod:BookOfTongues","stsjorbsmod:Message+1"],"picked":"Singing Bowl","floor":47},{"not_picked":["stsjorbsmod:OldPocket+1","stsjorbsmod:BurningFlask","stsjorbsmod:RayOfFrost"],"picked":"Singing Bowl","floor":48},{"not_picked":["stsjorbsmod:FaerieFire","stsjorbsmod:Thorns+1","stsjorbsmod:Aid+1"],"picked":"Singing Bowl","floor":54},{"not_picked":["stsjorbsmod:Feast","stsjorbsmod:Pyromancy"],"picked":"stsjorbsmod:GatherPower","floor":54}],"player_experience":1876736,"relics_obtained":[{"floor":7.0,"key":"halation:PromiseList"},{"floor":9.0,"key":"jedi:archwizardhat"},{"floor":14.0,"key":"StuffTheSpire:Barrel"},{"floor":24.0,"key":"hubris:ToyBattleship"},{"floor":29.0,"key":"Lantern"},{"floor":40,"key":"infinitespire:FocusingShard"},{"floor":43,"key":"Singing Bowl"},{"floor":45,"key":"construct:RocketBooster"},{"floor":54,"key":"conspire:GiftBox"}],"event_choices":[{"damage_healed":0.0,"max_hp_gain":0.0,"max_hp_loss":0.0,"gold_gain":0.0,"event_name":"conspire:Investor","player_choice":"Leave","floor":28.0,"gold_loss":0.0,"damage_taken":0.0}],"is_beta":false,"boss_relics":[{"not_picked":["Replay:Drink Me","Pandora\u0027s Box"],"picked":"Fusion Hammer"},{"not_picked":["conspire:RunicOctahedron","energizedSpire:HugeHouse"],"picked":"construct:ClawGrip"}],"items_purged_floors":[27,36,46],"is_endless":false,"potions_floor_spawned":[4,7,13,18,21,30,35,45],"ascension_level":10}}