{"host":"0cm5wy4nhuju7tij","time":1611386442,"event":{"mods":["100% Spire Juice","2.2 Compatiblity","AchievementEnabler","Aspiration","BaseMod","Better Third Choice","BetterRewards","CCEM","CapriCore","Colored Powertips","Curses Come First","Custom Start","Displayed Cursed Tome","Downfall","Energized Spire","Evolution","Filter the Spire","Highlight Path","Jess\u0027s Bottle","Minty Spire (QoL Compilation)","Permanent Neow","Poor People Problems","Relic Stats","Shop Mod","Spicy Shops","StSLib","The Cursed","The Dragonkin","The Juggle"],"gold_per_floor":[217,27,40,40,57,88,88,102,127,159,170,187,187,214,214,313,313,323,50,50,63,82,82,108,119,119,144,162,196,196,211,211,306,306,321,117,117,127,127,127,156,169,169,188,217,35,310,320,320,320],"floor_reached":51,"language":"ENG","playtime":5279,"items_purged":[],"score":1040,"play_id":"a9270eff-c90c-49d5-9eda-9c38f0282ef8","local_time":"20210123022042","is_ascension_mode":true,"campfire_choices":[{"data":"TheCursedMod:HellfireBreathing","floor":7,"key":"SMITH"},{"floor":13,"key":"REST"},{"data":"TheCursedMod:SoulReap","floor":15,"key":"SMITH"},{"data":"TheCursedMod:VoidForm","floor":23,"key":"SMITH"},{"data":"TheCursedMod:LuckyCharm","floor":32,"key":"SMITH"},{"floor":49,"key":"RECALL"}],"circlet_count":0,"master_deck":["TheCursedMod:CleanUpWorkshop","TheCursedMod:CursedAmulet","TheCursedMod:HellfireBreathing+1","TheCursedMod:HellfireBreathing","TheCursedMod:SpitefulPlan","TheCursedMod:LuckyCharm+1","TheCursedMod:CursedSpellbook","TheCursedMod:NeowsMight","TheCursedMod:ParallelWorld+1","TheCursedMod:CircleOfAmplification","TheCursedMod:CursedStaff","TheCursedMod:FleshFromBone","TheCursedMod:RavingStaff","TheCursedMod:Stigma","TheCursedMod:DoubleShield","TheCursedMod:DemonSword","TheCursedMod:SmokeScreen","TheCursedMod:SoulReap+1","TheCursedMod:DoubleShield","TheCursedMod:VoidForm+1","TheCursedMod:CursedBoomerang","TheCursedMod:CursedShiv","TheCursedMod:LuckyCharm","TheCursedMod:SoulReap+1","TheCursedMod:CursedArmor+1","TheCursedMod:CursedSpellbook+1","TheCursedMod:HellsGateOpen","TheCursedMod:SpitefulPray","TheCursedMod:SurpriseAttack","TheCursedMod:LuckyCharm+1","TheCursedMod:CursedBlade+1","TheCursedMod:ShockAndAwe","TheCursedMod:Hemoplague+1","TheCursedMod:SurpriseAttack","TheCursedMod:LuckyCharm","TheCursedMod:SpitefulStrike","TheCursedMod:Wield","TheCursedMod:SaltUponWound","TheCursedMod:CursedWand","TheCursedMod:HellfireBreathing","TheCursedMod:CircleOfAmplification+1","TheCursedMod:AbyssShockwave+1","TheCursedMod:FleshFromBone+1","TheCursedMod:CircleOfBlood","Regret","TheCursedMod:CursedSpellbook+1"],"relics":["TheCursedMod:BlackMagicAdvanced","EVO:Axolotl","aspiration:Nostalgia","jugglermod: WetwareUpgrade","Bag of Preparation","Tiny Chest","TungstenRod","Calipers","SlaversCollar","Sling","Ornamental Fan","CCEMRelics:WhiteRose","CCEMRelics:WarHorn","CCEMRelics:OldTooth","jessBottle:WaterBottleRelic","CCEMRelics:SpiritsEdge","CCEMRelics:TechnogenicHelmet","Sundial","CCEMRelics:CocoNut","Dream Catcher","Happy Flower"],"acts_visited":["Exordium","TheCity","TheBeyond"],"potions_floor_usage":[],"damage_taken":[{"damage":14,"enemies":"Jaw Worm","floor":1,"turns":3},{"damage":0,"enemies":"2 Louse","floor":3,"turns":3},{"damage":0,"enemies":"Cultist","floor":5,"turns":2},{"damage":10,"enemies":"Lagavulin","floor":6,"turns":7},{"damage":0,"enemies":"Looter","floor":8,"turns":2},{"damage":1,"enemies":"Gremlin Nob","floor":10,"turns":4},{"damage":5,"enemies":"2 Fungi Beasts","floor":11,"turns":3},{"damage":1,"enemies":"Blue Slaver","floor":12,"turns":2},{"damage":0,"enemies":"Lagavulin","floor":14,"turns":6},{"damage":35,"enemies":"The Guardian","floor":16,"turns":10},{"damage":2,"enemies":"Chosen","floor":18,"turns":5},{"damage":37,"enemies":"Spheric Guardian","floor":21,"turns":6},{"damage":8,"enemies":"Snecko","floor":22,"turns":6},{"damage":0,"enemies":"Book of Stabbing","floor":24,"turns":3},{"damage":0,"enemies":"Centurion and Healer","floor":25,"turns":5},{"damage":12,"enemies":"Gremlin Leader","floor":27,"turns":5},{"damage":1,"enemies":"Shelled Parasite and Fungi","floor":28,"turns":4},{"damage":6,"enemies":"Slavers","floor":29,"turns":4},{"damage":17,"enemies":"Snecko","floor":31,"turns":5},{"damage":16,"enemies":"Automaton","floor":33,"turns":6},{"damage":23,"enemies":"3 Darklings","floor":35,"turns":6},{"damage":0,"enemies":"Orb Walker","floor":38,"turns":2},{"damage":13,"enemies":"Reptomancer","floor":41,"turns":5},{"damage":3,"enemies":"4 Shapes","floor":42,"turns":7},{"damage":0,"enemies":"3 Darklings","floor":44,"turns":3},{"damage":37,"enemies":"Nemesis","floor":45,"turns":5},{"damage":6,"enemies":"Sphere and 2 Shapes","floor":48,"turns":4},{"damage":16,"enemies":"Time Eater","floor":50,"turns":7}],"seed_played":"658457717880428420","potions_obtained":[{"floor":1,"key":"DuplicationPotion"},{"floor":10,"key":"Explosive Potion"},{"floor":11,"key":"Dexterity Potion"}],"is_trial":false,"path_per_floor":["M","$","M","?","M","E","R","M","T","E","M","M","R","E","R","B",null,"M","$","?","M","M","R","E","M","T","E","M","E","?","M","R","B",null,"M","$","T","M","?","R","E","M","T","M","E","$","?","M","R","B",null],"character_chosen":"THE_CURSED","items_purchased":["TheCursedMod:FleshFromBone","aspiration:Nostalgia","Sling","TheCursedMod:CursedShiv","TheCursedMod:LuckyCharm","CCEMRelics:SpiritsEdge","TheCursedMod:SurpriseAttack","TheCursedMod:LuckyCharm","Happy Flower","TheCursedMod:CircleOfBlood"],"campfire_rested":1,"item_purchase_floors":[2,2,19,19,19,36,36,36,46,46],"current_hp_per_floor":[61,61,61,61,61,51,51,51,51,50,45,44,66,66,66,38,75,73,73,73,38,65,65,75,75,75,65,67,69,69,52,52,46,75,66,66,66,73,73,73,75,72,77,77,40,40,40,45,45,80],"gold":320,"neow_bonus":"HUNDRED_GOLD","is_daily":false,"chose_seed":false,"campfire_upgraded":4,"win_rate":0.0,"timestamp":1611386442,"path_taken":["M","$","M","?","M","E","R","M","T","E","M","M","R","E","R","BOSS","M","$","?","M","M","R","E","M","T","E","?","E","?","M","R","BOSS","M","$","?","M","?","R","E","M","T","?","E","$","?","M","R","BOSS"],"items_purchased_type":["Card","Relic","Relic","Card","Card","Relic","Card","Card","Relic","Card"],"build_version":"2020-12-22","purchased_purges":0,"victory":true,"max_hp_per_floor":[75,75,75,75,75,75,75,75,75,75,75,75,75,75,75,75,75,75,75,75,75,75,75,75,75,75,75,75,75,75,75,75,75,75,75,75,75,75,75,75,75,75,80,80,80,80,80,80,80,80],"relic_stats":{"Dream Catcher":0,"Happy Flower":[3],"counters":[28,122],"Ornamental Fan":[76],"Sundial":[0],"Tiny Chest":1,"Bag of Preparation":[48],"obtain_stats":[{"Calipers":14,"TheCursedMod:BlackMagicAdvanced":0,"Happy Flower":46,"aspiration:Nostalgia":2,"Bag of Preparation":6,"CCEMRelics:CocoNut":43,"EVO:Axolotl":0,"CCEMRelics:TechnogenicHelmet":37,"Sling":19,"CCEMRelics:SpiritsEdge":36,"SlaversCollar":17,"Dream Catcher":45,"CCEMRelics:OldTooth":29,"Ornamental Fan":24,"Sundial":41,"Tiny Chest":9,"jugglermod: WetwareUpgrade":2,"CCEMRelics:WhiteRose":26,"CCEMRelics:WarHorn":27,"jessBottle:WaterBottleRelic":34,"TungstenRod":10},{"Calipers":9,"TheCursedMod:BlackMagicAdvanced":0,"Happy Flower":26,"aspiration:Nostalgia":1,"Bag of Preparation":4,"CCEMRelics:CocoNut":24,"EVO:Axolotl":0,"CCEMRelics:TechnogenicHelmet":21,"Sling":11,"CCEMRelics:SpiritsEdge":21,"SlaversCollar":10,"Dream Catcher":26,"CCEMRelics:OldTooth":18,"Ornamental Fan":14,"Sundial":23,"Tiny Chest":5,"jugglermod: WetwareUpgrade":1,"CCEMRelics:WhiteRose":15,"CCEMRelics:WarHorn":16,"jessBottle:WaterBottleRelic":20,"TungstenRod":6},{"Calipers":27,"TheCursedMod:BlackMagicAdvanced":0,"Happy Flower":111,"aspiration:Nostalgia":3,"Bag of Preparation":13,"CCEMRelics:CocoNut":103,"EVO:Axolotl":0,"CCEMRelics:TechnogenicHelmet":91,"Sling":42,"CCEMRelics:SpiritsEdge":91,"SlaversCollar":37,"Dream Catcher":111,"CCEMRelics:OldTooth":74,"Ornamental Fan":57,"Sundial":97,"Tiny Chest":14,"jugglermod: WetwareUpgrade":3,"CCEMRelics:WhiteRose":62,"CCEMRelics:WarHorn":67,"jessBottle:WaterBottleRelic":85,"TungstenRod":18}],"TungstenRod":56},"card_choices":[{"not_picked":["TheCursedMod:CircleOfFlame","TheCursedMod:SpitefulStrike"],"picked":"TheCursedMod:CursedStaff","floor":1},{"not_picked":["TheCursedMod:WearCloak","TheCursedMod:StingEye","TheCursedMod:RavingStaff"],"picked":"SKIP","floor":3},{"not_picked":["TheCursedMod:ManaBullet","TheCursedMod:VitalStrike"],"picked":"TheCursedMod:RavingStaff","floor":5},{"not_picked":["TheCursedMod:CircleOfFlame","TheCursedMod:Evocation"],"picked":"TheCursedMod:Stigma","floor":6},{"not_picked":["TheCursedMod:Mangle","TheCursedMod:Torture"],"picked":"TheCursedMod:DoubleShield","floor":8},{"not_picked":["TheCursedMod:CircleOfCorruption","TheCursedMod:SpitefulPlan"],"picked":"TheCursedMod:DemonSword","floor":10},{"not_picked":["TheCursedMod:RapidMovement","TheCursedMod:CursedAmulet"],"picked":"TheCursedMod:SmokeScreen","floor":11},{"not_picked":["TheCursedMod:SpitefulStrike","TheCursedMod:CircleOfCorruption"],"picked":"TheCursedMod:SoulReap","floor":12},{"not_picked":["TheCursedMod:Stigma","TheCursedMod:CursedStaff"],"picked":"TheCursedMod:DoubleShield","floor":14},{"not_picked":["TheCursedMod:ManaCirculation","TheCursedMod:NeowsMight"],"picked":"TheCursedMod:VoidForm","floor":16},{"not_picked":["TheCursedMod:CursedBlade","TheCursedMod:SaltUponWound"],"picked":"TheCursedMod:CursedBoomerang","floor":18},{"not_picked":["TheCursedMod:EmpowerCircles","TheCursedMod:FleshFromBone"],"picked":"TheCursedMod:CursedArmor+1","floor":21},{"not_picked":["TheCursedMod:TacticalStrike","TheCursedMod:SmokeScreen+1"],"picked":"TheCursedMod:CursedSpellbook+1","floor":22},{"not_picked":["TheCursedMod:ForbiddenAlchemy","TheCursedMod:VitalStrike"],"picked":"TheCursedMod:HellsGateOpen","floor":24},{"not_picked":["TheCursedMod:VitalStrike","TheCursedMod:CursedBoomerang"],"picked":"TheCursedMod:SpitefulPray","floor":25},{"not_picked":["TheCursedMod:Torture","TheCursedMod:CircleOfFlame"],"picked":"TheCursedMod:SurpriseAttack","floor":27},{"not_picked":["TheCursedMod:HellfireBreathing","TheCursedMod:SpitefulStrike"],"picked":"TheCursedMod:LuckyCharm+1","floor":28},{"not_picked":["TheCursedMod:CircleOfFlame+1","TheCursedMod:SpreadPlague","TheCursedMod:SmokeScreen"],"picked":"SKIP","floor":29},{"not_picked":["TheCursedMod:UltimatePain","TheCursedMod:FleshFromBone"],"picked":"TheCursedMod:CursedBlade+1","floor":31},{"not_picked":["TheCursedMod:ForbiddenAlchemy","TheCursedMod:CursedRelics"],"picked":"TheCursedMod:ShockAndAwe","floor":33},{"not_picked":["TheCursedMod:Torture","TheCursedMod:SpreadPlague"],"picked":"TheCursedMod:Hemoplague+1","floor":35},{"not_picked":["TheCursedMod:TacticalStrike","TheCursedMod:DoubleShield"],"picked":"TheCursedMod:SpitefulStrike","floor":38},{"not_picked":["TheCursedMod:SurpriseAttack","TheCursedMod:LuckyCharm"],"picked":"TheCursedMod:HellfireBreathing","floor":41},{"not_picked":["TheCursedMod:BlessingInDisguise","TheCursedMod:CursedMace"],"picked":"TheCursedMod:CircleOfAmplification+1","floor":42},{"not_picked":["TheCursedMod:RavingStaff+1","TheCursedMod:SpreadPlague+1"],"picked":"TheCursedMod:AbyssShockwave+1","floor":44},{"not_picked":["TheCursedMod:StingEye","TheCursedMod:SpitefulPray"],"picked":"TheCursedMod:FleshFromBone+1","floor":45},{"not_picked":["TheCursedMod:BloodBarrier+1","TheCursedMod:CursedShiv+1"],"picked":"TheCursedMod:CursedSpellbook+1","floor":48}],"player_experience":249557,"relics_obtained":[{"floor":6,"key":"Bag of Preparation"},{"floor":9,"key":"Tiny Chest"},{"floor":10,"key":"TungstenRod"},{"floor":14,"key":"Calipers"},{"floor":24,"key":"Ornamental Fan"},{"floor":26,"key":"CCEMRelics:WhiteRose"},{"floor":27,"key":"CCEMRelics:WarHorn"},{"floor":29,"key":"CCEMRelics:OldTooth"},{"floor":37,"key":"CCEMRelics:TechnogenicHelmet"},{"floor":41,"key":"Sundial"},{"floor":43,"key":"CCEMRelics:CocoNut"},{"floor":45,"key":"Dream Catcher"}],"event_choices":[{"damage_healed":0,"gold_gain":0,"player_choice":"Grow","damage_taken":0,"max_hp_gain":0,"max_hp_loss":0,"event_name":"Living Wall","floor":4,"gold_loss":0,"cards_upgraded":["TheCursedMod:ParallelWorld"]},{"damage_healed":0,"gold_gain":0,"player_choice":"Copied","damage_taken":0,"max_hp_gain":0,"max_hp_loss":0,"event_name":"Duplicator","floor":20,"gold_loss":0,"cards_obtained":["TheCursedMod:SoulReap"]},{"damage_healed":0,"gold_gain":0,"player_choice":"Simplicity","damage_taken":0,"max_hp_gain":0,"max_hp_loss":0,"event_name":"betterThird:BetterWriting","floor":30,"gold_loss":0},{"damage_healed":0,"gold_gain":0,"player_choice":"3 cards matched","damage_taken":0,"max_hp_gain":0,"max_hp_loss":0,"event_name":"Match and Keep!","floor":39,"gold_loss":0,"cards_obtained":["TheCursedMod:Wield","TheCursedMod:SaltUponWound","TheCursedMod:CursedWand"]},{"damage_healed":0,"gold_gain":275,"player_choice":"Desecrate","damage_taken":0,"max_hp_gain":0,"max_hp_loss":0,"event_name":"Golden Shrine","floor":47,"gold_loss":0,"cards_obtained":["Regret"]}],"is_beta":false,"boss_relics":[{"not_picked":["Fusion Hammer","Coffee Dripper"],"picked":"SlaversCollar"},{"not_picked":["energizedSpire:DeadBattery","Runic Pyramid"],"picked":"jessBottle:WaterBottleRelic"}],"items_purged_floors":[],"is_endless":false,"potions_floor_spawned":[1,10,11,18,21,24,28,38,42,44],"ascension_level":3}}