{"host":"kpyoctgc7jne3jiy","time":1611418928,"event":{"mods":["AchievementEnabler","BaseMod","Minty Spire (QoL Compilation)","Relic Stats","Slay-I"],"gold_per_floor":[115,190,210,228,247,272,272,298,298,298,330,330,347,52,52,154,154,164,164,164,164,182,182,198,198,221,249,264,294,310,340,340,441,441,455,105,120,120,120,152,167,208,208,245,15,34,34,52,52,52,52,52,28,53,53],"floor_reached":56,"language":"ENG","playtime":3554,"items_purged":["Multi-Cast"],"score":1583,"play_id":"b928ef21-3f1b-46d6-94db-2fa43eb6a4a4","local_time":"20210123172208","is_ascension_mode":true,"campfire_choices":[{"data":"Zap","floor":7.0,"key":"SMITH"},{"data":"Go for the Eyes","floor":12.0,"key":"SMITH"},{"data":"Streamline","floor":15.0,"key":"SMITH"},{"data":"Creative AI","floor":23.0,"key":"SMITH"},{"data":"Genetic Algorithm","floor":25.0,"key":"SMITH"},{"data":"Defragment","floor":32.0,"key":"SMITH"},{"floor":47.0,"key":"RECALL"},{"data":"Echo Form","floor":49.0,"key":"SMITH"},{"data":"Defragment","floor":52,"key":"SMITH"}],"circlet_count":0,"master_deck":["Zap+1","Conserve Battery","Coolheaded","Electrodynamics+1","Auto Shields","Glacier","Glacier","Hello World","Genetic Algorithm+1","Conserve Battery+1","Compile Driver","Capacitor","Go for the Eyes+1","Capacitor","Streamline+1","Creative AI+1","Leap","J.A.X.","Hologram","Streamline","Lockon","Defragment+1","Cold Snap+1","Biased Cognition+1","Defragment+1","Leap+1","Turbo+1","Force Field","Auto Shields+1","Echo Form+1","Apotheosis","Blizzard"],"relics":["Pandora\u0027s Box","Blood Vial","Unceasing Top","Ginger","Bird Faced Urn","Runic Capacitor","Centennial Puzzle","Cursed Key","Omamori","Pen Nib","Ancient Tea Set","Strawberry","Thread and Needle","Runic Pyramid","TungstenRod","FossilizedHelix","CeramicFish","Juzu Bracelet","Akabeko"],"acts_visited":["Exordium","TheCity","TheBeyond","TheEnding"],"potions_floor_usage":[50,50,50],"damage_taken":[{"damage":0.0,"enemies":"Small Slimes","floor":1.0,"turns":3.0},{"damage":0.0,"enemies":"2 Louse","floor":3.0,"turns":4.0},{"damage":0.0,"enemies":"Jaw Worm","floor":4.0,"turns":8.0},{"damage":8.0,"enemies":"Exordium Thugs","floor":5.0,"turns":4.0},{"damage":0.0,"enemies":"Lagavulin","floor":6.0,"turns":11.0},{"damage":2.0,"enemies":"3 Sentries","floor":8.0,"turns":7.0},{"damage":0.0,"enemies":"Lagavulin","floor":11.0,"turns":9.0},{"damage":0.0,"enemies":"Looter","floor":13.0,"turns":4.0},{"damage":17.0,"enemies":"Slime Boss","floor":16.0,"turns":9.0},{"damage":2.0,"enemies":"Shell Parasite","floor":18.0,"turns":6.0},{"damage":17.0,"enemies":"Spheric Guardian","floor":22.0,"turns":6.0},{"damage":6.0,"enemies":"Centurion and Healer","floor":24.0,"turns":6.0},{"damage":20.0,"enemies":"Slavers","floor":27.0,"turns":5.0},{"damage":3.0,"enemies":"Snake Plant","floor":28.0,"turns":3.0},{"damage":31.0,"enemies":"Book of Stabbing","floor":29.0,"turns":7.0},{"damage":17.0,"enemies":"Shelled Parasite and Fungi","floor":30.0,"turns":6.0},{"damage":33.0,"enemies":"Gremlin Leader","floor":31.0,"turns":7.0},{"damage":16.0,"enemies":"Automaton","floor":33.0,"turns":10.0},{"damage":11.0,"enemies":"3 Shapes","floor":35.0,"turns":7.0},{"damage":6.0,"enemies":"Orb Walker","floor":37.0,"turns":5.0},{"damage":27.0,"enemies":"Nemesis","floor":40.0,"turns":7.0},{"damage":3.0,"enemies":"Sphere and 2 Shapes","floor":41.0,"turns":6.0},{"damage":0.0,"enemies":"Giant Head","floor":42.0,"turns":9.0},{"damage":0.0,"enemies":"Reptomancer","floor":44.0,"turns":6.0},{"damage":13.0,"enemies":"4 Shapes","floor":46.0,"turns":6.0},{"damage":23.0,"enemies":"3 Darklings","floor":48.0,"turns":5.0},{"damage":9,"enemies":"Awakened One","floor":50,"turns":13},{"damage":33,"enemies":"Shield and Spear","floor":54,"turns":6},{"damage":53,"enemies":"The Heart","floor":55,"turns":13}],"seed_played":"-6416354932860896290","potions_obtained":[{"floor":1.0,"key":"Block Potion"},{"floor":5.0,"key":"SpeedPotion"},{"floor":8.0,"key":"SteroidPotion"},{"floor":11.0,"key":"SteroidPotion"},{"floor":27.0,"key":"SpeedPotion"},{"floor":31.0,"key":"Block Potion"},{"floor":33.0,"key":"Explosive Potion"},{"floor":41.0,"key":"BlessingOfTheForge"},{"floor":48.0,"key":"EssenceOfSteel"}],"is_trial":false,"path_per_floor":["M","?","M","M","M","E","R","E","T","?","E","R","M","$","R","B",null,"M","?","?","?","M","R","M","R","T","E","M","E","M","E","R","B",null,"M","$","M","?","?","E","M","E","T","E","$","M","R","M","R","B",null,"R","$","E","B",null],"character_chosen":"DEFECT","items_purchased":["Runic Capacitor","Centennial Puzzle","Defragment","TungstenRod","Apotheosis","Blizzard"],"campfire_rested":0,"item_purchase_floors":[14,14,36,36,45,53],"current_hp_per_floor":[75,64,64,64,56,56,56,56,56,41,43,43,49,49,49,42,75,75,75,75,75,71,71,75,75,75,63,66,62,67,52,52,70,82,82,82,81,81,81,73,82,82,82,82,82,82,82,67,67,82,82,82,82,58,51],"gold":53,"neow_bonus":"BOSS_RELIC","is_daily":false,"chose_seed":false,"campfire_upgraded":8,"win_rate":0.0,"timestamp":1611418928,"path_taken":["M","?","M","M","M","E","R","E","T","?","E","R","M","$","R","BOSS","M","?","?","?","M","R","M","R","T","E","M","E","M","E","R","BOSS","M","$","M","?","?","E","?","E","T","E","$","M","R","M","R","BOSS","R","$","E","BOSS"],"items_purchased_type":["Relic","Relic","Card","Relic","Card","Card"],"build_version":"2020-12-22","purchased_purges":1,"victory":true,"max_hp_per_floor":[75,75,75,75,75,75,75,75,75,75,75,75,75,75,75,75,75,75,75,75,75,75,75,75,75,75,75,75,82,82,82,82,82,82,82,82,82,82,82,82,82,82,82,82,82,82,82,82,82,82,82,82,82,82,82],"relic_stats":{"counters":[29,196],"CeramicFish":36,"Pen Nib":[12],"Juzu Bracelet":0,"Ginger":[12],"Cursed Key":2,"Blood Vial":27,"Centennial Puzzle":[56],"Bird Faced Urn":[273],"Pandora\u0027s Box":["Conserve Battery","Coolheaded","Electrodynamics","Auto Shields","Glacier","Multi-Cast","Glacier","Hello World"],"obtain_stats":[{"CeramicFish":42,"Thread and Needle":31,"Pen Nib":26,"Runic Capacitor":14,"Omamori":19,"Juzu Bracelet":44,"Ginger":9,"Cursed Key":17,"Ancient Tea Set":27,"Akabeko":54,"Blood Vial":6,"Centennial Puzzle":14,"Bird Faced Urn":11,"Strawberry":29,"Pandora\u0027s Box":0,"Cracked Core":0,"Unceasing Top":8,"TungstenRod":36,"FossilizedHelix":40,"Runic Pyramid":34},{"CeramicFish":23,"Thread and Needle":17,"Pen Nib":12,"Runic Capacitor":8,"Omamori":10,"Juzu Bracelet":24,"Ginger":6,"Cursed Key":9,"Ancient Tea Set":13,"Akabeko":28,"Blood Vial":5,"Centennial Puzzle":8,"Bird Faced Urn":7,"Strawberry":15,"Pandora\u0027s Box":0,"Cracked Core":0,"Unceasing Top":6,"TungstenRod":19,"FossilizedHelix":21,"Runic Pyramid":18},{"CeramicFish":147,"Thread and Needle":104,"Pen Nib":77,"Runic Capacitor":50,"Omamori":65,"Juzu Bracelet":153,"Ginger":37,"Cursed Key":59,"Ancient Tea Set":82,"Akabeko":183,"Blood Vial":30,"Centennial Puzzle":50,"Bird Faced Urn":46,"Strawberry":92,"Pandora\u0027s Box":0,"Cracked Core":0,"Unceasing Top":37,"TungstenRod":121,"FossilizedHelix":133,"Runic Pyramid":114}],"Unceasing Top":[4],"TungstenRod":53},"card_choices":[{"not_picked":["Scrape","Gash"],"picked":"Genetic Algorithm","floor":1.0},{"not_picked":["Barrage","Steam"],"picked":"Conserve Battery","floor":3.0},{"not_picked":["Genetic Algorithm","Stack"],"picked":"Compile Driver","floor":4.0},{"not_picked":["Coolheaded","Compile Driver","Amplify"],"picked":"SKIP","floor":5.0},{"not_picked":["Stack","Gash"],"picked":"Capacitor","floor":6.0},{"not_picked":["Cold Snap","Machine Learning"],"picked":"Go for the Eyes","floor":8.0},{"not_picked":["Stack","Compile Driver"],"picked":"Capacitor","floor":11.0},{"not_picked":["Turbo","Go for the Eyes"],"picked":"Streamline","floor":13.0},{"not_picked":["All For One","Thunder Strike"],"picked":"Creative AI","floor":16.0},{"not_picked":["Stack","Sweeping Beam"],"picked":"Leap","floor":18.0},{"not_picked":["Stack+1","Leap"],"picked":"Hologram","floor":22.0},{"not_picked":["Beam Cell","Steam"],"picked":"Streamline","floor":24.0},{"not_picked":["Streamline+1","Fission","Barrage"],"picked":"SKIP","floor":27.0},{"not_picked":["Steam Power","Streamline"],"picked":"Lockon","floor":28.0},{"not_picked":["Stack","Steam"],"picked":"Defragment","floor":29.0},{"not_picked":["Ball Lightning","Multi-Cast"],"picked":"Cold Snap+1","floor":30.0},{"not_picked":["Cold Snap+1","Go for the Eyes","Storm"],"picked":"SKIP","floor":31.0},{"not_picked":["Hyperbeam","Multi-Cast"],"picked":"Biased Cognition","floor":33.0},{"not_picked":["Steam","Rip and Tear+1","Genetic Algorithm"],"picked":"SKIP","floor":35.0},{"not_picked":["Go for the Eyes+1","Hello World+1"],"picked":"Leap+1","floor":37.0},{"not_picked":["Reprogram+1","Hello World"],"picked":"Turbo+1","floor":40.0},{"not_picked":["Reinforced Body","Leap+1"],"picked":"Force Field","floor":41.0},{"not_picked":["Sunder+1","Tempest+1"],"picked":"Auto Shields+1","floor":42.0},{"not_picked":["Go for the Eyes+1","All For One"],"picked":"Echo Form","floor":44.0},{"not_picked":["Auto Shields+1","Steam Power+1","Go for the Eyes"],"picked":"SKIP","floor":46.0},{"not_picked":["Ball Lightning","Hologram+1","Redo"],"picked":"SKIP","floor":48.0},{"not_picked":["Streamline+1","Coolheaded","Self Repair"],"picked":"SKIP","floor":54}],"player_experience":310151,"relics_obtained":[{"floor":6.0,"key":"Blood Vial"},{"floor":8.0,"key":"Unceasing Top"},{"floor":9.0,"key":"Ginger"},{"floor":11.0,"key":"Bird Faced Urn"},{"floor":26.0,"key":"Pen Nib"},{"floor":27.0,"key":"Ancient Tea Set"},{"floor":29.0,"key":"Strawberry"},{"floor":31.0,"key":"Thread and Needle"},{"floor":40.0,"key":"FossilizedHelix"},{"floor":42.0,"key":"CeramicFish"},{"floor":44.0,"key":"Juzu Bracelet"},{"floor":54,"key":"Akabeko"}],"event_choices":[{"damage_healed":0.0,"max_hp_gain":0.0,"max_hp_loss":0.0,"gold_gain":75.0,"event_name":"World of Goop","player_choice":"Gather Gold","floor":2.0,"gold_loss":0.0,"damage_taken":11.0},{"damage_healed":0.0,"max_hp_gain":0.0,"max_hp_loss":0.0,"gold_gain":0.0,"event_name":"Shining Light","player_choice":"Entered Light","floor":10.0,"gold_loss":0.0,"damage_taken":15.0,"cards_upgraded":["Electrodynamics","Conserve Battery"]},{"damage_healed":0.0,"max_hp_gain":0.0,"max_hp_loss":0.0,"gold_gain":0.0,"event_name":"The Mausoleum","player_choice":"Opened","floor":19.0,"gold_loss":0.0,"damage_taken":0.0,"relics_obtained":["Omamori"],"cards_obtained":["Writhe"]},{"cards_removed":["Writhe"],"damage_healed":0.0,"max_hp_gain":0.0,"max_hp_loss":0.0,"gold_gain":0.0,"event_name":"Back to Basics","player_choice":"Elegance","floor":20.0,"gold_loss":0.0,"damage_taken":0.0},{"damage_healed":0.0,"max_hp_gain":0.0,"max_hp_loss":0.0,"gold_gain":0.0,"event_name":"Drug Dealer","player_choice":"Obtain J.A.X.","floor":21.0,"gold_loss":0.0,"damage_taken":0.0,"cards_obtained":["J.A.X."]},{"cards_removed":["Dualcast"],"damage_healed":0.0,"max_hp_gain":0.0,"max_hp_loss":0.0,"gold_gain":0.0,"event_name":"Falling","player_choice":"Removed Skill","floor":38.0,"gold_loss":0.0,"damage_taken":0.0},{"damage_healed":0.0,"max_hp_gain":0.0,"max_hp_loss":0.0,"gold_gain":0.0,"event_name":"Upgrade Shrine","player_choice":"Upgraded","floor":39.0,"gold_loss":0.0,"damage_taken":0.0,"cards_upgraded":["Biased Cognition"]}],"is_beta":false,"boss_relics":[{"not_picked":["Coffee Dripper","SacredBark"],"picked":"Cursed Key"},{"not_picked":["Empty Cage","Snecko Eye"],"picked":"Runic Pyramid"}],"items_purged_floors":[45],"is_endless":false,"potions_floor_spawned":[1,5,8,11,27,28,31,33,41,42,46,48],"ascension_level":4}}