{"host":"vucub2jtaeo9vgh1","time":1611428071,"event":{"mods":["BaseMod","BetterRewards","GungeonMod","Minty Spire (QoL Compilation)","Quick Restart","Rare Cards Sparkle","Replay The Spire","StSLib"],"gold_per_floor":[116,116,134,134,184,253,306,347,347,361,396,22,22,57,57,201,201,224,248,248,12,8,43,43,66,66,101,119,152,82,102,102,231,231,254,254,278,291,316,339,339,403,403,403,446,469,484,484,484],"floor_reached":48,"language":"ENG","playtime":2365,"items_purged":["DemoMod:Strike_Huntress","DemoMod:Strike_Huntress"],"score":883,"play_id":"3bd3657f-e20a-45a7-af64-19af7d0d9ee1","local_time":"20210123195431","is_ascension_mode":false,"campfire_choices":[{"floor":13,"key":"REST"},{"floor":15,"key":"REST"},{"data":"DemoMod:PotionOfGunFriendShip","floor":24,"key":"SMITH"},{"floor":32,"key":"REST"},{"data":"DemoMod:HungryBullets","floor":41,"key":"SMITH"}],"circlet_count":0,"master_deck":["DemoMod:Strike_Huntress","DemoMod:Defend_Huntress","DemoMod:Defend_Huntress","DemoMod:Defend_Huntress","DemoMod:Defend_Huntress","DemoMod:Roll","DemoMod:ManualReload","DemoMod:RustySidearm+1","DemoMod:CrossBow","DemoMod:TripleGun+1","DemoMod:TableSutra","DemoMod:SAA+1","DemoMod:StickyCrossBow","DemoMod:HungryBullets+1","DemoMod:TableSutra","DemoMod:HungryBullets","DemoMod:FastSwitch+1","DemoMod:GunstockTap+1","Necronomicurse","DemoMod:PotionOfGunFriendShip+1","Writhe","DemoMod:ShadowBullets","DemoMod:SniperShot","Madness","DemoMod:ChanceBullets","Parasite","DemoMod:ShadowBullets","DemoMod:ShadowBullets","Parasite"],"relics":["DemoMod:Dog","NeowsBlessing","Golden Idol","The Courier","Darkstone Periapt","DemoMod:ResourcefulSack","Membership Card","Divine Protection","Pocketwatch","Orichalcum","Cursed Key","Necronomicon","Shuriken","Sling","Pen Nib","Quantum Egg","Replay:Bottled Steam","DemoMod:MonsterBlood","Black Star","ReplayFunnel","Whetstone","DemoMod:Plus1Bullets","Prayer Wheel","DemoMod:RedGuonStone","DemoMod:GlassGuonStoneRelic"],"acts_visited":["Exordium","TheCity","TheBeyond"],"potions_floor_usage":[10,11,16,16,19,23,25,25,25,31,33,33,37,38,42,45,45,46],"damage_taken":[{"damage":0,"enemies":"Jaw Worm","floor":1,"turns":1},{"damage":0,"enemies":"Small Slimes","floor":3,"turns":1},{"damage":0,"enemies":"Cultist","floor":5,"turns":1},{"damage":21,"enemies":"Gremlin Nob","floor":6,"turns":5},{"damage":16,"enemies":"Lots of Slimes","floor":7,"turns":5},{"damage":9,"enemies":"Replay:BlueRogue","floor":8,"turns":5},{"damage":0,"enemies":"2 Fungi Beasts","floor":10,"turns":2},{"damage":0,"enemies":"Large Slime","floor":11,"turns":6},{"damage":0,"enemies":"Lagavulin","floor":14,"turns":6},{"damage":38,"enemies":"The Guardian","floor":16,"turns":13},{"damage":0,"enemies":"Chosen","floor":18,"turns":5},{"damage":0,"enemies":"Shell Parasite","floor":19,"turns":4},{"damage":0,"enemies":"Gremlin Leader","floor":23,"turns":2},{"damage":6,"enemies":"Centurion and Healer","floor":25,"turns":5},{"damage":30,"enemies":"Slavers","floor":27,"turns":5},{"damage":0,"enemies":"Snecko","floor":28,"turns":3},{"damage":1,"enemies":"Sentry and Sphere","floor":29,"turns":5},{"damage":0,"enemies":"Snake Plant","floor":31,"turns":5},{"damage":14,"enemies":"Pondfish","floor":33,"turns":5},{"damage":0,"enemies":"3 Shapes","floor":35,"turns":3},{"damage":29,"enemies":"3 Darklings","floor":37,"turns":5},{"damage":17,"enemies":"Writhing Mass","floor":38,"turns":6},{"damage":0,"enemies":"Sphere and 2 Shapes","floor":39,"turns":4},{"damage":9,"enemies":"Spire Growth","floor":40,"turns":4},{"damage":0,"enemies":"R_Hoarder","floor":42,"turns":5},{"damage":28,"enemies":"Reptomancer","floor":45,"turns":5},{"damage":24,"enemies":"3 Darklings","floor":46,"turns":5},{"damage":0,"enemies":"4 Shapes","floor":47,"turns":4},{"damage":0,"enemies":"Writhing Mass","floor":48,"turns":2}],"seed_played":"7709681948280392095","potions_obtained":[{"floor":6,"key":"Fire Potion"},{"floor":8,"key":"LiquidBronze"},{"floor":10,"key":"LifebloodPotion"},{"floor":14,"key":"AttackPotion"},{"floor":16,"key":"Adrenaline Potion"},{"floor":23,"key":"Swift Potion"},{"floor":29,"key":"Energy Potion"},{"floor":31,"key":"Strength Potion"},{"floor":35,"key":"AttackPotion"},{"floor":37,"key":"PowerPotion"},{"floor":40,"key":"EntropicBrew"},{"floor":45,"key":"Milkshake"}],"is_trial":false,"path_per_floor":["M","?","M","?","M","E","M","E","T","M","M","$","R","E","R","B",null,"M","M","?","$","?","E","R","M","T","E","M","M","$","M","R","B",null,"M","?","M","M","M","M","R","E","T","?","E","M","M","M"],"character_chosen":"HUNTRESS","items_purchased":["Membership Card","DemoMod:TableSutra","Divine Protection","DemoMod:WeirdEgg","DemoMod:HungryBullets","Shuriken","Sling","Pen Nib","DemoMod:PotionOfGunFriendShip","DemoMod:LeadSkinPotion"],"campfire_rested":3,"item_purchase_floors":[12,12,12,12,12,21,21,21,21,30],"current_hp_per_floor":[70,53,53,53,53,32,16,7,7,7,7,7,28,28,49,11,70,70,70,60,60,60,60,60,54,60,37,37,36,36,36,62,48,89,89,89,60,43,43,34,34,34,40,40,26,2,2,8,8],"gold":484,"neow_bonus":"THREE_ENEMY_KILL","is_daily":false,"chose_seed":false,"campfire_upgraded":2,"win_rate":0.0,"timestamp":1611428071,"path_taken":["M","?","M","?","M","E","M","E","T","?","M","?","R","E","R","BOSS","M","M","?","$","?","E","R","?","T","E","?","M","$","M","R","BOSS","M","?","M","M","M","M","R","E","T","?","E","M","M","M"],"items_purchased_type":["Relic","Card","Relic","Relic","Card","Relic","Relic","Relic","Card","Undefined"],"build_version":"2020-12-22","purchased_purges":2,"victory":false,"max_hp_per_floor":[70,70,70,70,70,70,70,70,70,70,70,70,70,70,70,70,70,70,70,76,76,76,76,76,76,82,89,89,89,89,89,89,89,89,89,89,89,89,89,89,89,89,95,95,95,95,95,101,101],"card_choices":[{"not_picked":["DemoMod:DirectionalPad","DemoMod:PotionOfGunFriendShip"],"picked":"DemoMod:TripleGun","floor":1},{"not_picked":["DemoMod:HuntsMan","DemoMod:Purify"],"picked":"DemoMod:TableSutra","floor":3},{"not_picked":["DemoMod:SkilledReload","DemoMod:JK47","DemoMod:Ejector"],"picked":"SKIP","floor":5},{"not_picked":["DemoMod:RadGun","DemoMod:HuntsMan","DemoMod:TripleGun"],"picked":"SKIP","floor":6},{"not_picked":["DemoMod:DoubleSwitch","DemoMod:PotionOfGunFriendShip"],"picked":"DemoMod:SAA","floor":7},{"not_picked":["DemoMod:FeignSurrender","DemoMod:BoxingGlove"],"picked":"DemoMod:StickyCrossBow","floor":8},{"not_picked":["DemoMod:PracticeMakesPerfect","DemoMod:HuntsMan","DemoMod:CursedBullets"],"picked":"SKIP","floor":10},{"not_picked":["DemoMod:SAA","DemoMod:BoxingGlove"],"picked":"DemoMod:HungryBullets","floor":11},{"not_picked":["DemoMod:FortunesFavor","DemoMod:Slinger","DemoMod:ProbeStrike"],"picked":"SKIP","floor":14},{"not_picked":["DemoMod:Polaris","DemoMod:EasyReloadBullets"],"picked":"DemoMod:FastSwitch+1","floor":18},{"not_picked":["DemoMod:ConditionalReflex","DemoMod:DoubleSwitch","DemoMod:SAA"],"picked":"SKIP","floor":18},{"not_picked":["DemoMod:TableSutra","DemoMod:Slinger"],"picked":"DemoMod:GunstockTap+1","floor":19},{"not_picked":["DemoMod:RadGun","DemoMod:SAA","DemoMod:FinishedGun"],"picked":"SKIP","floor":23},{"not_picked":["DemoMod:FortunesFavor","DemoMod:TeaPot","DemoMod:Polaris"],"picked":"SKIP","floor":25},{"not_picked":["DemoMod:HardPowerCard","DemoMod:GunstockTap","DemoMod:DirectionalPad"],"picked":"SKIP","floor":27},{"not_picked":["DemoMod:GunShield+1","DemoMod:TeaPot+1"],"picked":"DemoMod:ShadowBullets","floor":28},{"not_picked":["DemoMod:Polaris","DemoMod:Elimentaler","DemoMod:Ejector"],"picked":"SKIP","floor":29},{"not_picked":["DemoMod:GunShield","DemoMod:Unmoved","DemoMod:FastSwitch"],"picked":"SKIP","floor":31},{"not_picked":["DemoMod:ConditionalReflex+1","DemoMod:AC15"],"picked":"DemoMod:SniperShot","floor":35},{"not_picked":["DemoMod:HighKaliber","DemoMod:TripleGun","DemoMod:GunstockTap+1"],"picked":"SKIP","floor":35},{"not_picked":["Forethought","Flash of Steel"],"picked":"Madness","floor":36},{"not_picked":["DemoMod:ConditionalReflex+1","DemoMod:CombinedRifle+1","DemoMod:FastSwitch"],"picked":"SKIP","floor":37},{"not_picked":["DemoMod:TeaPot+1","DemoMod:Ejector","DemoMod:DoubleSwitch"],"picked":"SKIP","floor":38},{"not_picked":["DemoMod:GunstockTap","DemoMod:TeaPot+1"],"picked":"DemoMod:ChanceBullets","floor":39},{"not_picked":["DemoMod:JK47+1","DemoMod:Unity","DemoMod:PotionOfGunFriendShip"],"picked":"SKIP","floor":40},{"not_picked":["DemoMod:TripleGun+1","DemoMod:JK47+1","DemoMod:MachoBrace"],"picked":"SKIP","floor":42},{"not_picked":["DemoMod:FastSwitch+1","DemoMod:HuntsMan"],"picked":"DemoMod:ShadowBullets","floor":45},{"not_picked":["DemoMod:JK47+1","DemoMod:AbyssalTentacle","DemoMod:RadGun"],"picked":"SKIP","floor":46},{"not_picked":["DemoMod:DoubleSwitch","DemoMod:AbyssalTentacle","DemoMod:BoxingGlove"],"picked":"SKIP","floor":46},{"not_picked":["DemoMod:MegaHand","DemoMod:BoxingGlove+1","DemoMod:PotionOfGunFriendShip"],"picked":"SKIP","floor":47},{"not_picked":["DemoMod:CombinedRifle","DemoMod:MachoBrace+1","DemoMod:LifeOrb+1"],"picked":"SKIP","floor":47}],"player_experience":291353,"relics_obtained":[{"floor":6,"key":"The Courier"},{"floor":8,"key":"Darkstone Periapt"},{"floor":9,"key":"DemoMod:ResourcefulSack"},{"floor":14,"key":"Orichalcum"},{"floor":20,"key":"Necronomicon"},{"floor":23,"key":"Quantum Egg"},{"floor":26,"key":"Replay:Bottled Steam"},{"floor":27,"key":"DemoMod:MonsterBlood"},{"floor":42,"key":"ReplayFunnel"},{"floor":42,"key":"Whetstone"},{"floor":42,"key":"DemoMod:Plus1Bullets"},{"floor":45,"key":"Prayer Wheel"},{"floor":45,"key":"DemoMod:RedGuonStone"}],"event_choices":[{"damage_healed":0,"gold_gain":0,"player_choice":"Take Damage","damage_taken":17,"relics_obtained":["Golden Idol"],"max_hp_gain":0,"max_hp_loss":0,"event_name":"Golden Idol","floor":2,"gold_loss":0},{"damage_healed":0,"gold_gain":0,"player_choice":"Upgraded","damage_taken":0,"max_hp_gain":0,"max_hp_loss":0,"event_name":"Upgrade Shrine","floor":4,"gold_loss":0,"cards_upgraded":["DemoMod:TripleGun"]},{"damage_healed":0,"gold_gain":0,"player_choice":"Obtained Book","damage_taken":16,"max_hp_gain":0,"max_hp_loss":0,"event_name":"Cursed Tome","floor":20,"gold_loss":0},{"damage_healed":0,"gold_gain":0,"player_choice":"Memory 1","damage_taken":0,"max_hp_gain":0,"max_hp_loss":0,"event_name":"SensoryStone","floor":36,"gold_loss":0},{"damage_healed":0,"gold_gain":0,"player_choice":"Copied","damage_taken":0,"max_hp_gain":0,"max_hp_loss":0,"event_name":"Duplicator","floor":44,"gold_loss":0,"cards_obtained":["DemoMod:ShadowBullets"]}],"is_beta":false,"boss_relics":[{"not_picked":["Replay:Ancient Bell","Runic Pyramid"],"picked":"Cursed Key"},{"not_picked":["Coffee Dripper","Painkiller Herb"],"picked":"Black Star"}],"items_purged_floors":[12,30],"is_endless":false,"potions_floor_spawned":[6,8,10,14,16,23,29,31,35,37,40,42,45],"killed_by":"Writhing Mass","ascension_level":0}}