{"host":"h26iowzi6bk5r55d","time":1611378661,"event":{"mods":["100% Spire Juice","ATMod(°¢èªMod)","Aspiration","BaseMod","ChefMod","Colored Powertips","Dota2Spire","Downfall","Energized Spire","Marisa£¨ìFÓê¡¡Ä§ÀíÉ³£©","Minty Spire (QoL Compilation)","Relic Stats","Remilia£¨ÀÙÃ×ÀòÑÇ£©","RumiaBox-Â¶Ã×æ«µÄÉñÃØºÐ×Ó","StSLib","The Administrix","The Servant 0.9.4","The Wild Card","TheVelvet","Youmu£¨»êÆÇÑýÃÎ£©","vexMod","¡¾ÒÅÎï¿¨ÅÆ¡¿REMEMod","²ÐÁôÖ®Îï"],"gold_per_floor":[119,132,144,144,154,184,32,63,63,63,63,63,63,76,76,76,76],"floor_reached":16,"language":"ZHS","playtime":437,"items_purged":[],"score":135,"play_id":"b5ba4e26-71ba-4db8-9976-2d425715c237","local_time":"20210123131101","is_ascension_mode":false,"campfire_choices":[{"data":"Searing Blow","floor":13,"key":"SMITH"},{"data":"Searing Blow+1","floor":15,"key":"SMITH"}],"circlet_count":0,"master_deck":["Strike_R","Strike_R","Strike_R","Strike_R","Defend_R","Defend_R","Defend_R","Defend_R","Bash","AT_ShrugMaster","ManaConvection","REME_Scribble","Warcry","Searing Blow+2","Exhume","Regret","AT_ShrugMaster"],"relics":["Burning Blood","REME_ComplimentaryCards","AT_ATBox","NeowsBlessing","Tiny Chest","Dota2Spire:DrumOfEndurance","Boot","MagicDraw2","Anchor","Dream Catcher"],"acts_visited":["Exordium"],"potions_floor_usage":[6,6,6],"damage_taken":[{"damage":0,"enemies":"Cultist","floor":1,"turns":1},{"damage":2,"enemies":"2 Louse","floor":2,"turns":2},{"damage":2,"enemies":"Jaw Worm","floor":3,"turns":1},{"damage":11,"enemies":"Blue Slaver","floor":5,"turns":4},{"damage":6,"enemies":"3 Sentries","floor":6,"turns":4},{"damage":43,"enemies":"Gremlin Nob","floor":8,"turns":5},{"damage":8,"enemies":"Red Slaver","floor":14,"turns":5},{"damage":46,"enemies":"The Guardian","floor":16,"turns":5}],"seed_played":"5716791999387877167","potions_obtained":[{"floor":1,"key":"AttackPotion"},{"floor":2,"key":"Fire Potion"},{"floor":5,"key":"Fire Potion"}],"is_trial":false,"path_per_floor":["M","M","M","?","M","E","$","E","T","?","?","$","R","M","R","B"],"character_chosen":"IRONCLAD","items_purchased":["Dota2Spire:DrumOfEndurance"],"campfire_rested":0,"item_purchase_floors":[7],"current_hp_per_floor":[80,82,84,84,81,83,83,50,50,50,38,38,38,40,40,0,0],"gold":76,"neow_bonus":"THREE_ENEMY_KILL","is_daily":false,"chose_seed":false,"campfire_upgraded":2,"win_rate":0.0,"timestamp":1611378661,"path_taken":["M","?","M","?","?","E","$","E","T","?","?","?","R","M","R","BOSS"],"items_purchased_type":["Relic"],"build_version":"2020-12-22","purchased_purges":0,"victory":false,"max_hp_per_floor":[80,82,84,84,86,88,88,92,92,92,92,92,92,96,96,100,100],"relic_stats":{"Dream Catcher":0,"counters":[8,27],"Tiny Chest":0,"Boot":[0],"obtain_stats":[{"Anchor":10,"Dream Catcher":11,"AT_ATBox":0,"NeowsBlessing":0,"Tiny Chest":6,"Dota2Spire:DrumOfEndurance":7,"Boot":8,"Burning Blood":0,"MagicDraw2":9,"REME_ComplimentaryCards":0},{"Anchor":6,"Dream Catcher":6,"AT_ATBox":0,"NeowsBlessing":0,"Tiny Chest":5,"Dota2Spire:DrumOfEndurance":5,"Boot":6,"Burning Blood":0,"MagicDraw2":6,"REME_ComplimentaryCards":0},{"Anchor":17,"Dream Catcher":17,"AT_ATBox":0,"NeowsBlessing":0,"Tiny Chest":12,"Dota2Spire:DrumOfEndurance":12,"Boot":17,"Burning Blood":0,"MagicDraw2":17,"REME_ComplimentaryCards":0}],"Burning Blood":28},"card_choices":[{"not_picked":["Sever Soul","Shrug It Off"],"picked":"REME_Scribble","floor":1},{"not_picked":["Shrug It Off","Body Slam"],"picked":"Warcry","floor":2},{"not_picked":["Carnage","Armaments"],"picked":"Searing Blow","floor":3},{"not_picked":["Thunderclap","Rupture","Ghostly Armor"],"picked":"SKIP","floor":5},{"not_picked":["Twin Strike","Sword Boomerang"],"picked":"Exhume","floor":6},{"not_picked":["Brutality","Shrug It Off","Dual Wield"],"picked":"SKIP","floor":8},{"not_picked":["Wild Strike","Sentinel"],"picked":"AT_ShrugMaster","floor":14}],"player_experience":445596,"relics_obtained":[{"floor":6,"key":"Tiny Chest"},{"floor":8,"key":"Boot"},{"floor":9,"key":"MagicDraw2"}],"event_choices":[{"cards_removed":["Strike_R"],"damage_healed":0,"gold_gain":0,"player_choice":"Purged","damage_taken":0,"max_hp_gain":0,"max_hp_loss":0,"event_name":"Purifier","floor":4,"gold_loss":0},{"damage_healed":0,"gold_gain":0,"player_choice":"Box","damage_taken":0,"relics_obtained":["Anchor"],"max_hp_gain":0,"max_hp_loss":0,"event_name":"Big Fish","floor":10,"gold_loss":0,"cards_obtained":["Regret"]},{"damage_healed":0,"gold_gain":0,"player_choice":"Success","damage_taken":12,"relics_obtained":["Dream Catcher"],"max_hp_gain":0,"max_hp_loss":0,"event_name":"Scrap Ooze","floor":11,"gold_loss":0}],"is_beta":false,"boss_relics":[],"items_purged_floors":[],"is_endless":false,"potions_floor_spawned":[1,2,5],"killed_by":"The Guardian","ascension_level":0}}