{"host":"p7wlqws89nwjeoph","time":1611399082,"event":{"mods":["Act Like it!","BaseMod","Colored Powertips","Hallownest","Minty Spire (QoL Compilation)","Quick Restart","StSLib","The Bug Knight"],"gold_per_floor":[112,39,39,51,25,25,42,42,114,147,77,91,91,91,91,91,91],"floor_reached":16,"language":"RUS","playtime":757,"items_purged":[],"score":98,"play_id":"5a0f0d5e-bbfd-46bf-8276-32b039beaed0","local_time":"20210123135122","is_ascension_mode":false,"campfire_choices":[{"data":"HollowMod:ZotesMagnificence","floor":6,"key":"SMITH"},{"data":"HollowMod:DescendingDark","floor":8,"key":"SMITH"},{"floor":13,"key":"REST"},{"floor":15,"key":"REST"}],"circlet_count":0,"master_deck":["HollowMod:NailStrikeStart","HollowMod:NailStrikeStart","HollowMod:NailStrikeStart","HollowMod:NailStrikeStart","HollowMod:QuickDashStart","HollowMod:QuickDashStart","HollowMod:QuickDashStart","HollowMod:QuickDashStart","HollowMod:FocusHealStart","HollowMod:PogoStrike","HollowMod:ZotesMagnificence+1","HollowMod:ShadowDash","HollowMod:SiblingsShadow+1","HollowMod:MonarchWings","HollowMod:DescendingDark+1","HollowMod:VengefulVoid","HollowMod:DashSlash","HollowMod:CycloneSlash"],"relics":["HollowMod:VesselMask","Hallownest:DreamNailRelic","Bottled Flame","HollowMod:KingsBrand","Hallownest:StagBellRelic1"],"acts_visited":["Hallownest:Greenpath"],"potions_floor_usage":[10,10],"damage_taken":[{"damage":1,"enemies":"Hallownest:2_MossCreeps","floor":1,"turns":3},{"damage":10,"enemies":"Hallownest:2_Tiktiks_and_1_Crawlid","floor":4,"turns":3},{"damage":4,"enemies":"2_ Uuma","floor":7,"turns":2},{"damage":26,"enemies":"Hallownest:eliteMossKnight","floor":10,"turns":8},{"damage":15,"enemies":"Hallownest:MossCreep_and_Mosskin","floor":12,"turns":2},{"damage":65,"enemies":"Hallownest:BossBrokenVessel","floor":16,"turns":8}],"seed_played":"1706950176161209836","potions_obtained":[{"floor":1,"key":"PowerPotion"},{"floor":7,"key":"Explosive Potion"}],"is_trial":false,"path_per_floor":["M","$","?","M","$","R","M","R","T","E","?","M","R","?","R","B"],"character_chosen":"THE_BUGKNIGHT","items_purchased":["HollowMod:SiblingsShadow","HollowMod:DescendingDark"],"campfire_rested":2,"item_purchase_floors":[2,5],"current_hp_per_floor":[74,74,74,64,64,64,60,60,60,34,34,19,41,41,63,0,0],"gold":91,"neow_bonus":"ONE_RANDOM_RARE_CARD","is_daily":false,"chose_seed":false,"campfire_upgraded":2,"win_rate":0.0,"timestamp":1611399082,"path_taken":["M","$","?","?","$","R","M","R","T","E","?","M","R","?","R","BOSS"],"items_purchased_type":["Card","Card"],"build_version":"2020-12-22","purchased_purges":0,"victory":false,"max_hp_per_floor":[75,75,75,75,75,75,75,75,75,75,75,75,75,75,75,75,75],"card_choices":[{"not_picked":["HollowMod:PureNailStrike","HollowMod:MawleksShell"],"picked":"HollowMod:ShadowDash","floor":1},{"not_picked":["HollowMod:SoulSplash","HollowMod:DesolateDive"],"picked":"HollowMod:MonarchWings","floor":4},{"not_picked":["HollowMod:DashSlash","HollowMod:NewLittleFool"],"picked":"HollowMod:VengefulVoid","floor":7},{"not_picked":["HollowMod:LuriensSpire","HollowMod:MawleksShell"],"picked":"HollowMod:DashSlash","floor":10},{"not_picked":["HollowMod:NewLittleFool","HollowMod:HowlingWraiths"],"picked":"HollowMod:CycloneSlash","floor":12}],"player_experience":261865,"relics_obtained":[{"floor":9,"key":"Bottled Flame"},{"floor":10,"key":"HollowMod:KingsBrand"}],"event_choices":[],"is_beta":false,"boss_relics":[],"items_purged_floors":[],"is_endless":false,"potions_floor_spawned":[1,7],"killed_by":"Hallownest:BossBrokenVessel","ascension_level":0}}