{"host":"k5wd0jv1m6dz3iwi","time":1611396029,"event":{"mods":["BaseMod","Better Vampires","Challenge The Spire","Custom Start","Highlight Path","Minty Spire (QoL Compilation)","Rare Cards Sparkle","Relic Stats","Slay the Relics Exporter","StSLib","everything is the same but u backflip on backflip"],"gold_per_floor":[114,164,174,192,107,134,134,163,217,252,271,271,300,312,312,386,386,400,400,429,445,456,482,572,607,631,631,631],"floor_reached":27,"language":"ENG","playtime":1319,"items_purged":[],"score":671,"play_id":"3a60debd-1be5-452b-a31c-7536fafec59b","local_time":"20210123100029","daily_mods":["Heirloom","Hoarder","DeadlyEvents"],"is_ascension_mode":true,"campfire_choices":[{"data":"Sword Boomerang","floor":7.0,"key":"SMITH"},{"data":"Sword Boomerang","floor":12.0,"key":"SMITH"},{"data":"Disarm","floor":15.0,"key":"SMITH"}],"circlet_count":0,"master_deck":["AscendersBane","Strike_R","Strike_R","Strike_R","Strike_R","Strike_R","Defend_R","Defend_R","Defend_R","Defend_R","Bash","Iron Wave","Iron Wave","Iron Wave","Shrug It Off","Shrug It Off","Shrug It Off","Spot Weakness","Spot Weakness","Spot Weakness","Sword Boomerang+1","Sword Boomerang+1","Sword Boomerang","Seeing Red","Seeing Red","Seeing Red","Anger","Anger","Anger","Battle Trance","Battle Trance","Battle Trance","Disarm+1","Disarm","Disarm","Twin Strike","Twin Strike","Twin Strike","Limit Break","Limit Break","Limit Break","Havoc+1","Havoc+1","Havoc+1","Sword Boomerang","Sword Boomerang","Sword Boomerang","Sword Boomerang+1","Sword Boomerang+1","Sword Boomerang+1","Twin Strike+1","Twin Strike+1","Twin Strike+1","Impervious","Impervious","Impervious"],"relics":["Burning Blood","StoneCalendar","The Courier","Boot","Omamori","Pear","Matryoshka","Coffee Dripper","Sundial","Happy Flower","Ancient Tea Set","Tiny Chest"],"acts_visited":["Exordium","TheCity"],"potions_floor_usage":[25],"damage_taken":[{"damage":6.0,"enemies":"2 Louse","floor":1.0,"turns":3.0},{"damage":3.0,"enemies":"Jaw Worm","floor":3.0,"turns":5.0},{"damage":0.0,"enemies":"Small Slimes","floor":4.0,"turns":4.0},{"damage":26.0,"enemies":"Lagavulin","floor":6.0,"turns":7.0},{"damage":12.0,"enemies":"3 Sentries","floor":8.0,"turns":5.0},{"damage":27.0,"enemies":"Gremlin Nob","floor":10.0,"turns":4.0},{"damage":10.0,"enemies":"2 Fungi Beasts","floor":11.0,"turns":3.0},{"damage":0.0,"enemies":"3 Sentries","floor":13.0,"turns":6.0},{"damage":6.0,"enemies":"Looter","floor":14.0,"turns":2.0},{"damage":9.0,"enemies":"The Guardian","floor":16.0,"turns":7.0},{"damage":7.0,"enemies":"Spheric Guardian","floor":18.0,"turns":4.0},{"damage":7.0,"enemies":"Slavers","floor":20.0,"turns":4.0},{"damage":12.0,"enemies":"2 Thieves","floor":21.0,"turns":3.0},{"damage":41.0,"enemies":"Snecko","floor":22.0,"turns":6.0},{"damage":19.0,"enemies":"Gremlin Leader","floor":23.0,"turns":3.0},{"damage":12,"enemies":"Book of Stabbing","floor":25,"turns":4},{"damage":16,"enemies":"Gremlin Leader","floor":27,"turns":2}],"seed_played":"-2846715997613901662","potions_obtained":[{"floor":1.0,"key":"Regen Potion"},{"floor":6.0,"key":"GamblersBrew"},{"floor":10.0,"key":"Swift Potion"},{"floor":11.0,"key":"LiquidMemories"},{"floor":14.0,"key":"LiquidMemories"},{"floor":16.0,"key":"Fire Potion"},{"floor":22.0,"key":"Strength Potion"},{"floor":23.0,"key":"Regen Potion"}],"is_trial":true,"path_per_floor":["M","?","M","M","$","E","R","E","T","E","M","R","E","M","R","B",null,"M","?","E","M","M","E","?","E","T","E"],"character_chosen":"IRONCLAD","items_purchased":["Spot Weakness","Sword Boomerang"],"campfire_rested":0,"item_purchase_floors":[5,5],"current_hp_per_floor":[68,61,64,70,70,50,50,58,58,47,43,43,49,49,49,46,75,74,74,73,67,32,19,7,13,13,0,0],"gold":631,"neow_bonus":"","is_daily":false,"chose_seed":false,"campfire_upgraded":3,"win_rate":0.0,"timestamp":1611396029,"path_taken":["M","?","?","M","$","E","R","E","T","E","M","R","E","M","R","BOSS","M","?","?","M","M","E","?","E","T","?"],"items_purchased_type":["Card","Card"],"build_version":"2020-12-22","purchased_purges":0,"victory":false,"max_hp_per_floor":[75,75,75,75,75,75,75,75,75,85,85,85,85,85,85,85,85,85,85,85,85,85,85,85,85,85,85,85],"relic_stats":{"Happy Flower":[2],"counters":[17,72],"Sundial":[0],"StoneCalendar":[57],"Tiny Chest":0,"Boot":[101],"obtain_stats":[{"Pear":10,"Matryoshka":13,"Happy Flower":23,"Sundial":20,"StoneCalendar":0,"Tiny Chest":26,"The Courier":6,"Omamori":9,"Coffee Dripper":17,"Boot":8,"Ancient Tea Set":25,"Burning Blood":0},{"Pear":6,"Matryoshka":8,"Happy Flower":15,"Sundial":12,"StoneCalendar":0,"Tiny Chest":16,"The Courier":4,"Omamori":5,"Coffee Dripper":10,"Boot":5,"Ancient Tea Set":16,"Burning Blood":0},{"Pear":28,"Matryoshka":37,"Happy Flower":66,"Sundial":54,"StoneCalendar":0,"Tiny Chest":70,"The Courier":19,"Omamori":24,"Coffee Dripper":46,"Boot":24,"Ancient Tea Set":70,"Burning Blood":0}],"Burning Blood":96},"card_choices":[{"not_picked":["Searing Blow","Flex"],"picked":"Iron Wave","floor":1.0},{"not_picked":["Heavy Blade","Iron Wave","Fire Breathing"],"picked":"SKIP","floor":3.0},{"not_picked":["Rage","Flame Barrier"],"picked":"Shrug It Off","floor":4.0},{"not_picked":["Thunderclap","Heavy Blade"],"picked":"Seeing Red","floor":6.0},{"not_picked":["Iron Wave","Rupture"],"picked":"Anger","floor":8.0},{"not_picked":["Blood for Blood","Shockwave"],"picked":"Battle Trance","floor":10.0},{"not_picked":["Anger","Flame Barrier"],"picked":"Disarm","floor":11.0},{"not_picked":["Warcry","Clothesline","Fire Breathing"],"picked":"SKIP","floor":13.0},{"not_picked":["Disarm","Bloodletting"],"picked":"Twin Strike","floor":14.0},{"not_picked":["Corruption","Brutality"],"picked":"Limit Break","floor":16.0},{"not_picked":["Reckless Charge","Infernal Blade"],"picked":"Havoc+1","floor":18.0},{"not_picked":["Clothesline","Anger","Flex"],"picked":"SKIP","floor":20.0},{"not_picked":["Body Slam","Entrench","Pommel Strike"],"picked":"SKIP","floor":21.0},{"not_picked":["Havoc","Twin Strike"],"picked":"Sword Boomerang+1","floor":22.0},{"not_picked":["Hemokinesis","Clash"],"picked":"Twin Strike+1","floor":23.0},{"not_picked":["Wild Strike","Reckless Charge"],"picked":"Impervious","floor":25}],"player_experience":1264197,"relics_obtained":[{"floor":6.0,"key":"The Courier"},{"floor":8.0,"key":"Boot"},{"floor":9.0,"key":"Omamori"},{"floor":10.0,"key":"Pear"},{"floor":13.0,"key":"Matryoshka"},{"floor":20.0,"key":"Sundial"},{"floor":23.0,"key":"Happy Flower"},{"floor":25,"key":"Ancient Tea Set"},{"floor":26,"key":"Tiny Chest"}],"event_choices":[{"damage_healed":0.0,"max_hp_gain":0.0,"max_hp_loss":0.0,"gold_gain":50.0,"event_name":"FaceTrader","player_choice":"Touch","floor":2.0,"gold_loss":0.0,"damage_taken":7.0},{"damage_healed":0.0,"max_hp_gain":0.0,"max_hp_loss":0.0,"gold_gain":0.0,"event_name":"Match and Keep!","player_choice":"1 cards matched","floor":19.0,"gold_loss":0.0,"damage_taken":0.0,"cards_obtained":["Sword Boomerang"]},{"damage_healed":0.0,"max_hp_gain":0.0,"max_hp_loss":0.0,"gold_gain":90.0,"event_name":"Knowing Skull","player_choice":"GOLD ","floor":24.0,"potions_obtained":[],"gold_loss":0.0,"damage_taken":12.0,"cards_obtained":[]}],"is_beta":false,"boss_relics":[{"not_picked":["Velvet Choker","Runic Cube"],"picked":"Coffee Dripper"}],"items_purged_floors":[],"is_endless":false,"potions_floor_spawned":[1,6,10,11,14,16,22,23],"killed_by":"Gremlin Leader","ascension_level":15}}