{"host":"fqepcc6wiujntn7y","time":1611419845,"event":{"mods":["AchievementEnabler","BaseMod","Minty Spire (QoL Compilation)","Quick Restart","Replay The Spire","StSLib","The Jungle"],"gold_per_floor":[116,130,130,5,19,49,75,75,75,100,100,119,137,149,149,247,247,267,278,289,162,173,173,173,208,234,249,263,263,37,37,37,589,589,604,879,555,567,600,600,600],"floor_reached":40,"language":"ENG","playtime":2881,"items_purged":["Pain","Regret"],"score":548,"play_id":"3e00cff1-fa84-4129-9b61-dc2bb7a457e4","local_time":"20210123163725","daily_mods":["Draft","Colorless Cards","Heirloom","Flight","DeadlyEvents"],"is_ascension_mode":false,"campfire_choices":[{"floor":8,"key":"REST"},{"floor":11,"key":"REST"},{"floor":15,"key":"REST"},{"floor":23,"key":"REST"},{"floor":24,"key":"REST"},{"floor":29,"key":"REST"},{"floor":32,"key":"REST"}],"circlet_count":0,"master_deck":["Lockon","Streamline","Consume","BasicCrystalCard","Ball Lightning","Panic Button+1","Conserve Battery","Melter","Stack","Stack","Capacitor","Redo+1","Barrage+1","Redo","Cold Snap+1","Heatsinks","Ball Lightning","Static Discharge","Ball Lightning","Redo","ReplayTheSpireMod:System Scan","Lockon","Rebound","White Noise","Doom and Gloom","Thunder Strike","CurseOfTheBell","Redo+1","Chill+1","Trip","ReplayTheSpireMod:GoodbyeWorld+1","Time Bomb","Defragment","BasicCrystalCard+1","Pot Of Greed","Pot Of Greed","Pot Of Greed","Crystallizer","ReplayUltimateDefense","Pot Of Greed","ReplayTheSpireMod:Repulse","Hello World","Barrage","Streamline"],"relics":["Cracked Core","Emotion Chip","WarpedTongs","Sundial","Replay:Antivirus Software","Shuriken","War Paint","Calling Bell","Bronze Scales","Chameleon Ring","Counterbalance","Anchor","Akabeko","Grinning Jar","Snack Pack","Ancient Tea Set","Quantum Egg","Orichalcum","Garlic","Vajra","Replay:Bronze Core","Whetstone","Lantern"],"acts_visited":["Exordium","Exordium","TheBeyond"],"potions_floor_usage":[19,33,33,33,35],"damage_taken":[{"damage":4,"enemies":"Jaw Worm","floor":1,"turns":2},{"damage":2,"enemies":"Cultist","floor":2,"turns":3},{"damage":14,"enemies":"2 Louse","floor":5,"turns":2},{"damage":39,"enemies":"Lagavulin","floor":6,"turns":4},{"damage":6,"enemies":"Gremlin Nob","floor":7,"turns":3},{"damage":3,"enemies":"Large Slime","floor":12,"turns":3},{"damage":0,"enemies":"3 Louse","floor":13,"turns":2},{"damage":25,"enemies":"Gremlin Gang","floor":14,"turns":3},{"damage":30,"enemies":"The Guardian","floor":16,"turns":6},{"damage":16,"enemies":"theJungle:GiantWrat","floor":18,"turns":3},{"damage":6,"enemies":"theJungle:MUSHROOMGANG","floor":19,"turns":4},{"damage":31,"enemies":"theJungle:Lyon","floor":20,"turns":4},{"damage":9,"enemies":"theJungle:JungleHuntersEncounter","floor":22,"turns":5},{"damage":11,"enemies":"theJungle:2_Phrogs","floor":25,"turns":7},{"damage":9,"enemies":"Snake Plant","floor":27,"turns":3},{"damage":8,"enemies":"theJungle:2_Snecko_Cultists","floor":28,"turns":4},{"damage":62,"enemies":"theJungle:FunGuy","floor":33,"turns":7},{"damage":5,"enemies":"3 Shapes","floor":35,"turns":5},{"damage":11,"enemies":"3 Darklings","floor":38,"turns":4},{"damage":14,"enemies":"R_Hoarder","floor":39,"turns":7},{"damage":63,"enemies":"Giant Head","floor":40,"turns":8}],"seed_played":"-2227507588470466947","potions_obtained":[{"floor":1,"key":"SkillPotion"},{"floor":2,"key":"Strength Potion"},{"floor":6,"key":"SpeedPotion"},{"floor":14,"key":"FairyPotion"},{"floor":19,"key":"Dexterity Potion"},{"floor":33,"key":"Fruit Juice"},{"floor":33,"key":"SmokeBomb"},{"floor":33,"key":"Cursed Concoction"},{"floor":35,"key":"SpeedPotion"}],"is_trial":true,"path_per_floor":["M","M","?","$","M","E","E","R","T","T","R","M","M","M","R","B",null,"M","M","M","$","M","R","R","E","T","M","M","R","$","?","R","B",null,"M","?","$","M","E","E"],"character_chosen":"DEFECT","items_purchased":["Static Discharge","Ball Lightning","ReplayTheSpireMod:GoodbyeWorld+1","Grinning Jar","Crystallizer","Hello World","Whetstone"],"campfire_rested":7,"item_purchase_floors":[4,4,21,30,30,37,37],"current_hp_per_floor":[71,69,69,69,55,16,10,32,32,32,54,51,51,26,48,18,75,59,53,22,22,13,35,57,46,46,37,29,51,51,51,73,11,75,79,79,79,68,56,0,0],"gold":600,"neow_bonus":"","is_daily":false,"chose_seed":false,"campfire_upgraded":0,"win_rate":0.0,"timestamp":1611419845,"path_taken":["M","M","?","?","M","E","?","R","T","?","R","M","M","M","R","BOSS","M","M","M","$","M","R","R","E","T","M","M","R","$","?","R","BOSS","M","?","$","M","?","E"],"items_purchased_type":["Card","Card","Card","Relic","Card","Card","Relic"],"build_version":"2020-12-22","purchased_purges":2,"victory":false,"max_hp_per_floor":[75,75,75,75,75,75,75,75,75,75,75,75,75,75,75,75,75,75,75,75,75,75,75,75,75,75,75,75,75,75,75,75,75,75,82,82,82,82,82,82,82],"card_choices":[{"not_picked":["Scrape","Streamline"],"picked":"Lockon","floor":0},{"not_picked":["Jack Of All Trades","BasicCrystalCard"],"picked":"Streamline","floor":0},{"not_picked":["Leap","Stack"],"picked":"Consume","floor":0},{"not_picked":["Hologram","ReplaySort"],"picked":"BasicCrystalCard","floor":0},{"not_picked":["Aggregate","Doom and Gloom"],"picked":"Ball Lightning","floor":0},{"not_picked":["Conserve Battery","Darkness"],"picked":"Panic Button","floor":0},{"not_picked":["Auto Shields","BasicCrystalCard"],"picked":"Conserve Battery","floor":0},{"not_picked":["Stack","Jack Of All Trades"],"picked":"Melter","floor":0},{"not_picked":["Coolheaded","BasicCrystalCard"],"picked":"Stack","floor":0},{"not_picked":["Deep Breath","Steam"],"picked":"Stack","floor":0},{"not_picked":["BasicCrystalCard","Streamline"],"picked":"Capacitor","floor":0},{"not_picked":["Time Bomb","Compile Driver"],"picked":"Redo","floor":0},{"not_picked":["Panic Button","Streamline"],"picked":"Barrage","floor":0},{"not_picked":["Compile Driver","Double Energy"],"picked":"Redo","floor":0},{"not_picked":["Panacea","Hologram"],"picked":"Cold Snap","floor":0},{"not_picked":["Panacea","Beam Cell"],"picked":"Heatsinks","floor":1},{"not_picked":["Turbo","Replay:Bootleg Shield Generator"],"picked":"Ball Lightning","floor":2},{"not_picked":["Replay:BasicMightCard","Doom and Gloom"],"picked":"Redo","floor":5},{"not_picked":["Swift Strike","Metamorphosis"],"picked":"ReplayTheSpireMod:System Scan","floor":6},{"not_picked":["Deep Breath","Go for the Eyes"],"picked":"Lockon","floor":7},{"not_picked":["Beam Cell","Go for the Eyes"],"picked":"Rebound","floor":12},{"not_picked":["Panic Button","Redo"],"picked":"White Noise","floor":13},{"not_picked":["Steam","Stack"],"picked":"Doom and Gloom","floor":14},{"not_picked":["Chrysalis","ReplayTheSpireMod:Necrogeddon"],"picked":"Thunder Strike","floor":16},{"not_picked":["ReplayTheSpireMod:System Scan","Steam"],"picked":"Redo+1","floor":18},{"not_picked":["Poisoned Strike","Conserve Battery"],"picked":"Chill+1","floor":19},{"not_picked":["Coolheaded","Flash of Steel+1"],"picked":"Trip","floor":20},{"not_picked":["Skim+1","ReplayTheSpireMod:System Scan"],"picked":"Time Bomb","floor":22},{"not_picked":["Melter","Go for the Eyes","Trip+1"],"picked":"SKIP","floor":25},{"not_picked":["Compile Driver","Blizzard+1"],"picked":"Defragment","floor":27},{"not_picked":["Rebound","Conserve Battery"],"picked":"BasicCrystalCard+1","floor":28},{"not_picked":["Buffer","Sadistic Nature"],"picked":"ReplayUltimateDefense","floor":33},{"not_picked":["Turbo","Streamline"],"picked":"ReplayTheSpireMod:Repulse","floor":35},{"not_picked":["Sweeping Beam","Panacea+1"],"picked":"Barrage","floor":38},{"not_picked":["Replay:Sssssssssshield","Skim"],"picked":"Streamline","floor":39}],"player_experience":77644,"relics_obtained":[{"floor":6,"key":"Sundial"},{"floor":7,"key":"Replay:Antivirus Software"},{"floor":9,"key":"Shuriken"},{"floor":10,"key":"War Paint"},{"floor":17,"key":"Bronze Scales"},{"floor":17,"key":"Chameleon Ring"},{"floor":17,"key":"Counterbalance"},{"floor":25,"key":"Anchor"},{"floor":26,"key":"Akabeko"},{"floor":33,"key":"Snack Pack"},{"floor":33,"key":"Ancient Tea Set"},{"floor":33,"key":"Quantum Egg"},{"floor":33,"key":"Orichalcum"},{"floor":33,"key":"Garlic"},{"floor":33,"key":"Vajra"},{"floor":39,"key":"Lantern"}],"event_choices":[{"damage_healed":0,"gold_gain":0,"player_choice":"Rummage","damage_taken":0,"relics_obtained":["WarpedTongs"],"max_hp_gain":0,"max_hp_loss":0,"event_name":"Accursed Blacksmith","floor":3,"gold_loss":0,"cards_obtained":["Pain"]},{"damage_healed":0,"gold_gain":275,"player_choice":"Desecrate","damage_taken":0,"max_hp_gain":0,"max_hp_loss":0,"event_name":"Golden Shrine","floor":36,"gold_loss":0,"cards_obtained":["Regret"]}],"is_beta":false,"boss_relics":[{"not_picked":["Abe\u0027s Treasure","SlaversCollar"],"picked":"Calling Bell"},{"not_picked":["Replay:Fungal Core","Replay:Drink Me"],"picked":"Replay:Bronze Core"}],"items_purged_floors":[21,37],"is_endless":false,"potions_floor_spawned":[1,2,6,14,18,19,25,28,35,38,39],"killed_by":"Giant Head","ascension_level":0}}