{"host":"640uue19m79c7wbt","time":1611372029,"event":{"mods":["BaseMod","Colored Map","Googly Eyes","Highlight Path","Minty Spire (QoL Compilation)","Quick Restart","StSLib"],"gold_per_floor":[117,267,267,291,304,331,331,345,345,345,33,63,74,2,2,2,2],"floor_reached":16,"language":"ENG","playtime":426,"items_purged":["Doubt","Strike_G"],"score":239,"play_id":"96f40b2d-a215-43f6-8223-a4f8a507f841","local_time":"20210122222029","is_ascension_mode":true,"campfire_choices":[{"data":"Wraith Form v2","floor":7,"key":"SMITH"},{"data":"Predator","floor":10,"key":"SMITH"},{"floor":15,"key":"REST"}],"circlet_count":0,"master_deck":["AscendersBane","Strike_G","Strike_G","Strike_G","Strike_G","Defend_G","Defend_G","Defend_G","Defend_G","Defend_G","Survivor","Neutralize","Escape Plan","Slice","Wraith Form v2+1","Predator+1","Accuracy","Calculated Gamble","Infinite Blades"],"relics":["Ring of the Snake","NeowsBlessing","Ancient Tea Set","Omamori","Juzu Bracelet","Letter Opener","Membership Card","Snake Skull","Matryoshka"],"acts_visited":["Exordium"],"potions_floor_usage":[12,12,16],"damage_taken":[{"damage":0,"enemies":"Small Slimes","floor":1,"turns":1},{"damage":0,"enemies":"2 Louse","floor":5,"turns":1},{"damage":0,"enemies":"Gremlin Nob","floor":6,"turns":1},{"damage":6,"enemies":"Jaw Worm","floor":8,"turns":6},{"damage":4,"enemies":"3 Sentries","floor":12,"turns":7},{"damage":16,"enemies":"Exordium Thugs","floor":13,"turns":4},{"damage":54,"enemies":"The Guardian","floor":16,"turns":13}],"seed_played":"8782803544317913665","potions_obtained":[{"floor":5,"key":"Strength Potion"},{"floor":6,"key":"ColorlessPotion"},{"floor":13,"key":"Regen Potion"}],"is_trial":false,"path_per_floor":["M","?","?","T","M","E","R","M","T","R","$","E","M","$","R","B"],"character_chosen":"THE_SILENT","items_purchased":["Membership Card","Accuracy","Snake Skull","Infinite Blades"],"campfire_rested":1,"item_purchase_floors":[11,11,11,14],"current_hp_per_floor":[59,59,41,41,41,41,41,35,35,35,35,31,15,15,34,0,0],"gold":2,"neow_bonus":"THREE_ENEMY_KILL","is_daily":false,"chose_seed":false,"campfire_upgraded":2,"win_rate":0.0,"timestamp":1611372029,"path_taken":["M","?","?","?","M","E","R","M","T","R","$","E","M","$","R","BOSS"],"items_purchased_type":["Relic","Card","Relic","Card"],"build_version":"2020-12-22","purchased_purges":2,"victory":false,"max_hp_per_floor":[66,66,66,66,66,66,66,66,66,66,66,66,66,66,66,66,66],"card_choices":[{"not_picked":["Deadly Poison","Slice"],"picked":"Escape Plan","floor":1},{"not_picked":["Bane","Backflip"],"picked":"Slice","floor":5},{"not_picked":["Caltrops","Slice"],"picked":"Wraith Form v2","floor":6},{"not_picked":["Caltrops","Underhanded Strike"],"picked":"Predator","floor":8},{"not_picked":["Predator","Heel Hook"],"picked":"Calculated Gamble","floor":12},{"not_picked":["Backflip","Quick Slash","Outmaneuver"],"picked":"SKIP","floor":13}],"player_experience":625359,"relics_obtained":[{"floor":4,"key":"Omamori"},{"floor":6,"key":"Juzu Bracelet"},{"floor":9,"key":"Letter Opener"},{"floor":12,"key":"Matryoshka"}],"event_choices":[{"damage_healed":0,"gold_gain":150,"player_choice":"AGREE","damage_taken":0,"max_hp_gain":0,"max_hp_loss":0,"event_name":"Liars Game","floor":2,"gold_loss":0,"cards_obtained":["Doubt"]},{"damage_healed":0,"gold_gain":0,"player_choice":"Success","damage_taken":18,"relics_obtained":["Ancient Tea Set"],"max_hp_gain":0,"max_hp_loss":0,"event_name":"Scrap Ooze","floor":3,"gold_loss":0}],"is_beta":false,"boss_relics":[],"items_purged_floors":[11,14],"is_endless":false,"potions_floor_spawned":[5,6,13],"killed_by":"The Guardian","ascension_level":16}}