{"host":"yvb207ks1sg3cxef","time":1611402338,"event":{"mods":["2.2 Compatiblity","BaseMod","Bestiary","Colored Powertips","Minty Spire (QoL Compilation)","Permanent Neow","Quick Restart","Relic Stats","StSLib"],"gold_per_floor":[115,128,24,24,42,42,80,80,80,80,80,98,116,150,150,150,150],"floor_reached":16,"language":"ENG","playtime":585,"items_purged":[],"score":220,"play_id":"1170b65c-9a5a-4454-87bc-161c367d8dda","local_time":"20210123171538","is_ascension_mode":true,"campfire_choices":[{"data":"Footwork","floor":6,"key":"SMITH"},{"floor":8,"key":"REST"},{"data":"Bane","floor":11,"key":"SMITH"},{"data":"Noxious Fumes","floor":15,"key":"SMITH"}],"circlet_count":0,"master_deck":["AscendersBane","Strike_G","Strike_G","Strike_G","Strike_G","Strike_G","Defend_G","Defend_G","Defend_G","Defend_G","Defend_G","Survivor","Neutralize","Bane+1","Dagger Throw","Footwork+1","Sucker Punch","Noxious Fumes","Footwork","Noxious Fumes+1"],"relics":["Ring of the Snake","Regal Pillow","Golden Idol","Mercury Hourglass","Shovel"],"acts_visited":["Exordium"],"potions_floor_usage":[7,14],"damage_taken":[{"damage":5,"enemies":"2 Louse","floor":1,"turns":5},{"damage":11,"enemies":"Small Slimes","floor":2,"turns":8},{"damage":1,"enemies":"Cultist","floor":5,"turns":5},{"damage":28,"enemies":"3 Sentries","floor":7,"turns":12},{"damage":11,"enemies":"Lots of Slimes","floor":12,"turns":3},{"damage":5,"enemies":"Gremlin Gang","floor":13,"turns":5},{"damage":16,"enemies":"Gremlin Nob","floor":14,"turns":4},{"damage":15,"enemies":"The Guardian","floor":16,"turns":2}],"seed_played":"-790076362130140550","potions_obtained":[{"floor":5,"key":"DistilledChaos"},{"floor":12,"key":"Poison Potion"}],"is_trial":false,"path_per_floor":["M","M","$","?","M","R","E","R","T","?","R","M","M","E","R","B"],"character_chosen":"THE_SILENT","items_purchased":["Footwork","Sucker Punch"],"campfire_rested":1,"item_purchase_floors":[3,3],"current_hp_per_floor":[54,43,43,43,42,42,14,47,47,47,47,36,31,15,15,0,0],"gold":150,"neow_bonus":"RANDOM_COMMON_RELIC","is_daily":false,"chose_seed":false,"campfire_upgraded":3,"win_rate":0.0,"timestamp":1611402338,"path_taken":["M","M","$","?","M","R","E","R","T","?","R","M","M","E","R","BOSS"],"items_purchased_type":["Card","Card"],"build_version":"2020-12-22","purchased_purges":0,"victory":false,"max_hp_per_floor":[66,66,66,60,60,60,60,60,60,60,60,60,60,60,60,60,60],"relic_stats":{"Regal Pillow":15,"Shovel":0,"counters":[8,44],"Golden Idol":27,"obtain_stats":[{"Regal Pillow":0,"Shovel":14,"Golden Idol":4,"Ring of the Snake":0,"Mercury Hourglass":7},{"Regal Pillow":0,"Shovel":7,"Golden Idol":2,"Ring of the Snake":0,"Mercury Hourglass":4},{"Regal Pillow":0,"Shovel":42,"Golden Idol":13,"Ring of the Snake":0,"Mercury Hourglass":30}],"Ring of the Snake":[16],"Mercury Hourglass":[72]},"card_choices":[{"not_picked":["Sucker Punch","PiercingWail"],"picked":"Bane","floor":1},{"not_picked":["Prepared","Underhanded Strike"],"picked":"Dagger Throw","floor":2},{"not_picked":["Blade Dance","Flying Knee","Phantasmal Killer"],"picked":"SKIP","floor":5},{"not_picked":["Backstab","Acrobatics"],"picked":"Noxious Fumes","floor":7},{"not_picked":["Catalyst","Dodge and Roll"],"picked":"Footwork","floor":12},{"not_picked":["Blade Dance","Deadly Poison"],"picked":"Noxious Fumes","floor":13},{"not_picked":["Deadly Poison","Concentrate","Terror"],"picked":"SKIP","floor":14}],"player_experience":418283,"relics_obtained":[{"floor":7,"key":"Mercury Hourglass"},{"floor":14,"key":"Shovel"}],"event_choices":[{"damage_healed":0,"gold_gain":0,"player_choice":"Lose Max HP","damage_taken":0,"relics_obtained":["Golden Idol"],"max_hp_gain":0,"max_hp_loss":6,"event_name":"Golden Idol","floor":4,"gold_loss":0},{"damage_healed":0,"gold_gain":0,"player_choice":"Ignored","damage_taken":0,"max_hp_gain":0,"max_hp_loss":0,"event_name":"Liars Game","floor":10,"gold_loss":0}],"is_beta":false,"boss_relics":[],"items_purged_floors":[],"is_endless":false,"potions_floor_spawned":[5,12],"killed_by":"The Guardian","ascension_level":20}}