{"host":"ua86kx5x377bzm1z","time":1611437331,"event":{"mods":["BaseMod","Colored Map","DeckTracker","Infinite Spire","Minty Spire (QoL Compilation)","Replay The Spire","StSLib"],"gold_per_floor":[109,123,123,148,167,167,187,137,160,172,184,196,208,69,69,82,82,82,82],"floor_reached":18,"language":"ENG","playtime":813,"items_purged":["Injury"],"score":102,"play_id":"4124f27a-43c3-4dfa-aab7-7d62a1cc59e7","local_time":"20210123222851","is_ascension_mode":false,"campfire_choices":[{"data":"Perfected Strike","floor":6,"key":"SMITH"},{"floor":10,"key":"REST"},{"data":"ReplayTheSpireMod:Strike From Hell","floor":15,"key":"SMITH"},{"floor":17,"key":"REST"}],"circlet_count":0,"master_deck":["Strike_R","Strike_R","Strike_R","Strike_R","Defend_R","Defend_R","Defend_R","Defend_R","Pummel","Perfected Strike+1","Cleave","Heavy Blade","ReplayTheSpireMod:Strike From Hell+1","Abandon","Pommel Strike"],"relics":["Burning Blood","Golden Idol","MawBank"],"acts_visited":["Exordium"],"potions_floor_usage":[0,18,18,18],"damage_taken":[{"damage":0,"enemies":"Small Slimes","floor":1,"turns":3},{"damage":0,"enemies":"2 Louse","floor":2,"turns":3},{"damage":6,"enemies":"Cultist","floor":4,"turns":3},{"damage":23,"enemies":"Exordium Thugs","floor":5,"turns":5},{"damage":20,"enemies":"Exordium Wildlife","floor":7,"turns":4},{"damage":29,"enemies":"Gremlin Gang","floor":16,"turns":4},{"damage":81,"enemies":"The Guardian","floor":18,"turns":10}],"seed_played":"9118841006306515838","potions_obtained":[{"floor":0,"key":"BlessingOfTheForge"},{"floor":0,"key":"Fruit Juice"},{"floor":0,"key":"LiquidMemories"},{"floor":1,"key":"LiquidBronze"},{"floor":5,"key":"DuplicationPotion"}],"is_trial":false,"path_per_floor":["M","M","?","M","M","R","M","?","T","R","?","PTL","PTL","$","R","M","R","B"],"character_chosen":"IRONCLAD","items_purchased":["Abandon"],"campfire_rested":2,"item_purchase_floors":[14],"current_hp_per_floor":[85,85,85,85,68,68,54,54,54,79,79,79,79,79,79,56,81,0,0],"gold":82,"neow_bonus":"THREE_SMALL_POTIONS","is_daily":false,"chose_seed":false,"campfire_upgraded":2,"win_rate":0.0,"timestamp":1611437331,"path_taken":["M","M","?","M","M","R","M","?","T","R","?","PTL","PTL","$","R","M","R","BOSS"],"items_purchased_type":["Card"],"build_version":"2020-12-13","purchased_purges":1,"victory":false,"max_hp_per_floor":[85,85,85,85,85,85,85,85,85,85,85,85,85,85,85,85,85,85,85],"card_choices":[{"not_picked":["Thunderclap","Anger"],"picked":"Pummel","floor":1},{"not_picked":["Reckless Charge","ReplayTheSpireMod:Limb From Limb","Headbutt"],"picked":"SKIP","floor":2},{"not_picked":["Abandon","Twin Strike"],"picked":"Perfected Strike","floor":4},{"not_picked":["Headbutt","Iron Wave"],"picked":"Cleave","floor":5},{"not_picked":["Iron Wave","Run Through"],"picked":"Heavy Blade","floor":7},{"not_picked":["Armaments","Fire Breathing"],"picked":"Pommel Strike","floor":16}],"player_experience":7346,"relics_obtained":[{"floor":9,"key":"MawBank"}],"event_choices":[{"damage_healed":0,"gold_gain":0,"player_choice":"Take Wound","damage_taken":0,"relics_obtained":["Golden Idol"],"max_hp_gain":0,"max_hp_loss":0,"event_name":"Golden Idol","floor":3,"gold_loss":0,"cards_obtained":["Injury"]},{"cards_removed":["Bash"],"damage_healed":0,"gold_gain":0,"player_choice":"Card Removal","damage_taken":0,"max_hp_gain":0,"max_hp_loss":0,"event_name":"The Cleric","floor":8,"gold_loss":50},{"damage_healed":0,"gold_gain":0,"cards_transformed":["Strike_R"],"player_choice":"Change","damage_taken":0,"max_hp_gain":0,"max_hp_loss":0,"event_name":"Living Wall","floor":11,"gold_loss":0,"cards_obtained":["ReplayTheSpireMod:Strike From Hell"]}],"is_beta":false,"boss_relics":[],"items_purged_floors":[14],"is_endless":false,"potions_floor_spawned":[1,5],"killed_by":"The Guardian","ascension_level":0}}