{"host":"p4yrwepmrl4g8pul","time":1611412292,"event":{"mods":["Act Like it!","BaseMod","BetterRewards","Colored Map","Custom Start","Gensokyo","Marisa£®ÏF”Í°°ƒß¿Ì…≥£©","Minty Spire (QoL Compilation)","Quick Restart","Rare Cards Sparkle","Reimu£®≤©¿ˆ¡È√Œ£©","Remilia£®¿Ÿ√◊¿Ú—«£©","Remove Card Discount Mod","Shop Mod","StSLib","The Jungle","Thieving Mod"],"gold_per_floor":[15,15,30,43,62,96,96,131,131,131,1,1,16,41,41,112,112,122,48,373,387,387,419,432,450,476,476,508,521,541,195,195,270,270,285,182,182,193,193,224,224,224,224,236,265,276,294,214,214,214,214,214,214,133,159,159],"floor_reached":57,"language":"ZHS","playtime":3676,"items_purged":["Strike_R","Bash","Strike_R","Strike_R","Strike_R","Strike_R","Defend_R","Defend_R","Reaper+1","Defend_R","Cleave+1","Pommel Strike+1","Armaments","Iron Wave+1","Iron Wave+1","Thunderclap+1","Berserk","Deep Breath","Body Slam+1","Apotheosis+1","PropBag+1"],"score":3414,"play_id":"5216acc8-ff0f-42fd-a0ff-56a2c9e5d66b","local_time":"20210123223132","is_ascension_mode":true,"campfire_choices":[{"floor":7.0,"key":"RECALL"},{"floor":10.0,"key":"REST"},{"data":"Barricade","floor":15.0,"key":"SMITH"},{"floor":27.0,"key":"REST"},{"data":"Shrug It Off","floor":32.0,"key":"SMITH"},{"floor":42.0,"key":"REST"},{"floor":49,"key":"REST"},{"floor":53,"key":"REST"}],"circlet_count":0,"master_deck":["AscendersBane","Body Slam+1","Barricade+1","Shrug It Off+1","Gensokyo:SalamanderShield+1","Entrench+1","Good Instincts+1","Finesse+1"],"relics":["Burning Blood","Molten Egg 2","Paper Frog","Champion Belt","Mango","SacredBark","Toy Ornithopter","Du-Vu Doll","Bag of Preparation","HandDrill","Tiny Chest","Fusion Hammer","ScarletDevilRocket","Tea:ReiMu","The Courier","Bronze Scales","Self Forming Clay","PreservedInsect","CrazyTorch:ReiMu","Pocketwatch","Art of War","Charon\u0027s Ashes","Darkstone Periapt","Red Skull","Whetstone","HornCleat","Question Card","Thread and Needle","Oddly Smooth Stone","Orichalcum","Pen Nib","Singing Bowl","Juzu Bracelet","Sundial","MealTicket","Gremlin Horn","Nunchaku","CaptainsWheel","Mastiff:ReiMu","PrismaticShard","Ornamental Fan","Blood Vial","War Paint","Anchor","Omamori","Centennial Puzzle","Ancient Tea Set","Happy Flower","Lantern","Bottled Tornado","Strawberry","Regal Pillow","Shuriken","Prayer Wheel","RuthlessExorcism:ReiMu","Mummified Hand","Gambling Chip","Dream Catcher","Vajra","Bottled Flame","Blue Candle","Frozen Egg 2","Unceasing Top","Meat on the Bone","Kunai","Turnip","Mercury Hourglass","Letter Opener","White Beast Statue","Toxic Egg 2","Eternal Feather","StoneCalendar"],"acts_visited":["Gensokyo:Gensokyo","Gensokyo:Gensokyoer","Gensokyo:Gensokyoest","TheEnding"],"potions_floor_usage":[48,56,56],"damage_taken":[{"damage":4.0,"enemies":"Gensokyo:3_Fairies","floor":1.0,"turns":4.0},{"damage":6.0,"enemies":"Gensokyo:2_Kodama","floor":3.0,"turns":4.0},{"damage":2.0,"enemies":"Gensokyo:Gryphon","floor":4.0,"turns":4.0},{"damage":11.0,"enemies":"Gensokyo:Python_and_Kodama","floor":5.0,"turns":5.0},{"damage":9.0,"enemies":"Gensokyo:Cirno","floor":6.0,"turns":4.0},{"damage":39.0,"enemies":"Gensokyo:Mamizou","floor":8.0,"turns":10.0},{"damage":0.0,"enemies":"Gensokyo:VengefulSpirit","floor":13.0,"turns":2.0},{"damage":0.0,"enemies":"Gensokyo:Cirno","floor":14.0,"turns":4.0},{"damage":0.0,"enemies":"Gensokyo:Yukari","floor":16.0,"turns":4.0},{"damage":0.0,"enemies":"Gensokyo:2_Gloops","floor":18.0,"turns":3.0},{"damage":5.0,"enemies":"Gensokyo:3_Dogs","floor":21.0,"turns":4.0},{"damage":0.0,"enemies":"Gensokyo:Koishi","floor":23.0,"turns":4.0},{"damage":31.0,"enemies":"Gensokyo:Slime_Group","floor":24.0,"turns":4.0},{"damage":9.0,"enemies":"Gensokyo:Chomper_and_Gloop","floor":25.0,"turns":4.0},{"damage":33.0,"enemies":"Gensokyo:Reisen","floor":28.0,"turns":6.0},{"damage":0.0,"enemies":"Gensokyo:3_Gloops","floor":29.0,"turns":4.0},{"damage":22.0,"enemies":"Gensokyo:Monolith_and_Dog","floor":30.0,"turns":5.0},{"damage":22.0,"enemies":"Gensokyo:Eiki","floor":33.0,"turns":5.0},{"damage":0.0,"enemies":"Gensokyo:3_Boulders","floor":35.0,"turns":3.0},{"damage":0.0,"enemies":"Gensokyo:3_Bats","floor":38.0,"turns":2.0},{"damage":0.0,"enemies":"Gensokyo:Kasen","floor":40.0,"turns":2.0},{"damage":7.0,"enemies":"Gensokyo:Sharpion","floor":44.0,"turns":3.0},{"damage":0.0,"enemies":"Gensokyo:Doremy","floor":45.0,"turns":2.0},{"damage":0.0,"enemies":"Gensokyo:SeedOfUnknown","floor":46.0,"turns":2.0},{"damage":0,"enemies":"Gensokyo:Dusk_and_Dawn","floor":47,"turns":2},{"damage":0,"enemies":"Gensokyo:Shinki","floor":50,"turns":3},{"damage":1,"enemies":"Gensokyo:Scarlet_Devils","floor":51,"turns":2},{"damage":0,"enemies":"Shield and Spear","floor":55,"turns":2},{"damage":0,"enemies":"The Heart","floor":56,"turns":4}],"seed_played":"7876310919415171109","potions_obtained":[{"floor":3.0,"key":"Block Potion"},{"floor":5.0,"key":"Dexterity Potion"},{"floor":13.0,"key":"BlessingOfTheForge"},{"floor":16.0,"key":"Block Potion"},{"floor":23.0,"key":"SteroidPotion"},{"floor":24.0,"key":"ThievingMod:ThievingPotion"},{"floor":28.0,"key":"ZuzhouPotion:ReiMu"},{"floor":33.0,"key":"Energy Potion"},{"floor":35.0,"key":"Block Potion"},{"floor":45.0,"key":"LiquidMemories"},{"floor":47,"key":"PowerPotion"},{"floor":55,"key":"ElixirPotion"}],"is_trial":false,"path_per_floor":["M","?","M","M","M","E","R","E","T","R","$","?","M","E","R","B",null,"M","COS","?","M","?","E","M","M","T","R","E","M","M","$","R","B",null,"M","$","?","M","T","E","?","R","T","M","E","M","M","$","R","B","B",null,"R","$","E","B",null],"character_chosen":"IRONCLAD","items_purchased":["Molten Egg 2","Cleave+1","Armaments","Pommel Strike+1","HandDrill","Tiny Chest","Deep Breath","Good Instincts+1","Finesse+1"],"campfire_rested":5,"item_purchase_floors":[0,0,11,11,31,31,36,48,54],"current_hp_per_floor":[60,51,51,58,58,73,73,40,40,62,62,62,68,88,88,89,89,89,89,89,89,89,89,64,61,61,87,65,71,55,55,55,44,78,84,84,84,89,89,89,89,89,89,88,89,89,89,96,96,96,96,96,98,98,100,100],"gold":159,"neow_bonus":"","is_daily":false,"chose_seed":false,"campfire_upgraded":2,"win_rate":0.0,"timestamp":1611412292,"path_taken":["M","?","M","?","?","E","R","E","T","R","$","?","?","E","R","BOSS","M","COS","?","M","?","E","?","?","T","R","E","M","M","?","R","BOSS","M","?","?","?","?","E","?","R","T","M","E","M","M","$","R","BOSS","BOSS","R","$","E","BOSS"],"items_purchased_type":["Relic","Card","Card","Card","Relic","Relic","Card","Card","Card"],"build_version":"2020-12-22","purchased_purges":21,"victory":true,"max_hp_per_floor":[75,75,75,75,75,75,75,75,75,75,75,75,75,89,89,89,89,89,89,89,89,89,89,89,89,89,89,89,89,89,89,89,89,89,89,89,89,89,89,89,89,89,89,89,89,89,89,96,96,96,96,96,98,98,100,100],"card_choices":[{"not_picked":["Wild Strike+1","Cleave+1"],"picked":"Iron Wave+1","floor":1.0},{"not_picked":["Evolve","Heavy Blade+1"],"picked":"Reaper+1","floor":3.0},{"not_picked":["Iron Wave+1","Pommel Strike+1"],"picked":"Body Slam+1","floor":4.0},{"not_picked":["Spot Weakness","Evolve"],"picked":"Body Slam+1","floor":5.0},{"not_picked":["Perfected Strike+1","Headbutt+1"],"picked":"Iron Wave+1","floor":6.0},{"not_picked":["Body Slam+1","Havoc","Fiend Fire+1"],"picked":"SKIP","floor":8.0},{"not_picked":["Dark Embrace","Whirlwind+1","Bloodletting"],"picked":"SKIP","floor":13.0},{"not_picked":["Armaments","Havoc"],"picked":"Barricade","floor":14.0},{"not_picked":["Twin Strike+1","True Grit"],"picked":"Thunderclap+1","floor":18.0},{"not_picked":["Iron Wave+1","Metallicize","Burning Pact"],"picked":"SKIP","floor":21.0},{"not_picked":["Iron Wave+1","True Grit","Rampage+1"],"picked":"SKIP","floor":23.0},{"not_picked":["Metallicize","Flex","Headbutt+1"],"picked":"SKIP","floor":24.0},{"not_picked":["Intimidate","Havoc","Perfected Strike+1"],"picked":"SKIP","floor":25.0},{"not_picked":["Limit Break","Cleave+1","Sword Boomerang+1"],"picked":"SKIP","floor":28.0},{"not_picked":["Battle Trance+1","Seeing Red"],"picked":"Shrug It Off","floor":29.0},{"not_picked":["Disarm","Spot Weakness+1","Dual Wield"],"picked":"SKIP","floor":30.0},{"not_picked":["Armaments","Feel No Pain"],"picked":"Shrug It Off","floor":35.0},{"not_picked":["Gensokyo:MorningMist","Gensokyo:EverlastingLife"],"picked":"Gensokyo:SalamanderShield","floor":37.0},{"not_picked":["Blood for Blood+1","Sever Soul+1","Flex+1"],"picked":"SKIP","floor":38.0},{"not_picked":["Uppercut+1","Heavy Blade+1","Metallicize"],"picked":"SKIP","floor":40.0},{"not_picked":["Flex","Power Through","Flame Barrier+1"],"picked":"SKIP","floor":44.0},{"not_picked":["Heavy Blade+1","Havoc"],"picked":"Berserk","floor":45.0},{"not_picked":["Shockwave+1","True Grit","Body Slam+1"],"picked":"SKIP","floor":46.0},{"not_picked":["Pummel+1","Shrug It Off"],"picked":"Entrench+1","floor":47},{"not_picked":["Sucker Punch+1","ScarletSymphony+1","Underhanded Strike+1"],"picked":"PropBag+1","floor":49},{"not_picked":["Headbutt+1","FlurryOfBlows+1","Metallicize+1","Go for the Eyes+1"],"picked":"Singing Bowl","floor":53},{"not_picked":["TreasureHunter+1","NonDirectionalLaser+1","SprinkleStarSeal+1","Gensokyo:NewMoon+1"],"picked":"Singing Bowl","floor":55}],"player_experience":794184,"relics_obtained":[{"floor":6.0,"key":"Paper Frog"},{"floor":8.0,"key":"StrikeDummy"},{"floor":9.0,"key":"Champion Belt"},{"floor":14.0,"key":"Mango"},{"floor":23.0,"key":"Toy Ornithopter"},{"floor":28.0,"key":"Bag of Preparation"},{"floor":39.0,"key":"ScarletDevilRocket"},{"floor":40.0,"key":"Tea:ReiMu"},{"floor":43.0,"key":"The Courier"},{"floor":45.0,"key":"Bronze Scales"},{"floor":55,"key":"StoneCalendar"}],"event_choices":[],"is_beta":false,"boss_relics":[{"not_picked":["Coffee Dripper","Sozu"],"picked":"SacredBark"},{"not_picked":["Calling Bell","Tiny House"],"picked":"Fusion Hammer"}],"items_purged_floors":[11,11,11,11,11,11,11,11,11,11,31,31,31,36,36,48,48,48,54,54,54],"is_endless":false,"potions_floor_spawned":[3,5,13,14,16,23,24,28,33,35,45,47,55],"ascension_level":20}}