{"host":"2yqfi47fogfu1ic4","time":1611401748,"event":{"mods":["AchievementEnabler","BaseMod","Colored Map","Colored Powertips","Highlight Path","Minty Spire (QoL Compilation)","Permanent Neow","Relic Stats","StSLib"],"gold_per_floor":[112,132,146,156,166,191,191,218,218,236,206,206,222,254,254,328,328,346,346,359,56,72,72,72,72],"floor_reached":24,"language":"DEU","playtime":1884,"items_purged":["Strike_G"],"score":440,"play_id":"591a554b-2c68-4da7-a3c5-33dbaa50a144","local_time":"20210123123548","is_ascension_mode":true,"campfire_choices":[{"floor":7,"key":"REST"},{"data":"Bouncing Flask","floor":12,"key":"SMITH"},{"data":"Accuracy","floor":15,"key":"SMITH"}],"circlet_count":0,"master_deck":["AscendersBane","Strike_G","Strike_G","Defend_G","Defend_G","Defend_G","Defend_G","Defend_G","Survivor","Neutralize","Bouncing Flask+1","Blade Dance","All Out Attack","Accuracy+1","Footwork","Finisher","Crippling Poison","Envenom+1","Deadly Poison+1","Flying Knee","A Thousand Cuts+1","Blur","Crippling Poison+1"],"relics":["Runic Dome","Ancient Tea Set","Smiling Mask","Frozen Egg 2","Dead Branch","Sozu","Frozen Eye"],"acts_visited":["Exordium","TheCity"],"potions_floor_usage":[6,10],"damage_taken":[{"damage":1,"enemies":"Cultist","floor":1,"turns":5},{"damage":7,"enemies":"Jaw Worm","floor":2,"turns":4},{"damage":0,"enemies":"2 Louse","floor":3,"turns":4},{"damage":6,"enemies":"Looter","floor":4,"turns":3},{"damage":1,"enemies":"Lots of Slimes","floor":5,"turns":2},{"damage":29,"enemies":"Gremlin Nob","floor":6,"turns":4},{"damage":5,"enemies":"Lagavulin","floor":8,"turns":7},{"damage":0,"enemies":"Exordium Wildlife","floor":10,"turns":2},{"damage":11,"enemies":"2 Fungi Beasts","floor":13,"turns":3},{"damage":47,"enemies":"Gremlin Nob","floor":14,"turns":4},{"damage":2,"enemies":"Hexaghost","floor":16,"turns":9},{"damage":33,"enemies":"3 Byrds","floor":18,"turns":4},{"damage":1,"enemies":"Spheric Guardian","floor":20,"turns":3},{"damage":9,"enemies":"Centurion and Healer","floor":22,"turns":5},{"damage":12,"enemies":"Gremlin Leader","floor":24,"turns":1}],"seed_played":"5733439908259714181","potions_obtained":[{"floor":3,"key":"GamblersBrew"},{"floor":4,"key":"Explosive Potion"},{"floor":8,"key":"LiquidBronze"},{"floor":11,"key":"FairyPotion"},{"floor":14,"key":"LiquidMemories"}],"is_trial":false,"path_per_floor":["M","M","M","M","M","E","R","E","T","M","?","R","M","E","R","B",null,"M","?","M","$","M","?","E"],"character_chosen":"THE_SILENT","items_purchased":["Blur","Frozen Eye"],"campfire_rested":1,"item_purchase_floors":[21,21],"current_hp_per_floor":[58,51,51,45,44,15,34,29,29,29,29,29,18,19,19,17,54,21,21,20,20,11,11,0,0],"gold":72,"neow_bonus":"BOSS_RELIC","is_daily":false,"chose_seed":false,"campfire_upgraded":2,"win_rate":0.0,"timestamp":1611401748,"path_taken":["M","M","M","M","M","E","R","E","T","?","?","R","M","E","R","BOSS","M","?","M","$","M","?","E"],"items_purchased_type":["Card","Relic"],"build_version":"2020-12-22","purchased_purges":1,"victory":false,"max_hp_per_floor":[66,66,66,66,66,66,66,66,66,66,66,66,66,66,66,66,66,66,66,66,66,66,66,66,66],"relic_stats":{"Sozu":1,"counters":[15,60],"Dead Branch":[30],"Smiling Mask":25,"obtain_stats":[{"Sozu":17,"Runic Dome":0,"Frozen Eye":21,"Dead Branch":14,"Frozen Egg 2":9,"Ancient Tea Set":6,"Smiling Mask":8,"Ring of the Snake":0},{"Sozu":11,"Runic Dome":0,"Frozen Eye":13,"Dead Branch":10,"Frozen Egg 2":7,"Ancient Tea Set":6,"Smiling Mask":7,"Ring of the Snake":0},{"Sozu":47,"Runic Dome":0,"Frozen Eye":54,"Dead Branch":38,"Frozen Egg 2":29,"Ancient Tea Set":22,"Smiling Mask":29,"Ring of the Snake":0}]},"card_choices":[{"not_picked":["Cloak And Dagger","Skewer"],"picked":"Bouncing Flask","floor":1},{"not_picked":["Outmaneuver","Flying Knee","Dodge and Roll"],"picked":"SKIP","floor":2},{"not_picked":["Deflect","Outmaneuver"],"picked":"Blade Dance","floor":3},{"not_picked":["Expertise","Deadly Poison"],"picked":"All Out Attack","floor":4},{"not_picked":["Sucker Punch","Envenom"],"picked":"Accuracy","floor":5},{"not_picked":["Deflect","Acrobatics"],"picked":"Footwork","floor":6},{"not_picked":["Reflex","Concentrate","Outmaneuver"],"picked":"SKIP","floor":8},{"not_picked":["Quick Slash","Deflect","Slice"],"picked":"SKIP","floor":10},{"not_picked":["Quick Slash","Deflect","Slice"],"picked":"SKIP","floor":10},{"not_picked":["Quick Slash","Deflect","Slice"],"picked":"SKIP","floor":10},{"not_picked":["All Out Attack","Dagger Spray"],"picked":"Finisher","floor":13},{"not_picked":["Prepared","Choke"],"picked":"Crippling Poison","floor":14},{"not_picked":["Unload","Die Die Die"],"picked":"Envenom+1","floor":16},{"not_picked":["Backflip","Dodge and Roll"],"picked":"Deadly Poison+1","floor":18},{"not_picked":["Prepared","Quick Slash","Bane"],"picked":"SKIP","floor":20},{"not_picked":["Sucker Punch","Poisoned Stab"],"picked":"Crippling Poison+1","floor":22}],"player_experience":1594136,"relics_obtained":[{"floor":6,"key":"Ancient Tea Set"},{"floor":8,"key":"Smiling Mask"},{"floor":9,"key":"Frozen Egg 2"},{"floor":14,"key":"Dead Branch"}],"event_choices":[{"damage_healed":0,"gold_gain":0,"player_choice":"Bought 2 Potions","damage_taken":0,"max_hp_gain":0,"max_hp_loss":0,"event_name":"The Woman in Blue","floor":11,"gold_loss":0},{"damage_healed":0,"gold_gain":0,"cards_transformed":["Strike_G","Strike_G"],"player_choice":"Became Test Subject","damage_taken":0,"max_hp_gain":0,"max_hp_loss":0,"event_name":"Drug Dealer","floor":19,"gold_loss":0,"cards_obtained":["Flying Knee","A Thousand Cuts"]},{"damage_healed":0,"gold_gain":0,"player_choice":"Ignored","damage_taken":0,"max_hp_gain":0,"max_hp_loss":0,"event_name":"Vampires","floor":23,"gold_loss":0}],"is_beta":false,"boss_relics":[{"not_picked":["Fusion Hammer","Empty Cage"],"picked":"Sozu"}],"items_purged_floors":[21],"is_endless":false,"potions_floor_spawned":[3,4,8,14,16,20],"killed_by":"Gremlin Leader","ascension_level":20}}