{"host":"baiuyraednrljtmn","time":1611417111,"event":{"mods":["BaseMod","Colored Map","Colored Powertips","DeckTracker","Keyboard Shortcuts","Minty Spire (QoL Compilation)","Relic Stats","StSLib","SuperFastMode","everything is the same but u backflip on backflip"],"gold_per_floor":[366,366,27,40,60,60,86,86,86,1,14,41,57,76,76,155,155,170,188,188,188,200,200,215,244,290,319,319,333,333,333],"floor_reached":30,"language":"KOR","playtime":3274,"items_purged":["Injury"],"score":694,"play_id":"0d79c94d-3bc0-4880-aeab-6a373fbc6986","local_time":"20210124005151","is_ascension_mode":true,"campfire_choices":[{"data":"Eruption","floor":6.0,"key":"SMITH"},{"floor":8.0,"key":"REST"},{"data":"Fasting2","floor":15.0,"key":"SMITH"},{"data":"Scrawl","floor":23.0,"key":"SMITH"}],"circlet_count":0,"master_deck":["AscendersBane","Eruption+1","Vigilance","WheelKick","Scrawl+1","FearNoEvil","Ragnarok","CrushJoints+1","Fasting2+1","Worship","EmptyFist","Weave","TalkToTheHand","SashWhip","FlyingSleeves+1","MentalFortress","Halt","EmptyBody","MentalFortress","Ghostly","Ghostly","Ghostly"],"relics":["PureWater","Membership Card","Sundial","Odd Mushroom","Pantograph","OrangePellets","WingedGreaves","Pandora\u0027s Box","MealTicket","Whetstone","Singing Bowl","Question Card"],"acts_visited":["Exordium","TheCity"],"potions_floor_usage":[29,29],"damage_taken":[{"damage":8.0,"enemies":"2 Louse","floor":1.0,"turns":4.0},{"damage":15.0,"enemies":"Jaw Worm","floor":4.0,"turns":6.0},{"damage":0.0,"enemies":"Cultist","floor":5.0,"turns":4.0},{"damage":40.0,"enemies":"The Mushroom Lair","floor":7.0,"turns":5.0},{"damage":0.0,"enemies":"2 Fungi Beasts","floor":11.0,"turns":2.0},{"damage":0.0,"enemies":"Gremlin Nob","floor":12.0,"turns":2.0},{"damage":6.0,"enemies":"Blue Slaver","floor":13.0,"turns":2.0},{"damage":7.0,"enemies":"Looter","floor":14.0,"turns":3.0},{"damage":0.0,"enemies":"Slime Boss","floor":16.0,"turns":3.0},{"damage":18.0,"enemies":"2 Thieves","floor":18.0,"turns":4.0},{"damage":0.0,"enemies":"Spheric Guardian","floor":19.0,"turns":3.0},{"damage":9.0,"enemies":"Centurion and Healer","floor":22.0,"turns":2.0},{"damage":2.0,"enemies":"Shelled Parasite and Fungi","floor":24.0,"turns":5.0},{"damage":3.0,"enemies":"Gremlin Leader","floor":25.0,"turns":6.0},{"damage":19.0,"enemies":"Book of Stabbing","floor":27.0,"turns":5.0},{"damage":4,"enemies":"Sentry and Sphere","floor":29,"turns":3},{"damage":8,"enemies":"Slavers","floor":30,"turns":3}],"seed_played":"3236756352857711295","potions_obtained":[{"floor":5.0,"key":"Dexterity Potion"},{"floor":7.0,"key":"StancePotion"},{"floor":12.0,"key":"BottledMiracle"},{"floor":24.0,"key":"Block Potion"},{"floor":25.0,"key":"Strength Potion"},{"floor":27.0,"key":"BottledMiracle"}],"is_trial":false,"path_per_floor":["M","?","$","M","M","R","?","R","T","$","M","E","M","M","R","B",null,"M","M","?","?","M","R","M","E","T","E","T","M","E"],"character_chosen":"WATCHER","items_purchased":["Membership Card","Sundial","OrangePellets"],"campfire_rested":1,"item_purchase_floors":[3,3,10],"current_hp_per_floor":[53,58,58,43,43,43,3,24,24,24,24,24,18,11,11,36,64,46,46,46,36,27,27,25,22,22,5,5,3,0,0],"gold":333,"neow_bonus":"TWO_FIFTY_GOLD","is_daily":false,"chose_seed":false,"campfire_upgraded":3,"win_rate":0.0,"timestamp":1611417111,"path_taken":["M","?","$","M","M","R","?","R","T","?","M","E","M","?","R","BOSS","M","M","?","?","M","R","M","E","T","E","?","M","E"],"items_purchased_type":["Relic","Relic","Relic"],"build_version":"2020-12-22","purchased_purges":1,"victory":false,"max_hp_per_floor":[68,73,73,73,73,73,73,73,73,73,73,73,73,73,73,73,73,73,73,73,36,36,36,36,36,36,38,38,40,40,40],"relic_stats":{"OrangePellets":[8],"Singing Bowl":4,"counters":[17,62],"Sundial":[8],"Pantograph":25,"Pandora\u0027s Box":["Worship","EmptyFist","Weave","TalkToTheHand","SashWhip","FlyingSleeves","MentalFortress","Halt"],"MealTicket":0,"Whetstone":["FlyingSleeves","CrushJoints"],"Question Card":1,"obtain_stats":[{"OrangePellets":10,"Singing Bowl":27,"Sundial":3,"Pantograph":9,"Pandora\u0027s Box":17,"MealTicket":25,"WingedGreaves":12,"Membership Card":3,"Whetstone":26,"PureWater":0,"Odd Mushroom":7,"Question Card":28},{"OrangePellets":4,"Singing Bowl":15,"Sundial":1,"Pantograph":4,"Pandora\u0027s Box":9,"MealTicket":14,"WingedGreaves":6,"Membership Card":1,"Whetstone":14,"PureWater":0,"Odd Mushroom":4,"Question Card":15},{"OrangePellets":19,"Singing Bowl":56,"Sundial":4,"Pantograph":19,"Pandora\u0027s Box":31,"MealTicket":51,"WingedGreaves":23,"Membership Card":4,"Whetstone":51,"PureWater":0,"Odd Mushroom":19,"Question Card":56}]},"card_choices":[{"not_picked":["Evaluate","FlyingSleeves","SashWhip"],"picked":"SKIP","floor":1.0},{"not_picked":["FlyingSleeves","Crescendo","LikeWater"],"picked":"SKIP","floor":4.0},{"not_picked":["Prostrate","BowlingBash"],"picked":"WheelKick","floor":5.0},{"not_picked":["Worship","Protect"],"picked":"Scrawl","floor":7.0},{"not_picked":["FollowUp","Wallop"],"picked":"FearNoEvil","floor":11.0},{"not_picked":["EmptyBody","Perseverance"],"picked":"Ragnarok","floor":12.0},{"not_picked":["CutThroughFate","EmptyBody"],"picked":"CrushJoints","floor":13.0},{"not_picked":["EmptyFist","JustLucky"],"picked":"Fasting2","floor":14.0},{"not_picked":["FlurryOfBlows","Prostrate"],"picked":"EmptyBody","floor":18.0},{"not_picked":["ClearTheMind+1","Prostrate+1","SignatureMove"],"picked":"SKIP","floor":19.0},{"not_picked":["Protect","Vengeance","Weave"],"picked":"SKIP","floor":22.0},{"not_picked":["WreathOfFlame+1","Fasting2","Pray"],"picked":"SKIP","floor":24.0},{"not_picked":["WreathOfFlame+1","Fasting2","Pray"],"picked":"SKIP","floor":24.0},{"not_picked":["FlyingSleeves","SandsOfTime","Evaluate"],"picked":"SKIP","floor":25.0},{"not_picked":["WindmillStrike","Establishment","JustLucky"],"picked":"Singing Bowl","floor":27.0},{"not_picked":["InnerPeace","CutThroughFate","JustLucky","SashWhip"],"picked":"Singing Bowl","floor":29}],"player_experience":1428136,"relics_obtained":[{"floor":7.0,"key":"Odd Mushroom"},{"floor":9.0,"key":"Pantograph"},{"floor":12.0,"key":"WingedGreaves"},{"floor":25.0,"key":"MealTicket"},{"floor":26.0,"key":"Whetstone"},{"floor":27.0,"key":"Singing Bowl"},{"floor":28.0,"key":"Question Card"}],"event_choices":[{"damage_healed":0.0,"max_hp_gain":5.0,"max_hp_loss":0.0,"gold_gain":0.0,"event_name":"Big Fish","player_choice":"Donut","floor":2.0,"gold_loss":0.0,"damage_taken":0.0},{"damage_healed":0.0,"max_hp_gain":0.0,"max_hp_loss":0.0,"gold_gain":0.0,"event_name":"Mushrooms","player_choice":"Fought Mushrooms","floor":7.0,"gold_loss":0.0,"damage_taken":0.0},{"damage_healed":0.0,"max_hp_gain":0.0,"max_hp_loss":0.0,"gold_gain":0.0,"event_name":"The Library","player_choice":"Read","floor":20.0,"gold_loss":0.0,"damage_taken":0.0,"cards_obtained":["MentalFortress"]},{"damage_healed":0.0,"max_hp_gain":0.0,"max_hp_loss":37.0,"gold_gain":0.0,"event_name":"Ghosts","player_choice":"Became a Ghost","floor":21.0,"gold_loss":0.0,"damage_taken":0.0,"cards_obtained":["Ghostly","Ghostly","Ghostly"]}],"is_beta":false,"boss_relics":[{"not_picked":["Tiny House","Fusion Hammer"],"picked":"Pandora\u0027s Box"}],"items_purged_floors":[3],"is_endless":false,"potions_floor_spawned":[5,7,12,13,16,19,24,25,27],"killed_by":"Slavers","ascension_level":20}}