{"host":"25beq07qjecnigqh","time":1611369345,"event":{"mods":["BaseMod","Minty Spire (QoL Compilation)"],"gold_per_floor":[112,112,112,130,95,95,107,107,107,117,117,128,142,161,161,264,264,274,287,287,87,97,196,196,196,196,196,209,136,51,68,68,68,68],"floor_reached":33,"language":"ZHS","playtime":1498,"items_purged":["Strike_P","Defend_P"],"score":264,"play_id":"35be5179-f86b-4fba-9abb-e212f03280e8","local_time":"20210123103545","is_ascension_mode":false,"campfire_choices":[{"data":"ClearTheMind","floor":6.0,"key":"SMITH"},{"data":"Eruption","floor":11.0,"key":"SMITH"},{"data":"DevaForm","floor":15.0,"key":"SMITH"},{"data":"SignatureMove","floor":24.0,"key":"SMITH"},{"floor":27,"key":"REST"},{"floor":32,"key":"REST"}],"circlet_count":0,"master_deck":["Strike_P+1","Strike_P+1","Defend_P","Defend_P","Defend_P","Eruption+1","Vigilance","ClearTheMind+1","ForeignInfluence","SignatureMove+1","DevaForm+1","FearNoEvil","Vault+1","BowlingBash+1","Necronomicurse","FlurryOfBlows"],"relics":["PureWater","Smiling Mask","Lantern","Question Card","Cursed Key","Medical Kit","Necronomicon","Shuriken"],"acts_visited":["Exordium","TheCity"],"potions_floor_usage":[33,33],"damage_taken":[{"damage":5.0,"enemies":"2 Louse","floor":1.0,"turns":3.0},{"damage":1.0,"enemies":"Jaw Worm","floor":4.0,"turns":3.0},{"damage":0.0,"enemies":"Small Slimes","floor":7.0,"turns":1.0},{"damage":8.0,"enemies":"Red Slaver","floor":10.0,"turns":3.0},{"damage":2.0,"enemies":"3 Louse","floor":12.0,"turns":4.0},{"damage":3.0,"enemies":"Exordium Thugs","floor":13.0,"turns":3.0},{"damage":9.0,"enemies":"Blue Slaver","floor":14.0,"turns":3.0},{"damage":16.0,"enemies":"The Guardian","floor":16.0,"turns":5.0},{"damage":0.0,"enemies":"Chosen","floor":18.0,"turns":4.0},{"damage":12.0,"enemies":"Shell Parasite","floor":19.0,"turns":6.0},{"damage":15.0,"enemies":"Snecko","floor":22.0,"turns":4.0},{"damage":5,"enemies":"Chosen and Byrds","floor":28,"turns":5},{"damage":15,"enemies":"Centurion and Healer","floor":31,"turns":5},{"damage":51,"enemies":"Champ","floor":33,"turns":6}],"seed_played":"-8980767142622274729","potions_obtained":[{"floor":1.0,"key":"BlessingOfTheForge"},{"floor":12.0,"key":"FearPotion"},{"floor":14.0,"key":"SneckoOil"},{"floor":16.0,"key":"Block Potion"},{"floor":19.0,"key":"SkillPotion"},{"floor":28,"key":"Weak Potion"},{"floor":31,"key":"Energy Potion"}],"is_trial":false,"path_per_floor":["M","?","?","M","?","R","M","?","T","M","R","M","M","M","R","B",null,"M","M","?","$","M","?","R","?","T","R","M","$","?","M","R","B"],"character_chosen":"WATCHER","items_purchased":["Medical Kit","FlurryOfBlows"],"campfire_rested":2,"item_purchase_floors":[21,29],"current_hp_per_floor":[67,53,41,40,58,58,58,58,58,50,50,48,45,36,36,20,72,72,60,60,60,45,45,45,29,29,50,45,45,45,30,51,0,0],"gold":68,"neow_bonus":"RANDOM_COMMON_RELIC","is_daily":false,"chose_seed":false,"campfire_upgraded":4,"win_rate":0.0,"timestamp":1611369345,"path_taken":["M","?","?","M","?","R","M","?","T","M","R","M","M","?","R","BOSS","M","M","?","$","?","?","R","?","T","R","M","$","?","M","R","BOSS"],"items_purchased_type":["Relic","Card"],"build_version":"2020-12-22","purchased_purges":2,"victory":false,"max_hp_per_floor":[72,72,72,72,72,72,72,72,72,72,72,72,72,72,72,72,72,72,72,72,72,72,72,72,72,72,72,72,72,72,72,72,72,72],"card_choices":[{"not_picked":["Worship","Protect","JustLucky"],"picked":"SKIP","floor":1.0},{"not_picked":["JustLucky","EmptyFist"],"picked":"ClearTheMind","floor":4.0},{"not_picked":["BattleHymn","Consecrate"],"picked":"ForeignInfluence","floor":7.0},{"not_picked":["EmptyBody","PathToVictory","BowlingBash"],"picked":"SignatureMove","floor":10.0},{"not_picked":["Prostrate","Protect","WindmillStrike","ClearTheMind"],"picked":"SKIP","floor":12.0},{"not_picked":["ClearTheMind","Consecrate","Protect"],"picked":"DevaForm","floor":13.0},{"not_picked":["FlyingSleeves","DeceiveReality","WheelKick"],"picked":"FearNoEvil","floor":14.0},{"not_picked":["Brilliance","Omniscience","LessonLearned"],"picked":"Vault","floor":16.0},{"not_picked":["CutThroughFate","Evaluate","Weave","ThirdEye+1"],"picked":"SKIP","floor":18.0},{"not_picked":["Worship+1","FollowUp","InnerPeace+1","Prostrate"],"picked":"SKIP","floor":19.0},{"not_picked":["MentalFortress+1","CutThroughFate+1","Perseverance"],"picked":"BowlingBash+1","floor":22.0},{"not_picked":["PathToVictory","CrushJoints","ClearTheMind","SashWhip"],"picked":"SKIP","floor":28},{"not_picked":["ThirdEye+1","CarveReality","FearNoEvil+1","Nirvana"],"picked":"SKIP","floor":31}],"player_experience":62097,"relics_obtained":[{"floor":9.0,"key":"Question Card"},{"floor":25.0,"key":"Necronomicon"}],"event_choices":[{"damage_healed":0.0,"max_hp_gain":0.0,"max_hp_loss":0.0,"gold_gain":0.0,"event_name":"Shining Light","player_choice":"Entered Light","floor":2.0,"gold_loss":0.0,"damage_taken":14.0,"cards_upgraded":["Strike_P","Strike_P"]},{"damage_healed":0.0,"max_hp_gain":0.0,"max_hp_loss":0.0,"gold_gain":0.0,"event_name":"Scrap Ooze","player_choice":"Success","floor":3.0,"gold_loss":0.0,"damage_taken":12.0,"relics_obtained":["Lantern"]},{"damage_healed":18.0,"max_hp_gain":0.0,"max_hp_loss":0.0,"gold_gain":0.0,"event_name":"The Cleric","player_choice":"Healed","floor":5.0,"gold_loss":35.0,"damage_taken":0.0},{"cards_removed":["Strike_P"],"damage_healed":0.0,"max_hp_gain":0.0,"max_hp_loss":0.0,"gold_gain":0.0,"event_name":"Bonfire Elementals","player_choice":"Offered Basic","floor":8.0,"gold_loss":0.0,"damage_taken":0.0},{"damage_healed":0.0,"max_hp_gain":0.0,"max_hp_loss":0.0,"gold_gain":0.0,"event_name":"Upgrade Shrine","player_choice":"Upgraded","floor":20.0,"gold_loss":0.0,"damage_taken":0.0,"cards_upgraded":["Vault"]},{"damage_healed":0.0,"max_hp_gain":0.0,"max_hp_loss":0.0,"gold_gain":99.0,"event_name":"Nest","player_choice":"Stole From Cult","floor":23.0,"gold_loss":0.0,"damage_taken":0.0},{"damage_healed":0.0,"max_hp_gain":0.0,"max_hp_loss":0.0,"gold_gain":0.0,"event_name":"Cursed Tome","player_choice":"Obtained Book","floor":25.0,"gold_loss":0.0,"damage_taken":16.0},{"damage_healed":0,"gold_gain":0,"player_choice":"Obtained Relic","damage_taken":0,"relics_obtained":["Shuriken"],"max_hp_gain":0,"max_hp_loss":0,"event_name":"Addict","floor":30,"gold_loss":85}],"is_beta":false,"boss_relics":[{"not_picked":["Astrolabe","Coffee Dripper"],"picked":"Cursed Key"}],"items_purged_floors":[21,29],"is_endless":false,"potions_floor_spawned":[1,12,14,16,19,28,31],"killed_by":"Champ","ascension_level":0}}