{"host":"ylxam20yo7j5dy26","time":1611395064,"event":{"mods":["100% Spire Juice","ATMod(°¢èªMod)","Act Like it!","Aspiration","BaseMod","BetterRewards","Conspire","Defuse TimeMaze Blight","Energized Spire","Gensokyo","GungeonMod","Hubris","Infinite Spire","Marisa£¨ìFÓê¡¡Ä§ÀíÉ³£©","Minty Spire (QoL Compilation)","MostiFishMod","Quarter Circle Forward PUNCH!","Quick Restart","Reimu£¨²©ÀöÁéÃÎ£©","Remilia£¨ÀÙÃ×ÀòÑÇ£©","Replay The Spire","Robot Space Explorer","RumiaBox-Â¶Ã×æ«µÄÉñÃØºÐ×Ó","Spicy Shops","StSLib","The Jungle","The Runesmith","vexMod","¡¾¹¦ÄÜMod¡¿»ìãçÖ®»·ÐÞ¸´²¹¶¡","¡¾ÒÅÎï¿¨ÅÆ¡¿REMEMod"],"gold_per_floor":[113,140,140,150,169,195,195,195,219,252,284,303,322,338,338,436,436,447,447,154,154,170,170,170,205,205,237,847,847,847],"floor_reached":29,"language":"ZHS","playtime":2275,"items_purged":[],"score":480,"play_id":"5f07720a-f444-402a-b412-05b5e3619012","local_time":"20210123174424","daily_mods":["SealedDeck","Heirloom","Flight","Elite Swarm"],"is_ascension_mode":true,"campfire_choices":[{"data":"BasicCrystalCard","floor":8.0,"key":"SMITH"},{"data":"Redo","floor":8.0,"key":"SMITH"},{"floor":15.0,"key":"REST"},{"data":"BasicCrystalCard","floor":23.0,"key":"SMITH"},{"data":"BasicCrystalCard","floor":23.0,"key":"SMITH"},{"data":"AT_RightCognition","floor":24.0,"key":"SMITH"},{"data":"Redo","floor":24.0,"key":"SMITH"}],"circlet_count":0,"master_deck":["Leap","Leap","Panic Button+1","Cold Snap","BasicCrystalCard+1","Ball Lightning","Turbo","Chaos","Consume","Redo+1","AT_WaterDrop","Redo+1","AT_WaterDrop","AT_RightCognition+1","MostiFishMod:ATRI","BasicCrystalCard+1","Chaos","Leap+1","Creative AI","BasicCrystalCard+1","Fission","MostiFishMod:DeathFromBelow","Ball Lightning"],"relics":["Cracked Core","AT_ATBox","DaveBox","REME_ComplimentaryCards","Ring of Chaos","Replay:Arrowhead","DaCapo","SynthV:TestCard","Centennial Puzzle","Kunai","AT_RedTearstoneRing","aspiration:HiddenCompartment","MoreBug","hubris:RGBLights","aspiration:RandomNobGenerator","War Paint","Replay:Frozen Program","vexMod:RetaliationKit","CaptainsWheel"],"acts_visited":["Exordium","TheCity"],"potions_floor_usage":[],"damage_taken":[{"damage":9.0,"enemies":"Cultist","floor":1.0,"turns":4.0},{"damage":0.0,"enemies":"2 Louse","floor":4.0,"turns":2.0},{"damage":0.0,"enemies":"Small Slimes","floor":5.0,"turns":3.0},{"damage":27.0,"enemies":"Gremlin Nob","floor":6.0,"turns":5.0},{"damage":0.0,"enemies":"Lagavulin","floor":10.0,"turns":6.0},{"damage":15.0,"enemies":"3 Sentries","floor":11.0,"turns":5.0},{"damage":2.0,"enemies":"Exordium Wildlife","floor":12.0,"turns":3.0},{"damage":2.0,"enemies":"2 Fungi Beasts","floor":13.0,"turns":4.0},{"damage":0.0,"enemies":"Looter","floor":14.0,"turns":3.0},{"damage":0.0,"enemies":"Fading Forest","floor":16.0,"turns":11.0},{"damage":11.0,"enemies":"Shell Parasite","floor":18.0,"turns":8.0},{"damage":9.0,"enemies":"Spheric Guardian","floor":22.0,"turns":5.0},{"damage":0.0,"enemies":"Gremlin Leader","floor":25.0,"turns":5.0},{"damage":0.0,"enemies":"conspire:SneckoGhost","floor":27.0,"turns":6.0},{"damage":24.0,"enemies":"3 Cultists","floor":28.0,"turns":7.0},{"damage":0,"enemies":"Gremlin Leader","floor":29,"turns":1}],"seed_played":"-3981826555311725974","potions_obtained":[{"floor":5.0,"key":"Venom Potion"},{"floor":14.0,"key":"BlessingOfTheForge"}],"is_trial":true,"path_per_floor":["M","T","?","M","M","E","?","R","T","E","E","M","M","M","R","B",null,"M","?","$","?","M","R","R","E","T","E","M","E"],"character_chosen":"DEFECT","items_purchased":["War Paint","Replay:Frozen Program"],"campfire_rested":1,"item_purchase_floors":[20,20],"current_hp_per_floor":[66,66,66,66,66,39,32,32,32,32,19,17,16,16,38,48,75,64,64,64,64,55,55,55,58,58,58,45,45,45],"gold":847,"neow_bonus":"","is_daily":false,"chose_seed":false,"campfire_upgraded":6,"win_rate":0.0,"timestamp":1611395064,"path_taken":["M","?","?","M","M","E","?","R","T","E","E","M","?","M","R","BOSS","M","?","$","?","?","R","R","E","T","E","M","E"],"items_purchased_type":["Relic","Relic"],"build_version":"2020-12-22","purchased_purges":0,"victory":false,"max_hp_per_floor":[75,75,75,75,75,75,75,75,75,75,75,75,75,75,75,75,75,75,75,75,75,75,75,75,75,75,75,75,75,75],"card_choices":[{"not_picked":["Go for the Eyes","Gash","Hologram"],"picked":"SKIP","floor":1.0},{"not_picked":["Hologram","Leap","Heatsinks","Loop"],"picked":"AT_WaterDrop","floor":4.0},{"not_picked":["conspire:SharedLibrary","Leap","Hologram","Compile Driver"],"picked":"Redo","floor":5.0},{"not_picked":["MostiFishMod:TalkingToTheRain","MostiFishMod:InterfaceCompatibility","hubris:Prefetch","Core Surge","Reboot"],"picked":"SKIP","floor":6.0},{"not_picked":["hubris:SpecializedCircuitry","Electrodynamics","Machine Learning","Rainbow"],"picked":"AT_RightCognition","floor":10.0},{"not_picked":["hubris:SpecializedCircuitry","MostiFishMod:Culaccino","MostiFishMod:IntelligentEquipment","Buffer"],"picked":"MostiFishMod:ATRI","floor":11.0},{"not_picked":["Beam Cell","Go for the Eyes","Compile Driver","Consume"],"picked":"BasicCrystalCard","floor":12.0},{"not_picked":["ReplayTheSpireMod:Reroute Power","MostiFishMod:StrandedSiren","conspire:Rain","Blizzard"],"picked":"Chaos","floor":13.0},{"not_picked":["Steam","Hologram","ReplaySort","Panic Button"],"picked":"Leap","floor":14.0},{"not_picked":["MostiFishMod:Hijack","MostiFishMod:GoodWordForIt","Rainbow","MostiFishMod:Culaccino"],"picked":"Creative AI","floor":16.0},{"not_picked":["Barrage","Lockon+1","Sunder","MostiFishMod:PushDownKick+1"],"picked":"BasicCrystalCard","floor":18.0},{"not_picked":["Redo","ReplayGash","Auto Shields","Stack","Gash"],"picked":"SKIP","floor":22.0},{"not_picked":["Electrodynamics","REME_ForAll","Buffer","Creative AI"],"picked":"Fission","floor":25.0},{"not_picked":["MostiFishMod:IceShield","MostiFishMod:GoodWordForIt","REME_Shoggoth","MostiFishMod:Distribution"],"picked":"MostiFishMod:DeathFromBelow","floor":27.0},{"not_picked":["ReplayGash","Glacier","Go for the Eyes","ReplayTheSpireMod:Dual Polarity","Barrage+1"],"picked":"Ball Lightning","floor":28.0}],"player_experience":171783,"relics_obtained":[{"floor":1.0,"key":"SynthV:TestCard"},{"floor":2.0,"key":"Centennial Puzzle"},{"floor":6.0,"key":"Kunai"},{"floor":9.0,"key":"aspiration:HiddenCompartment"},{"floor":10.0,"key":"MoreBug"},{"floor":11.0,"key":"hubris:RGBLights"},{"floor":25.0,"key":"vexMod:RetaliationKit"},{"floor":26.0,"key":"CaptainsWheel"}],"event_choices":[{"damage_healed":0.0,"max_hp_gain":0.0,"max_hp_loss":0.0,"gold_gain":0.0,"event_name":"Liars Game","player_choice":"Ignored","floor":3.0,"gold_loss":0.0,"damage_taken":0.0},{"damage_healed":0.0,"max_hp_gain":0.0,"max_hp_loss":0.0,"gold_gain":0.0,"event_name":"Scrap Ooze","player_choice":"Success","floor":7.0,"gold_loss":0.0,"damage_taken":7.0,"relics_obtained":["AT_RedTearstoneRing"]},{"damage_healed":0.0,"max_hp_gain":0.0,"max_hp_loss":0.0,"gold_gain":0.0,"event_name":"Ghosts","player_choice":"Ignored","floor":19.0,"gold_loss":0.0,"damage_taken":0.0},{"damage_healed":0.0,"max_hp_gain":0.0,"max_hp_loss":0.0,"gold_gain":0.0,"event_name":"NoteForYourself","player_choice":"Ignored","floor":21.0,"gold_loss":0.0,"damage_taken":0.0}],"is_beta":false,"boss_relics":[{"not_picked":["aspiration:RitualDagger","NightmareShop"],"picked":"aspiration:RandomNobGenerator"}],"items_purged_floors":[],"is_endless":false,"potions_floor_spawned":[1,5,10,11,14,22,25,28],"killed_by":"Gremlin Leader","ascension_level":1}}