{"host":"jpzdg3po3tjxdjri","time":1611406170,"event":{"mods":["BaseMod","Better Third Choice","Colored Map","Colored Powertips","Minty Spire (QoL Compilation)","StSLib"],"gold_per_floor":[112,187,41,41,4,44,44,113,113,136,136,176,200,223,223,313,313,337,353,127,140,140,140,158,158,158,208,208,232,232,59,59,59,59],"floor_reached":33,"language":"ENG","playtime":822,"items_purged":["Strike_B","Strike_B"],"score":487,"play_id":"6d6fb107-2f6c-4605-a5d4-2a4e4c28ae7a","local_time":"20210123124930","is_ascension_mode":true,"campfire_choices":[{"floor":7,"key":"REST"},{"data":"Defragment","floor":11,"key":"SMITH"},{"data":"Zap","floor":15,"key":"SMITH"},{"floor":23,"key":"REST"},{"floor":25,"key":"REST"},{"data":"Loop","floor":28,"key":"SMITH"},{"floor":32,"key":"REST"}],"circlet_count":0,"master_deck":["AscendersBane","Strike_B","Strike_B","Defend_B","Defend_B","Defend_B","Defend_B","Zap+1","Dualcast","Melter","Loop","Sweeping Beam","Leap","FTL","Steam","Defragment+1","Cold Snap","FTL","Beam Cell","Electrodynamics+1","Coolheaded","Conserve Battery","Ball Lightning","Loop+1","Compile Driver","Machine Learning+1"],"relics":["Cracked Core","NeowsBlessing","Golden Idol","Ancient Tea Set","Bag of Marbles","Lantern","Sozu","Oddly Smooth Stone","Frozen Egg 2"],"acts_visited":["Exordium","TheCity"],"potions_floor_usage":[12],"damage_taken":[{"damage":0,"enemies":"Jaw Worm","floor":1,"turns":1},{"damage":0,"enemies":"Gremlin Nob","floor":6,"turns":1},{"damage":0,"enemies":"2 Louse","floor":10,"turns":1},{"damage":15,"enemies":"3 Sentries","floor":12,"turns":6},{"damage":0,"enemies":"Cultist","floor":13,"turns":3},{"damage":2,"enemies":"2 Fungi Beasts","floor":14,"turns":3},{"damage":30,"enemies":"Slime Boss","floor":16,"turns":9},{"damage":28,"enemies":"Shell Parasite","floor":18,"turns":5},{"damage":3,"enemies":"Chosen","floor":19,"turns":3},{"damage":13,"enemies":"Shelled Parasite and Fungi","floor":21,"turns":5},{"damage":20,"enemies":"Cultist and Chosen","floor":24,"turns":6},{"damage":16,"enemies":"Centurion and Healer","floor":29,"turns":5},{"damage":39,"enemies":"Collector","floor":33,"turns":7}],"seed_played":"-1163643231997489700","potions_obtained":[{"floor":1,"key":"Fire Potion"},{"floor":12,"key":"BlessingOfTheForge"},{"floor":14,"key":"PotionOfCapacity"}],"is_trial":false,"path_per_floor":["M","?","$","?","$","E","R","?","T","M","R","E","M","M","R","B",null,"M","M","$","M","?","R","M","R","T","?","R","M","?","$","R","B"],"character_chosen":"DEFECT","items_purchased":["Loop","Sweeping Beam","Leap","FTL","Oddly Smooth Stone","Machine Learning+1"],"campfire_rested":4,"item_purchase_floors":[3,3,3,5,20,31],"current_hp_per_floor":[64,53,53,29,29,29,50,50,50,50,50,35,35,33,33,3,54,26,23,23,10,10,31,11,32,32,32,32,16,16,16,37,0,0],"gold":59,"neow_bonus":"THREE_ENEMY_KILL","is_daily":false,"chose_seed":false,"campfire_upgraded":3,"win_rate":0.0,"timestamp":1611406170,"path_taken":["M","?","$","?","?","E","R","?","T","M","R","E","M","?","R","BOSS","M","M","$","M","?","R","M","R","T","?","R","?","?","$","R","BOSS"],"items_purchased_type":["Card","Card","Card","Card","Relic","Card"],"build_version":"2020-12-22","purchased_purges":2,"victory":false,"max_hp_per_floor":[71,71,71,71,71,71,71,71,71,71,71,71,71,71,71,71,71,71,71,71,71,71,71,71,71,71,71,71,71,71,71,71,71,71],"card_choices":[{"not_picked":["Chill","FTL"],"picked":"Melter","floor":1},{"not_picked":["Turbo","Fusion"],"picked":"Steam","floor":6},{"not_picked":["Sweeping Beam","Reinforced Body"],"picked":"Defragment","floor":10},{"not_picked":["Loop","Conserve Battery"],"picked":"Cold Snap","floor":12},{"not_picked":["Undo","Tempest"],"picked":"FTL","floor":13},{"not_picked":["FTL","Go for the Eyes"],"picked":"Beam Cell","floor":14},{"not_picked":["Biased Cognition","Reboot"],"picked":"Electrodynamics","floor":16},{"not_picked":["Compile Driver","Go for the Eyes"],"picked":"Coolheaded","floor":18},{"not_picked":["Steam","Static Discharge"],"picked":"Conserve Battery","floor":19},{"not_picked":["Stack","Compile Driver"],"picked":"Ball Lightning","floor":21},{"not_picked":["Turbo","Capacitor+1"],"picked":"Loop","floor":24},{"not_picked":["Rip and Tear","Recycle"],"picked":"Compile Driver","floor":29}],"player_experience":850251,"relics_obtained":[{"floor":6,"key":"Ancient Tea Set"},{"floor":9,"key":"Bag of Marbles"},{"floor":12,"key":"Lantern"},{"floor":26,"key":"Frozen Egg 2"}],"event_choices":[{"damage_healed":0,"gold_gain":75,"player_choice":"Gold","damage_taken":11,"max_hp_gain":0,"max_hp_loss":0,"event_name":"betterThird:BetterGoop","floor":2,"gold_loss":0},{"damage_healed":0,"gold_gain":0,"player_choice":"Take Damage","damage_taken":24,"relics_obtained":["Golden Idol"],"max_hp_gain":0,"max_hp_loss":0,"event_name":"Golden Idol","floor":4,"gold_loss":0},{"damage_healed":0,"gold_gain":69,"player_choice":"Gained Gold","damage_taken":0,"max_hp_gain":0,"max_hp_loss":0,"event_name":"Golden Wing","floor":8,"gold_loss":0},{"damage_healed":0,"gold_gain":0,"player_choice":"Adaptability","damage_taken":0,"max_hp_gain":0,"max_hp_loss":0,"event_name":"betterThird:BetterWriting","floor":22,"gold_loss":0},{"damage_healed":0,"gold_gain":100,"player_choice":"Bet on Murderer","damage_taken":0,"max_hp_gain":0,"max_hp_loss":0,"event_name":"The Joust","floor":27,"gold_loss":50},{"damage_healed":0,"gold_gain":0,"player_choice":"Forge","damage_taken":0,"max_hp_gain":0,"max_hp_loss":0,"event_name":"Accursed Blacksmith","floor":30,"gold_loss":0,"cards_upgraded":["Electrodynamics"]}],"is_beta":false,"boss_relics":[{"not_picked":["Pandora\u0027s Box","Snecko Eye"],"picked":"Sozu"}],"items_purged_floors":[20,31],"is_endless":false,"potions_floor_spawned":[1,12,14,16,19,24,29],"killed_by":"Collector","ascension_level":15}}