{"host":"urvvf8749ekcxo1a","time":1611375431,"event":{"mods":["AchievementEnabler","BaseMod","Better Sensory Stone","Better Third Choice","BetterRewards","Colored Powertips","Energized Spire","Evolution","Gold Saver","Minty Spire (QoL Compilation)","Quick Restart","Relic Filter","StSLib","SuperFastMode","The Alterego","The Cursed","The Hierophant","The Runesmith","The Servant 0.9.4","UnlockEverythingMod"],"gold_per_floor":[1149,1149,515,590,536,536,370,370,370,403,490,540,123,173,173,404,404,440,485,135,185,160,160,210,210,210,315,393,393,453,503,503,740,740,800,525,575,500,625,700,751,835,835,885,975,761,549,585,585,585,585],"floor_reached":52,"language":"ENG","playtime":680,"items_purged":["Reckless Charge","Footwork","Turbo","Enlightenment","Blade Dance+1"],"score":2782,"play_id":"d32508b8-96cc-4be1-ac5d-a4a8decbc8a1","local_time":"20210122231711","daily_mods":["SealedDeck","Vintage","Red Cards","Green Cards","Blue Cards","Colorless Cards","Heirloom","Time Dilation","Flight","Lethality","Midas"],"is_ascension_mode":true,"campfire_choices":[{"floor":6.0,"key":"REST"},{"floor":15.0,"key":"REST"},{"floor":23,"key":"REST"},{"floor":25,"key":"REST"},{"floor":29,"key":"REST"},{"floor":32,"key":"REST"},{"floor":49,"key":"REST"}],"circlet_count":0,"master_deck":["AscendersBane","Anger","Flex+1","Bandage Up","Slice+1","Finesse","Dramatic Entrance","Backstab","Beam Cell+1","Clash+1","Swift Strike+1","Flex","Go for the Eyes+1","Panache"],"relics":["Unceasing Top","EVO:Axolotl","Mango","Juzu Bracelet","Mercury Hourglass","Vajra","Mummified Hand","Brimstone","SsserpentHead","Molten Egg 2","Omamori","Letter Opener","Lizard Tail","Busted Crown","Art of War","Strawberry","Shuriken","MutagenicStrength","Dream Catcher","Matryoshka","CeramicFish","Blue Candle","War Paint","Ancient Tea Set","Fusion Hammer","Torii","Lantern","Regal Pillow","Bottled Flame","Smiling Mask","StrikeDummy","Kunai","Whetstone","Bag of Preparation","Boot"],"acts_visited":["Exordium","TheCity","TheBeyond"],"potions_floor_usage":[],"damage_taken":[{"damage":11.0,"enemies":"Small Slimes","floor":1.0,"turns":2.0},{"damage":0.0,"enemies":"Jaw Worm","floor":10.0,"turns":1.0},{"damage":0.0,"enemies":"Lagavulin","floor":11.0,"turns":2.0},{"damage":78,"enemies":"Hexaghost","floor":16,"turns":3},{"damage":0,"enemies":"Spheric Guardian","floor":18,"turns":1},{"damage":25,"enemies":"Shell Parasite","floor":19,"turns":2},{"damage":0,"enemies":"Book of Stabbing","floor":27,"turns":1},{"damage":0,"enemies":"Gremlin Leader","floor":28,"turns":1},{"damage":0,"enemies":"Centurion and Healer","floor":30,"turns":1},{"damage":1,"enemies":"Automaton","floor":33,"turns":2},{"damage":1,"enemies":"3 Darklings","floor":35,"turns":1},{"damage":1,"enemies":"Mind Bloom Boss Battle","floor":39,"turns":1},{"damage":0,"enemies":"Reptomancer","floor":40,"turns":1},{"damage":14,"enemies":"3 Shapes","floor":41,"turns":1},{"damage":1,"enemies":"Giant Head","floor":42,"turns":1},{"damage":0,"enemies":"Nemesis","floor":45,"turns":1},{"damage":1,"enemies":"Maw","floor":48,"turns":1},{"damage":1,"enemies":"Donu and Deca","floor":50,"turns":1},{"damage":1,"enemies":"Awakened One","floor":51,"turns":2}],"seed_played":"1599778281538413444","potions_obtained":[{"floor":28,"key":"Energy Potion"},{"floor":30,"key":"Dexterity Potion"},{"floor":48,"key":"BloodPotion"}],"is_trial":true,"path_per_floor":["M","?","$","?","$","R","$","?","T","M","E","?","$","?","R","B",null,"M","M","$","?","?","R","?","R","T","E","E","R","M","T","R","B",null,"M","$","?","$","?","E","M","E","T","?","E","$","$","M","R","B","B",null],"character_chosen":"IRONCLAD","items_purchased":["Vajra","Mummified Hand","Dramatic Entrance","Backstab","Beam Cell","Brimstone","Lizard Tail","Swift Strike+1","Shuriken","Panache","Whetstone","Bag of Preparation"],"campfire_rested":7,"item_purchase_floors":[3,3,3,3,5,7,13,13,20,36,46,47],"current_hp_per_floor":[75,64,64,53,53,79,79,79,79,79,83,83,83,83,89,11,70,70,52,52,52,52,80,80,96,96,96,96,96,96,96,96,95,96,95,95,95,95,96,96,82,85,85,85,85,85,85,88,91,91,91],"gold":585,"neow_bonus":"","is_daily":false,"chose_seed":false,"campfire_upgraded":0,"win_rate":0.0,"timestamp":1611375431,"path_taken":["M","?","$","?","?","R","$","?","T","M","E","?","$","?","R","BOSS","M","M","$","?","?","R","?","R","T","E","E","R","M","?","R","BOSS","M","$","?","?","?","E","M","E","T","?","E","$","$","M","R","BOSS","BOSS"],"items_purchased_type":["Relic","Relic","Card","Card","Card","Relic","Relic","Card","Relic","Card","Relic","Relic"],"build_version":"2020-12-22","purchased_purges":5,"victory":true,"max_hp_per_floor":[89,89,89,89,89,89,89,89,89,89,89,89,89,89,89,89,89,89,96,96,96,96,96,96,96,96,96,96,96,96,96,96,96,96,96,96,96,96,96,96,96,96,96,91,91,91,91,91,91,91,91],"card_choices":[{"not_picked":["Barrage+1","Melter+1"],"picked":"Clash+1","floor":11.0},{"not_picked":[],"picked":"Go for the Eyes+1","floor":27},{"not_picked":["Warcry"],"picked":"SKIP","floor":28},{"not_picked":["Berserk"],"picked":"SKIP","floor":40},{"not_picked":["Darkness"],"picked":"SKIP","floor":42},{"not_picked":["Stack"],"picked":"SKIP","floor":45}],"player_experience":149931,"relics_obtained":[{"floor":1.0,"key":"Juzu Bracelet"},{"floor":9.0,"key":"Molten Egg 2"},{"floor":10.0,"key":"Omamori"},{"floor":11.0,"key":"Letter Opener"},{"floor":18,"key":"Art of War"},{"floor":19,"key":"Strawberry"},{"floor":26,"key":"Dream Catcher"},{"floor":27,"key":"Matryoshka"},{"floor":28,"key":"CeramicFish"},{"floor":30,"key":"Blue Candle"},{"floor":31,"key":"War Paint"},{"floor":31,"key":"Ancient Tea Set"},{"floor":35,"key":"Torii"},{"floor":40,"key":"Lantern"},{"floor":41,"key":"Regal Pillow"},{"floor":42,"key":"Bottled Flame"},{"floor":43,"key":"Smiling Mask"},{"floor":43,"key":"StrikeDummy"},{"floor":45,"key":"Kunai"},{"floor":48,"key":"Boot"}],"event_choices":[{"damage_healed":0.0,"max_hp_gain":0.0,"max_hp_loss":0.0,"gold_gain":0.0,"event_name":"Scrap Ooze","player_choice":"Success","floor":2.0,"gold_loss":0.0,"damage_taken":11.0,"relics_obtained":["Mercury Hourglass"]},{"damage_healed":0.0,"max_hp_gain":0.0,"max_hp_loss":0.0,"gold_gain":75.0,"event_name":"World of Goop","player_choice":"Gather Gold","floor":4.0,"gold_loss":0.0,"damage_taken":11.0},{"damage_healed":0.0,"max_hp_gain":0.0,"max_hp_loss":0.0,"gold_gain":0.0,"event_name":"FaceTrader","player_choice":"Trade","floor":8.0,"gold_loss":0.0,"damage_taken":0.0,"relics_obtained":["SsserpentHead"]},{"damage_healed":0.0,"max_hp_gain":0.0,"max_hp_loss":0.0,"gold_gain":0.0,"event_name":"Liars Game","player_choice":"Ignored","floor":12.0,"gold_loss":0.0,"damage_taken":0.0},{"damage_healed":0,"gold_gain":0,"player_choice":"Read","damage_taken":0,"max_hp_gain":0,"max_hp_loss":0,"event_name":"The Library","floor":21,"gold_loss":0,"cards_obtained":["Flex"]},{"cards_removed":["Madness"],"damage_healed":0,"gold_gain":0,"player_choice":"Gave Gold","damage_taken":0,"max_hp_gain":0,"max_hp_loss":0,"event_name":"Beggar","floor":22,"gold_loss":75},{"damage_healed":0,"gold_gain":0,"player_choice":"Inject Mutagens","damage_taken":0,"relics_obtained":["MutagenicStrength"],"max_hp_gain":0,"max_hp_loss":0,"event_name":"Drug Dealer","floor":24,"gold_loss":0},{"damage_healed":0,"gold_gain":0,"player_choice":"Got Potions","damage_taken":0,"max_hp_gain":0,"max_hp_loss":0,"event_name":"Lab","floor":37,"gold_loss":0},{"damage_healed":0,"gold_gain":0,"player_choice":"Fight","damage_taken":0,"max_hp_gain":0,"max_hp_loss":0,"event_name":"MindBloom","floor":39,"gold_loss":0},{"damage_healed":0,"gold_gain":0,"player_choice":"Max HP","damage_taken":0,"max_hp_gain":0,"max_hp_loss":5,"event_name":"Winding Halls","floor":44,"gold_loss":0}],"is_beta":false,"boss_relics":[{"not_picked":["Velvet Choker","Runic Pyramid"],"picked":"Busted Crown"},{"not_picked":["Mark of Pain","Tiny House"],"picked":"Fusion Hammer"}],"items_purged_floors":[20,36,38,46,47],"is_endless":false,"potions_floor_spawned":[28,30,33,39,42,48],"ascension_level":20}}