{"host":"sn3z3ri9wzge00zg","time":1611441226,"event":{"mods":["Aspiration","BaseMod","Better Altar","Better Match","Better Note","Better Sensory Stone","Better Skull","BetterRewards","Colored Map","Colored Powertips","Conspire","Hermit","Hubris","Infinite Spire","Minty Spire (QoL Compilation)","Rare Cards Sparkle","Replay The Spire","Shop Mod","StSLib","SuperFastMode","The Animator","The Construct","The Runesmith"],"gold_per_floor":[119,135,236,254,265,300,300,300,355,369,1169,1187,1187,1229,1229,1329,1329,1339,1339,605,615,633,660,660,660,686,686,699,729,720,760,760,855,855,869,946,871,1179,340,371,371,371,371,406,424,800,82,114,114,114],"floor_reached":51,"language":"RUS","playtime":4656,"items_purged":["animator:Strike","animator:Defend","animator:Strike","animator:Defend"],"score":1054,"play_id":"0be49c30-699c-4ff5-a87a-7c2e6d7d0ce7","local_time":"20210124023345","is_ascension_mode":false,"campfire_choices":[{"data":"animator:Arpeggio","floor":7,"key":"SMITH"},{"data":"animator:WinryRockbell","floor":11,"key":"SMITH"},{"data":"animator:DwarfShaman","floor":13,"key":"SMITH"},{"data":"animator:Darkness","floor":15,"key":"SMITH"},{"data":"animator:Envy","floor":24,"key":"SMITH"},{"data":"animator:ElricAlphonse","floor":32,"key":"SMITH"},{"data":"animator:Shiro","floor":41,"key":"SMITH"},{"data":"animator:Saitama","floor":49,"key":"SMITH"}],"circlet_count":0,"master_deck":["animator:Strike_Konosuba+1","animator:Defend_Konosuba+1","animator:Strike+1","animator:Defend","animator:Kazuma","animator:Aqua","animator:Scar","animator:RoyMustang+1","animator:Arpeggio+1","animator:MisaKurobane","animator:DwarfShaman+1","animator:WinryRockbell+1","animator:Darkness+1","animator:Envy+1","animator:Arpeggio+1","animator:Sloth+1","animator:Mitsurugi+1","animator:Zero","animator:ElricAlphonse+1","animator:ElricEdward+1","animator:ElricEdward+1","animator:FielNirvalen+1","Runesmith:Grindstone","animator:Saitama+1","animator:FielNirvalen","hubris:DuctTapeCard"],"relics":["animator:LivingPicture","animator:TheMissingPiece","animator:PurgingStone","NeowsBlessing","Frozen Eye","Centennial Puzzle","Oddly Smooth Stone","Molten Egg 2","Omamori","Black Star","Pet Ghost","animator:HallowedScabbard","Philosopher\u0027s Stone","infinitespire:Beetle Shell","infinitespire:FocusingShard","TheAbacus","hubris:FunFungus","Ancient Tea Set","Whetstone","Bloody Idol","infinitespire:Lucky Rock","infinitespire:Satchel","Incense Burner","MealTicket","Toolbox","Replay:Bottled Eggs","Black Star","hubris:SlimyHat","infinitespire:ShieldingShard","conspire:TreasureMap","Replay:PocketPolymizer","conspire:TopHat","animator:EngravedStaff","Cursed Key","hubris:DisguiseKit","animator:WornHelmet","Meat on the Bone","PreservedInsect","Red Mask","animator:OldCoffin","Replay:WaspNest","Orrery","ReplayFunnel","hubris:DuctTape"],"acts_visited":["Exordium","TheCity","TheBeyond"],"potions_floor_usage":[50,50],"damage_taken":[{"damage":0,"enemies":"conspire:RoseBush","floor":1,"turns":1},{"damage":0,"enemies":"2 Louse","floor":2,"turns":1},{"damage":0,"enemies":"Cultist","floor":4,"turns":1},{"damage":0,"enemies":"Red Slaver","floor":5,"turns":4},{"damage":9,"enemies":"Replay:BlueRogue","floor":6,"turns":5},{"damage":18,"enemies":"2 Fungi Beasts","floor":10,"turns":3},{"damage":4,"enemies":"Blue Slaver","floor":12,"turns":4},{"damage":9,"enemies":"Lagavulin","floor":14,"turns":5},{"damage":0,"enemies":"Fading Forest","floor":16,"turns":11},{"damage":3,"enemies":"2 Thieves","floor":18,"turns":2},{"damage":0,"enemies":"Chosen","floor":21,"turns":3},{"damage":0,"enemies":"Snake Plant","floor":22,"turns":3},{"damage":0,"enemies":"Gremlin Leader","floor":23,"turns":5},{"damage":0,"enemies":"Centurion and Healer","floor":28,"turns":5},{"damage":0,"enemies":"Nightmare","floor":29,"turns":7},{"damage":10,"enemies":"conspire:MimicChest","floor":31,"turns":5},{"damage":20,"enemies":"Collector","floor":33,"turns":5},{"damage":0,"enemies":"Orb Walker","floor":35,"turns":2},{"damage":0,"enemies":"Giant Head","floor":40,"turns":5},{"damage":49,"enemies":"Nightmare","floor":44,"turns":4},{"damage":0,"enemies":"3 Shapes","floor":45,"turns":2},{"damage":7,"enemies":"Reptomancer","floor":48,"turns":3},{"damage":0,"enemies":"Donu and Deca","floor":50,"turns":6}],"seed_played":"-1160005167177989804","potions_obtained":[{"floor":2,"key":"LiquidBronze"},{"floor":4,"key":"BlessingOfTheForge"},{"floor":10,"key":"EssenceOfSteel"},{"floor":19,"key":"construct:ShiftPotion"}],"is_trial":false,"path_per_floor":["M","M","$","M","M","E","R","?","T","M","R","M","R","E","R","B",null,"M","?","$","M","M","E","R","?","T","?","M","NM","$","?","R","B",null,"M","?","?","?","$","E","R","AVR","T","NM","M","?","$","E","R","B",null],"character_chosen":"THE_ANIMATOR","items_purchased":["Frozen Eye","Centennial Puzzle","Oddly Smooth Stone","animator:Arpeggio","animator:MisaKurobane","infinitespire:Beetle Shell","infinitespire:FocusingShard","TheAbacus","animator:Arpeggio","Incense Burner","animator:Zero","MealTicket","Toolbox","infinitespire:ShieldingShard","conspire:TreasureMap","Replay:PocketPolymizer","animator:OldCoffin","Replay:WaspNest","Orrery","animator:FielNirvalen"],"campfire_rested":0,"item_purchase_floors":[3,3,3,3,3,20,20,20,20,30,30,30,30,39,39,39,47,47,47,47],"current_hp_per_floor":[66,66,66,66,66,57,57,44,44,28,28,26,26,19,19,21,66,63,63,63,63,65,66,66,66,66,32,40,49,54,62,62,55,67,67,67,67,67,67,67,67,67,67,31,39,44,59,64,64,67],"gold":114,"neow_bonus":"THREE_ENEMY_KILL","is_daily":false,"chose_seed":false,"campfire_upgraded":8,"win_rate":0.0,"timestamp":1611441225,"path_taken":["M","M","$","M","M","E","R","?","T","M","R","M","R","E","R","BOSS","M","?","?","?","M","E","R","?","T","?","M","NM","$","?","R","BOSS","M","?","?","?","$","E","R","AVR","T","NM","M","?","$","E","R","BOSS"],"items_purchased_type":["Relic","Relic","Relic","Card","Card","Relic","Relic","Relic","Card","Relic","Card","Relic","Relic","Relic","Relic","Relic","Relic","Relic","Relic","Card"],"build_version":"2020-12-22","purchased_purges":4,"victory":true,"max_hp_per_floor":[66,66,66,66,66,66,66,66,66,66,66,66,66,66,66,66,66,66,66,66,66,66,67,67,67,67,67,67,67,67,67,67,67,67,67,67,67,67,67,67,67,67,67,67,67,67,67,67,67,67],"card_choices":[{"not_picked":["animator:IzunaHatsuse","animator:Tyuule"],"picked":"animator:Scar","floor":1},{"not_picked":["animator:Kuribayashi","animator:CrowleyEusford"],"picked":"animator:RoyMustang","floor":2},{"not_picked":["animator:Scar","animator:Mitsuba"],"picked":"animator:DwarfShaman","floor":4},{"not_picked":["animator:ElricEdward","animator:MaesHughes"],"picked":"animator:WinryRockbell","floor":5},{"not_picked":["animator:NarberalGamma","animator:Archer","animator:Shalltear+1"],"picked":"SKIP","floor":6},{"not_picked":["animator:Scar+1","animator:EmiyaShirou","animator:Gluttony"],"picked":"SKIP","floor":10},{"not_picked":["animator:Berserker+1","animator:Vanir+1","animator:Mitsuba+1"],"picked":"SKIP","floor":12},{"not_picked":["animator:Kazuma","animator:Megumin+1"],"picked":"animator:Darkness","floor":14},{"not_picked":["animator:Wiz","animator:Hans"],"picked":"animator:Envy","floor":16},{"not_picked":["animator:Jibril+1","animator:Lancer+1","animator:Yoichi"],"picked":"SKIP","floor":18},{"not_picked":["animator:Priestess+1","animator:DolaCouronne"],"picked":"animator:Sloth+1","floor":21},{"not_picked":["animator:YaoHaDucy+1","animator:Shigure+1","animator:LizardPriest+1"],"picked":"SKIP","floor":22},{"not_picked":["animator:Vanir+1","animator:Megumin+1"],"picked":"animator:Mitsurugi+1","floor":23},{"not_picked":["animator:SakuraMatou","animator:Mitsurugi+1","animator:Scar+1"],"picked":"SKIP","floor":28},{"not_picked":["animator:Rider","animator:EmiyaShirou","animator:Mitsuba+1"],"picked":"SKIP","floor":29},{"not_picked":["animator:Rider","animator:Priestess"],"picked":"animator:ElricAlphonse","floor":31},{"not_picked":["animator:Wiz","animator:GoblinSlayer+1"],"picked":"animator:Shiro","floor":33},{"not_picked":["animator:Yoichi","animator:Jibril+1","animator:RoryMercury+1"],"picked":"SKIP","floor":35},{"not_picked":["animator:YunYun+1","animator:Gilgamesh+1"],"picked":"animator:ElricEdward+1","floor":36},{"not_picked":["infinitespire:Fortify","infinitespire:Punishment"],"picked":"infinitespire:Oblivion","floor":38},{"not_picked":["animator:Sloth+1","animator:Gluttony"],"picked":"animator:ElricEdward+1","floor":40},{"not_picked":["animator:Jibril+1","animator:NarberalGamma","animator:Assassin+1","Runesmith:CraftVitae"],"picked":"SKIP","floor":44},{"not_picked":["animator:Assassin+1","animator:MumenRider+1","Runesmith:CraftMagma"],"picked":"animator:FielNirvalen+1","floor":45},{"not_picked":["animator:Melzalgald+1","animator:Sloth+1","animator:Demiurge+1"],"picked":"Runesmith:Grindstone","floor":47},{"not_picked":["animator:Shigure+1","animator:DolaRiku+1","Runesmith:HeatedChisel"],"picked":"animator:Saitama","floor":47},{"not_picked":["animator:Mitsuba+1","animator:DwarfShaman+1","animator:Megumin+1","Runesmith:CraftVitae"],"picked":"SKIP","floor":48}],"player_experience":28858,"relics_obtained":[{"floor":6,"key":"Molten Egg 2"},{"floor":9,"key":"Omamori"},{"floor":14,"key":"Pet Ghost"},{"floor":14,"key":"animator:HallowedScabbard"},{"floor":23,"key":"hubris:FunFungus"},{"floor":23,"key":"Ancient Tea Set"},{"floor":26,"key":"Whetstone"},{"floor":29,"key":"infinitespire:Lucky Rock"},{"floor":29,"key":"infinitespire:Satchel"},{"floor":31,"key":"Replay:Bottled Eggs"},{"floor":36,"key":"hubris:SlimyHat"},{"floor":40,"key":"conspire:TopHat"},{"floor":40,"key":"animator:EngravedStaff"},{"floor":43,"key":"animator:WornHelmet"},{"floor":44,"key":"Meat on the Bone"},{"floor":44,"key":"PreservedInsect"},{"floor":48,"key":"ReplayFunnel"},{"floor":48,"key":"hubris:DuctTape"}],"event_choices":[{"damage_healed":0,"gold_gain":0,"player_choice":"Entered Light","damage_taken":13,"max_hp_gain":0,"max_hp_loss":0,"event_name":"Shining Light","floor":8,"gold_loss":0,"cards_upgraded":["animator:Strike_Konosuba","animator:Defend_Konosuba"]},{"damage_healed":0,"gold_gain":0,"player_choice":"Got Potions","damage_taken":0,"max_hp_gain":0,"max_hp_loss":0,"event_name":"Lab","floor":19,"gold_loss":0},{"cards_removed":["animator:MisaKurobane"],"damage_healed":0,"gold_gain":0,"player_choice":"Give","damage_taken":0,"max_hp_gain":0,"max_hp_loss":0,"event_name":"betterNote:BetterNote","floor":25,"gold_loss":0,"cards_obtained":["None"]},{"damage_healed":0,"gold_gain":0,"player_choice":" Idol ","damage_taken":34,"relics_obtained":["Bloody Idol"],"max_hp_gain":66,"max_hp_loss":32,"event_name":"betterAltar:BetterAltar","floor":27,"potions_obtained":[],"relics_lost":[],"gold_loss":0},{"damage_healed":0,"gold_gain":0,"player_choice":"3","damage_taken":0,"max_hp_gain":0,"max_hp_loss":0,"event_name":"betterMatch:BetterMatch","floor":37,"gold_loss":0,"cards_obtained":[]},{"damage_healed":0,"gold_gain":0,"player_choice":"Paid","damage_taken":0,"relics_obtained":["Red Mask"],"max_hp_gain":0,"max_hp_loss":0,"event_name":"Tomb of Lord Red Mask","floor":46,"gold_loss":424}],"is_beta":false,"boss_relics":[{"not_picked":["Velvet Choker","hubris:CrackedHourglass"],"picked":"Philosopher\u0027s Stone"},{"not_picked":["conspire:RoyalGoblet","Abe\u0027s Treasure"],"picked":"Black Star"}],"items_purged_floors":[3,20,30,39],"is_endless":false,"potions_floor_spawned":[2,4,10,14,16,18,29,31,35],"ascension_level":0}}