{"host":"Ringo","time":1611419031,"event":{"mods":["BaseMod","Colored Map","Conspire","Dota2Spire","Minty Spire (QoL Compilation)","Replay The Spire","StSLib","[IsaacMod]ÒÔÈö¼âËþ","¡¾ÒÅÎï¿¨ÅÆ¡¿REMEMod"],"gold_per_floor":[115,126,138,156,156,183,212,247,247,276,302,333,53,79,79,153,153,168,183,183],"floor_reached":19,"language":"ZHS","playtime":454,"items_purged":["Gash"],"score":704,"play_id":"2679a14e-0463-4f3b-9ac6-0aaa7ee178d6","local_time":"20210124002351","daily_mods":["SealedDeck","Vintage","Heirloom","Time Dilation","Flight","DeadlyEvents","Elite Swarm","Lethality","Binary"],"is_ascension_mode":true,"campfire_choices":[{"floor":15.0,"key":"DIG"}],"circlet_count":0,"master_deck":["AscendersBane","Ball Lightning","BasicCrystalCard","Sweeping Beam","Streamline","Streamline","Cold Snap","Go for the Eyes","Conserve Battery","Gash","Beam Cell","Reboot","Regret","Dramatic Entrance","Cold Snap","Melter","Streamline"],"relics":["Cracked Core","Busted Crown","HushsDoor","REME_ComplimentaryCards","replay:Trail_Library","Shovel","SatanicBible","CaptainsWheel","Pantograph","Dota2Spire:BladeMail","Tiny Chest","Meat on the Bone","Dota2Spire:MantaStyle","Vajra","YumHeart","Dota2Spire:DivineRapier","Gremlin Food","Du-Vu Doll","Darkstone Periapt","conspire:DeflatedDodgeball","conspire:Boomerang","Astrolabe","Dota2Spire:PowerTreads","MoneyPower"],"acts_visited":["Exordium","TheCity"],"potions_floor_usage":[],"damage_taken":[{"damage":0.0,"enemies":"Small Slimes","floor":1.0,"turns":1.0},{"damage":0.0,"enemies":"Jaw Worm","floor":2.0,"turns":1.0},{"damage":0.0,"enemies":"Cultist","floor":3.0,"turns":1.0},{"damage":0.0,"enemies":"Blue Slaver","floor":4.0,"turns":1.0},{"damage":3.0,"enemies":"Replay:BlueRogue","floor":6.0,"turns":2.0},{"damage":11.0,"enemies":"Lagavulin","floor":7.0,"turns":3.0},{"damage":0.0,"enemies":"Gremlin Nob","floor":8.0,"turns":1.0},{"damage":0.0,"enemies":"Lagavulin","floor":10.0,"turns":1.0},{"damage":0.0,"enemies":"Gremlin Nob","floor":11.0,"turns":2.0},{"damage":0.0,"enemies":"Lagavulin","floor":12.0,"turns":2.0},{"damage":0.0,"enemies":"3 Sentries","floor":14.0,"turns":1.0},{"damage":41.0,"enemies":"Hexaghost","floor":16.0,"turns":3.0},{"damage":0.0,"enemies":"Spheric Guardian","floor":18.0,"turns":1.0},{"damage":0.0,"enemies":"3 Byrds","floor":19.0,"turns":1.0}],"seed_played":"3915281878204507904","potions_obtained":[{"floor":3.0,"key":"Milkshake"},{"floor":7.0,"key":"Reflective Coating"},{"floor":16.0,"key":"ColorlessPotion"},{"floor":19,"key":"Explosive Potion"}],"is_trial":true,"path_per_floor":["M","M","M","M","?","E","E","E","T","E","E","E","$","E","R","B",null,"M","M"],"character_chosen":"DEFECT","items_purchased":["Dramatic Entrance","Cold Snap","Melter"],"campfire_rested":0,"item_purchase_floors":[13,13,13],"current_hp_per_floor":[64,64,64,64,64,61,50,50,50,50,50,50,50,50,50,42,64,64,64,64],"gold":183,"neow_bonus":"","is_daily":false,"chose_seed":false,"campfire_upgraded":0,"win_rate":0.0,"timestamp":1611419031,"path_taken":["M","M","M","M","?","E","E","E","T","E","E","E","$","E","R","BOSS","M","M"],"items_purchased_type":["Card","Card","Card"],"build_version":"2020-12-18","purchased_purges":1,"victory":false,"max_hp_per_floor":[71,71,71,71,71,71,71,71,71,71,71,71,71,71,71,71,71,71,71,71],"card_choices":[{"not_picked":[],"picked":"Bomb","floor":0.0}],"player_experience":548877,"relics_obtained":[{"floor":1.0,"key":"CaptainsWheel"},{"floor":2.0,"key":"Pantograph"},{"floor":3.0,"key":"Dota2Spire:BladeMail"},{"floor":4.0,"key":"Tiny Chest"},{"floor":6.0,"key":"Dota2Spire:MantaStyle"},{"floor":7.0,"key":"Vajra"},{"floor":8.0,"key":"YumHeart"},{"floor":9.0,"key":"Dota2Spire:DivineRapier"},{"floor":10.0,"key":"Gremlin Food"},{"floor":11.0,"key":"Du-Vu Doll"},{"floor":12.0,"key":"Darkstone Periapt"},{"floor":14.0,"key":"conspire:DeflatedDodgeball"},{"floor":15.0,"key":"conspire:Boomerang"},{"floor":18.0,"key":"Dota2Spire:PowerTreads"},{"floor":19,"key":"MoneyPower"}],"event_choices":[{"damage_healed":0.0,"max_hp_gain":0.0,"max_hp_loss":0.0,"gold_gain":0.0,"event_name":"Big Fish","player_choice":"Box","floor":5.0,"gold_loss":0.0,"damage_taken":0.0,"relics_obtained":["Meat on the Bone"],"cards_obtained":["Regret"]}],"is_beta":true,"boss_relics":[{"not_picked":["Abe\u0027s Treasure","Replay:Drink Me"],"picked":"Astrolabe"},{"not_picked":[]}],"items_purged_floors":[13],"is_endless":false,"potions_floor_spawned":[3,7,10,11,12,14,16,19],"killed_by":"3 Byrds","ascension_level":20}}