{"host":"xvvh7nwmd7s5vuag","time":1611423644,"event":{"mods":["AchievementEnabler","BaseMod","Bestiary","Better Third Choice","Colored Map","DeckTracker","Downfall","Hermit","Highlight Path","Minty Spire (QoL Compilation)","Permanent Neow","Relic Stats","Replay The Spire","StSLib","The Cursed"],"gold_per_floor":[99,118,130,150,165,200,200,375,375,400,200,107,123,82,94,195,195,195,214,224,234,249,49,74,74,74,74,90,90,90],"floor_reached":29,"language":"ENG","playtime":2284,"items_purged":["downfall:Malfunctioning"],"score":262,"play_id":"2491c771-cbfa-4f3d-9243-e1df6f758d62","local_time":"20210123124044","is_ascension_mode":false,"campfire_choices":[{"floor":1,"key":"RECALL"},{"data":"TheCursedMod:CircleOfFlame","floor":11,"key":"SMITH"},{"data":"TheCursedMod:ManaBullet","floor":18,"key":"SMITH"},{"floor":26,"key":"REST"}],"circlet_count":0,"master_deck":["TheCursedMod:Strike_TheCursed","TheCursedMod:Strike_TheCursed","TheCursedMod:Strike_TheCursed","TheCursedMod:Defend_TheCursed","TheCursedMod:Defend_TheCursed+1","TheCursedMod:Defend_TheCursed","TheCursedMod:CursedWand+1","TheCursedMod:CleanUpWorkshop+1","TheCursedMod:Dregs","TheCursedMod:CursedAmulet","TheCursedMod:CircleOfFlame+1","TheCursedMod:BlessingInDisguise+1","TheCursedMod:CursedShiv","TheCursedMod:SpitefulStrike","Doubt","TheCursedMod:HellfireBreathing","TheCursedMod:ManaBullet+1","TheCursedMod:SurpriseAttack","TheCursedMod:CursedBlade","TheCursedMod:Wield","TheCursedMod:Wield","TheCursedMod:WearCloak","TheCursedMod:SpitefulPlan","TheCursedMod:ManaBullet+1","TheCursedMod:ManaBullet","TheCursedMod:TroublousMinions","ReplayTheSpireMod:Faulty Equipment","TheCursedMod:Mangle"],"relics":["TheCursedMod:BlackMagicAdvanced","Darkstone Periapt","Replay:Towering Pillar of Hats","downfall:HeartBlessingRed","downfall:HeartBlessingBlue","Membership Card","downfall:RedIOU"],"acts_visited":["Exordium","TheCity"],"potions_floor_usage":[6,14,16,20,21,21],"damage_taken":[{"damage":0,"enemies":"Small Slimes","floor":2,"turns":3},{"damage":2,"enemies":"Jaw Worm","floor":3,"turns":4},{"damage":0,"enemies":"Cultist","floor":4,"turns":4},{"damage":0,"enemies":"Large Slime","floor":5,"turns":8},{"damage":17,"enemies":"Gremlin Nob","floor":6,"turns":5},{"damage":23,"enemies":"Replay:BlueRogue","floor":10,"turns":9},{"damage":0,"enemies":"downfall:FleeingMerchant","floor":12,"turns":4},{"damage":1,"enemies":"Blue Slaver","floor":13,"turns":3},{"damage":0,"enemies":"downfall:FleeingMerchant","floor":14,"turns":4},{"damage":0,"enemies":"Exordium Wildlife","floor":15,"turns":2},{"damage":46,"enemies":"WA_ARCHETYPE_RETAIN","floor":16,"turns":10},{"damage":15,"enemies":"Shell Parasite","floor":19,"turns":3},{"damage":10,"enemies":"Spheric Guardian","floor":20,"turns":3},{"damage":39,"enemies":"Centurion and Healer","floor":21,"turns":7},{"damage":13,"enemies":"Snake Plant","floor":22,"turns":3},{"damage":13,"enemies":"downfall:FleeingMerchant","floor":23,"turns":4},{"damage":14,"enemies":"Shelled Parasite and Fungi","floor":28,"turns":4},{"damage":31,"enemies":"Cultist and Chosen","floor":29,"turns":5}],"seed_played":"-5739851674818061379","potions_obtained":[{"floor":3,"key":"Energy Potion"},{"floor":4,"key":"LiquidBronze"},{"floor":13,"key":"FearPotion"},{"floor":15,"key":"Ancient Potion"},{"floor":16,"key":"Cursed Concoction"},{"floor":19,"key":"ColorlessPotion"},{"floor":21,"key":"Ancient Potion"}],"is_trial":false,"path_per_floor":["R_BF","M","M","M","M","E","T","?","?","E","R","$","M","$","M","B",null,"R","M","M","M","M","$","T","?","R","?","M","M"],"character_chosen":"THE_CURSED","items_purchased":["TheCursedMod:ManaBullet","TheCursedMod:Wield","Membership Card"],"campfire_rested":1,"item_purchase_floors":[12,14,23],"current_hp_per_floor":[75,75,73,73,73,56,56,62,68,45,55,55,54,54,54,8,97,97,82,72,33,20,7,7,7,36,42,28,0,0],"gold":90,"neow_bonus":"UPGRADE_CARD","is_daily":false,"chose_seed":false,"campfire_upgraded":2,"win_rate":0.0,"timestamp":1611423644,"path_taken":["R_BF","M","M","M","M","E","T","?","?","E","R","?","M","?","M","BOSS","R","M","M","M","M","$","T","?","R","?","M","M"],"items_purchased_type":["Card","Card","Relic"],"build_version":"2020-12-22","purchased_purges":1,"victory":false,"max_hp_per_floor":[75,75,75,75,75,75,75,81,87,87,97,97,97,97,97,97,97,97,97,97,97,97,97,97,97,97,103,103,103,103],"relic_stats":{"Darkstone Periapt":18,"counters":[18,84],"obtain_stats":[{"Darkstone Periapt":6,"TheCursedMod:BlackMagic101":0,"Replay:Towering Pillar of Hats":10,"downfall:HeartBlessingRed":11,"TheCursedMod:BlackMagicAdvanced":17,"downfall:HeartBlessingBlue":11,"Vajra":24,"downfall:RedIOU":25,"Membership Card":23},{"Darkstone Periapt":5,"TheCursedMod:BlackMagic101":0,"Replay:Towering Pillar of Hats":6,"downfall:HeartBlessingRed":6,"TheCursedMod:BlackMagicAdvanced":11,"downfall:HeartBlessingBlue":6,"Vajra":16,"downfall:RedIOU":16,"Membership Card":16},{"Darkstone Periapt":24,"TheCursedMod:BlackMagic101":0,"Replay:Towering Pillar of Hats":33,"downfall:HeartBlessingRed":33,"TheCursedMod:BlackMagicAdvanced":55,"downfall:HeartBlessingBlue":33,"Vajra":75,"downfall:RedIOU":75,"Membership Card":75}]},"card_choices":[{"not_picked":["TheCursedMod:RavingStaff","TheCursedMod:AshesToAshes"],"picked":"TheCursedMod:CursedAmulet","floor":2},{"not_picked":["TheCursedMod:Stretching","TheCursedMod:CursedStaff"],"picked":"TheCursedMod:CircleOfFlame","floor":3},{"not_picked":["TheCursedMod:Stigma","TheCursedMod:HellsGateOpen"],"picked":"TheCursedMod:BlessingInDisguise","floor":4},{"not_picked":["TheCursedMod:CircleOfBlood","TheCursedMod:CursedMace"],"picked":"TheCursedMod:CursedShiv","floor":5},{"not_picked":["TheCursedMod:SaltUponWound","TheCursedMod:ParallelWorld"],"picked":"TheCursedMod:SpitefulStrike","floor":6},{"not_picked":["TheCursedMod:EmpowerCircles","TheCursedMod:CircleOfCorruption","TheCursedMod:SmokeScreen"],"picked":"SKIP","floor":10},{"not_picked":["TheCursedMod:RapidMovement","TheCursedMod:Obscuration"],"picked":"TheCursedMod:HellfireBreathing","floor":12},{"not_picked":["TheCursedMod:CircleOfBlood","TheCursedMod:Mangle"],"picked":"TheCursedMod:SurpriseAttack","floor":13},{"not_picked":["TheCursedMod:SpitefulStrike","TheCursedMod:SaltUponWound"],"picked":"TheCursedMod:CursedBlade","floor":14},{"not_picked":["TheCursedMod:SpitefulStrike","TheCursedMod:FleshFromBone"],"picked":"TheCursedMod:Wield","floor":15},{"not_picked":["TheCursedMod:DemonicPact","TheCursedMod:Neurasthenia"],"picked":"TheCursedMod:VoidForm","floor":16},{"not_picked":["TheCursedMod:CircleOfCorruption","TheCursedMod:CursedBoomerang+1"],"picked":"TheCursedMod:WearCloak","floor":19},{"not_picked":["TheCursedMod:SoulCrush","TheCursedMod:CursedBoomerang"],"picked":"TheCursedMod:SpitefulPlan","floor":20},{"not_picked":["TheCursedMod:VitalStrike","TheCursedMod:FleshFromBone"],"picked":"TheCursedMod:ManaBullet+1","floor":21},{"not_picked":["TheCursedMod:SurpriseAttack","TheCursedMod:AshesToAshes","TheCursedMod:FleshFromBone"],"picked":"SKIP","floor":22},{"not_picked":["TheCursedMod:SpreadPlague","TheCursedMod:VoidForm","TheCursedMod:CursedBoomerang+1"],"picked":"SKIP","floor":23},{"not_picked":["TheCursedMod:FuryStrike","TheCursedMod:BlessingInDisguise","TheCursedMod:RapidMovement"],"picked":"SKIP","floor":28}],"player_experience":61555,"relics_obtained":[{"floor":6,"key":"Darkstone Periapt"},{"floor":10,"key":"Replay:Towering Pillar of Hats"},{"floor":24,"key":"Vajra"}],"event_choices":[],"is_beta":false,"boss_relics":[{"not_picked":["Velvet Choker","Coffee Dripper"],"picked":"TheCursedMod:BlackMagicAdvanced"}],"items_purged_floors":[23],"is_endless":false,"potions_floor_spawned":[3,4,13,15,16,19,21],"killed_by":"Cultist and Chosen","ascension_level":0}}