{"host":"gy6agq70t5jd8xfl","time":1611372923,"event":{"mods":["Aspiration","BaseMod","BetterRewards","Block Reminder","Colored Map","Colored Powertips","Conspire","Downfall","Energized Spire","Friendly Minions","GifTheSpireLib","Halation","Hermit","Hubris","Infinite Spire","Mad Scientist","Marked Mod","Minty Spire (QoL Compilation)","Permanent Neow","Quick Restart","Relic Stats","Replay The Spire","Robot Space Explorer","Shop Mod","Spicy Shops","StSLib","Stuff the Spire","The Animator","The Cursed","The Disciple","The Servant 0.9.4","vexMod"],"gold_per_floor":[99,114,114,114,134,147,147,147,147,132,132,145,145,161,173,173,173,173],"floor_reached":16,"language":"ENG","playtime":854,"items_purged":[],"score":92,"play_id":"debc66a6-7737-4353-ba75-cb5679dc4e4f","local_time":"20210122223523","is_ascension_mode":false,"campfire_choices":[{"data":"Discovery","floor":1.0,"key":"SMITH"},{"data":"ReplayTheSpireMod:??????????????????????","floor":9.0,"key":"SMITH"},{"data":"bronze:Iterate","floor":13,"key":"SMITH"}],"circlet_count":0,"master_deck":["bronze:Strike","bronze:Strike","bronze:Strike","bronze:Strike","bronze:Defend","bronze:Defend","bronze:Defend","bronze:Defend","bronze:Replicate","bronze:Goto+1","Discovery+1","bronze:Overheat","ReplayTheSpireMod:??????????????????????+1","bronze:FineTuning","bronze:Iterate+1","bronze:FineTuning","bronze:Philosophize"],"relics":["bronze:BronzeCore","Blood Vial"],"acts_visited":["Exordium"],"potions_floor_usage":[],"damage_taken":[{"damage":5.0,"enemies":"Jaw Worm","floor":2.0,"turns":4.0},{"damage":0.0,"enemies":"2 Louse","floor":5.0,"turns":2.0},{"damage":1.0,"enemies":"Cultist","floor":6.0,"turns":3.0},{"damage":10.0,"enemies":"downfall:FleeingMerchant","floor":10.0,"turns":4.0},{"damage":7,"enemies":"Blue Slaver","floor":12,"turns":3},{"damage":8,"enemies":"3 Louse","floor":14,"turns":3},{"damage":10,"enemies":"Exordium Thugs","floor":15,"turns":2},{"damage":39,"enemies":"WA_ARCHETYPE_RETAIN","floor":16,"turns":8}],"seed_played":"-3726659285623156734","potions_obtained":[{"floor":6.0,"key":"bronze:FreeFunctionsPotion"},{"floor":12,"key":"Swift Potion"},{"floor":15,"key":"EssenceOfSteel"}],"is_trial":false,"path_per_floor":["R","M","?","?","M","M","T","?","R","$","?","M","R","M","M","B"],"character_chosen":"THE_AUTOMATON","items_purchased":[],"campfire_rested":0,"item_purchase_floors":[],"current_hp_per_floor":[70,65,49,56,56,55,55,55,55,47,47,42,42,36,28,0,0,0],"gold":173,"neow_bonus":"RANDOM_COLORLESS","is_daily":false,"chose_seed":false,"campfire_upgraded":3,"win_rate":0.0,"timestamp":1611372923,"path_taken":["R","M","?","?","M","?","T","?","R","$","?","?","R","M","M","BOSS"],"items_purchased_type":[],"build_version":"2020-12-22","purchased_purges":0,"victory":false,"max_hp_per_floor":[70,70,70,70,70,70,70,70,70,70,70,70,70,70,70,70,70,70],"relic_stats":{"Blood Vial":10,"counters":[8,29],"obtain_stats":[{"Blood Vial":7,"bronze:BronzeCore":0},{"Blood Vial":3,"bronze:BronzeCore":0},{"Blood Vial":9,"bronze:BronzeCore":0}]},"card_choices":[{"not_picked":["Madness","hubris:Insight"],"picked":"Discovery","floor":0.0},{"not_picked":["bronze:Shell","bronze:Invalidate"],"picked":"bronze:Overheat","floor":2.0},{"not_picked":["ReplayTheSpireMod:Chaos Vortex","infinitespire:Gouge"],"picked":"ReplayTheSpireMod:??????????????????????","floor":3.0},{"not_picked":["bronze:Turbo","bronze:Deprecate"],"picked":"bronze:FineTuning","floor":5.0},{"not_picked":["bronze:DelayedGuard","bronze:Iterate","bronze:Backtrace"],"picked":"SKIP","floor":6.0},{"not_picked":["bronze:Virus","bronze:Optimize"],"picked":"bronze:Iterate","floor":10.0},{"not_picked":["bronze:WhirlingStrike","bronze:ForceShield"],"picked":"bronze:FineTuning","floor":12},{"not_picked":["bronze:ChosenStrike","bronze:ItsAFeature"],"picked":"bronze:Philosophize","floor":14},{"not_picked":["bronze:Branch","bronze:DelayedGuard","bronze:Frontload"],"picked":"SKIP","floor":15}],"player_experience":604950,"relics_obtained":[{"floor":7.0,"key":"Blood Vial"}],"event_choices":[],"is_beta":false,"boss_relics":[],"items_purged_floors":[],"is_endless":false,"potions_floor_spawned":[6,12,15],"killed_by":"WA_ARCHETYPE_RETAIN","ascension_level":0}}