{"host":"2rrpre490qd0wxf6","time":1611360380,"event":{"mods":["BaseMod","BetterRewards","Colored Powertips","Downfall","Googly Eyes","Highlight Path","Minty Spire (QoL Compilation)","Quick Restart","Rare Cards Sparkle","StSLib"],"gold_per_floor":[109,109,69,69,89,116,127,127,127,140,173,173,188,200,200,301,301,314,332,361,361,236,236,236],"floor_reached":23,"language":"ENG","playtime":1340,"items_purged":["Regret"],"score":326,"play_id":"d6891ab7-8b88-4841-834c-e058d51351b6","local_time":"20210122190620","daily_mods":["downfall:Lament"],"is_ascension_mode":false,"campfire_choices":[{"data":"Infinite Blades","floor":8.0,"key":"SMITH"},{"data":"After Image","floor":12.0,"key":"SMITH"},{"floor":15.0,"key":"REST"}],"circlet_count":0,"master_deck":["Strike_G","Strike_G","Strike_G","Strike_G","Strike_G","Defend_G","Defend_G","Defend_G","Defend_G","Defend_G","Survivor","Neutralize","Concentrate","Accuracy","Finesse","Masterful Stab","Infinite Blades+1","Flying Knee","Accuracy","Prepared","After Image+1","Masterful Stab","Blade Dance","Phantasmal Killer","Cloak And Dagger","Cloak And Dagger"],"relics":["Ring of the Snake","NeowsBlessing","Prayer Wheel","Oddly Smooth Stone","Darkstone Periapt","Tiny Chest","WristBlade","Red Mask"],"acts_visited":["Exordium","TheCity"],"potions_floor_usage":[18],"damage_taken":[{"damage":0.0,"enemies":"Jaw Worm","floor":1.0,"turns":1.0},{"damage":0.0,"enemies":"Small Slimes","floor":5.0,"turns":1.0},{"damage":0.0,"enemies":"Lagavulin","floor":6.0,"turns":1.0},{"damage":0.0,"enemies":"Cultist","floor":7.0,"turns":3.0},{"damage":14.0,"enemies":"Looter","floor":10.0,"turns":4.0},{"damage":12.0,"enemies":"3 Sentries","floor":11.0,"turns":6.0},{"damage":6.0,"enemies":"2 Fungi Beasts","floor":13.0,"turns":3.0},{"damage":3.0,"enemies":"Exordium Thugs","floor":14.0,"turns":4.0},{"damage":11.0,"enemies":"Slime Boss","floor":16.0,"turns":10.0},{"damage":9,"enemies":"Shell Parasite","floor":18,"turns":3},{"damage":2,"enemies":"Chosen","floor":19,"turns":3},{"damage":19,"enemies":"Masked Bandits","floor":20,"turns":4},{"damage":20,"enemies":"Book of Stabbing","floor":23,"turns":4}],"seed_played":"-5244827042240119003","potions_obtained":[{"floor":1.0,"key":"Explosive Potion"},{"floor":5.0,"key":"FearPotion"},{"floor":10.0,"key":"SpeedPotion"},{"floor":16.0,"key":"Explosive Potion"},{"floor":20,"key":"Explosive Potion"}],"is_trial":true,"path_per_floor":["M","?","$","?","M","E","M","R","T","M","E","R","M","M","R","B",null,"M","M","?","?","$","E"],"character_chosen":"THE_SILENT","items_purchased":["Accuracy","Cloak And Dagger"],"campfire_rested":1,"item_purchase_floors":[3,22],"current_hp_per_floor":[70,70,70,70,70,70,70,70,70,56,44,44,38,35,56,45,70,61,59,40,27,27,7,7],"gold":236,"neow_bonus":"","is_daily":false,"chose_seed":false,"campfire_upgraded":2,"win_rate":0.0,"timestamp":1611360380,"path_taken":["M","?","$","?","M","E","M","R","T","M","E","R","M","M","R","BOSS","M","M","?","?","$","E"],"items_purchased_type":["Card","Card"],"build_version":"2020-12-22","purchased_purges":1,"victory":false,"max_hp_per_floor":[70,70,70,70,70,70,70,70,70,70,70,70,70,70,70,70,70,70,70,70,75,75,75,75],"card_choices":[{"not_picked":["Crippling Poison","Noxious Fumes"],"picked":"Concentrate","floor":1.0},{"not_picked":["Bane","Flying Knee"],"picked":"Infinite Blades","floor":5.0},{"not_picked":["Caltrops","Quick Slash","Prepared"],"picked":"SKIP","floor":5.0},{"not_picked":["Heel Hook","Leg Sweep"],"picked":"Flying Knee","floor":6.0},{"not_picked":["Blur","Sucker Punch","Bane"],"picked":"SKIP","floor":7.0},{"not_picked":["Acrobatics","All Out Attack","Quick Slash"],"picked":"SKIP","floor":7.0},{"not_picked":["Finisher","Escape Plan"],"picked":"Accuracy","floor":10.0},{"not_picked":["Deadly Poison","Deflect"],"picked":"Prepared","floor":10.0},{"not_picked":["Expertise","Glass Knife"],"picked":"After Image","floor":11.0},{"not_picked":["Dagger Throw","Terror"],"picked":"Masterful Stab","floor":13.0},{"not_picked":["Reflex","Finisher"],"picked":"Blade Dance","floor":13.0},{"not_picked":["Dagger Throw","Predator","PiercingWail"],"picked":"SKIP","floor":14.0},{"not_picked":["Bane","Acrobatics","Tactician"],"picked":"SKIP","floor":14.0},{"not_picked":["Envenom","Bullet Time"],"picked":"Phantasmal Killer","floor":16.0},{"not_picked":["Dodge and Roll","Distraction"],"picked":"Cloak And Dagger","floor":18},{"not_picked":["Quick Slash","Deflect","Expertise"],"picked":"SKIP","floor":18},{"not_picked":["Riddle With Holes","Caltrops","Envenom"],"picked":"SKIP","floor":19},{"not_picked":["Noxious Fumes+1","Deflect","Dodge and Roll"],"picked":"SKIP","floor":19}],"player_experience":133155,"relics_obtained":[{"floor":6.0,"key":"Oddly Smooth Stone"},{"floor":9.0,"key":"Darkstone Periapt"},{"floor":11.0,"key":"Tiny Chest"},{"floor":20,"key":"Red Mask"}],"event_choices":[{"damage_healed":0.0,"max_hp_gain":0.0,"max_hp_loss":0.0,"gold_gain":0.0,"event_name":"Big Fish","player_choice":"Box","floor":2.0,"gold_loss":0.0,"damage_taken":0.0,"relics_obtained":["Prayer Wheel"],"cards_obtained":["Regret"]},{"damage_healed":0.0,"max_hp_gain":0.0,"max_hp_loss":0.0,"gold_gain":0.0,"event_name":"Match and Keep!","player_choice":"2 cards matched","floor":4.0,"gold_loss":0.0,"damage_taken":0.0,"cards_obtained":["Finesse","Masterful Stab"]},{"damage_healed":0,"gold_gain":0,"player_choice":"Fought Bandits","damage_taken":0,"max_hp_gain":0,"max_hp_loss":0,"event_name":"Masked Bandits","floor":20,"gold_loss":0},{"damage_healed":0,"gold_gain":0,"player_choice":"Shed Blood","damage_taken":18,"max_hp_gain":5,"max_hp_loss":0,"event_name":"Forgotten Altar","floor":21,"gold_loss":0}],"is_beta":false,"boss_relics":[{"not_picked":["Ectoplasm","sneckomod:SneckoTalon"],"picked":"WristBlade"}],"items_purged_floors":[22],"is_endless":true,"potions_floor_spawned":[1,5,10,16,20],"killed_by":"Book of Stabbing","ascension_level":0}}