{"host":"bq4pt811tk9yrmjl","time":1611365157,"event":{"mods":["AchievementEnabler","BaseMod","Colored Map","Colored Powertips","Defuse TimeMaze Blight","Hermit","Minty Spire (QoL Compilation)","StSLib","SuperFastMode"],"gold_per_floor":[119,119,138,138,138,138,65,65,65,94,104,104,104,118,137,137,236,236,236,236],"floor_reached":19,"language":"ENG","playtime":237,"items_purged":[],"score":200,"play_id":"6be9cfa6-739a-488d-97e6-c82dcffde02a","local_time":"20210122232557","is_ascension_mode":true,"campfire_choices":[{"floor":6,"key":"RECALL"},{"data":"ReachHeaven","floor":8,"key":"SMITH"},{"data":"BowlingBash","floor":13,"key":"SMITH"},{"data":"FollowUp","floor":16,"key":"SMITH"}],"circlet_count":0,"master_deck":["Strike_P","Strike_P","Strike_P","Strike_P","Defend_P","Defend_P","Defend_P","Defend_P","Eruption","Vigilance","FollowUp+1","ReachHeaven+1","BowlingBash+1"],"relics":["PureWater","NeowsBlessing","Meat on the Bone","StrikeDummy","SlaversCollar"],"acts_visited":["Exordium","TheCity"],"potions_floor_usage":[15,17],"damage_taken":[{"damage":0,"enemies":"Cultist","floor":1,"turns":1},{"damage":0,"enemies":"2 Louse","floor":3,"turns":1},{"damage":0,"enemies":"Gremlin Nob","floor":10,"turns":1},{"damage":0,"enemies":"Small Slimes","floor":11,"turns":3},{"damage":5,"enemies":"Red Slaver","floor":14,"turns":3},{"damage":8,"enemies":"Exordium Wildlife","floor":15,"turns":2},{"damage":39,"enemies":"Hexaghost","floor":17,"turns":9},{"damage":9,"enemies":"Shell Parasite","floor":19,"turns":5}],"seed_played":"8294080779205228008","potions_obtained":[{"floor":11,"key":"GamblersBrew"},{"floor":14,"key":"AttackPotion"},{"floor":15,"key":"Strength Potion"}],"is_trial":false,"path_per_floor":["M","$","M","$","T","R","$","R","T","E","M","M","R","M","M","R","B",null,"M"],"character_chosen":"WATCHER","items_purchased":["ReachHeaven"],"campfire_rested":0,"item_purchase_floors":[7],"current_hp_per_floor":[72,72,72,72,72,72,72,72,72,72,72,72,72,67,59,59,32,72,63,63],"gold":236,"neow_bonus":"THREE_ENEMY_KILL","is_daily":false,"chose_seed":false,"campfire_upgraded":3,"win_rate":0.0,"timestamp":1611365157,"path_taken":["M","$","M","$","?","R","$","R","T","E","M","M","R","?","M","R","BOSS","M"],"items_purchased_type":["Card"],"build_version":"2020-12-22","purchased_purges":0,"victory":false,"max_hp_per_floor":[72,72,72,72,72,72,72,72,72,72,72,72,72,72,72,72,72,72,72,72],"card_choices":[{"not_picked":["FollowUp","Evaluate","SashWhip"],"picked":"SKIP","floor":1},{"not_picked":["Evaluate","SashWhip"],"picked":"FollowUp","floor":1},{"not_picked":["FlurryOfBlows","FlyingSleeves","PathToVictory"],"picked":"SKIP","floor":3},{"not_picked":["ForeignInfluence","FlurryOfBlows","ThirdEye"],"picked":"SKIP","floor":10},{"not_picked":["Meditate","SashWhip"],"picked":"BowlingBash","floor":11},{"not_picked":["EmptyFist","LikeWater","Worship"],"picked":"SKIP","floor":14},{"not_picked":["SashWhip","FlyingSleeves","Evaluate"],"picked":"SKIP","floor":15}],"player_experience":214755,"relics_obtained":[{"floor":9,"key":"Meat on the Bone"},{"floor":10,"key":"StrikeDummy"}],"event_choices":[],"is_beta":false,"boss_relics":[{"not_picked":["Runic Dome","Empty Cage"],"picked":"SlaversCollar"}],"items_purged_floors":[],"is_endless":false,"potions_floor_spawned":[11,14,15],"killed_by":"Shell Parasite","ascension_level":1}}