{"host":"70jy76jvzy076wi7","time":1611410443,"event":{"mods":["100% Spire Juice","Act Like it!","BaseMod","Better Third Choice","Energized Spire","Gensokyo","GungeonMod","GungeonMod Extend","Hallownest","Infinite Spire","Library of Ruina","Library of Ruina Extra","Minty Spire (QoL Compilation)","Pale of the Ancients","Permanent Neow","Replay The Spire","Spicy Shops","StSLib","Yakumo Yukari mod"],"gold_per_floor":[113,126,0,0,17,17,344,344,344,375,375,403,403,413,413,510,510,525,525,216,226,240,240,450,450,531,531,531,531],"floor_reached":28,"language":"ZHS","playtime":1133,"items_purged":[],"score":273,"play_id":"9303ed2c-dd9e-44f1-9ace-0c9ba397e25b","local_time":"20210123220043","is_ascension_mode":true,"campfire_choices":[{"data":"FocusedStrikes","floor":6,"key":"SMITH"},{"floor":8,"key":"RECALL"},{"floor":15,"key":"DIG"},{"floor":25,"key":"REST"},{"data":"RagingStorm","floor":27,"key":"SMITH"}],"circlet_count":0,"master_deck":["Dodge","LightDefense","LightAttack","LightAttack","LightAttack","LightDefense","LightDefense","LightDefense","ChargeAndCover","FocusedStrikes+1","SnakesPrey","Clumsy","PinpointShot","RagingStorm+1","AbeCurse","SunsetBlade+1","ButterflySlash+1"],"relics":["Busted Crown","Gensokyo:NagashiBinaDoll","Letter Opener","PageOfFreischutz","Strawberry","DemoExt:NecessarySacrifice","DemoMod:WeirdEgg","Gensokyo:YoukaiFlower","Replay:WaspNest","Abe\u0027s Treasure","Dead Branch","DemoMod:Metronome","DemoMod:GlassGuonStoneRelic","PageOfScorchedGirl","Frozen Eye","PageOfTodaysShyLook"],"acts_visited":["Exordium","Gensokyo:Gensokyo"],"potions_floor_usage":[],"damage_taken":[{"damage":0,"enemies":"Gensokyo:3_Fairies","floor":1,"turns":4},{"damage":0,"enemies":"Gensokyo:2_Kodama","floor":2,"turns":2},{"damage":6,"enemies":"Gensokyo:Gryphon","floor":5,"turns":4},{"damage":15,"enemies":"Gensokyo:Aya","floor":7,"turns":7},{"damage":0,"enemies":"Gensokyo:Mamizou","floor":10,"turns":5},{"damage":13,"enemies":"Gensokyo:Aya","floor":12,"turns":3},{"damage":11,"enemies":"Gensokyo:5_Fairies","floor":14,"turns":6},{"damage":20,"enemies":"Gensokyo:Kokoro","floor":16,"turns":8},{"damage":5,"enemies":"Gensokyo:3_Dogs","floor":18,"turns":2},{"damage":11,"enemies":"Gensokyo:AngelMirror","floor":21,"turns":2},{"damage":10,"enemies":"Gensokyo:Chomper_and_Gloop","floor":22,"turns":3},{"damage":26,"enemies":"Gensokyo:Slime_Group","floor":24,"turns":4},{"damage":27,"enemies":"Gensokyo:Koishi","floor":28,"turns":3}],"seed_played":"-7244980730891815594","potions_obtained":[{"floor":2,"key":"AttackPotion"},{"floor":7,"key":"BlessingOfTheForge"},{"floor":14,"key":"DemoMod:LeadSkinPotion"}],"is_trial":false,"path_per_floor":["M","M","COS","?","M","R","E","R","T","E","?","E","?","M","R","B",null,"M","?","COS","M","M","?","M","R","T","R","E"],"character_chosen":"Librarian","items_purchased":[],"campfire_rested":1,"item_purchase_floors":[],"current_hp_per_floor":[60,60,60,60,54,54,39,39,39,46,46,33,33,46,46,26,57,52,52,52,41,31,31,5,20,20,20,0,0],"gold":531,"neow_bonus":"BOSS_RELIC","is_daily":false,"chose_seed":false,"campfire_upgraded":2,"win_rate":0.0,"timestamp":1611410443,"path_taken":["M","M","COS","?","M","R","E","R","T","E","?","E","?","M","R","BOSS","M","?","COS","M","M","?","M","R","T","R","E"],"items_purchased_type":[],"build_version":"2020-12-22","purchased_purges":0,"victory":false,"max_hp_per_floor":[60,60,60,60,60,60,60,60,60,67,57,57,57,57,57,57,57,57,53,53,53,53,53,53,53,53,53,53,53],"card_choices":[{"not_picked":["Wallop_lor"],"picked":"SKIP","floor":1},{"not_picked":[],"picked":"SnakesPrey","floor":2},{"not_picked":["FleetFootsteps"],"picked":"SKIP","floor":5},{"not_picked":["Standoff"],"picked":"SKIP","floor":7},{"not_picked":[],"picked":"BlazingStrike","floor":10},{"not_picked":["ClassAndRespect"],"picked":"SKIP","floor":12},{"not_picked":[],"picked":"PinpointShot","floor":14},{"not_picked":[],"picked":"RagingStorm","floor":16},{"not_picked":["DesperateStruggle"],"picked":"SKIP","floor":18},{"not_picked":["WillOfThePrescript+1"],"picked":"SKIP","floor":21},{"not_picked":[],"picked":"SunsetBlade+1","floor":22},{"not_picked":[],"picked":"ButterflySlash+1","floor":24},{"not_picked":["MindCrush"],"picked":"SKIP","floor":24}],"player_experience":1553880,"relics_obtained":[{"floor":7,"key":"Letter Opener"},{"floor":9,"key":"PageOfFreischutz"},{"floor":10,"key":"Strawberry"},{"floor":12,"key":"DemoMod:WeirdEgg"},{"floor":15,"key":"Replay:WaspNest"},{"floor":26,"key":"PageOfScorchedGirl"}],"event_choices":[],"is_beta":false,"boss_relics":[{"not_picked":["ReplayTheSpireMod:SealedPack","Coffee Dripper"],"picked":"Abe\u0027s Treasure"}],"items_purged_floors":[],"is_endless":false,"potions_floor_spawned":[2,7,14,21,22],"killed_by":"Gensokyo:Koishi","ascension_level":1}}