{"host":"74dg6ta44i9qan6e","time":1611442689,"event":{"mods":["Act Like it!","BaseMod","Downfall","Hubris","Infinite Spire","Lobotomy","LobotomyExtend","Minty Spire (QoL Compilation)","Replay The Spire","StSLib","Waifu the Spire"],"gold_per_floor":[110,15,15,15,15,15,35,35,35,35,47,47,80,45,45,149,149,166,181,274,274,274,306,331,351,351,368,368,403,413,429,429,531,531,543,543,543,557,567,567,595,595,595,595,595,625,638,653,653,653],"floor_reached":51,"language":"ENG","playtime":3503,"items_purged":["Pain"],"score":1030,"play_id":"9eb25171-1b0b-407c-b420-df9c4e89fdb4","local_time":"20210123175809","is_ascension_mode":true,"campfire_choices":[{"data":"Sword Boomerang","floor":6,"key":"SMITH"},{"data":"Defend_R","floor":8,"key":"SMITH"},{"floor":12,"key":"REST"},{"data":"Iron Wave","floor":15,"key":"SMITH"},{"floor":32,"key":"DIG"},{"data":"ReplayTheSpireMod:Strike From Hell","floor":40,"key":"SMITH"},{"data":"Rupture","floor":42,"key":"SMITH"},{"floor":44,"key":"RECALL"},{"data":"Burning Pact","floor":49,"key":"SMITH"}],"circlet_count":0,"master_deck":["AscendersBane","Strike_R+1","Strike_R+1","Strike_R+1","Strike_R+1","Strike_R+1","Defend_R","Defend_R","Defend_R+1","Defend_R+1","Bash+1","QueenOfHatred","Sword Boomerang+1","Replay:Sssssssssshield+1","OSAHOGD","Reckless Charge+1","Wellcheers","Pommel Strike","BeautyBeast","Iron Wave+1","UniverseFragment","Reaper+1","Rudolta","Clothesline+1","ShyLook","Shrug It Off","Corruption+1","Twin Strike+1","ReplayTheSpireMod:Strike From Hell+1","downfall:Bewildered","MHz","Body Slam","NothingThere","Battle Trance","BodiesMountain","Wild Strike","WallGazer","Shrug It Off","Variant","Twin Strike+1","CENSORED","Burning Pact+1","VoidDream","Reaper","LongBird","Rupture+1","Dropkick+1","SnowQueen","True Grit+1","BlackArmy","DreamingCurrent","Clothesline+1","SpiderBud","Spot Weakness","GreedKing","Infernal Blade"],"relics":["Burning Blood","CogitoBucket","RabbitCall","LetterFromLob","Mummified Hand","Gaze_r","Moonlight_r","Centennial Puzzle","sneckomod:SneckoTalon","HellTrain","sneckomod:BabySnecko","Nilry\u0027s Codex","Blue Doll","Incense Burner","WarpedTongs","Mirror","BehaviorAdjustment","hubris:Reverence","Ring of Chaos","hubris:TerracottaHorce","infinitespire:Golems Mask","MagicBullet_r","Heaven_r","ChangeAnything","sneckomod:BlankCard","Replay:Bottled Eggs","Boot"],"acts_visited":["Exordium","TheCity","TheBeyond"],"potions_floor_usage":[23,25,27,29,30,37,46,50,50],"damage_taken":[{"damage":1,"enemies":"2 Louse","floor":1,"turns":4},{"damage":12,"enemies":"Small Slimes","floor":7,"turns":2},{"damage":32,"enemies":"Jaw Worm","floor":10,"turns":6},{"damage":4,"enemies":"Jaw Worm","floor":11,"turns":3},{"damage":23,"enemies":"Gremlin Nob","floor":13,"turns":5},{"damage":0,"enemies":"Slime Boss","floor":16,"turns":8},{"damage":18,"enemies":"2 Thieves","floor":18,"turns":8},{"damage":0,"enemies":"3 Byrds","floor":19,"turns":4},{"damage":67,"enemies":"Book of Stabbing","floor":23,"turns":5},{"damage":15,"enemies":"Centurion and Healer","floor":25,"turns":8},{"damage":30,"enemies":"Snake Plant","floor":27,"turns":2},{"damage":53,"enemies":"Gremlin Leader","floor":29,"turns":7},{"damage":114,"enemies":"Shelled Parasite and Fungi","floor":30,"turns":12},{"damage":20,"enemies":"Centurion and Healer","floor":31,"turns":5},{"damage":80,"enemies":"Collector","floor":33,"turns":11},{"damage":34,"enemies":"3 Darklings","floor":35,"turns":5},{"damage":0,"enemies":"3 Darklings","floor":37,"turns":1},{"damage":3,"enemies":"3 Shapes","floor":38,"turns":4},{"damage":129,"enemies":"Transient","floor":39,"turns":8},{"damage":6,"enemies":"Nemesis","floor":41,"turns":5},{"damage":13,"enemies":"Giant Head","floor":46,"turns":5},{"damage":10,"enemies":"4 Shapes","floor":47,"turns":3},{"damage":25,"enemies":"Jaw Worm Horde","floor":48,"turns":3},{"damage":35,"enemies":"FixerMidnight","floor":50,"turns":8},{"damage":59,"enemies":"Malkuth","floor":51,"turns":6},{"damage":132,"enemies":"Netzach","floor":51,"turns":8}],"seed_played":"536507079602268291","potions_obtained":[{"floor":11,"key":"Swift Potion"},{"floor":13,"key":"LifebloodPotion"},{"floor":25,"key":"infinitespire:BlackPotion"},{"floor":27,"key":"sneckomod:MuddlingPotion"},{"floor":29,"key":"AttackPotion"},{"floor":31,"key":"BloodPotion"},{"floor":41,"key":"Swift Potion"},{"floor":46,"key":"Fruit Juice"},{"floor":47,"key":"Guardian:BlockOnCardUsePotion"}],"is_trial":false,"path_per_floor":["M","$","?","?","$","R","M","R","T","M","M","R","E","?","R","B",null,"M","M","?","?","?","E","T","M","T","M","?","E","M","M","R","B",null,"M","AVR","?","M","M","R","E","R","T","R","?","E","M","M","R","B",null],"character_chosen":"IRONCLAD","items_purchased":["Replay:Sssssssssshield"],"campfire_rested":1,"item_purchase_floors":[2],"current_hp_per_floor":[77,77,61,66,66,66,66,66,66,11,13,38,27,48,48,57,77,80,84,84,84,68,19,19,27,27,24,24,80,49,80,80,84,84,84,84,31,84,84,84,84,84,84,84,84,89,89,89,89,89],"gold":653,"neow_bonus":"","is_daily":false,"chose_seed":false,"campfire_upgraded":6,"win_rate":0.0,"timestamp":1611442689,"path_taken":["M","$","?","?","?","R","?","R","T","M","?","R","E","?","R","BOSS","M","M","?","?","?","E","?","M","T","?","?","E","?","M","R","BOSS","M","AVR","?","M","M","R","E","R","T","R","?","E","?","M","R","BOSS"],"items_purchased_type":["Card"],"build_version":"2020-12-22","purchased_purges":1,"victory":true,"max_hp_per_floor":[80,80,80,85,85,85,85,85,85,84,84,84,84,84,84,84,84,84,84,84,84,84,84,84,84,84,84,84,84,84,84,84,84,84,84,84,84,84,84,84,84,84,84,84,84,89,89,89,89,89],"card_choices":[{"not_picked":["Bloodbath","WallGazer","CrumblingArmor"],"picked":"Singing Bowl","floor":1},{"not_picked":["HappyTeddy","LongBird"],"picked":"QueenOfHatred","floor":1},{"not_picked":["Blood for Blood","True Grit"],"picked":"Sword Boomerang","floor":1},{"not_picked":["VoidDream","PunishingBird"],"picked":"OSAHOGD","floor":7},{"not_picked":["Combust","Sever Soul"],"picked":"Reckless Charge","floor":7},{"not_picked":["SnowQueen","BigBird"],"picked":"Wellcheers","floor":11},{"not_picked":["Heavy Blade","Warcry"],"picked":"Pommel Strike","floor":11},{"not_picked":["SpiderBud","LaLuna"],"picked":"BeautyBeast","floor":13},{"not_picked":["Thunderclap","Flex"],"picked":"Iron Wave","floor":13},{"not_picked":["Laetitia","CherryBlossoms"],"picked":"UniverseFragment","floor":16},{"not_picked":["Berserk","Limit Break"],"picked":"Reaper","floor":16},{"not_picked":["HeroicMonk","Alriune","WallGazer"],"picked":"Singing Bowl","floor":18},{"not_picked":["SingingMachine","GreedKing"],"picked":"Rudolta","floor":18},{"not_picked":["Run Through","Uppercut+1"],"picked":"Clothesline+1","floor":18},{"not_picked":["Murderer","DespairKnight"],"picked":"ShyLook","floor":19},{"not_picked":["Armaments","Iron Wave+1"],"picked":"Shrug It Off","floor":19},{"not_picked":["Twin Strike","Seeing Red"],"picked":"Corruption","floor":20},{"not_picked":["Rupture","Body Slam"],"picked":"Twin Strike+1","floor":20},{"not_picked":["Warcry+1","hubris:ReadiedAction"],"picked":"ReplayTheSpireMod:Strike From Hell","floor":20},{"not_picked":["RedShoes","Funeral"],"picked":"MHz","floor":23},{"not_picked":["Searing Blow","Flex+1"],"picked":"Body Slam","floor":23},{"not_picked":["DreamingCurrent","MeltingLove"],"picked":"NothingThere","floor":25},{"not_picked":["Bloodletting+1","Clothesline+1"],"picked":"Battle Trance","floor":25},{"not_picked":["OldLady","Scarecrow","CrumblingArmor"],"picked":"Singing Bowl","floor":27},{"not_picked":["MeltingLove","FieryBird"],"picked":"BodiesMountain","floor":27},{"not_picked":["Heavy Blade","Thunderclap"],"picked":"Wild Strike","floor":27},{"not_picked":["Bloodbath","NakedNest"],"picked":"WallGazer","floor":29},{"not_picked":["Second Wind","Clash"],"picked":"Shrug It Off","floor":29},{"not_picked":["OldLady","Funeral","PunishingBird"],"picked":"Singing Bowl","floor":30},{"not_picked":["HappyTeddy","CrumblingArmor"],"picked":"Variant","floor":30},{"not_picked":["Thunderclap","Anger"],"picked":"Twin Strike+1","floor":30},{"not_picked":["BlackSwan","PunishingBird"],"picked":"CENSORED","floor":31},{"not_picked":["Clash+1","Heavy Blade"],"picked":"Burning Pact","floor":31},{"not_picked":["Mercenary","LaLuna","BlackSwan"],"picked":"Singing Bowl","floor":33},{"not_picked":["FairyFestival","GalaxyChild"],"picked":"VoidDream","floor":33},{"not_picked":["Limit Break","Immolate"],"picked":"Reaper","floor":33},{"not_picked":["HappyTeddy","NakedNest"],"picked":"LongBird","floor":35},{"not_picked":["ReplayTheSpireMod:LeadingStrike","Body Slam"],"picked":"Rupture","floor":35},{"not_picked":["LaLuna","OldLady","Bloodbath"],"picked":"Singing Bowl","floor":38},{"not_picked":["Twin Strike","Warcry"],"picked":"Dropkick+1","floor":38},{"not_picked":["CherryBlossoms","Murderer","HeroicMonk"],"picked":"Singing Bowl","floor":39},{"not_picked":["DespairKnight","BlackSwan"],"picked":"SnowQueen","floor":39},{"not_picked":["Sword Boomerang","Clash+1"],"picked":"True Grit+1","floor":39},{"not_picked":["Porccubus","CherryBlossoms"],"picked":"BlackArmy","floor":41},{"not_picked":["Shrug It Off","Dropkick","Immolate"],"picked":"SKIP","floor":41},{"not_picked":["Yin","Mercenary"],"picked":"DreamingCurrent","floor":46},{"not_picked":["Body Slam","Fire Breathing"],"picked":"Clothesline+1","floor":46},{"not_picked":["WhitesApple","FairyFestival","MeltingLove"],"picked":"Singing Bowl","floor":47},{"not_picked":["DespairKnight","Yin"],"picked":"SpiderBud","floor":47},{"not_picked":["Shockwave+1","hubris:ReadiedAction+1"],"picked":"Spot Weakness","floor":47},{"not_picked":["HeroicMonk","Mercenary"],"picked":"GreedKing","floor":48},{"not_picked":["True Grit+1","Abandon+1"],"picked":"Infernal Blade","floor":48}],"player_experience":527269,"relics_obtained":[{"floor":1,"key":"LetterFromLob"},{"floor":9,"key":"Mummified Hand"},{"floor":13,"key":"Centennial Puzzle"},{"floor":22,"key":"Nilry\u0027s Codex"},{"floor":23,"key":"Blue Doll"},{"floor":26,"key":"Incense Burner"},{"floor":29,"key":"Mirror"},{"floor":32,"key":"hubris:Reverence"},{"floor":41,"key":"sneckomod:BlankCard"},{"floor":43,"key":"Replay:Bottled Eggs"},{"floor":46,"key":"Boot"}],"event_choices":[{"damage_healed":0,"gold_gain":0,"player_choice":"Entered Light","damage_taken":16,"max_hp_gain":0,"max_hp_loss":0,"event_name":"Shining Light","floor":3,"gold_loss":0,"cards_upgraded":["Strike_R","Bash"]},{"damage_healed":0,"gold_gain":0,"player_choice":"Donut","damage_taken":0,"max_hp_gain":5,"max_hp_loss":0,"event_name":"Big Fish","floor":4,"gold_loss":0},{"damage_healed":21,"gold_gain":0,"player_choice":"Healed","damage_taken":0,"max_hp_gain":0,"max_hp_loss":0,"event_name":"The Cleric","floor":14,"gold_loss":35},{"damage_healed":0,"gold_gain":0,"player_choice":"Obtained Book","damage_taken":16,"max_hp_gain":0,"max_hp_loss":0,"event_name":"Cursed Tome","floor":22,"gold_loss":0},{"damage_healed":0,"gold_gain":0,"player_choice":"Rummage","damage_taken":0,"relics_obtained":["WarpedTongs"],"max_hp_gain":0,"max_hp_loss":0,"event_name":"Accursed Blacksmith","floor":28,"gold_loss":0,"cards_obtained":["Pain"]},{"damage_healed":0,"gold_gain":0,"player_choice":"Ignored","damage_taken":0,"max_hp_gain":0,"max_hp_loss":0,"event_name":"SecretPortal","floor":45,"gold_loss":0}],"is_beta":false,"boss_relics":[{"not_picked":["Fusion Hammer","hubris:VirtuousBlindfold"],"picked":"sneckomod:SneckoTalon"},{"not_picked":["Velvet Choker","infinitespire:Cupcake"],"picked":"Ring of Chaos"}],"items_purged_floors":[36],"is_endless":false,"potions_floor_spawned":[11,13,16,25,27,29,31,37,41,46,47,48],"ascension_level":11}}