{"host":"y1oqg7uy0jc6f5mb","time":1611428933,"event":{"mods":["BaseMod","Better Altar","Better Match","Better Note","Better Sensory Stone","Better Skull","Better Third Choice","BetterRewards","Block Reminder","Colored Map","Colored Powertips","Custom Start","DeckTracker","Displayed Cursed Tome","Highlight Path","Ironclad Rager","Minty Spire (QoL Compilation)","Permanent Neow","Quick Restart","Relic Sorter","Relic Stats","Shop Mod","StSLib"],"gold_per_floor":[110,110,127,145,63,63,93,93,93,105,146,172,184,209,221,337,399,421,433,465,477,489,501,542,554,566,590,0,0,11,38,38,38,38],"floor_reached":33,"language":"ENG","playtime":2612,"items_purged":["Writhe"],"score":337,"play_id":"7ba75c93-ca06-4ff5-85e0-610a266580d0","local_time":"20210124030853","is_ascension_mode":true,"campfire_choices":[{"data":"Thinking Ahead","floor":6.0,"key":"SMITH"},{"floor":10.0,"key":"REST"},{"floor":15.0,"key":"REST"},{"data":"Double Energy","floor":23.0,"key":"SMITH"},{"data":"Zap","floor":25.0,"key":"SMITH"},{"floor":29.0,"key":"REST"},{"floor":32.0,"key":"REST"}],"circlet_count":0,"master_deck":["Strike_B+1","Strike_B+1","Defend_B","Defend_B","Defend_B","Defend_B","Zap+1","Dualcast+1","Thinking Ahead+1","Auto Shields","Double Energy+1","Conserve Battery","Static Discharge","Go for the Eyes","Sunder","Fusion","Hologram+1","Loop","Electrodynamics","Reinforced Body","Force Field+1","Undo","Scrape","Skim+1","Storm","Conserve Battery","Glacier","BootSequence"],"relics":["Cracked Core","The Courier","Anchor","Tiny House","Pantograph","Whetstone","Oddly Smooth Stone","White Beast Statue","MerchantsRug","Potion Belt","Cables","Omamori","Tiny Chest"],"acts_visited":["TheCity"],"potions_floor_usage":[33,33,33],"damage_taken":[{"damage":0.0,"enemies":"Small Slimes","floor":1.0,"turns":2.0},{"damage":1.0,"enemies":"Cultist","floor":3.0,"turns":4.0},{"damage":0.0,"enemies":"Jaw Worm","floor":4.0,"turns":3.0},{"damage":33.0,"enemies":"3 Sentries","floor":7.0,"turns":7.0},{"damage":26.0,"enemies":"Gremlin Nob","floor":11.0,"turns":4.0},{"damage":10.0,"enemies":"Lots of Slimes","floor":12.0,"turns":5.0},{"damage":0.0,"enemies":"Looter","floor":14.0,"turns":3.0},{"damage":24.0,"enemies":"The Guardian","floor":16.0,"turns":13.0},{"damage":5.0,"enemies":"2 Thieves","floor":18.0,"turns":4.0},{"damage":23.0,"enemies":"Spheric Guardian","floor":20.0,"turns":6.0},{"damage":5.0,"enemies":"Slavers","floor":24.0,"turns":6.0},{"damage":6.0,"enemies":"Snecko","floor":27.0,"turns":7.0},{"damage":14.0,"enemies":"Centurion and Healer","floor":30.0,"turns":8.0},{"damage":23.0,"enemies":"Book of Stabbing","floor":31.0,"turns":8.0},{"damage":64,"enemies":"Collector","floor":33,"turns":14}],"seed_played":"8030446412989234679","potions_obtained":[{"floor":7.0,"key":"Ancient Potion"},{"floor":11.0,"key":"Dexterity Potion"},{"floor":14.0,"key":"DistilledChaos"},{"floor":16.0,"key":"Block Potion"},{"floor":17.0,"key":"Explosive Potion"},{"floor":18.0,"key":"SpeedPotion"},{"floor":24.0,"key":"BlessingOfTheForge"},{"floor":27.0,"key":"Strength Potion"},{"floor":30.0,"key":"AttackPotion"},{"floor":31.0,"key":"LiquidMemories"}],"is_trial":false,"path_per_floor":["M","?","M","M","$","R","E","?","T","R","E","M","$","M","R","B",null,"M","?","M","?","?","R","E","R","T","M","$","R","M","E","R","B"],"character_chosen":"DEFECT","items_purchased":["Static Discharge","Go for the Eyes","MerchantsRug","Storm","Potion Belt","Conserve Battery","Cables","Omamori"],"campfire_rested":4,"item_purchase_floors":[5,5,28,28,28,28,28,28],"current_hp_per_floor":[68,68,67,67,67,67,34,27,27,47,21,11,11,11,31,7,73,68,68,45,45,45,45,40,40,40,34,34,55,41,18,39,0,0],"gold":38,"neow_bonus":"RANDOM_COLORLESS_2","is_daily":false,"chose_seed":false,"campfire_upgraded":3,"win_rate":0.0,"timestamp":1611428933,"path_taken":["M","?","M","?","?","R","E","?","T","R","E","M","$","M","R","BOSS","M","?","?","?","?","R","E","R","T","M","$","R","M","E","R","BOSS"],"items_purchased_type":["Card","Card","Relic","Card","Relic","Card","Relic","Relic"],"build_version":"2020-12-22","purchased_purges":1,"victory":false,"max_hp_per_floor":[68,68,68,68,68,68,68,68,68,68,68,68,68,68,68,68,73,73,73,73,73,73,73,73,73,73,73,73,73,73,73,73,73,73],"relic_stats":{"counters":[15,94],"Pantograph":25,"Tiny Chest":0,"Whetstone":["Strike_B","Strike_B"],"obtain_stats":[{"Potion Belt":28,"MerchantsRug":28,"Tiny House":17,"Oddly Smooth Stone":26,"The Courier":9,"Omamori":28,"Whetstone":24,"MawBank":9,"White Beast Statue":26,"Cables":28,"Anchor":11,"Matryoshka":7,"Pantograph":22,"Tiny Chest":31,"Cracked Core":0},{"Potion Belt":12,"MerchantsRug":12,"Tiny House":8,"Oddly Smooth Stone":11,"The Courier":4,"Omamori":12,"Whetstone":11,"MawBank":4,"White Beast Statue":11,"Cables":12,"Anchor":5,"Matryoshka":4,"Pantograph":10,"Tiny Chest":14,"Cracked Core":0},{"Potion Belt":64,"MerchantsRug":64,"Tiny House":41,"Oddly Smooth Stone":57,"The Courier":16,"Omamori":64,"Whetstone":57,"MawBank":16,"White Beast Statue":57,"Cables":64,"Anchor":20,"Matryoshka":16,"Pantograph":51,"Tiny Chest":80,"Cracked Core":0}],"Cables":[30,27,2,0,1]},"card_choices":[{"not_picked":["Sadistic Nature","Violence"],"picked":"Thinking Ahead","floor":0.0},{"not_picked":["Steam","Stack"],"picked":"Auto Shields","floor":1.0},{"not_picked":["Turbo","Darkness"],"picked":"Double Energy","floor":3.0},{"not_picked":["Barrage","Gash"],"picked":"Conserve Battery","floor":4.0},{"not_picked":["Gash","Meteor Strike"],"picked":"Sunder","floor":7.0},{"not_picked":["Doom and Gloom","Hologram"],"picked":"Fusion","floor":11.0},{"not_picked":["Steam","Barrage"],"picked":"Hologram","floor":12.0},{"not_picked":["Skim","Sunder"],"picked":"Loop","floor":14.0},{"not_picked":["Machine Learning","Multi-Cast"],"picked":"Electrodynamics","floor":16.0},{"not_picked":["Steam","Fusion"],"picked":"Reinforced Body","floor":17.0},{"not_picked":["Turbo","Beam Cell"],"picked":"Force Field+1","floor":18.0},{"not_picked":["White Noise","Scrape"],"picked":"Undo","floor":20.0},{"not_picked":["Rebound+1","Reprogram+1"],"picked":"Scrape","floor":24.0},{"not_picked":["Steam+1","Hologram"],"picked":"Skim+1","floor":27.0},{"not_picked":["Redo","Go for the Eyes"],"picked":"Glacier","floor":30.0},{"not_picked":["Storm+1","Cold Snap"],"picked":"BootSequence","floor":31.0}],"player_experience":162118,"relics_obtained":[{"floor":7.0,"key":"Matryoshka"},{"floor":9.0,"key":"MawBank"},{"floor":9.0,"key":"The Courier"},{"floor":11.0,"key":"Anchor"},{"floor":24.0,"key":"Whetstone"},{"floor":26.0,"key":"Oddly Smooth Stone"},{"floor":26.0,"key":"White Beast Statue"},{"floor":31.0,"key":"Tiny Chest"}],"event_choices":[{"cards_removed":["Strike_B"],"damage_healed":0.0,"max_hp_gain":0.0,"max_hp_loss":0.0,"gold_gain":0.0,"event_name":"Purifier","player_choice":"Purged","floor":2.0,"gold_loss":0.0,"damage_taken":0.0},{"cards_removed":["Strike_B"],"damage_healed":0.0,"max_hp_gain":0.0,"max_hp_loss":0.0,"gold_gain":0.0,"event_name":"Golden Wing","player_choice":"Card Removal","floor":8.0,"gold_loss":0.0,"damage_taken":7.0},{"damage_healed":0.0,"max_hp_gain":0.0,"max_hp_loss":0.0,"gold_gain":0.0,"event_name":"Upgrade Shrine","player_choice":"Upgraded","floor":19.0,"gold_loss":0.0,"damage_taken":0.0,"cards_upgraded":["Dualcast"]},{"damage_healed":0.0,"max_hp_gain":0.0,"max_hp_loss":0.0,"gold_gain":0.0,"event_name":"Vampires","player_choice":"Ignored","floor":21.0,"gold_loss":0.0,"damage_taken":0.0},{"damage_healed":0.0,"max_hp_gain":0.0,"max_hp_loss":0.0,"gold_gain":0.0,"event_name":"The Mausoleum","player_choice":"Opened","floor":22.0,"gold_loss":0.0,"damage_taken":0.0,"relics_obtained":["Pantograph"],"cards_obtained":["Writhe"]}],"is_beta":false,"boss_relics":[{"not_picked":["Fusion Hammer","FrozenCore"],"picked":"Tiny House"}],"items_purged_floors":[28],"is_endless":false,"potions_floor_spawned":[7,11,14,16,18,24,27,30,31],"killed_by":"Collector","ascension_level":3}}