{"host":"xc18ixkpjvqrt8st","time":1611364255,"event":{"mods":["Act Like it!","BaseMod","Better Match","Better Third Choice","Conspire","Hallownest","Hermit","Hubris","Infinite Spire","Minty Spire (QoL Compilation)","Robot Space Explorer","Shop Mod","Spicy Shops","StSLib","The Animator","The Jungle","The Marked","The Sage"],"gold_per_floor":[279,32,32,45,56,90,90,90,90,90,128,128,28,28,28],"floor_reached":14,"language":"ENG","playtime":341,"items_purged":[],"score":97,"play_id":"76326330-6f80-4849-8d42-80216ebc7e0e","local_time":"20210122191055","is_ascension_mode":true,"campfire_choices":[{"floor":8,"key":"REST"},{"floor":10,"key":"RECALL"}],"circlet_count":0,"master_deck":["animator:Strike_Kancolle","animator:Defend_Kancolle","animator:Strike","animator:Strike","animator:Defend","animator:Defend","animator:Defend","animator:Shimakaze","animator:Tatsumaki","animator:Lancer","animator:ShinjiMatou","All For One","animator:Add","hubris:DuctTapeCard+2","animator:KyokoSakura","Injury","animator:Millim","conspire:SpireCoStock","conspire:SpireCoStock"],"relics":["animator:LivingPicture","animator:TheMissingPiece","NeowsBlessing","Juzu Bracelet","hubris:BottledRain","hubris:DuctTape","Golden Idol"],"acts_visited":["Exordium"],"potions_floor_usage":[6,14],"damage_taken":[{"damage":0,"enemies":"Jaw Worm","floor":1,"turns":1},{"damage":0,"enemies":"Small Slimes","floor":4,"turns":1},{"damage":0,"enemies":"infinitespire:Voidling","floor":5,"turns":1},{"damage":22,"enemies":"Gremlin Nob","floor":6,"turns":4},{"damage":0,"enemies":"Large Slime","floor":11,"turns":4},{"damage":2,"enemies":"3 Sentries","floor":14,"turns":2}],"seed_played":"2149649574559492630","potions_obtained":[{"floor":4,"key":"AttackPotion"},{"floor":5,"key":"DistilledChaos"}],"is_trial":false,"path_per_floor":["M","$","?","M","M","E","?","R","T","R","M","?","?","E"],"character_chosen":"THE_ANIMATOR","items_purchased":["Juzu Bracelet","animator:Lancer","animator:ShinjiMatou"],"campfire_rested":1,"item_purchase_floors":[2,2,2],"current_hp_per_floor":[66,66,57,58,58,36,36,56,56,56,56,56,56,54,54],"gold":28,"neow_bonus":"THREE_ENEMY_KILL","is_daily":false,"chose_seed":false,"campfire_upgraded":0,"win_rate":0.0,"timestamp":1611364255,"path_taken":["M","$","?","M","M","E","?","R","T","R","M","?","?","E"],"items_purchased_type":["Relic","Card","Card"],"build_version":"2020-12-22","purchased_purges":0,"victory":false,"max_hp_per_floor":[66,66,66,67,67,67,67,67,67,67,67,67,67,67,67],"card_choices":[{"not_picked":["animator:Berserker","animator:EmiyaShirou"],"picked":"animator:Tatsumaki","floor":1},{"not_picked":["animator:DolaCouronne","animator:Geryuganshoop"],"picked":"animator:MumenRider","floor":4},{"not_picked":["animator:Archer","animator:Millim"],"picked":"animator:Add","floor":5},{"not_picked":["animator:NagisaMomoe","animator:OrikoMikuni"],"picked":"animator:KyokoSakura","floor":6},{"not_picked":["animator:Alexander","animator:SilverFang"],"picked":"animator:Millim","floor":11}],"player_experience":586020,"relics_obtained":[{"floor":6,"key":"hubris:DuctTape"}],"event_choices":[{"damage_healed":0,"gold_gain":0,"player_choice":"Take Wound","damage_taken":0,"relics_obtained":["Golden Idol"],"max_hp_gain":0,"max_hp_loss":0,"event_name":"Golden Idol","floor":7,"gold_loss":0,"cards_obtained":["Injury"]},{"damage_healed":0,"gold_gain":0,"player_choice":"Upgraded","damage_taken":0,"max_hp_gain":0,"max_hp_loss":0,"event_name":"Upgrade Shrine","floor":12,"gold_loss":0,"cards_upgraded":["hubris:DuctTapeCard"]},{"damage_healed":0,"gold_gain":0,"player_choice":"Invest 2","damage_taken":0,"max_hp_gain":0,"max_hp_loss":0,"event_name":"conspire:Investor","floor":13,"gold_loss":0}],"is_beta":false,"boss_relics":[],"items_purged_floors":[],"is_endless":false,"potions_floor_spawned":[4,5],"killed_by":"3 Sentries","ascension_level":2}}