{"host":"o6k2gaocsza4qys9","time":1611388757,"event":{"mods":["BaseMod","Minty Spire (QoL Compilation)","Permanent Neow","Relic Stats"],"gold_per_floor":[10,21,21,21,41,41,81,81,81,112,132,168,168,182,182,277,277,300,63,96,119,119,119,159,180,180,221,421,440,463,463,463,553,553,569,593,228,253,271,310,310,326,378,378,412,634,634,648,648,648,648,648],"floor_reached":51,"language":"ENG","playtime":2371,"items_purged":["Strike_R","Strike_R"],"score":1489,"play_id":"b44abc7f-35c5-41a7-806b-957a2477a26e","local_time":"20210123155917","is_ascension_mode":true,"campfire_choices":[{"data":"Bash","floor":6,"key":"SMITH"},{"data":"Bludgeon","floor":8,"key":"SMITH"},{"data":"Uppercut","floor":13,"key":"SMITH"},{"data":"Flame Barrier","floor":15,"key":"SMITH"},{"data":"Brutality","floor":23,"key":"SMITH"},{"floor":32,"key":"REST"},{"floor":44,"key":"REST"},{"floor":47,"key":"REST"},{"floor":49,"key":"REST"}],"circlet_count":0,"master_deck":["AscendersBane","Strike_R","Strike_R","Strike_R","Defend_R","Defend_R","Defend_R","Defend_R","Bash+1","Apotheosis+1","Hemokinesis","Bludgeon+1","Uppercut+1","Ghostly Armor","Flame Barrier+1","Brutality+1","Offering","Rupture","Pommel Strike","True Grit+1","Flex","Limit Break","Pommel Strike+1","Juggernaut","Havoc+1","Dropkick+1","Sword Boomerang+1"],"relics":["Burning Blood","Golden Idol","Ancient Tea Set","Gremlin Horn","Odd Mushroom","Bag of Marbles","Velvet Choker","OrangePellets","Red Mask","MutagenicStrength","Omamori","Prayer Wheel","Ornamental Fan","SlaversCollar","Bottled Lightning","Magic Flower","FossilizedHelix","Juzu Bracelet","Vajra"],"acts_visited":["Exordium","TheCity","TheBeyond"],"potions_floor_usage":[12,16,20,20,21,25,27,35,39,40,50,50],"damage_taken":[{"damage":9,"enemies":"2 Louse","floor":1,"turns":4},{"damage":3,"enemies":"Small Slimes","floor":2,"turns":3},{"damage":6,"enemies":"Jaw Worm","floor":5,"turns":3},{"damage":10,"enemies":"Gremlin Nob","floor":7,"turns":3},{"damage":10,"enemies":"The Mushroom Lair","floor":10,"turns":3},{"damage":11,"enemies":"Large Slime","floor":11,"turns":4},{"damage":6,"enemies":"Lagavulin","floor":12,"turns":6},{"damage":2,"enemies":"2 Fungi Beasts","floor":14,"turns":1},{"damage":26,"enemies":"Slime Boss","floor":16,"turns":9},{"damage":14,"enemies":"Shell Parasite","floor":18,"turns":3},{"damage":18,"enemies":"Masked Bandits","floor":20,"turns":3},{"damage":6,"enemies":"Chosen","floor":21,"turns":2},{"damage":10,"enemies":"Gremlin Leader","floor":24,"turns":3},{"damage":4,"enemies":"Sentry and Sphere","floor":25,"turns":3},{"damage":22,"enemies":"Book of Stabbing","floor":27,"turns":4},{"damage":16,"enemies":"Snake Plant","floor":29,"turns":3},{"damage":9,"enemies":"3 Cultists","floor":30,"turns":2},{"damage":20,"enemies":"Champ","floor":33,"turns":7},{"damage":10,"enemies":"3 Darklings","floor":35,"turns":4},{"damage":17,"enemies":"Orb Walker","floor":36,"turns":4},{"damage":25,"enemies":"Spire Growth","floor":38,"turns":5},{"damage":11,"enemies":"Jaw Worm Horde","floor":39,"turns":3},{"damage":20,"enemies":"Reptomancer","floor":40,"turns":5},{"damage":6,"enemies":"3 Darklings","floor":42,"turns":2},{"damage":17,"enemies":"Nemesis","floor":45,"turns":3},{"damage":10,"enemies":"4 Shapes","floor":48,"turns":5},{"damage":49,"enemies":"Time Eater","floor":50,"turns":8},{"damage":26,"enemies":"Donu and Deca","floor":51,"turns":4}],"seed_played":"262807100747983555","potions_obtained":[{"floor":1,"key":"DuplicationPotion"},{"floor":5,"key":"Regen Potion"},{"floor":14,"key":"SkillPotion"},{"floor":18,"key":"EntropicBrew"},{"floor":24,"key":"Fire Potion"},{"floor":30,"key":"LiquidMemories"},{"floor":33,"key":"PowerPotion"},{"floor":35,"key":"DistilledChaos"},{"floor":40,"key":"LiquidBronze"},{"floor":45,"key":"ColorlessPotion"}],"is_trial":false,"path_per_floor":["M","M","?","?","M","R","E","R","T","?","M","E","R","M","R","B",null,"M","$","?","M","?","R","E","M","T","E","?","M","M","?","R","B",null,"M","M","$","M","M","E","?","M","T","R","E","?","R","M","R","B","B"],"character_chosen":"IRONCLAD","items_purchased":["OrangePellets","Bottled Lightning"],"campfire_rested":4,"item_purchase_floors":[19,37],"current_hp_per_floor":[65,68,68,68,68,68,64,64,64,60,55,68,68,68,68,48,63,55,55,43,56,56,56,52,54,54,38,38,28,25,39,59,45,62,58,47,47,28,23,9,9,12,12,32,24,24,44,43,63,23,0,0],"gold":648,"neow_bonus":"RANDOM_COLORLESS_2","is_daily":false,"chose_seed":false,"campfire_upgraded":5,"win_rate":0.0,"timestamp":1611388757,"path_taken":["M","M","?","?","M","R","E","R","T","?","M","E","R","?","R","BOSS","M","$","?","M","?","R","E","M","T","E","?","M","?","?","R","BOSS","M","M","$","M","M","E","?","?","T","R","E","?","R","M","R","BOSS","BOSS"],"items_purchased_type":["Relic","Relic"],"build_version":"2020-12-22","purchased_purges":2,"victory":false,"max_hp_per_floor":[75,75,75,68,68,68,68,68,68,68,68,68,68,68,68,68,68,68,68,68,68,68,68,68,68,68,68,68,68,68,68,68,68,68,68,68,68,68,68,68,68,68,68,68,68,68,68,68,68,68,68,68],"relic_stats":{"OrangePellets":[19],"Gremlin Horn":[29,30],"counters":[28,109],"Golden Idol":171,"Ornamental Fan":[52],"Magic Flower":[12],"Prayer Wheel":8,"Juzu Bracelet":0,"obtain_stats":[{"Gremlin Horn":9,"Golden Idol":4,"Velvet Choker":17,"Magic Flower":40,"Vajra":45,"Omamori":24,"Juzu Bracelet":43,"Odd Mushroom":10,"Ancient Tea Set":7,"Burning Blood":0,"OrangePellets":19,"SlaversCollar":34,"Ornamental Fan":27,"MutagenicStrength":22,"Prayer Wheel":26,"Bag of Marbles":12,"Red Mask":20,"Bottled Lightning":37,"FossilizedHelix":41},{"Gremlin Horn":4,"Golden Idol":2,"Velvet Choker":9,"Magic Flower":23,"Vajra":25,"Omamori":13,"Juzu Bracelet":24,"Odd Mushroom":5,"Ancient Tea Set":4,"Burning Blood":0,"OrangePellets":10,"SlaversCollar":18,"Ornamental Fan":15,"MutagenicStrength":12,"Prayer Wheel":14,"Bag of Marbles":7,"Red Mask":11,"Bottled Lightning":20,"FossilizedHelix":23},{"Gremlin Horn":13,"Golden Idol":7,"Velvet Choker":36,"Magic Flower":87,"Vajra":92,"Omamori":47,"Juzu Bracelet":89,"Odd Mushroom":16,"Ancient Tea Set":13,"Burning Blood":0,"OrangePellets":39,"SlaversCollar":66,"Ornamental Fan":54,"MutagenicStrength":44,"Prayer Wheel":50,"Bag of Marbles":26,"Red Mask":42,"Bottled Lightning":74,"FossilizedHelix":87}],"Burning Blood":168},"card_choices":[{"not_picked":["Panache","Metamorphosis"],"picked":"Apotheosis","floor":0},{"not_picked":["Perfected Strike","Uppercut"],"picked":"Hemokinesis","floor":1},{"not_picked":["Havoc","Twin Strike"],"picked":"Bludgeon","floor":2},{"not_picked":["Bloodletting","Sever Soul","Clothesline"],"picked":"SKIP","floor":5},{"not_picked":["Entrench","Anger"],"picked":"Uppercut","floor":7},{"not_picked":["Twin Strike","Hemokinesis"],"picked":"Ghostly Armor","floor":10},{"not_picked":["Sever Soul","Thunderclap"],"picked":"Flame Barrier","floor":11},{"not_picked":["Reckless Charge","Warcry","Heavy Blade"],"picked":"SKIP","floor":12},{"not_picked":["Reckless Charge","Warcry","Heavy Blade"],"picked":"SKIP","floor":12},{"not_picked":["Headbutt","True Grit"],"picked":"Brutality","floor":14},{"not_picked":["Bludgeon","Double Tap"],"picked":"Offering","floor":16},{"not_picked":["Pommel Strike","Battle Trance"],"picked":"Rupture","floor":18},{"not_picked":["Dark Embrace","Sentinel"],"picked":"Pommel Strike","floor":20},{"not_picked":["Intimidate","Uppercut","Cleave"],"picked":"SKIP","floor":21},{"not_picked":["Entrench","Havoc"],"picked":"True Grit+1","floor":24},{"not_picked":["Cleave","Power Through"],"picked":"Flex","floor":25},{"not_picked":["Metallicize","Iron Wave"],"picked":"Limit Break","floor":27},{"not_picked":["Headbutt","Sword Boomerang"],"picked":"Pommel Strike+1","floor":29},{"not_picked":["Clash","Armaments","Wild Strike"],"picked":"SKIP","floor":29},{"not_picked":["Searing Blow+1","Flex","Pummel"],"picked":"SKIP","floor":30},{"not_picked":["Havoc","Carnage","Twin Strike"],"picked":"SKIP","floor":30},{"not_picked":["Immolate","Demon Form"],"picked":"Juggernaut","floor":33},{"not_picked":["Clothesline","Pummel"],"picked":"Havoc+1","floor":35},{"not_picked":["Armaments","True Grit","Flex+1"],"picked":"SKIP","floor":35},{"not_picked":["Clothesline","Body Slam","Pommel Strike"],"picked":"SKIP","floor":36},{"not_picked":["True Grit","Blood for Blood+1","Heavy Blade+1"],"picked":"SKIP","floor":36},{"not_picked":["Rampage+1","Iron Wave+1"],"picked":"Dropkick+1","floor":38},{"not_picked":["Rage","Feed","Disarm+1"],"picked":"SKIP","floor":38},{"not_picked":["Dropkick+1","Intimidate+1"],"picked":"Sword Boomerang+1","floor":39},{"not_picked":["Spot Weakness+1","Perfected Strike","Second Wind"],"picked":"SKIP","floor":39},{"not_picked":["Heavy Blade","Shrug It Off","Pommel Strike"],"picked":"SKIP","floor":40},{"not_picked":["Burning Pact","Pommel Strike","Clash+1"],"picked":"SKIP","floor":42},{"not_picked":["Wild Strike+1","Twin Strike","Perfected Strike+1"],"picked":"SKIP","floor":42},{"not_picked":["Havoc","Pommel Strike","Armaments"],"picked":"SKIP","floor":45},{"not_picked":["Blood for Blood","Cleave","Second Wind"],"picked":"SKIP","floor":48},{"not_picked":["Havoc+1","Body Slam+1","Flex+1"],"picked":"SKIP","floor":48}],"player_experience":466677,"relics_obtained":[{"floor":7,"key":"Ancient Tea Set"},{"floor":9,"key":"Gremlin Horn"},{"floor":10,"key":"Odd Mushroom"},{"floor":12,"key":"Bag of Marbles"},{"floor":20,"key":"Red Mask"},{"floor":24,"key":"Omamori"},{"floor":26,"key":"Prayer Wheel"},{"floor":27,"key":"Ornamental Fan"},{"floor":40,"key":"Magic Flower"},{"floor":41,"key":"FossilizedHelix"},{"floor":43,"key":"Juzu Bracelet"},{"floor":45,"key":"Vajra"}],"event_choices":[{"damage_healed":0,"gold_gain":0,"player_choice":"Grow","damage_taken":0,"max_hp_gain":0,"max_hp_loss":0,"event_name":"Living Wall","floor":3,"gold_loss":0,"cards_upgraded":["Apotheosis"]},{"damage_healed":0,"gold_gain":0,"player_choice":"Lose Max HP","damage_taken":0,"relics_obtained":["Golden Idol"],"max_hp_gain":0,"max_hp_loss":7,"event_name":"Golden Idol","floor":4,"gold_loss":0},{"damage_healed":0,"gold_gain":0,"player_choice":"Fought Mushrooms","damage_taken":0,"max_hp_gain":0,"max_hp_loss":0,"event_name":"Mushrooms","floor":10,"gold_loss":0},{"damage_healed":0,"gold_gain":0,"player_choice":"Fought Bandits","damage_taken":0,"max_hp_gain":0,"max_hp_loss":0,"event_name":"Masked Bandits","floor":20,"gold_loss":0},{"damage_healed":0,"gold_gain":0,"player_choice":"Inject Mutagens","damage_taken":0,"relics_obtained":["MutagenicStrength"],"max_hp_gain":0,"max_hp_loss":0,"event_name":"Drug Dealer","floor":22,"gold_loss":0},{"damage_healed":0,"gold_gain":200,"player_choice":"Gold","damage_taken":0,"max_hp_gain":0,"max_hp_loss":0,"event_name":"Wheel of Change","floor":28,"gold_loss":0},{"damage_healed":14,"gold_gain":0,"player_choice":"Heal","damage_taken":0,"max_hp_gain":0,"max_hp_loss":0,"event_name":"The Library","floor":31,"gold_loss":0},{"damage_healed":0,"gold_gain":0,"player_choice":"Relic","damage_taken":0,"max_hp_gain":0,"max_hp_loss":0,"event_name":"Wheel of Change","floor":41,"gold_loss":0},{"damage_healed":0,"gold_gain":222,"player_choice":"Wore Mask","damage_taken":0,"max_hp_gain":0,"max_hp_loss":0,"event_name":"Tomb of Lord Red Mask","floor":46,"gold_loss":0}],"is_beta":false,"boss_relics":[{"not_picked":["Coffee Dripper","Mark of Pain"],"picked":"Velvet Choker"},{"not_picked":["Astrolabe","Busted Crown"],"picked":"SlaversCollar"}],"items_purged_floors":[19,37],"is_endless":false,"potions_floor_spawned":[1,5,10,14,18,24,30,33,35,38,40,45,48],"killed_by":"Donu and Deca","ascension_level":20}}