{"host":"8inpc3yxphy2r27y","time":1611388545,"event":{"mods":["100% Spire Juice","ATMod(阿瑾Mod)","Ascension Reborn","Aspiration","Astrologer","Bard","BaseMod","Better Synergies","Better Vampires","Challenge The Spire","Conspire","Downfall","Energized Spire","FutureSeer","Gremlin Mod","GungeonMod","Highlight Path","KinomotoSakuraMod(木之本樱)","Lobotomy","LobotomyExtend","Minty Spire (QoL Compilation)","Quick Restart","READ ME - Guardian Mod","Red Circlet Mod","Reimu（博丽灵梦）","Relic Stats","Replay The Spire","RumiaBox-露米娅的神秘盒子","Ryuuou龙王","SIMod","Shop Mod","Spicy Shops","StSLib","TestMod","The Bug Knight","The Construct","The Cursed","The Gatherer","The Hierophant","The Poker Player","UnlockEverythingMod","Waifu the Spire","Warlord Emblem","[GremlinLeader]The Maniac","[IsaacMod]以撒尖塔","[JumpMod]舞动尖塔","[YSDMod]压实度","noobMod","vexMod","【遗物卡牌】REMEMod","残留之物","篝火指南"],"gold_per_floor":[99,114,39,57,119,144,144,94,127,77,68,68,98,110,122,231,231,41,64,464,40,40,62,131,131,156,199,255,274,124,171,200,314,314,164,194,213,213,238,257,257,286,182,210,234,277,299,405,426,446,446,446,487,22,80,80,80,80],"floor_reached":56,"language":"ZHS","playtime":3107,"items_purged":[],"score":1058,"play_id":"248a6ec2-c0a9-4c6e-9efe-87042a4f3032","local_time":"20210123155545","is_ascension_mode":true,"campfire_choices":[{"floor":1.0,"key":"DIG"},{"floor":8.0,"key":"RECALL"},{"data":"AT_FamilyPortrait","floor":10.0,"key":"SMITH"},{"data":"Slimebound:LevelUp","floor":30.0,"key":"SMITH"},{"data":"ZunPunch:ReiMu","floor":35.0,"key":"SMITH"}],"circlet_count":0,"master_deck":["Slimebound:Strike_Slimebound","Slimebound:Tackle","Slimebound:Defend_Slimebound","Slimebound:CorrosiveSpit","AT_FamilyPortrait+1","Slimebound:GoopTackle","Slimebound:FirmFortitude","Slimebound:SlimeSpikes","Slimebound:PressTheAttack","Slimebound:MassRepurpose+1","Slimebound:ProtectTheBoss","Slimebound:SlimeTap","Slimebound:MassFeed+1","ZunPunch:ReiMu+1","Slimebound:ComboTackle","Slimebound:SplitAcid+1","Slimebound:ComboTackle","Slimebound:MassFeed+1","Slimebound:Grow","Slimebound:SplitBruiser+1","Slimebound:SelfFormingGoo+1","Slimebound:WasteNot+1","Slimebound:SplitMire+1","Slimebound:SplitBruiser","Slimebound:Repurpose","Slimebound:ComboTackle+1","Slimebound:LeechEnergy","Slimebound:SplitLeeching","Slimebound:OozeBath+1","Slimebound:Dissolve","Slimebound:SplitBruiser+1","Slimebound:SplitMire","Slimebound:Prepare+1","Slimebound:SlimeSpikes","Slimebound:Overexert+1"],"relics":["Slimebound:AbsorbEndCombat","HushsDoor","REME_ComplimentaryCards","testmod-TestBox","AT_ATBox","HowToJump","ice","testmod-Temperance","Chaos","GodSword3","LetterFromLob","Slimebound:GreedOozeRelic","Replay:Bandana","ReplayFunnel","GodSword5","Golden Egg","Torii","aspiration:FutureDiary","AT_LudenTempest","downfall:HeartBlessingRed","MerchantsRug","TentaclePot:ReiMu","aspiration:FrozenJewel","AT_BellowingDragoncrestRing","Tea:ReiMu","TheBible","downfall:HeartBlessingBlue","DemoMod:Bottle","PlaceholderMod:FlatBlood","downfall:HeartBlessingGreen","Coffee Dripper","testmod-OneHitWonder","downfall:GremlinWheel","ReplayTheSpireMod:Lightbulb","Onion Ring","Lantern"],"acts_visited":["Exordium","TheCity","TheBeyond","TheEnding"],"potions_floor_usage":[],"damage_taken":[{"damage":5.0,"enemies":"2 Louse","floor":2.0,"turns":3.0},{"damage":6.0,"enemies":"Jaw Worm","floor":4.0,"turns":1.0},{"damage":14.0,"enemies":"HollowMod:MossKnight","floor":9.0,"turns":7.0},{"damage":10.0,"enemies":"downfall:FleeingMerchant","floor":11.0,"turns":4.0},{"damage":0.0,"enemies":"Replay:BlueRogue","floor":13.0,"turns":5.0},{"damage":0.0,"enemies":"conspire:RoseBush","floor":14.0,"turns":3.0},{"damage":7.0,"enemies":"2 Fungi Beasts","floor":15.0,"turns":4.0},{"damage":0.0,"enemies":"WA_ARCHETYPE_RETAIN","floor":16.0,"turns":7.0},{"damage":2.0,"enemies":"Chosen","floor":19.0,"turns":3.0},{"damage":11.0,"enemies":"downfall:FleeingMerchant","floor":21.0,"turns":4.0},{"damage":6.0,"enemies":"Shelled Parasite and Fungi","floor":23.0,"turns":2.0},{"damage":3.0,"enemies":"Centurion and Healer","floor":26.0,"turns":3.0},{"damage":0.0,"enemies":"conspire:Head Lice","floor":27.0,"turns":2.0},{"damage":0.0,"enemies":"Cultist and Chosen","floor":28.0,"turns":3.0},{"damage":18.0,"enemies":"Snake Plant","floor":29.0,"turns":2.0},{"damage":27.0,"enemies":"REME_1_Revenger","floor":31.0,"turns":3.0},{"damage":0.0,"enemies":"Centurion and Healer","floor":32.0,"turns":2.0},{"damage":20.0,"enemies":"IC_MUSHROOM_ARCHETYPE","floor":33.0,"turns":3.0},{"damage":32.0,"enemies":"3 Darklings","floor":36.0,"turns":3.0},{"damage":0.0,"enemies":"Orb Walker","floor":37.0,"turns":3.0},{"damage":0.0,"enemies":"Maw","floor":39.0,"turns":4.0},{"damage":47.0,"enemies":"Spire Growth","floor":40.0,"turns":6.0},{"damage":0.0,"enemies":"Writhing Mass","floor":42.0,"turns":2.0},{"damage":26.0,"enemies":"Maw","floor":44.0,"turns":3.0},{"damage":7.0,"enemies":"3 Darklings","floor":45.0,"turns":3.0},{"damage":0.0,"enemies":"R_Hoarder","floor":46.0,"turns":4.0},{"damage":0.0,"enemies":"Jaw Worm Horde","floor":47.0,"turns":2.0},{"damage":0.0,"enemies":"Jaw Worm Horde","floor":48.0,"turns":2.0},{"damage":0.0,"enemies":"Transient","floor":49.0,"turns":5.0},{"damage":17.0,"enemies":"SI_POISON_ARCHETYPE","floor":50.0,"turns":3.0},{"damage":40.0,"enemies":"downfall:CharBossMerchant","floor":53.0,"turns":5.0},{"damage":41,"enemies":"downfall:NeowBoss","floor":56,"turns":27}],"seed_played":"5992347865462377118","potions_obtained":[{"floor":4.0,"key":"Fire Potion"},{"floor":9.0,"key":"DemoMod:LeadSkinPotion"},{"floor":27.0,"key":"REME_GoldPotion"},{"floor":31.0,"key":"AttackPotion"},{"floor":36.0,"key":"Energy Potion"},{"floor":44.0,"key":"testmod-SpacePotion"},{"floor":46.0,"key":"Explosive Potion"},{"floor":49.0,"key":"Fire Potion"}],"is_trial":false,"path_per_floor":["R","M","?","M","?","T","T","R","E","R","$","?","E","M","M","B",null,"R","M","?","$","?","M","T","T","M","E","M","M","R","E","M","B",null,"R","M","M","?","M","M","T","M","R","M","M","E","M","?","M","B",null,null,"E","$","R","B"],"character_chosen":"SLIMEBOUND","items_purchased":["MerchantsRug","TentaclePot:ReiMu","aspiration:FrozenJewel","AT_BellowingDragoncrestRing","Slimebound:SplitAcid","Slimebound:SplitLeeching","Slimebound:Overexert","Onion Ring","Lantern"],"campfire_rested":0,"item_purchase_floors":[21,21,21,21,21,43,54,54,54],"current_hp_per_floor":[71,66,66,60,43,43,43,43,29,29,25,10,12,12,5,9,71,71,69,69,58,58,52,52,52,62,67,69,51,63,36,36,18,89,89,57,59,69,75,89,89,89,89,66,59,61,66,70,78,69,69,109,71,71,97,56,56,56],"gold":80,"neow_bonus":"TEN_PERCENT_HP_BONUS","is_daily":false,"chose_seed":false,"campfire_upgraded":3,"win_rate":0.0,"timestamp":1611388545,"path_taken":["R","M","?","M","?","?","T","R","E","R","$","?","E","?","M","BOSS","R","M","?","?","?","?","T","?","M","E","M","M","R","E","M","BOSS","R","M","M","?","M","M","T","M","R","M","M","E","M","?","M","BOSS","E","$","R","BOSS"],"items_purchased_type":["Relic","Relic","Relic","Relic","Card","Card","Card","Relic","Card"],"build_version":"2020-12-22","purchased_purges":0,"victory":false,"max_hp_per_floor":[71,71,71,71,71,71,71,71,71,71,71,71,71,71,71,71,71,71,71,71,71,71,71,71,71,75,79,79,79,89,89,89,89,89,89,89,89,89,89,89,89,90,90,91,95,97,102,102,106,109,109,109,112,112,112,112,112,112],"relic_stats":{"Torii":24,"counters":[32,121],"obtain_stats":[{"Chaos":0,"ReplayFunnel":6,"Golden Egg":9,"Lantern":54,"AT_ATBox":0,"testmod-Temperance":0,"Torii":12,"ZunR:ReiMu":18,"Tea:ReiMu":25,"downfall:HeartBlessingGreen":35,"DemoMod:GlassGuonStoneRelic":4,"ice":0,"Replay:Bandana":5,"downfall:GremlinWheel":48,"downfall:HeartBlessingBlue":30,"aspiration:FutureDiary":13,"KeepersGift":0,"MerchantsRug":21,"testmod-TestBox":0,"HowToJump":0,"downfall:HeartBlessingRed":18,"TentaclePot:ReiMu":21,"YSD":0,"aspiration:FrozenJewel":21,"Slimebound:GreedOozeRelic":3,"AT_LudenTempest":17,"AT_BellowingDragoncrestRing":21,"TheBible":27,"Onion Ring":54,"Slimebound:AbsorbEndCombat":0,"LetterFromLob":2,"Coffee Dripper":41,"GodSword5":7,"HushsDoor":0,"GodSword3":1,"DemoMod:Bottle":31,"ReplayTheSpireMod:Lightbulb":53,"testmod-OneHitWonder":46,"REME_ComplimentaryCards":0,"PlaceholderMod:FlatBlood":34},{"Chaos":0,"ReplayFunnel":2,"Golden Egg":3,"Lantern":31,"AT_ATBox":0,"testmod-Temperance":0,"Torii":4,"ZunR:ReiMu":8,"Tea:ReiMu":11,"downfall:HeartBlessingGreen":18,"DemoMod:GlassGuonStoneRelic":2,"ice":0,"Replay:Bandana":2,"downfall:GremlinWheel":28,"downfall:HeartBlessingBlue":15,"aspiration:FutureDiary":5,"KeepersGift":0,"MerchantsRug":10,"testmod-TestBox":0,"HowToJump":0,"downfall:HeartBlessingRed":8,"TentaclePot:ReiMu":10,"YSD":0,"aspiration:FrozenJewel":10,"Slimebound:GreedOozeRelic":1,"AT_LudenTempest":8,"AT_BellowingDragoncrestRing":10,"TheBible":13,"Onion Ring":31,"Slimebound:AbsorbEndCombat":0,"LetterFromLob":1,"Coffee Dripper":22,"GodSword5":2,"HushsDoor":0,"GodSword3":0,"DemoMod:Bottle":16,"ReplayTheSpireMod:Lightbulb":31,"testmod-OneHitWonder":26,"REME_ComplimentaryCards":0,"PlaceholderMod:FlatBlood":18},{"Chaos":0,"ReplayFunnel":3,"Golden Egg":9,"Lantern":95,"AT_ATBox":0,"testmod-Temperance":0,"Torii":13,"ZunR:ReiMu":30,"Tea:ReiMu":38,"downfall:HeartBlessingGreen":55,"DemoMod:GlassGuonStoneRelic":3,"ice":0,"Replay:Bandana":3,"downfall:GremlinWheel":83,"downfall:HeartBlessingBlue":48,"aspiration:FutureDiary":18,"KeepersGift":0,"MerchantsRug":36,"testmod-TestBox":0,"HowToJump":0,"downfall:HeartBlessingRed":30,"TentaclePot:ReiMu":36,"YSD":0,"aspiration:FrozenJewel":36,"Slimebound:GreedOozeRelic":2,"AT_LudenTempest":30,"AT_BellowingDragoncrestRing":36,"TheBible":43,"Onion Ring":95,"Slimebound:AbsorbEndCombat":0,"LetterFromLob":2,"Coffee Dripper":69,"GodSword5":3,"HushsDoor":0,"GodSword3":0,"DemoMod:Bottle":50,"ReplayTheSpireMod:Lightbulb":95,"testmod-OneHitWonder":80,"REME_ComplimentaryCards":0,"PlaceholderMod:FlatBlood":55}]},"card_choices":[{"not_picked":[],"picked":"BloodyBrimstone","floor":0.0},{"not_picked":["Slimebound:HauntingLick","Slimebound:FormOfPuddle"],"picked":"Slimebound:GoopTackle","floor":2.0},{"not_picked":["Slimebound:Schlurp","Slimebound:LeechEnergy"],"picked":"Slimebound:FirmFortitude","floor":4.0},{"not_picked":["Slimebound:Schlurp","Slimebound:FormOfPuddle"],"picked":"Slimebound:SlimeSpikes","floor":5.0},{"not_picked":["Slimebound:HauntingLick","Slimebound:DouseInSlime"],"picked":"Slimebound:PressTheAttack","floor":5.0},{"not_picked":["Slimebound:Prepare","Slimebound:Schlurp"],"picked":"Bomb","floor":9.0},{"not_picked":["Slimebound:RollThrough","Slimebound:FinishingTackle"],"picked":"Slimebound:MassRepurpose","floor":11.0},{"not_picked":["Slimebound:Nibble","Slimebound:FormOfPuddle"],"picked":"Slimebound:ProtectTheBoss","floor":13.0},{"not_picked":["Slimebound:RollThrough","Slimebound:ForwardTackle"],"picked":"Slimebound:LevelUp","floor":14.0},{"not_picked":["Slimebound:Equalize","Slimebound:TongueLash"],"picked":"Slimebound:SlimeTap","floor":15.0},{"not_picked":["Slimebound:OozeBath","Slimebound:FirmFortitude"],"picked":"Slimebound:MassFeed","floor":16.0},{"not_picked":["Slimebound:AcidTongue","Slimebound:FormOfPuddle"],"picked":"Slimebound:ComboTackle","floor":19.0},{"not_picked":["Slimebound:MegaLick","Slimebound:SlimeBarrage+1"],"picked":"Slimebound:FlameTackle","floor":21.0},{"not_picked":["Slimebound:SamplingLick","Slimebound:Gluttony"],"picked":"Slimebound:ComboTackle","floor":23.0},{"not_picked":["Slimebound:GoopTackle","Slimebound:MegaLick"],"picked":"Slimebound:MassFeed","floor":26.0},{"not_picked":["Slimebound:DisruptingSlam","Slimebound:RollThrough+1"],"picked":"Slimebound:GoopTackle","floor":27.0},{"not_picked":["Slimebound:Dissolve","Slimebound:PressTheAttack"],"picked":"Slimebound:Grow","floor":28.0},{"not_picked":["Slimebound:RollThrough","Slimebound:ForwardTackle"],"picked":"Slimebound:SplitBruiser+1","floor":29.0},{"not_picked":["Slimebound:FinishingTackle","Slimebound:LivingWall+1"],"picked":"Slimebound:SelfFormingGoo","floor":31.0},{"not_picked":["Slimebound:FlameTackle","Slimebound:SlimeSpikes"],"picked":"Slimebound:Chomp","floor":32.0},{"not_picked":["Slimebound:MinionMaster","Slimebound:OneTwoCombo"],"picked":"Slimebound:WasteNot","floor":33.0},{"not_picked":["Slimebound:ComboTackle+1","Slimebound:RejuvenatingLick"],"picked":"Slimebound:SplitMire+1","floor":36.0},{"not_picked":["Slimebound:SlimeBrawl","Slimebound:SamplingLick+1"],"picked":"Slimebound:SplitBruiser","floor":37.0},{"not_picked":["Slimebound:LevelUp","Slimebound:SplitBruiser+1"],"picked":"Slimebound:Repurpose","floor":39.0},{"not_picked":["Slimebound:GoopSpray","Slimebound:BestDefense"],"picked":"Slimebound:ComboTackle+1","floor":40.0},{"not_picked":["Slimebound:FinishingTackle","Slimebound:Grow"],"picked":"Slimebound:LeechEnergy","floor":42.0},{"not_picked":["Slimebound:RollThrough+1","Slimebound:GoopSpray+1"],"picked":"Slimebound:OozeBath","floor":44.0},{"not_picked":["Slimebound:SlimeSpikes","Slimebound:LeechingTouch"],"picked":"Slimebound:Dissolve","floor":45.0},{"not_picked":["Slimebound:ItLooksTasty+1","Slimebound:Equalize+1"],"picked":"Slimebound:SplitBruiser+1","floor":46.0},{"not_picked":["Slimebound:Schlurp","Slimebound:PressTheAttack+1"],"picked":"Slimebound:SplitMire","floor":47.0},{"not_picked":["Slimebound:PressTheAttack+1","Slimebound:LivingWall"],"picked":"Slimebound:Prepare+1","floor":49.0},{"not_picked":["Slimebound:HauntingLick+1","Slimebound:SamplingLick+1"],"picked":"Slimebound:SlimeSpikes","floor":53.0}],"player_experience":46491,"relics_obtained":[{"floor":1.0,"key":"GodSword3"},{"floor":2.0,"key":"LetterFromLob"},{"floor":5.0,"key":"Replay:Bandana"},{"floor":6.0,"key":"ReplayFunnel"},{"floor":7.0,"key":"GodSword5"},{"floor":9.0,"key":"Golden Egg"},{"floor":13.0,"key":"aspiration:FutureDiary"},{"floor":25.0,"key":"Tea:ReiMu"},{"floor":27.0,"key":"TheBible"},{"floor":31.0,"key":"DemoMod:Bottle"},{"floor":41.0,"key":"Coffee Dripper"},{"floor":46.0,"key":"testmod-OneHitWonder"},{"floor":48.0,"key":"downfall:GremlinWheel"},{"floor":53.0,"key":"ReplayTheSpireMod:Lightbulb"}],"event_choices":[{"damage_healed":0.0,"max_hp_gain":0.0,"max_hp_loss":0.0,"gold_gain":0.0,"event_name":"ZunEvent","player_choice":"交出神酒","floor":18.0,"relics_lost":["ZunR:ReiMu"],"gold_loss":0.0,"damage_taken":0.0,"cards_obtained":["ZunPunch:ReiMu"]},{"damage_healed":0.0,"max_hp_gain":0.0,"max_hp_loss":0.0,"gold_gain":400.0,"event_name":"恩洛斯的盘子","player_choice":"Sell","floor":20.0,"relics_lost":["YSD"],"gold_loss":0.0,"damage_taken":0.0}],"is_beta":false,"boss_relics":[{"not_picked":["Velvet Choker","PureWhite:ReiMu"],"picked":"AT_LudenTempest"},{"not_picked":[]},{"not_picked":["DemoMod:BigBoy","testmod-FatalChain"],"picked":"PlaceholderMod:FlatBlood"},{"not_picked":[]}],"items_purged_floors":[],"is_endless":false,"potions_floor_spawned":[4,9,14,15,23,26,27,31,36,40,44,46,49,53],"killed_by":"downfall:NeowBoss","ascension_level":0}}