{"host":"362zhnvmfmhc3u7b","time":1611426913,"event":{"mods":["BaseMod","Colored Powertips","Downfall","Minty Spire (QoL Compilation)","Quick Restart","Rare Cards Sparkle","StSLib"],"gold_per_floor":[114,114,114,129,144,144,174,25,25,25,75,75,75,90,90,190,190,205,55,55,55,6,6,6,36,36,36,51,51,66,96,96,196,196,211,76,76,91,106,145,145,169,169,169,184,184,184,184],"floor_reached":46,"language":"ENG","playtime":5494,"items_purged":[],"score":519,"play_id":"fb80ffeb-d0f0-4942-8ee2-ca29d4d0de79","local_time":"20210123133513","daily_mods":["Draft","ControlledChaos","downfall:Hexed"],"is_ascension_mode":false,"campfire_choices":[{"data":"sneckomod:WideSting","floor":6,"key":"SMITH"},{"data":"sneckomod:UnknownRareSkill","floor":12,"key":"SMITH"},{"data":"sneckomod:DefensiveFlair","floor":15,"key":"SMITH"},{"data":"sneckomod:MasterEye","floor":27,"key":"SMITH"},{"floor":41,"key":"REST"},{"floor":44,"key":"REST"}],"circlet_count":0,"master_deck":["sneckomod:UnknownBlock","sneckomod:UnknownDraw","sneckomod:QuickMove","sneckomod:SoulDraw","sneckomod:ImprovisedGuard","sneckomod:QuickBite","sneckomod:ImprovisedAttack","sneckomod:UnknownCommonAttack","sneckomod:WideSting+1","sneckomod:DiceCrush","sneckomod:QuickBite","sneckomod:UnknownCommonSkill","sneckomod:DiceCrush","sneckomod:UnknownWeak+1","sneckomod:QuickMove","sneckomod:UnknownBlock","sneckomod:UnknownWeak","sneckomod:MasterEye+1","sneckomod:DefensiveFlair+1","sneckomod:Restock","sneckomod:UnlimitedRolls","sneckomod:Unknown1Cost","sneckomod:UnknownDraw","sneckomod:SnekBeam","Malaise+1","sneckomod:UnknownCommonSkill","sneckomod:UnknownExhaust","sneckomod:UnknownWeak","Hemokinesis+1","sneckomod:Unknown3Cost","sneckomod:UnknownRareAttack","sneckomod:UnknownDraw+1","sneckomod:UnknownExhaust+1","sneckomod:UnknownClassRED+1","sneckomod:ImprovisedGuard"],"relics":["sneckomod:SuperSneckoSoul","Frozen Eye","Velvet Choker","Peace Pipe","Pen Nib","Singing Bowl","Bottled Lightning","Black Star","Vajra","Ice Cream","Smiling Mask","Mummified Hand","Art of War","Nunchaku","CeramicFish","sneckomod:LoadedDie","Turnip"],"acts_visited":["Exordium","TheCity","TheBeyond"],"potions_floor_usage":[31,31,33,42,45,45,45,46],"damage_taken":[{"damage":0,"enemies":"Jaw Worm","floor":1,"turns":2},{"damage":0,"enemies":"2 Louse","floor":4,"turns":2},{"damage":0,"enemies":"Cultist","floor":5,"turns":2},{"damage":30,"enemies":"Lagavulin","floor":7,"turns":6},{"damage":3,"enemies":"3 Sentries","floor":11,"turns":5},{"damage":4,"enemies":"Exordium Thugs","floor":14,"turns":4},{"damage":10,"enemies":"Hexaghost","floor":16,"turns":9},{"damage":10,"enemies":"3 Byrds","floor":18,"turns":6},{"damage":2,"enemies":"Book of Stabbing","floor":25,"turns":7},{"damage":0,"enemies":"Spheric Guardian","floor":28,"turns":3},{"damage":1,"enemies":"Snake Plant","floor":30,"turns":5},{"damage":6,"enemies":"Gremlin Leader","floor":31,"turns":6},{"damage":66,"enemies":"Automaton","floor":33,"turns":15},{"damage":2,"enemies":"3 Darklings","floor":35,"turns":4},{"damage":19,"enemies":"Orb Walker","floor":38,"turns":4},{"damage":17,"enemies":"Writhing Mass","floor":39,"turns":9},{"damage":45,"enemies":"Nemesis","floor":40,"turns":9},{"damage":28,"enemies":"Transient","floor":42,"turns":5},{"damage":30,"enemies":"4 Shapes","floor":45,"turns":2},{"damage":46,"enemies":"Giant Head","floor":46,"turns":10}],"seed_played":"-4692305807027556167","potions_obtained":[{"floor":5,"key":"LiquidBronze"},{"floor":16,"key":"LiquidMemories"},{"floor":25,"key":"Ancient Potion"},{"floor":31,"key":"sneckomod:OffclassReductionPotion"},{"floor":33,"key":"GamblersBrew"},{"floor":39,"key":"sneckomod:MuddlingPotion"},{"floor":42,"key":"Regen Potion"},{"floor":45,"key":"SneckoOil"}],"is_trial":false,"path_per_floor":["M","?","?","M","M","R","E","$","T","$","E","R","?","M","R","B",null,"M","$","?","?","$","?","R","E","T","R","M","?","M","E","R","B",null,"M","$","?","M","M","E","R","M","T","R","M","E"],"character_chosen":"THE_SNECKO","items_purchased":["sneckomod:MasterEye","sneckomod:DefensiveFlair","Vajra","sneckomod:UnknownDraw","sneckomod:UnknownRareAttack"],"campfire_rested":2,"item_purchase_floors":[8,8,19,22,36],"current_hp_per_floor":[90,72,72,72,72,72,42,42,42,42,39,39,39,35,35,25,90,82,82,82,82,82,82,82,80,80,80,80,80,79,73,73,7,92,92,92,92,73,56,11,39,11,11,39,16,0,0,0],"gold":184,"neow_bonus":"","is_daily":true,"chose_seed":false,"campfire_upgraded":4,"win_rate":0.0,"timestamp":1611426913,"path_taken":["M","?","?","M","M","R","E","$","T","$","E","R","?","M","R","BOSS","M","$","?","?","$","?","R","E","T","R","?","?","M","E","R","BOSS","M","$","?","M","M","E","R","M","T","R","M","E"],"items_purchased_type":["Card","Card","Relic","Card","Card"],"build_version":"2020-12-22","purchased_purges":0,"victory":false,"max_hp_per_floor":[90,90,90,90,90,90,90,90,90,90,90,90,90,90,90,90,90,92,92,92,92,92,92,92,92,92,92,92,92,92,92,92,92,92,94,94,94,94,94,94,94,94,94,94,96,96,96,96],"card_choices":[{"not_picked":["sneckomod:DiceCrush","sneckomod:RainOfDice"],"picked":"sneckomod:UnknownBlock","floor":0},{"not_picked":["sneckomod:SoulDraw","sneckomod:Unknown1Cost"],"picked":"sneckomod:UnknownDraw","floor":0},{"not_picked":["sneckomod:UnknownVulnerable","sneckomod:SoulRoll"],"picked":"sneckomod:QuickMove","floor":0},{"not_picked":["sneckomod:CheapStock","sneckomod:UnknownDexterity"],"picked":"sneckomod:SoulDraw","floor":0},{"not_picked":["sneckomod:SnekBeam","sneckomod:Unknown2Cost"],"picked":"sneckomod:ImprovisedGuard","floor":0},{"not_picked":["sneckomod:UnknownBlock","sneckomod:RainOfDice"],"picked":"sneckomod:QuickBite","floor":0},{"not_picked":["sneckomod:QuickBite","sneckomod:UnknownBlock"],"picked":"sneckomod:ImprovisedAttack","floor":0},{"not_picked":["sneckomod:DiceBlock","sneckomod:MasterEye"],"picked":"sneckomod:UnknownCommonAttack","floor":0},{"not_picked":["sneckomod:UnknownBlock","sneckomod:UnknownCommonSkill"],"picked":"sneckomod:WideSting","floor":0},{"not_picked":["sneckomod:Nope","sneckomod:DiceBlock"],"picked":"sneckomod:DiceCrush","floor":0},{"not_picked":["sneckomod:SoulCleanse","sneckomod:UnknownX"],"picked":"sneckomod:QuickBite","floor":0},{"not_picked":["sneckomod:MixItUp","sneckomod:CheapStock"],"picked":"sneckomod:RainOfDice","floor":0},{"not_picked":["sneckomod:Unknown0Cost","sneckomod:UnknownExhaust"],"picked":"sneckomod:UnknownCommonSkill","floor":0},{"not_picked":["sneckomod:SoulDraw","sneckomod:SoulCleanse"],"picked":"sneckomod:DiceCrush","floor":0},{"not_picked":["sneckomod:SerpentIdol","sneckomod:SoulDraw"],"picked":"sneckomod:UnknownWeak","floor":0},{"not_picked":["sneckomod:SoulDraw","sneckomod:SoulRoll"],"picked":"sneckomod:QuickMove","floor":1},{"not_picked":["sneckomod:UnknownCommonAttack","sneckomod:DiceCrush"],"picked":"sneckomod:UnknownBlock","floor":4},{"not_picked":["sneckomod:WideSting","sneckomod:UnknownCommonAttack"],"picked":"sneckomod:UnknownRareSkill","floor":5},{"not_picked":["sneckomod:WideSting","sneckomod:ImprovisedAttack"],"picked":"sneckomod:UnknownWeak","floor":7},{"not_picked":["sneckomod:UnknownUncommonAttack","sneckomod:DiceCrush"],"picked":"sneckomod:DefensiveFlair","floor":11},{"not_picked":["sneckomod:UnknownDraw","sneckomod:UnknownCommonAttack"],"picked":"sneckomod:PureSnecko","floor":14},{"not_picked":["sneckomod:SerpentMind","sneckomod:Mudshield"],"picked":"sneckomod:Restock","floor":16},{"not_picked":["sneckomod:RainOfDice","sneckomod:DiceCrush","sneckomod:UnknownExhaust"],"picked":"Singing Bowl","floor":18},{"not_picked":["sneckomod:DefensiveFlair","sneckomod:Nope"],"picked":"sneckomod:UnknownCommonSkill","floor":25},{"not_picked":["sneckomod:DefensiveFlair","sneckomod:SerpentIdol"],"picked":"sneckomod:UnknownExhaust","floor":28},{"not_picked":["sneckomod:RainOfDice","sneckomod:TrashToTreasure+1"],"picked":"sneckomod:UnknownUncommonAttack+1","floor":30},{"not_picked":["sneckomod:TrashToTreasure+1","sneckomod:UnknownX"],"picked":"sneckomod:UnknownWeak","floor":31},{"not_picked":["sneckomod:Transmogrify","sneckomod:SerpentMind"],"picked":"sneckomod:Unknown3Cost","floor":33},{"not_picked":["sneckomod:QuickMove+1","sneckomod:SoulCleanse","sneckomod:SerpentIdol"],"picked":"Singing Bowl","floor":35},{"not_picked":["sneckomod:RainOfDice+1","sneckomod:UnknownUncommonAttack"],"picked":"sneckomod:UnknownDraw+1","floor":38},{"not_picked":["sneckomod:UnknownClassGREEN","sneckomod:UnknownDraw"],"picked":"sneckomod:UnknownExhaust+1","floor":39},{"not_picked":["sneckomod:SerpentMind","sneckomod:SoulDraw"],"picked":"sneckomod:UnknownClassRED+1","floor":40},{"not_picked":["sneckomod:CheapStock","sneckomod:DiceCrush+1"],"picked":"sneckomod:ImprovisedGuard","floor":42},{"not_picked":["sneckomod:QuickBite+1","sneckomod:UnknownClassRED","sneckomod:SoulRoll"],"picked":"Singing Bowl","floor":45}],"player_experience":1786711,"relics_obtained":[{"floor":7,"key":"Pen Nib"},{"floor":9,"key":"Singing Bowl"},{"floor":11,"key":"Bottled Lightning"},{"floor":25,"key":"Ice Cream"},{"floor":25,"key":"Smiling Mask"},{"floor":26,"key":"Mummified Hand"},{"floor":31,"key":"Art of War"},{"floor":31,"key":"Nunchaku"},{"floor":40,"key":"CeramicFish"},{"floor":40,"key":"sneckomod:LoadedDie"},{"floor":43,"key":"Turnip"}],"event_choices":[{"damage_healed":0,"gold_gain":0,"player_choice":"Success","damage_taken":18,"relics_obtained":["Peace Pipe"],"max_hp_gain":0,"max_hp_loss":0,"event_name":"Scrap Ooze","floor":2,"gold_loss":0},{"damage_healed":0,"gold_gain":0,"player_choice":"Grow","damage_taken":0,"max_hp_gain":0,"max_hp_loss":0,"event_name":"Living Wall","floor":3,"gold_loss":0,"cards_upgraded":["sneckomod:UnknownWeak"]},{"damage_healed":0,"gold_gain":0,"player_choice":"Ignored","damage_taken":0,"max_hp_gain":0,"max_hp_loss":0,"event_name":"Shining Light","floor":13,"gold_loss":0},{"damage_healed":0,"gold_gain":0,"cards_transformed":["sneckomod:RainOfDice","sneckomod:DefensiveFlair"],"player_choice":"Became Test Subject","damage_taken":0,"max_hp_gain":0,"max_hp_loss":0,"event_name":"Drug Dealer","floor":21,"gold_loss":0,"cards_obtained":["sneckomod:UnlimitedRolls","sneckomod:Unknown1Cost"]},{"damage_healed":0,"gold_gain":0,"player_choice":"Read","damage_taken":0,"max_hp_gain":0,"max_hp_loss":0,"event_name":"The Library","floor":23,"gold_loss":0,"cards_obtained":["sneckomod:SnekBeam"]},{"damage_healed":0,"gold_gain":0,"player_choice":"Ignored","damage_taken":0,"max_hp_gain":0,"max_hp_loss":0,"event_name":"Ghosts","floor":29,"gold_loss":0},{"cards_removed":["sneckomod:PureSnecko"],"damage_healed":0,"gold_gain":0,"player_choice":"Card Removal","damage_taken":0,"max_hp_gain":0,"max_hp_loss":0,"event_name":"Wheel of Change","floor":37,"gold_loss":0}],"is_beta":false,"boss_relics":[{"not_picked":["Empty Cage","Busted Crown"],"picked":"Black Star"},{"not_picked":["expansioncontent:StudyCardRelic","Fusion Hammer"],"picked":"sneckomod:SuperSneckoSoul"}],"items_purged_floors":[],"is_endless":false,"potions_floor_spawned":[5,16,25,28,31,33,39,42,45],"killed_by":"Giant Head","ascension_level":0}}