{"host":"w3q5ijqu8eoknil3","time":1611384621,"event":{"mods":["AchievementEnabler","BaseMod","Block Reminder","Colored Map","Colored Powertips","Curses Come First","Dark Map","Minty Spire (QoL Compilation)","Quick Restart","Relic Stats","StSLib","ojb\u0027s Better Paths Mod","ojb\u0027s Info Mod","slay the spire mod where everything is the same but ironclad has a cowboy hat"],"gold_per_floor":[113,113,113,137,152,152,187,187,187,63,63,63],"floor_reached":11,"language":"ENG","playtime":214,"items_purged":[],"score":135,"play_id":"2a4d9d77-f81b-4a67-861d-2e7c4a0af7f4","local_time":"20210123065021","is_ascension_mode":true,"campfire_choices":[{"data":"All Out Attack","floor":6,"key":"SMITH"},{"floor":8,"key":"REST"}],"circlet_count":0,"master_deck":["AscendersBane","Strike_G","Strike_G","Strike_G","Strike_G","Strike_G","Defend_G","Defend_G","Defend_G","Defend_G","Defend_G","Survivor","Neutralize","Flying Knee","All Out Attack+1","Well Laid Plans","Bouncing Flask","Catalyst"],"relics":["Ring of the Snake","NeowsBlessing","Mercury Hourglass","Golden Idol","WingedGreaves","Mummified Hand"],"acts_visited":["Exordium"],"potions_floor_usage":[],"damage_taken":[{"damage":0,"enemies":"Jaw Worm","floor":1,"turns":1},{"damage":0,"enemies":"Small Slimes","floor":4,"turns":1},{"damage":0,"enemies":"2 Louse","floor":5,"turns":1},{"damage":38,"enemies":"Lagavulin","floor":7,"turns":8},{"damage":37,"enemies":"3 Sentries","floor":11,"turns":5}],"seed_played":"5261518545821204512","potions_obtained":[],"is_trial":false,"path_per_floor":["M","?","?","M","M","R","E","R","T","$","E"],"character_chosen":"THE_SILENT","items_purchased":["Bouncing Flask","Catalyst"],"campfire_rested":1,"item_purchase_floors":[10,10],"current_hp_per_floor":[59,54,54,54,54,54,16,34,34,34,0,0],"gold":63,"neow_bonus":"THREE_ENEMY_KILL","is_daily":false,"chose_seed":false,"campfire_upgraded":1,"win_rate":0.0,"timestamp":1611384621,"path_taken":["M","?","?","M","M","R","E","R","T","?","E"],"items_purchased_type":["Card","Card"],"build_version":"2020-12-22","purchased_purges":0,"victory":false,"max_hp_per_floor":[66,66,60,60,60,60,60,60,60,60,60,60],"relic_stats":{"counters":[5,15],"Golden Idol":15,"Mummified Hand":[1],"obtain_stats":[{"NeowsBlessing":0,"Golden Idol":3,"Mummified Hand":9,"WingedGreaves":7,"Ring of the Snake":0,"Mercury Hourglass":2},{"NeowsBlessing":0,"Golden Idol":1,"Mummified Hand":4,"WingedGreaves":4,"Ring of the Snake":0,"Mercury Hourglass":1},{"NeowsBlessing":0,"Golden Idol":1,"Mummified Hand":10,"WingedGreaves":10,"Ring of the Snake":0,"Mercury Hourglass":1}],"Ring of the Snake":[10],"Mercury Hourglass":[63]},"card_choices":[{"not_picked":["Acrobatics","Prepared"],"picked":"Flying Knee","floor":1},{"not_picked":["Leg Sweep","Finisher"],"picked":"All Out Attack","floor":4},{"not_picked":["Flying Knee","Underhanded Strike"],"picked":"Well Laid Plans","floor":5},{"not_picked":["Slice","Flying Knee","Escape Plan"],"picked":"SKIP","floor":7}],"player_experience":1011577,"relics_obtained":[{"floor":7,"key":"WingedGreaves"},{"floor":9,"key":"Mummified Hand"}],"event_choices":[{"damage_healed":0,"gold_gain":0,"player_choice":"Success","damage_taken":5,"relics_obtained":["Mercury Hourglass"],"max_hp_gain":0,"max_hp_loss":0,"event_name":"Scrap Ooze","floor":2,"gold_loss":0},{"damage_healed":0,"gold_gain":0,"player_choice":"Lose Max HP","damage_taken":0,"relics_obtained":["Golden Idol"],"max_hp_gain":0,"max_hp_loss":6,"event_name":"Golden Idol","floor":3,"gold_loss":0}],"is_beta":false,"boss_relics":[],"items_purged_floors":[],"is_endless":false,"potions_floor_spawned":[],"killed_by":"3 Sentries","ascension_level":18}}