{"host":"fr8lq8ydi6z2hexg","time":1611396392,"event":{"mods":["AchievementEnabler","Aspiration","BaseMod","Bestiary","Better Altar","Better Third Choice","Block Reminder","Card Forge","Challenge The Spire","Colored Powertips","Conspire","Custom Start","Downfall","Googly Eyes","Highlight Path","Hubris","Ironclad Rager","Minty Spire (QoL Compilation)","Remove Card Discount Mod","Shop Mod","Spicy Shops","Spire Arcade","StS++","StSLib","The IronCluck","TheSwordswoman","Waifu the Spire","Wide Potions","everything is the same but u backflip on backflip","slay the spire mod where everything is the same but ironclad has a cowboy hat","vexMod","??????REMEMod"],"gold_per_floor":[417,8,18,28,45,75,75,85,85,85,120,148,148,123,123,199,199,219,239,252,270,270,270,305,305,305,305,318,318,352,31,31,106,106,123,137,157,157,171,171,201,220,220,220,237,253,253,273,273,273,273],"floor_reached":52,"language":"ENG","playtime":2251,"items_purged":["Strike_R","Strike_R"],"score":1972,"play_id":"b9921b64-39f5-49e4-89e0-d39db4a597da","local_time":"20210123110632","is_ascension_mode":true,"campfire_choices":[{"data":"Sword Boomerang","floor":7.0,"key":"SMITH"},{"data":"Shockwave","floor":13.0,"key":"SMITH"},{"data":"conspire:GhostlyStrike","floor":15.0,"key":"SMITH"},{"data":"Inflame","floor":23.0,"key":"SMITH"},{"data":"Impervious","floor":25.0,"key":"SMITH"},{"floor":32.0,"key":"REST"},{"floor":40.0,"key":"REST"},{"floor":44.0,"key":"REST"},{"floor":49,"key":"REST"}],"circlet_count":0,"master_deck":["AscendersBane","conspire:GhostlyStrike+1","conspire:GhostlyDefend+1","conspire:GhostlyDefend+1","Bash+1","hexamod:TimeOfNeed+1","Carnage+1","Limit Break+1","Spot Weakness+1","Barricade+1","Armaments+1","Sword Boomerang+1","Shockwave+1","CurseOfTheBell","Shrug It Off","Impervious+1","Inflame+1","StSpp:Succumb+1","conspire:Banana"],"relics":["Burning Blood","Hammer of Thor","Seething Fire","Anvil of the Gods","REME_ComplimentaryCards","REME_LimitBreaker","Torii","TungstenRod","PreservedInsect","Old Coin","hubris:IronBody","Ice Cream","hubris:DeckOfHolding","vexMod:Dragonfruit","aspiration:FrozenJewel","Charon\u0027s Ashes","Ginger","Odd Mushroom","Calling Bell","War Paint","Pantograph","champ:DuelingGlove","hubris:MedicalManual","Letter Opener","Omamori","vexMod:RedPlottingStone","Black Star","StSpp:TwinEgg","Gremlin Horn","hexamod:CandleOfCauterizing"],"acts_visited":["Exordium","TheCity","TheBeyond"],"potions_floor_usage":[50,50],"damage_taken":[{"damage":5.0,"enemies":"2 Louse","floor":1.0,"turns":5.0},{"damage":0.0,"enemies":"Small Slimes","floor":3.0,"turns":3.0},{"damage":6.0,"enemies":"Jaw Worm","floor":4.0,"turns":2.0},{"damage":0.0,"enemies":"Blue Slaver","floor":5.0,"turns":4.0},{"damage":6.0,"enemies":"Lagavulin","floor":6.0,"turns":5.0},{"damage":0.0,"enemies":"2 Fungi Beasts","floor":8.0,"turns":4.0},{"damage":5.0,"enemies":"Gremlin Nob","floor":11.0,"turns":3.0},{"damage":0.0,"enemies":"The Mushroom Lair","floor":12.0,"turns":2.0},{"damage":6.0,"enemies":"Slime Boss","floor":16.0,"turns":7.0},{"damage":0.0,"enemies":"3 Byrds","floor":18.0,"turns":3.0},{"damage":0.0,"enemies":"Chosen","floor":19.0,"turns":4.0},{"damage":19.0,"enemies":"Snake Plant","floor":20.0,"turns":2.0},{"damage":13.0,"enemies":"Cultist and Chosen","floor":21.0,"turns":5.0},{"damage":0.0,"enemies":"Gremlin Leader","floor":24.0,"turns":4.0},{"damage":7.0,"enemies":"Sentry and Sphere","floor":28.0,"turns":6.0},{"damage":12.0,"enemies":"Book of Stabbing","floor":30.0,"turns":5.0},{"damage":5.0,"enemies":"Automaton","floor":33.0,"turns":30.0},{"damage":24.0,"enemies":"3 Darklings","floor":35.0,"turns":4.0},{"damage":0.0,"enemies":"3 Shapes","floor":36.0,"turns":3.0},{"damage":9.0,"enemies":"3 Darklings","floor":37.0,"turns":4.0},{"damage":28.0,"enemies":"Jaw Worm Horde","floor":39.0,"turns":4.0},{"damage":5.0,"enemies":"Giant Head","floor":41.0,"turns":7.0},{"damage":57.0,"enemies":"Transient","floor":42.0,"turns":6.0},{"damage":18.0,"enemies":"4 Shapes","floor":45.0,"turns":4.0},{"damage":7.0,"enemies":"Sphere and 2 Shapes","floor":46.0,"turns":4.0},{"damage":15,"enemies":"Spire Growth","floor":48,"turns":4},{"damage":36,"enemies":"Donu and Deca","floor":50,"turns":9},{"damage":18,"enemies":"hubris:GrandSnecko","floor":51,"turns":8}],"seed_played":"-3546264535921834236","potions_obtained":[{"floor":3.0,"key":"GamblersBrew"},{"floor":6.0,"key":"EssenceOfSteel"},{"floor":21.0,"key":"Explosive Potion"},{"floor":24.0,"key":"StSpp:ScatteredPotion"},{"floor":28.0,"key":"Ancient Potion"},{"floor":33.0,"key":"StSpp:InhibitionPotion"}],"is_trial":true,"path_per_floor":["M","$","M","M","M","E","R","M","T","?","E","?","R","?","R","B",null,"M","M","M","M","?","R","E","R","T","$","M","?","E","$","R","B",null,"M","M","M","?","M","R","E","M","T","R","M","M","?","M","R","B","B",null],"character_chosen":"IRONCLAD","items_purchased":["hubris:DeckOfHolding","vexMod:Dragonfruit","vexMod:RedPlottingStone"],"campfire_rested":4,"item_purchase_floors":[2,2,31],"current_hp_per_floor":[69,74,80,80,80,80,80,80,80,80,80,80,80,80,80,80,80,80,80,67,60,60,60,66,66,66,66,65,65,59,59,80,80,80,62,68,65,65,44,68,70,20,20,44,33,33,36,28,54,50,63],"gold":273,"neow_bonus":"","is_daily":false,"chose_seed":false,"campfire_upgraded":5,"win_rate":0.0,"timestamp":1611396392,"path_taken":["M","$","M","M","M","E","R","M","T","?","E","?","R","?","R","BOSS","M","M","M","M","?","R","E","R","T","$","M","?","E","$","R","BOSS","M","M","?","?","M","R","E","M","T","R","M","M","?","M","R","BOSS","BOSS"],"items_purchased_type":["Relic","Relic","Relic"],"build_version":"2020-12-22","purchased_purges":2,"victory":true,"max_hp_per_floor":[75,80,80,80,80,80,80,80,80,80,80,80,80,80,80,80,80,80,80,80,80,80,80,80,80,80,80,80,80,80,80,80,80,80,80,80,80,80,81,81,82,83,83,83,84,85,88,89,89,90,90],"card_choices":[{"not_picked":["Pommel Strike","REME_SingleHolding","Wild Strike"],"picked":"SKIP","floor":1.0},{"not_picked":["Armaments","Anger"],"picked":"Sword Boomerang","floor":3.0},{"not_picked":["Metallicize","Dual Wield","ICR:PowerAttack"],"picked":"SKIP","floor":4.0},{"not_picked":["Sword Boomerang","Evolve","Anger"],"picked":"SKIP","floor":5.0},{"not_picked":["Burning Pact","StSpp:Succumb","Reckless Charge"],"picked":"SKIP","floor":6.0},{"not_picked":["Carnage","Reckless Charge","Flex"],"picked":"SKIP","floor":8.0},{"not_picked":["Iron Wave","Pommel Strike"],"picked":"Shockwave","floor":11.0},{"not_picked":["StSpp:Succumb","StSpp:Jab"],"picked":"Shrug It Off","floor":18.0},{"not_picked":["Feel No Pain","Body Slam","Intimidate"],"picked":"SKIP","floor":19.0},{"not_picked":["Anger","Clothesline"],"picked":"Impervious","floor":20.0},{"not_picked":["StSpp:Sprint","Clothesline"],"picked":"Inflame","floor":21.0},{"not_picked":["ICR:PowerAttack","Headbutt","Cleave"],"picked":"SKIP","floor":24.0},{"not_picked":["True Grit","Thunderclap"],"picked":"StSpp:Succumb+1","floor":28.0},{"not_picked":["Warcry+1","Sentinel+1","Sword Boomerang"],"picked":"SKIP","floor":30.0},{"not_picked":["Shrug It Off","Hemokinesis+1","Shockwave"],"picked":"SKIP","floor":35.0},{"not_picked":["Clothesline","Headbutt","Twin Strike"],"picked":"SKIP","floor":36.0},{"not_picked":["Iron Wave","Clash","ICR:PowerAttack"],"picked":"SKIP","floor":37.0},{"not_picked":["StSpp:Panic","REME_ShortnessOfBreath"],"picked":"conspire:Banana","floor":38.0},{"not_picked":["True Grit+1","Rupture","Bloodletting"],"picked":"SKIP","floor":39.0},{"not_picked":["Heavy Blade","Reckless Charge","Headbutt+1"],"picked":"SKIP","floor":41.0},{"not_picked":["Warcry","Body Slam","Evolve+1"],"picked":"SKIP","floor":42.0},{"not_picked":["Armaments","Anger","Sword Boomerang"],"picked":"SKIP","floor":45.0},{"not_picked":["Perfected Strike","StSpp:IntoTheAbyss","Flex"],"picked":"SKIP","floor":46.0},{"not_picked":["Pommel Strike+1","Anger","Armaments"],"picked":"SKIP","floor":48}],"player_experience":881340,"relics_obtained":[{"floor":6.0,"key":"aspiration:FrozenJewel"},{"floor":9.0,"key":"Charon\u0027s Ashes"},{"floor":11.0,"key":"Ginger"},{"floor":12.0,"key":"Odd Mushroom"},{"floor":17.0,"key":"War Paint"},{"floor":17.0,"key":"Pantograph"},{"floor":17.0,"key":"champ:DuelingGlove"},{"floor":24.0,"key":"hubris:MedicalManual"},{"floor":26.0,"key":"Letter Opener"},{"floor":30.0,"key":"Omamori"},{"floor":41.0,"key":"StSpp:TwinEgg"},{"floor":41.0,"key":"Gremlin Horn"},{"floor":43.0,"key":"hexamod:CandleOfCauterizing"}],"event_choices":[{"damage_healed":0.0,"max_hp_gain":0.0,"max_hp_loss":0.0,"gold_gain":0.0,"event_name":"conspire:LoneGhost","player_choice":"Agree","floor":10.0,"gold_loss":0.0,"damage_taken":0.0},{"damage_healed":0.0,"max_hp_gain":0.0,"max_hp_loss":0.0,"gold_gain":0.0,"event_name":"Mushrooms","player_choice":"Fought Mushrooms","floor":12.0,"gold_loss":0.0,"damage_taken":0.0},{"damage_healed":0.0,"max_hp_gain":0.0,"max_hp_loss":0.0,"gold_gain":0.0,"event_name":"The Mausoleum","player_choice":"Ignored","floor":22.0,"gold_loss":0.0,"damage_taken":0.0},{"damage_healed":0.0,"max_hp_gain":0.0,"max_hp_loss":0.0,"gold_gain":0.0,"event_name":"N\u0027loth","player_choice":"Ignored","floor":29.0,"gold_loss":0.0,"damage_taken":0.0},{"damage_healed":0.0,"max_hp_gain":0.0,"max_hp_loss":0.0,"gold_gain":0.0,"event_name":"SensoryStone","player_choice":"Memory 1","floor":38.0,"gold_loss":0.0,"damage_taken":0.0}],"is_beta":false,"boss_relics":[{"not_picked":["hubris:CrackedHourglass","REME_DuelDisc"],"picked":"Calling Bell"},{"not_picked":["Tiny House","Snecko Eye"],"picked":"Black Star"}],"items_purged_floors":[2,2],"is_endless":false,"potions_floor_spawned":[3,6,12,21,24,28,33,35,39,41,45],"ascension_level":20}}