{"host":"bg8va46pgqgvtzim","time":1611409646,"event":{"mods":["BaseMod","Minty Spire (QoL Compilation)","Quick Restart","StSLib","SuperFastMode"],"gold_per_floor":[109,120,132,132,150,150,150,150],"floor_reached":7,"language":"ZHS","playtime":340,"items_purged":[],"score":45,"play_id":"9e8ee13d-43bf-438e-a1aa-9abd4a385fbb","local_time":"20210123214726","is_ascension_mode":true,"campfire_choices":[{"data":"Noxious Fumes","floor":6,"key":"SMITH"}],"circlet_count":0,"master_deck":["Strike_G","Strike_G","Strike_G","Strike_G","Strike_G","Defend_G","Defend_G","Defend_G","Defend_G","Defend_G","Survivor","Neutralize","Dagger Throw","Noxious Fumes+1","Calculated Gamble","Prepared"],"relics":["Ring of the Snake","MealTicket","Juzu Bracelet"],"acts_visited":["Exordium"],"potions_floor_usage":[],"damage_taken":[{"damage":1.0,"enemies":"Cultist","floor":1.0,"turns":4.0},{"damage":0.0,"enemies":"Small Slimes","floor":2.0,"turns":3.0},{"damage":3,"enemies":"Jaw Worm","floor":3,"turns":6},{"damage":21,"enemies":"Exordium Thugs","floor":5,"turns":7},{"damage":0,"enemies":"3 Sentries","floor":7,"turns":1}],"seed_played":"1185347915242621774","potions_obtained":[{"floor":2.0,"key":"BlessingOfTheForge"},{"floor":3,"key":"DuplicationPotion"},{"floor":5,"key":"Swift Potion"}],"is_trial":false,"path_per_floor":["M","M","M","?","M","R","E"],"character_chosen":"THE_SILENT","items_purchased":[],"campfire_rested":0,"item_purchase_floors":[],"current_hp_per_floor":[69,69,66,41,20,20,20,20],"gold":150,"neow_bonus":"RANDOM_COMMON_RELIC","is_daily":false,"chose_seed":false,"campfire_upgraded":1,"win_rate":0.0,"timestamp":1611409646,"path_taken":["M","M","?","?","M","R","E"],"items_purchased_type":[],"build_version":"2020-12-22","purchased_purges":0,"victory":false,"max_hp_per_floor":[70,70,70,70,70,70,70,70],"card_choices":[{"not_picked":["Flying Knee","Deflect"],"picked":"Dagger Throw","floor":1.0},{"not_picked":["Caltrops","Escape Plan"],"picked":"Noxious Fumes","floor":2.0},{"not_picked":["Dodge and Roll","Deflect"],"picked":"Calculated Gamble","floor":3},{"not_picked":["Deadly Poison","Crippling Poison"],"picked":"Prepared","floor":5}],"player_experience":2312841,"relics_obtained":[],"event_choices":[{"damage_healed":0,"gold_gain":0,"player_choice":"Success","damage_taken":25,"relics_obtained":["Juzu Bracelet"],"max_hp_gain":0,"max_hp_loss":0,"event_name":"Scrap Ooze","floor":4,"gold_loss":0}],"is_beta":false,"boss_relics":[],"items_purged_floors":[],"is_endless":false,"potions_floor_spawned":[2,3,5],"killed_by":"3 Sentries","ascension_level":1}}