{"host":"njo8qgvy2a57fcny","time":1611385105,"event":{"mods":["Ascension Unlocker","Aspiration","BaseMod","BetterRewards","CCEM","Colored Map","Colored Powertips","Conspire","Custom Start","Downfall","GifTheSpireLib","Halation","Hermit","Hubris","Infinite Spire","Jedi Mod","Mimic Mod","Minty Spire (QoL Compilation)","Quick Restart","Random Character Button","Random Character Mod","Rare Cards Sparkle","Relic Sorter","Replay The Spire","Shop Mod","StSLib","Stuff the Spire","The Animator","The Jungle","The Runesmith","The Servant 0.9.4","vexMod"],"gold_per_floor":[99,99,99,99,99,131,131,147,161,61,0,136,136,148,163,263,263,163,174,193,203,203,13,38,38,158,173,293,304,304,419,429,530,530,280,70,70,70,83,83,160,160,276,326,338,446,480,488,504,504,504,504],"floor_reached":50,"language":"ENG","playtime":4100,"items_purged":[],"score":699,"play_id":"63bf1497-4ea6-404a-95d3-b02148fb3494","local_time":"20210123175825","is_ascension_mode":true,"campfire_choices":[{"floor":1,"key":"RECALL"},{"data":"Replay:GuardianBash","floor":10,"key":"SMITH"},{"data":"Guardian:SphericShield","floor":18,"key":"SMITH"},{"data":"Guardian:Orbwalk","floor":25,"key":"SMITH"},{"data":"Guardian:BaubleBeam","floor":40,"key":"SMITH"},{"data":"infinitespire:Collect","floor":42,"key":"SMITH"}],"circlet_count":0,"master_deck":["Guardian:Strike_Guardian","Guardian:Strike_Guardian","Guardian:Defend_Guardian","Guardian:Defend_Guardian","Guardian:Defend_Guardian","Guardian:TwinSlam","Guardian:Incinerate","Replay:GuardianBash+1","Guardian:Reroute","Guardian:BronzeArmor","Spot Weakness","Guardian:Recover","Entrench","Guardian:VentSteam","Guardian:TimeCapacitor","Guardian:ChargeUp","Guardian:SphericShield+1","Guardian:Planning","Guardian:Orbwalk+1","Guardian:BaubleBeam+1","Guardian:Clone","Guardian:Harden+1","Guardian:SpikerProtocol","Guardian:PiercingHide","Guardian:ShieldSpikes","Guardian:GemFinder","Guardian:BronzeArmor","Guardian:ShieldCharger+1","Guardian:CrystalBeam","Guardian:RevengeProtocol","Guardian:Incinerate","Guardian:DecasProtection","Guardian:DecasProtection","animator:Curse_GriefSeed","infinitespire:Collect+1","Guardian:SpikerProtocol","Guardian:Gem_Lightblue","Guardian:MultiBeam+1","Guardian:PiercingHide+1","Guardian:Gem_Red","Guardian:CrystalBeam+1","Guardian:Gem_Green","Guardian:Gem_Blue","Guardian:EvasiveProtocol","Guardian:Gem_Red","Guardian:VentSteam","Guardian:Suspension+1"],"relics":["downfall:HeartsMalice","hubris:Icosahedron","m_GuardianBlood","Omamori","StuffTheSpire:TintedRock","downfall:HeartBlessingRed","HornCleat","aspiration:AnachronicSnailShell","vexMod:DeviousBotling","downfall:HeartBlessingGreen","Blue Candle","CCEMRelics:Barrel","StuffTheSpire:RunicHypercube","downfall:HeartBlessingBlue","CCEMRelics:JestersCrown","Replay:WaspNest","Replay:Rubber Ducky","infinitespire:Joker Card","Iron Hammer","Ice Cream"],"acts_visited":["Exordium","Exordium","TheBeyond"],"potions_floor_usage":[11,11,16,20,23,33,33,45],"damage_taken":[{"damage":0,"enemies":"Jaw Worm","floor":2,"turns":1},{"damage":0,"enemies":"2 Louse","floor":4,"turns":1},{"damage":0,"enemies":"Lagavulin","floor":6,"turns":1},{"damage":10,"enemies":"Small Slimes","floor":8,"turns":4},{"damage":11,"enemies":"Exordium Wildlife","floor":9,"turns":4},{"damage":0,"enemies":"downfall:FleeingMerchant","floor":11,"turns":4},{"damage":14,"enemies":"Gremlin Nob","floor":12,"turns":3},{"damage":5,"enemies":"Exordium Thugs","floor":14,"turns":5},{"damage":5,"enemies":"3 Louse","floor":15,"turns":4},{"damage":41,"enemies":"SI_SHIV_ARCHETYPE","floor":16,"turns":9},{"damage":2,"enemies":"theJungle:GiantWrat","floor":19,"turns":5},{"damage":0,"enemies":"theJungle:MUSHROOMGANG","floor":20,"turns":5},{"damage":3,"enemies":"theJungle:Snecko_Cultist_And_Trap","floor":21,"turns":5},{"damage":1,"enemies":"downfall:FleeingMerchant","floor":23,"turns":4},{"damage":14,"enemies":"theJungle:MamaSnecko","floor":26,"turns":7},{"damage":0,"enemies":"Snake Plant","floor":27,"turns":3},{"damage":0,"enemies":"theJungle:2_Phrogs","floor":28,"turns":7},{"damage":0,"enemies":"theJungle:Lyon","floor":29,"turns":5},{"damage":11,"enemies":"theJungle:Cassacara","floor":31,"turns":10},{"damage":8,"enemies":"theJungle:JungleHuntersEncounter","floor":32,"turns":7},{"damage":39,"enemies":"DF_ARCHETYPE_CLAW","floor":33,"turns":10},{"damage":0,"enemies":"downfall:FleeingMerchant","floor":36,"turns":4},{"damage":1,"enemies":"Orb Walker","floor":39,"turns":5},{"damage":25,"enemies":"Nemesis","floor":43,"turns":11},{"damage":33,"enemies":"2 Orb Walkers","floor":44,"turns":5},{"damage":0,"enemies":"3 Darklings","floor":45,"turns":6},{"damage":9,"enemies":"Giant Head","floor":46,"turns":9},{"damage":0,"enemies":"conspire:MimicChest","floor":47,"turns":4},{"damage":0,"enemies":"Maw","floor":48,"turns":8},{"damage":7,"enemies":"Transient","floor":49,"turns":5},{"damage":57,"enemies":"WA_ARCHETYPE_DIVINITY","floor":50,"turns":5}],"seed_played":"1065670411294242057","potions_obtained":[{"floor":8,"key":"SpeedPotion"},{"floor":9,"key":"Fire Potion"},{"floor":12,"key":"SkillPotion"},{"floor":19,"key":"Guardian:DefensiveModePotion"},{"floor":21,"key":"AttackPotion"},{"floor":28,"key":"bronze:BurnAndBuffPotion"},{"floor":31,"key":"FearPotion"},{"floor":44,"key":"DistilledChaos"},{"floor":47,"key":"Weak Potion"},{"floor":48,"key":"ColorlessPotion"},{"floor":49,"key":"champ:CounterPotion"}],"is_trial":false,"path_per_floor":["R","M","?","M","?","E","T","M","M","R","$","E","?","M","M","B",null,"R_BF","M","M","M","?","$","T","R","E","M","E","M","?","E","M","B",null,"R_BF","$","?","?","M","R","T","R","E","?","M","E","?","M","M","B"],"character_chosen":"GUARDIAN","items_purchased":["Guardian:VentSteam","Guardian:Harden+1","Guardian:SpikerProtocol","Guardian:PiercingHide","CCEMRelics:JestersCrown","Guardian:DecasProtection"],"campfire_rested":0,"item_purchase_floors":[11,23,23,23,36,36],"current_hp_per_floor":[80,80,80,80,80,80,80,76,71,71,77,72,54,55,56,21,80,80,80,80,80,75,80,80,80,72,78,80,80,80,75,73,40,80,100,100,87,87,87,87,87,87,68,41,47,44,50,56,55,0,0,0],"gold":504,"neow_bonus":"THREE_ENEMY_KILL","is_daily":false,"chose_seed":false,"campfire_upgraded":5,"win_rate":0.0,"timestamp":1611385105,"path_taken":["R","M","?","M","?","E","T","M","M","R","?","E","?","?","M","BOSS","R_BF","M","M","M","?","$","T","R","E","M","E","M","?","E","M","BOSS","R_BF","$","?","?","M","R","T","R","E","?","?","E","?","?","M","BOSS"],"items_purchased_type":["Card","Card","Card","Card","Relic","Card"],"build_version":"2020-12-22","purchased_purges":0,"victory":false,"max_hp_per_floor":[80,80,80,80,80,80,80,80,80,80,80,80,80,80,80,80,80,80,80,80,80,80,80,80,80,80,80,80,80,80,80,80,80,80,100,100,87,87,87,87,87,87,87,87,87,87,87,87,87,87,87,87],"card_choices":[{"not_picked":["Guardian:RollAttack","Guardian:Reroute"],"picked":"Guardian:Incinerate","floor":2},{"not_picked":["Guardian:TemporalShield","Guardian:Emergency"],"picked":"Guardian:Reroute","floor":4},{"not_picked":["Whirlwind","Guardian:PrimingBeam"],"picked":"Guardian:BronzeArmor","floor":6},{"not_picked":["Guardian:Reroute","Twin Strike"],"picked":"Spot Weakness","floor":8},{"not_picked":["Guardian:CrystalBeam","Guardian:PrimingBeam"],"picked":"Guardian:Recover","floor":9},{"not_picked":["Guardian:TemporalShield","Guardian:Gem_Green"],"picked":"Entrench","floor":11},{"not_picked":["Entrench","Guardian:CrystalBeam"],"picked":"Guardian:Gem_White","floor":12},{"not_picked":["Guardian:Repulse","Guardian:Gem_Lightblue"],"picked":"Guardian:TimeCapacitor","floor":14},{"not_picked":["Massacre","Guardian:Gem_Green"],"picked":"Guardian:ChargeUp","floor":15},{"not_picked":["Guardian:HyperBeam_Guardian","Guardian:GemFire"],"picked":"Guardian:SphericShield","floor":16},{"not_picked":["Guardian:Gem_Green","Guardian:VentSteam"],"picked":"Guardian:Planning","floor":19},{"not_picked":["Guardian:Planning","Guardian:RollAttack"],"picked":"Guardian:Orbwalk","floor":20},{"not_picked":["Guardian:Reroute","Guardian:VentSteam+1"],"picked":"Guardian:BaubleBeam","floor":21},{"not_picked":["Guardian:ChargeCore+1","Guardian:TemporalShield"],"picked":"Guardian:Clone","floor":23},{"not_picked":["Guardian:WalkerClaw","Guardian:Repulse"],"picked":"Guardian:ShieldSpikes","floor":26},{"not_picked":["Guardian:PrismaticBarrier","Guardian:BodySlam+1"],"picked":"Guardian:GemFinder","floor":27},{"not_picked":["Guardian:Gem_Green","Guardian:Gem_Lightblue"],"picked":"Guardian:Gem_Cyan","floor":28},{"not_picked":["Guardian:Gem_Green","Guardian:Incinerate"],"picked":"Guardian:BronzeArmor","floor":28},{"not_picked":["Guardian:Gem_Green","Guardian:Gem_Lightblue"],"picked":"Guardian:Gem_Red","floor":29},{"not_picked":["Guardian:ConstructionForm","Guardian:Gem_Cyan"],"picked":"Guardian:ShieldCharger+1","floor":29},{"not_picked":["Guardian:Gem_Cyan","Guardian:Gem_Lightblue"],"picked":"Guardian:Gem_Green","floor":31},{"not_picked":["Guardian:Planning","Guardian:HyperBeam_Guardian"],"picked":"Guardian:CrystalBeam","floor":31},{"not_picked":["Guardian:Gem_Green","Guardian:Gem_Lightblue"],"picked":"Guardian:Gem_Cyan","floor":32},{"not_picked":["Guardian:PrimingBeam+1","Guardian:Gem_Blue"],"picked":"Guardian:Gem_Orange","floor":32},{"not_picked":["Guardian:Gem_Lightblue","Guardian:Gem_Cyan"],"picked":"Guardian:Gem_Red","floor":32},{"not_picked":["Guardian:Gem_Green","Guardian:Gem_Cyan"],"picked":"Guardian:Gem_Red","floor":33},{"not_picked":["Guardian:StasisStrike","Guardian:ConstructionForm"],"picked":"Guardian:RevengeProtocol","floor":33},{"not_picked":["Guardian:TemporalStrike","Guardian:Planning+1"],"picked":"Guardian:Incinerate","floor":36},{"not_picked":["infinitespire:Gouge","ReplayTheSpireMod:??????????????????????"],"picked":"infinitespire:Collect","floor":38},{"not_picked":["Guardian:Gem_Cyan","Guardian:Gem_Green"],"picked":"Guardian:Gem_Red","floor":39},{"not_picked":["Guardian:RollAttack","Guardian:Incinerate"],"picked":"Guardian:SpikerProtocol","floor":39},{"not_picked":["Guardian:Gem_Green","Guardian:Gem_Cyan"],"picked":"Guardian:Gem_Lightblue","floor":43},{"not_picked":["Guardian:WalkerClaw","Guardian:ChargeUp"],"picked":"Guardian:MultiBeam+1","floor":43},{"not_picked":["Guardian:Incinerate","Guardian:Gem_Green"],"picked":"Guardian:PiercingHide+1","floor":44},{"not_picked":["Guardian:Gem_Cyan","Guardian:Gem_Green"],"picked":"Guardian:Gem_Red","floor":45},{"not_picked":["Guardian:SentryBeam","Guardian:Reroute"],"picked":"Guardian:CrystalBeam+1","floor":45},{"not_picked":["Guardian:Gem_Lightblue","Guardian:Gem_Cyan"],"picked":"Guardian:Gem_Green","floor":46},{"not_picked":["Guardian:Gem_Fragmented","Guardian:Gem_Lightblue"],"picked":"Guardian:Gem_Blue","floor":46},{"not_picked":["Guardian:Planning+1","Guardian:PrismaticBarrier+1"],"picked":"Guardian:EvasiveProtocol","floor":47},{"not_picked":["Guardian:Gem_Lightblue","Guardian:Gem_Cyan"],"picked":"Guardian:Gem_Red","floor":48},{"not_picked":["Guardian:Gem_Red","Guardian:Gem_Lightblue"],"picked":"Guardian:VentSteam","floor":48},{"not_picked":["Guardian:PrismaticBarrier","Guardian:TemporalShield"],"picked":"Guardian:Suspension+1","floor":49}],"player_experience":650028,"relics_obtained":[{"floor":6,"key":"Omamori"},{"floor":7,"key":"StuffTheSpire:TintedRock"},{"floor":12,"key":"HornCleat"},{"floor":31,"key":"CCEMRelics:Barrel"},{"floor":41,"key":"Replay:WaspNest"},{"floor":43,"key":"Replay:Rubber Ducky"},{"floor":44,"key":"infinitespire:Joker Card"},{"floor":46,"key":"Iron Hammer"},{"floor":47,"key":"Ice Cream"}],"event_choices":[{"damage_healed":0,"gold_gain":0,"player_choice":"Success","damage_taken":18,"relics_obtained":["aspiration:AnachronicSnailShell"],"max_hp_gain":0,"max_hp_loss":0,"event_name":"Scrap Ooze","floor":13,"gold_loss":0},{"damage_healed":0,"gold_gain":0,"player_choice":"Fight","damage_taken":0,"max_hp_gain":0,"max_hp_loss":0,"event_name":"Mysterious Sphere","floor":44,"gold_loss":0}],"is_beta":false,"boss_relics":[{"not_picked":["Fusion Hammer","vexMod:NewClearReactor"],"picked":"vexMod:DeviousBotling"},{"not_picked":["Snecko Eye","halation:Yufonium"],"picked":"StuffTheSpire:RunicHypercube"}],"items_purged_floors":[],"is_endless":false,"potions_floor_spawned":[8,9,12,19,21,28,31,44,47,48,49],"killed_by":"WA_ARCHETYPE_DIVINITY","ascension_level":1}}