{"host":"irwdypew7j0recua","time":1611417037,"event":{"mods":["AchievementEnabler","BaseMod","Better Third Choice","Better Vampires","BetterRewards","Conspire","Custom Start","Downfall","Googly Eyes","Hermit","Infinite Spire","KomeijiMod","Marisa????????","Minty Spire (QoL Compilation)","Quick Restart","Rare Cards Sparkle","Reworked Bosses","Shop Mod","Spicy Shops","StSLib","The Construct","The Cursed","The Necromancer","WarShipGirlsR/????R mod"],"gold_per_floor":[117,152,152,168,168,200,200,228,228,24,42,56,0,20,20,120,120,130,130,130,143,143,143,143,174,174,194,194,205,205,205,205,309,609,619,919,931,931,931,931],"floor_reached":39,"language":"ENG","playtime":1596,"items_purged":["Pain"],"score":479,"play_id":"7335d8ed-ca89-4bb6-abb9-4a25c1454279","local_time":"20210123135037","is_ascension_mode":true,"campfire_choices":[{"floor":7,"key":"REST"},{"floor":15,"key":"REST"},{"data":"infinitespire:Collect","floor":23,"key":"SMITH"},{"data":"Eviscerate","floor":28,"key":"SMITH"},{"data":"Adrenaline","floor":30,"key":"SMITH"},{"floor":32,"key":"RECALL"}],"circlet_count":0,"master_deck":["Strike_G","Strike_G","Strike_G","Strike_G","Defend_G","Defend_G","Defend_G","Defend_G","Defend_G","Survivor","Neutralize","conspire:DoublingDagger","Choke","Dagger Throw","Masterful Stab","Flying Knee","Adrenaline+1","Finisher","Backstab","Blade Dance","Enlightenment","Prepared","Adrenaline","Eviscerate+1","infinitespire:FutureSight","infinitespire:Collect+1","Envenom","RitualDagger","After Image","CurseOfTheBell"],"relics":["Ring of the Snake","conspire:DeflatedDodgeball","Oddly Smooth Stone","Bag of Marbles","Membership Card","Vajra","Tiny Chest","Busted Crown","Boot","Darkstone Periapt","Regal Pillow","Bottled Lightning","Calling Bell","Blood Vial","Meat on the Bone","Old Coin","conspire:Dentures"],"acts_visited":["Exordium","TheCity","TheBeyond"],"potions_floor_usage":[33],"damage_taken":[{"damage":0,"enemies":"Small Slimes","floor":1,"turns":3},{"damage":19,"enemies":"conspire:MimicChest","floor":2,"turns":5},{"damage":0,"enemies":"2 Louse","floor":4,"turns":3},{"damage":31,"enemies":"Lagavulin","floor":6,"turns":6},{"damage":27,"enemies":"3 Sentries","floor":8,"turns":11},{"damage":0,"enemies":"Cultist","floor":11,"turns":1},{"damage":6,"enemies":"2 Fungi Beasts","floor":12,"turns":1},{"damage":8,"enemies":"Looter","floor":14,"turns":2},{"damage":27,"enemies":"Hexaghost","floor":16,"turns":8},{"damage":0,"enemies":"Spheric Guardian","floor":18,"turns":1},{"damage":8,"enemies":"2 Thieves","floor":21,"turns":3},{"damage":0,"enemies":"Gremlin Leader","floor":25,"turns":2},{"damage":0,"enemies":"Sentry and Sphere","floor":27,"turns":2},{"damage":0,"enemies":"Snake Plant","floor":29,"turns":1},{"damage":21,"enemies":"conspire:MysteriousRune","floor":33,"turns":6},{"damage":0,"enemies":"Orb Walker","floor":35,"turns":1},{"damage":17,"enemies":"3 Shapes","floor":37,"turns":3}],"seed_played":"9069848269104429031","potions_obtained":[{"floor":2,"key":"Weak Potion"},{"floor":6,"key":"Poison Potion"},{"floor":11,"key":"Block Potion"},{"floor":16,"key":"CunningPotion"},{"floor":21,"key":"RedTea"},{"floor":37,"key":"FearPotion"}],"is_trial":false,"path_per_floor":["M","?","?","M","?","E","R","E","T","$","M","M","?","M","R","B",null,"M","AVR","?","M","?","R","T","E","T","M","R","M","R","?","R","B",null,"M","?","M","T","M"],"character_chosen":"THE_SILENT","items_purchased":["Membership Card","Vajra","Tiny Chest"],"campfire_rested":2,"item_purchase_floors":[10,10,10],"current_hp_per_floor":[70,51,51,51,51,20,41,14,14,14,14,8,14,6,28,1,76,76,76,76,68,68,68,68,68,68,68,68,68,68,62,62,41,82,82,82,65,65,0,0],"gold":931,"neow_bonus":"THREE_CARDS","is_daily":false,"chose_seed":false,"campfire_upgraded":3,"win_rate":0.0,"timestamp":1611417037,"path_taken":["M","?","?","?","?","E","R","E","T","$","M","M","?","M","R","BOSS","M","AVR","?","M","?","R","?","E","T","M","R","M","R","?","R","BOSS","M","?","?","?","M"],"items_purchased_type":["Relic","Relic","Relic"],"build_version":"2020-12-22","purchased_purges":1,"victory":false,"max_hp_per_floor":[70,70,70,70,70,70,70,70,70,70,70,70,76,76,76,76,76,76,76,76,76,76,76,76,76,76,76,76,76,76,76,76,76,82,82,82,82,82,82,82],"card_choices":[{"not_picked":["PiercingWail","Slice"],"picked":"conspire:DoublingDagger","floor":0},{"not_picked":["Dodge and Roll","Cloak And Dagger"],"picked":"Choke","floor":1},{"not_picked":["Backflip","Escape Plan"],"picked":"Dagger Throw","floor":2},{"not_picked":["Dagger Spray","Predator"],"picked":"Flying Knee","floor":4},{"not_picked":["Sucker Punch","Reflex"],"picked":"Adrenaline","floor":6},{"not_picked":["Blade Dance","Prepared"],"picked":"Finisher","floor":8},{"not_picked":["Catalyst","Deadly Poison"],"picked":"Backstab","floor":11},{"not_picked":["Tactician","Quick Slash"],"picked":"Blade Dance","floor":12},{"not_picked":["Backstab","Reflex"],"picked":"Prepared","floor":14},{"not_picked":["Unload","infinitespire:Neurotoxin"],"picked":"Adrenaline","floor":16},{"not_picked":[],"picked":"Eviscerate","floor":18},{"not_picked":["PiercingWail"],"picked":"SKIP","floor":21},{"not_picked":[],"picked":"Envenom","floor":25},{"not_picked":["Prepared"],"picked":"SKIP","floor":27},{"not_picked":["Dagger Spray"],"picked":"SKIP","floor":29},{"not_picked":["Dagger Spray"],"picked":"SKIP","floor":29},{"not_picked":[],"picked":"After Image","floor":33},{"not_picked":["Dagger Spray"],"picked":"SKIP","floor":35},{"not_picked":["Reflex"],"picked":"SKIP","floor":37}],"player_experience":169022,"relics_obtained":[{"floor":2,"key":"conspire:DeflatedDodgeball"},{"floor":6,"key":"Oddly Smooth Stone"},{"floor":8,"key":"Bag of Marbles"},{"floor":24,"key":"Darkstone Periapt"},{"floor":25,"key":"Regal Pillow"},{"floor":26,"key":"Bottled Lightning"},{"floor":34,"key":"Blood Vial"},{"floor":34,"key":"Meat on the Bone"},{"floor":34,"key":"Old Coin"},{"floor":38,"key":"conspire:Dentures"}],"event_choices":[{"damage_healed":0,"gold_gain":0,"cards_transformed":["Strike_G"],"player_choice":"Transformed","damage_taken":0,"max_hp_gain":0,"max_hp_loss":0,"event_name":"Transmorgrifier","floor":3,"gold_loss":0,"cards_obtained":["Masterful Stab"]},{"damage_healed":0,"gold_gain":0,"player_choice":"RENOUNCE","damage_taken":56,"max_hp_gain":0,"max_hp_loss":0,"event_name":"betterThird:BetterSerpent","floor":13,"gold_loss":56,"cards_obtained":["Enlightenment"]},{"damage_healed":0,"gold_gain":0,"player_choice":"Ignored","damage_taken":0,"max_hp_gain":0,"max_hp_loss":0,"event_name":"The Mausoleum","floor":20,"gold_loss":0},{"damage_healed":0,"gold_gain":0,"player_choice":"Dagger","damage_taken":6,"max_hp_gain":0,"max_hp_loss":0,"event_name":"betterThird:BetterNest","floor":31,"gold_loss":0,"cards_obtained":["RitualDagger"]},{"damage_healed":0,"gold_gain":300,"player_choice":"Gold","damage_taken":0,"max_hp_gain":0,"max_hp_loss":0,"event_name":"Wheel of Change","floor":36,"gold_loss":0}],"is_beta":false,"boss_relics":[{"not_picked":["Tiny House","Ectoplasm"],"picked":"Busted Crown"},{"not_picked":["construct:ClawGrip","Philosopher\u0027s Stone"],"picked":"Calling Bell"}],"items_purged_floors":[19],"is_endless":false,"potions_floor_spawned":[2,6,11,16,18,21,29,37],"killed_by":"Sphere and 2 Shapes","ascension_level":1}}