{"host":"0wmeqr6jlf4kz37n","time":1611390895,"event":{"mods":["Act Like it!","BaseMod","Downfall","Minty Spire (QoL Compilation)","Quick Restart","StSLib","TestMod","vexMod"],"gold_per_floor":[0,19,36,50,35,65,90,90,90,107,7,17,17,43,59,155,155,55,72,72,86,103,115,115,130,30,60,79,79,95,95,107,207,207,207,207,218,230,248,248,248,166,182,203,203,88,88,124,139,139,139,139,139,139],"floor_reached":52,"language":"ZHS","playtime":10698,"items_purged":["bronze:Strike","bronze:Repair"],"score":745,"play_id":"92f676ac-53fc-411d-8b3a-328981da2b93","local_time":"20210123163455","is_ascension_mode":false,"campfire_choices":[{"floor":1.0,"key":"RECALL"},{"data":"bronze:Goto","floor":9.0,"key":"SMITH"},{"data":"bronze:FineTuning","floor":11.0,"key":"SMITH"},{"data":"bronze:GetLatest","floor":13.0,"key":"SMITH"},{"data":"bronze:HardenedForm","floor":18.0,"key":"SMITH"},{"data":"bronze:Verify","floor":26.0,"key":"SMITH"},{"data":"bronze:Repulsor","floor":29.0,"key":"SMITH"},{"data":"bronze:DelayedSlice","floor":35.0,"key":"SMITH"},{"data":"bronze:Assembly","floor":45.0,"key":"SMITH"},{"data":"bronze:Replicate","floor":47.0,"key":"SMITH"}],"circlet_count":0,"master_deck":["bronze:Defend","bronze:Defend","bronze:Defend","bronze:Defend","bronze:Replicate+1","bronze:Goto+1","bronze:GetLatest+1","bronze:FineTuning+1","bronze:DelayedSlice+1","bronze:Repair+1","bronze:Flail+1","bronze:HardenedForm+1","bronze:Iterate+1","bronze:Verify+1","bronze:ClassDefault+1","bronze:Branch+1","bronze:Repulsor+1","bronze:Fortify+1","bronze:Turbo+1","bronze:CutThrough+1","bronze:FindAndReplace+1","bronze:Assembly+1","bronze:FineTuning+1","bronze:BronzeOrb+1"],"relics":["bronze:PlatinumCore","testmod-TestBox","testmod-Charity","Bird Faced Urn","Bag of Marbles","downfall:HeartBlessingRed","Happy Flower","downfall:HeartBlessingGreen","Bag of Preparation","downfall:HeartBlessingBlue","bronze:ProtectiveGoggles","vexMod:ImprovementManual","CeramicFish","bronze:CableSpool"],"acts_visited":["Exordium","TheCity","TheBeyond","TheEnding"],"potions_floor_usage":[50],"damage_taken":[{"damage":1.0,"enemies":"Jaw Worm","floor":2.0,"turns":4.0},{"damage":0.0,"enemies":"Cultist","floor":3.0,"turns":2.0},{"damage":0.0,"enemies":"2 Louse","floor":4.0,"turns":3.0},{"damage":0.0,"enemies":"downfall:FleeingMerchant","floor":5.0,"turns":4.0},{"damage":18.0,"enemies":"Gremlin Nob","floor":6.0,"turns":3.0},{"damage":4.0,"enemies":"Gremlin Gang","floor":10.0,"turns":4.0},{"damage":0.0,"enemies":"3 Louse","floor":12.0,"turns":2.0},{"damage":5.0,"enemies":"3 Sentries","floor":14.0,"turns":2.0},{"damage":1.0,"enemies":"Large Slime","floor":15.0,"turns":2.0},{"damage":14.0,"enemies":"WA_ARCHETYPE_RETAIN","floor":16.0,"turns":7.0},{"damage":0.0,"enemies":"Chosen","floor":19.0,"turns":4.0},{"damage":2.0,"enemies":"Snake Plant","floor":21.0,"turns":4.0},{"damage":2.0,"enemies":"Centurion and Healer","floor":22.0,"turns":4.0},{"damage":34.0,"enemies":"Shelled Parasite and Fungi","floor":23.0,"turns":5.0},{"damage":5.0,"enemies":"Chosen and Byrds","floor":25.0,"turns":4.0},{"damage":0.0,"enemies":"Gremlin Leader","floor":27.0,"turns":4.0},{"damage":0.0,"enemies":"3 Cultists","floor":28.0,"turns":3.0},{"damage":7.0,"enemies":"Shelled Parasite and Fungi","floor":30.0,"turns":4.0},{"damage":35.0,"enemies":"Centurion and Healer","floor":32.0,"turns":6.0},{"damage":25.0,"enemies":"SI_MIRROR_ARCHETYPE","floor":33.0,"turns":7.0},{"damage":14.0,"enemies":"3 Darklings","floor":37.0,"turns":3.0},{"damage":21.0,"enemies":"3 Shapes","floor":38.0,"turns":2.0},{"damage":12.0,"enemies":"Jaw Worm Horde","floor":39.0,"turns":2.0},{"damage":0.0,"enemies":"downfall:FleeingMerchant","floor":42.0,"turns":4.0},{"damage":16.0,"enemies":"Spire Growth","floor":43.0,"turns":4.0},{"damage":28.0,"enemies":"Transient","floor":44.0,"turns":5.0},{"damage":0.0,"enemies":"downfall:FleeingMerchant","floor":46.0,"turns":4.0},{"damage":52.0,"enemies":"Reptomancer","floor":48.0,"turns":6.0},{"damage":0.0,"enemies":"Maw","floor":49.0,"turns":5.0},{"damage":63,"enemies":"IC_BLOCK_ARCHETYPE","floor":50,"turns":9},{"damage":124,"enemies":"downfall:CharBossMerchant","floor":52,"turns":10}],"seed_played":"-640343343914595380","potions_obtained":[{"floor":2.0,"key":"Explosive Potion"},{"floor":3.0,"key":"SkillPotion"},{"floor":6.0,"key":"SkillPotion"},{"floor":15.0,"key":"Slimebound:ThreeZeroPotion"},{"floor":16.0,"key":"Explosive Potion"},{"floor":22.0,"key":"testmod-SpacePotion"},{"floor":27.0,"key":"Swift Potion"},{"floor":28.0,"key":"Explosive Potion"},{"floor":33.0,"key":"SpeedPotion"},{"floor":39.0,"key":"bronze:BurnAndBuffPotion"},{"floor":43.0,"key":"Fire Potion"},{"floor":48.0,"key":"Weak Potion"}],"is_trial":false,"path_per_floor":["R","M","M","M","$","E","T","?","R","M","R","M","R","E","M","B",null,"R","M","?","M","M","M","T","M","R","E","M","R","M","?","M","B",null,"R","?","M","M","M","?","T","$","M","M","R","$","R","E","M","B",null,"E"],"character_chosen":"THE_AUTOMATON","items_purchased":[],"campfire_rested":0,"item_purchase_floors":[],"current_hp_per_floor":[70,70,71,72,72,55,56,56,56,61,61,62,62,66,66,62,80,80,81,73,81,83,59,59,73,83,96,97,97,98,98,83,81,100,100,90,81,63,62,62,62,77,89,88,88,100,100,68,87,43,110,0,0,0],"gold":139,"neow_bonus":"ONE_RARE_RELIC","is_daily":false,"chose_seed":false,"campfire_upgraded":9,"win_rate":0.0,"timestamp":1611390895,"path_taken":["R","M","M","M","$","E","T","?","R","M","R","M","R","E","M","BOSS","R","?","?","M","?","M","T","M","R","E","M","R","?","?","M","BOSS","R","?","M","M","M","?","T","$","M","M","R","$","R","E","M","BOSS","E"],"items_purchased_type":[],"build_version":"2020-12-22","purchased_purges":2,"victory":false,"max_hp_per_floor":[70,71,72,73,73,74,75,75,75,76,76,77,77,78,79,80,80,80,81,81,82,83,84,84,85,95,96,97,97,98,98,99,100,100,100,100,101,102,103,103,103,104,105,107,107,107,107,109,110,110,110,110,110,110],"card_choices":[{"not_picked":["bronze:Shell","bronze:Shield"],"picked":"bronze:GetLatest","floor":2.0},{"not_picked":["bronze:BronzeArmor","bronze:Turbo"],"picked":"bronze:FineTuning","floor":3.0},{"not_picked":["bronze:ForLoop","bronze:CloningBeam"],"picked":"bronze:DelayedSlice","floor":4.0},{"not_picked":["bronze:Overheat","bronze:CutThrough","bronze:BuggyMess"],"picked":"SKIP","floor":5.0},{"not_picked":["bronze:OilSpill","bronze:Optimize"],"picked":"bronze:Repair","floor":6.0},{"not_picked":["bronze:Shield","bronze:Overheat"],"picked":"bronze:Flail","floor":10.0},{"not_picked":["bronze:Frontload","bronze:Deprecate"],"picked":"bronze:HardenedForm","floor":12.0},{"not_picked":["bronze:Format","bronze:DelayedGuard","bronze:Shell"],"picked":"SKIP","floor":14.0},{"not_picked":["bronze:Overheat","bronze:DelayedSlice"],"picked":"bronze:Iterate","floor":15.0},{"not_picked":["bronze:Assembly","bronze:AlphaBuild"],"picked":"bronze:Verify","floor":16.0},{"not_picked":["bronze:Deprecate+1","bronze:BronzeArmor"],"picked":"bronze:ClassDefault","floor":19.0},{"not_picked":["bronze:Iterate+1","bronze:Invalidate","bronze:BitShift+1"],"picked":"SKIP","floor":21.0},{"not_picked":["bronze:ForceShield+1","bronze:OilSpill","bronze:HyperBeam"],"picked":"SKIP","floor":22.0},{"not_picked":["bronze:CutThrough","bronze:BugBarrage"],"picked":"bronze:Repair","floor":23.0},{"not_picked":["bronze:CloningBeam+1","bronze:Iterate+1"],"picked":"bronze:Branch+1","floor":25.0},{"not_picked":["bronze:Backtrace","bronze:DelayedGuard"],"picked":"bronze:Repulsor","floor":27.0},{"not_picked":["bronze:BronzeArmor","bronze:ForceShield"],"picked":"bronze:Fortify","floor":28.0},{"not_picked":["bronze:Overheat","bronze:DarkDash"],"picked":"bronze:Turbo+1","floor":30.0},{"not_picked":["bronze:DelayedSlice","bronze:WhirlingStrike"],"picked":"bronze:CutThrough+1","floor":32.0},{"not_picked":["bronze:ThunderWave","bronze:Verify"],"picked":"bronze:FindAndReplace","floor":33.0},{"not_picked":["expansioncontent:AwakenDeath","expansioncontent:GuardianWhirl"],"picked":"expansioncontent:LastStand","floor":36.0},{"not_picked":["bronze:Branch+1","bronze:DelayedSlice+1","bronze:Shell"],"picked":"SKIP","floor":37.0},{"not_picked":["bronze:DelayedGuard+1","bronze:BitShift","bronze:ForceShield"],"picked":"SKIP","floor":38.0},{"not_picked":["bronze:Frontload","bronze:BuggyMess","bronze:Return+1"],"picked":"SKIP","floor":39.0},{"not_picked":["bronze:Invalidate+1","bronze:Deprecate+1"],"picked":"bronze:Assembly","floor":42.0},{"not_picked":["bronze:Deprecate","bronze:Overheat+1","bronze:BronzeArmor"],"picked":"SKIP","floor":43.0},{"not_picked":["bronze:OilSpill","bronze:Shield"],"picked":"bronze:FineTuning+1","floor":44.0},{"not_picked":["bronze:Return+1","bronze:ItsAFeature+1","bronze:FineTuning"],"picked":"SKIP","floor":46.0},{"not_picked":["bronze:Overload","bronze:Shell"],"picked":"bronze:BronzeOrb+1","floor":48.0},{"not_picked":["bronze:CutThrough+1","bronze:Optimize","bronze:Deprecate"],"picked":"SKIP","floor":49.0}],"player_experience":292666,"relics_obtained":[{"floor":6.0,"key":"Bag of Marbles"},{"floor":14.0,"key":"Happy Flower"},{"floor":24.0,"key":"Bag of Preparation"},{"floor":27.0,"key":"bronze:ProtectiveGoggles"},{"floor":41.0,"key":"CeramicFish"},{"floor":48.0,"key":"bronze:CableSpool"}],"event_choices":[{"cards_removed":["expansioncontent:LastStand"],"damage_healed":0.0,"max_hp_gain":0.0,"max_hp_loss":0.0,"gold_gain":0.0,"event_name":"Falling","player_choice":"Removed Power","floor":40.0,"gold_loss":0.0,"damage_taken":0.0}],"is_beta":false,"boss_relics":[{"not_picked":["Runic Pyramid","Fusion Hammer"],"picked":"bronze:PlatinumCore"},{"not_picked":["bronze:MakeshiftBattery","testmod-Recursion"],"picked":"vexMod:ImprovementManual"}],"items_purged_floors":[42,46],"is_endless":false,"potions_floor_spawned":[2,3,6,15,16,19,22,27,28,33,39,43,48],"killed_by":"downfall:CharBossMerchant","ascension_level":0}}