{"host":"hwrdjx5eod2cxh09","time":1611388679,"event":{"mods":["AchievementEnabler","BaseMod","Bestiary","Minty Spire (QoL Compilation)","Relic Stats"],"gold_per_floor":[117,127,146,146,146,146,161,181,227,256,431,113,141,160,160,265,265,281,292,292,303,303,303],"floor_reached":22,"language":"ENG","playtime":1358,"items_purged":["Doubt"],"score":198,"play_id":"2ddb6041-5b80-46e5-b15f-e9e25139d698","local_time":"20210123165759","is_ascension_mode":false,"campfire_choices":[{"data":"Eruption","floor":6.0,"key":"SMITH"},{"floor":15.0,"key":"REST"}],"circlet_count":0,"master_deck":["Strike_P","Defend_P","Defend_P+1","Defend_P","Defend_P","Eruption+1","Vigilance","DevaForm","ClearTheMind+1","SignatureMove","Consecrate","ThirdEye","EmptyBody","Collect","TalkToTheHand","CutThroughFate","Vault","CutThroughFate","Perseverance","Devotion","CurseOfTheBell","Conclude","SandsOfTime","Study","WreathOfFlame","Adaptation+1"],"relics":["PureWater","War Paint","Darkstone Periapt","Bag of Marbles","Calling Bell","Blood Vial","Meat on the Bone","Peace Pipe"],"acts_visited":["Exordium","TheCity"],"potions_floor_usage":[22],"damage_taken":[{"damage":2.0,"enemies":"2 Louse","floor":1.0,"turns":4.0},{"damage":0.0,"enemies":"Small Slimes","floor":2.0,"turns":4.0},{"damage":0.0,"enemies":"Cultist","floor":3.0,"turns":2.0},{"damage":10.0,"enemies":"Looter","floor":7.0,"turns":4.0},{"damage":2.0,"enemies":"Large Slime","floor":8.0,"turns":5.0},{"damage":15.0,"enemies":"3 Sentries","floor":10.0,"turns":8.0},{"damage":18.0,"enemies":"Gremlin Nob","floor":13.0,"turns":4.0},{"damage":5.0,"enemies":"3 Louse","floor":14.0,"turns":3.0},{"damage":19,"enemies":"Hexaghost","floor":16,"turns":9},{"damage":29,"enemies":"3 Byrds","floor":18,"turns":7},{"damage":3,"enemies":"Chosen","floor":19,"turns":8},{"damage":19,"enemies":"Sentry and Sphere","floor":21,"turns":6},{"damage":52,"enemies":"Snake Plant","floor":22,"turns":4}],"seed_played":"-2830944621569684411","potions_obtained":[{"floor":1.0,"key":"Swift Potion"},{"floor":8.0,"key":"LiquidMemories"},{"floor":13.0,"key":"StancePotion"},{"floor":14.0,"key":"FearPotion"},{"floor":19,"key":"LiquidBronze"}],"is_trial":false,"path_per_floor":["M","M","M","?","?","R","M","M","T","E","?","$","E","M","R","B",null,"M","M","?","M","M"],"character_chosen":"WATCHER","items_purchased":["TalkToTheHand","CutThroughFate","Vault"],"campfire_rested":1,"item_purchase_floors":[12,12,12],"current_hp_per_floor":[70,70,70,63,63,63,53,51,51,36,42,42,24,19,42,23,84,55,54,54,49,0,0],"gold":303,"neow_bonus":"ONE_RANDOM_RARE_CARD","is_daily":false,"chose_seed":false,"campfire_upgraded":1,"win_rate":0.0,"timestamp":1611388679,"path_taken":["M","M","M","?","?","R","M","?","T","E","?","$","E","M","R","BOSS","M","M","?","M","M"],"items_purchased_type":["Card","Card","Card"],"build_version":"2020-12-22","purchased_purges":1,"victory":false,"max_hp_per_floor":[72,72,72,72,72,72,72,72,72,72,78,78,78,78,78,78,84,84,84,84,84,84,84],"relic_stats":{"Darkstone Periapt":12,"Blood Vial":6,"Peace Pipe":0,"counters":[13,68],"War Paint":["Defend_P","ClearTheMind"],"obtain_stats":[{"Darkstone Periapt":10,"Calling Bell":17,"Blood Vial":17,"Peace Pipe":17,"Bag of Marbles":13,"PureWater":0,"War Paint":9,"Meat on the Bone":17},{"Darkstone Periapt":6,"Calling Bell":9,"Blood Vial":9,"Peace Pipe":9,"Bag of Marbles":7,"PureWater":0,"War Paint":5,"Meat on the Bone":9},{"Darkstone Periapt":27,"Calling Bell":43,"Blood Vial":43,"Peace Pipe":43,"Bag of Marbles":31,"PureWater":0,"War Paint":19,"Meat on the Bone":43}],"Meat on the Bone":12},"card_choices":[{"not_picked":["Fasting2","BowlingBash"],"picked":"ClearTheMind","floor":1.0},{"not_picked":["PathToVictory","BattleHymn"],"picked":"SignatureMove","floor":2.0},{"not_picked":["EmptyFist","ClearTheMind"],"picked":"Consecrate","floor":3.0},{"not_picked":["LikeWater","Sanctity"],"picked":"ThirdEye","floor":7.0},{"not_picked":["Perseverance","Prostrate"],"picked":"EmptyBody","floor":8.0},{"not_picked":["SashWhip","ReachHeaven"],"picked":"Collect","floor":10.0},{"not_picked":["ThirdEye","CrushJoints"],"picked":"CutThroughFate","floor":13.0},{"not_picked":["Pray","CrushJoints"],"picked":"Perseverance","floor":14.0},{"not_picked":["MasterReality","Scrawl"],"picked":"Devotion","floor":16},{"not_picked":["FlyingSleeves","Wallop"],"picked":"Conclude","floor":18},{"not_picked":["EmptyFist+1","Swivel"],"picked":"SandsOfTime","floor":19},{"not_picked":["DevaForm","WreathOfFlame"],"picked":"Adaptation+1","floor":21}],"player_experience":249703,"relics_obtained":[{"floor":9.0,"key":"War Paint"},{"floor":10.0,"key":"Darkstone Periapt"},{"floor":13.0,"key":"Bag of Marbles"},{"floor":17,"key":"Blood Vial"},{"floor":17,"key":"Meat on the Bone"},{"floor":17,"key":"Peace Pipe"}],"event_choices":[{"cards_removed":["Strike_P"],"damage_healed":0.0,"max_hp_gain":0.0,"max_hp_loss":0.0,"gold_gain":0.0,"event_name":"Golden Wing","player_choice":"Card Removal","floor":4.0,"gold_loss":0.0,"damage_taken":7.0},{"damage_healed":0.0,"max_hp_gain":0.0,"max_hp_loss":0.0,"gold_gain":0.0,"event_name":"NoteForYourself","player_choice":"Ignored","floor":5.0,"gold_loss":0.0,"damage_taken":0.0},{"damage_healed":0.0,"max_hp_gain":0.0,"max_hp_loss":0.0,"gold_gain":175.0,"event_name":"Liars Game","player_choice":"AGREE","floor":11.0,"gold_loss":0.0,"damage_taken":0.0,"cards_obtained":["Doubt"]},{"damage_healed":0,"gold_gain":0,"cards_transformed":["Strike_P","Strike_P"],"player_choice":"Became Test Subject","damage_taken":0,"max_hp_gain":0,"max_hp_loss":0,"event_name":"Drug Dealer","floor":20,"gold_loss":0,"cards_obtained":["Study","WreathOfFlame"]}],"is_beta":false,"boss_relics":[{"not_picked":["Velvet Choker","Philosopher\u0027s Stone"],"picked":"Calling Bell"}],"items_purged_floors":[12],"is_endless":false,"potions_floor_spawned":[1,8,13,14,18,19],"killed_by":"Snake Plant","ascension_level":0}}