{"host":"o6rpelx2jpc8yies","time":1611435988,"event":{"mods":["BaseMod","Downfall","Minty Spire (QoL Compilation)","StSLib"],"gold_per_floor":[99,115,128,139,152,52,52,80,98,98,114,214,240,251,265,364,364,264,282,296,59,74,14,38,23,39,77,77,90,105,105,123,123,123,123],"floor_reached":33,"language":"ENG","playtime":2343,"items_purged":["Guardian:Strike_Guardian"],"score":419,"play_id":"97255d7d-494e-4284-bb5f-ee0259ab42f6","local_time":"20210123140628","is_ascension_mode":true,"campfire_choices":[{"floor":1.0,"key":"RECALL"},{"data":"Guardian:CurlUp","floor":6.0,"key":"SMITH"},{"data":"Guardian:TwinSlam","floor":10.0,"key":"SMITH"},{"data":"Guardian:BaubleBeam","floor":18.0,"key":"SMITH"},{"floor":28.0,"key":"REST"}],"circlet_count":0,"master_deck":["Guardian:Strike_Guardian","Guardian:Strike_Guardian","Guardian:Strike_Guardian","Guardian:Defend_Guardian","Guardian:Defend_Guardian","Guardian:Defend_Guardian","Guardian:Defend_Guardian","Guardian:CurlUp+1","Guardian:TwinSlam+1","Guardian:Planning","Guardian:TemporalShield","Guardian:PrimingBeam","Guardian:Incinerate","Guardian:RevengeProtocol","Guardian:VentSteam","Guardian:BaubleBeam+1","Guardian:GemFinder","Guardian:PrismaticBarrier+1","Guardian:StasisEngine","Guardian:Recover","Guardian:Gem_Cyan","Guardian:Gem_Red","Guardian:Gem_Blue"],"relics":["Guardian:ModeShifter","downfall:HeartBlessingRed","Singing Bowl","Shuriken","Potion Belt","Boot","Black Star","downfall:HeartBlessingGreen","Toolbox"],"acts_visited":["Exordium","TheCity"],"potions_floor_usage":[33],"damage_taken":[{"damage":1.0,"enemies":"Cultist","floor":2.0,"turns":4.0},{"damage":4.0,"enemies":"Jaw Worm","floor":3.0,"turns":5.0},{"damage":2.0,"enemies":"2 Louse","floor":4.0,"turns":3.0},{"damage":8.0,"enemies":"Blue Slaver","floor":5.0,"turns":4.0},{"damage":0.0,"enemies":"Gremlin Nob","floor":8.0,"turns":4.0},{"damage":8.0,"enemies":"Gremlin Gang","floor":9.0,"turns":4.0},{"damage":0.0,"enemies":"Exordium Wildlife","floor":11.0,"turns":3.0},{"damage":25.0,"enemies":"downfall:LadyInBlue","floor":12.0,"turns":11.0},{"damage":8.0,"enemies":"Lagavulin","floor":13.0,"turns":6.0},{"damage":0.0,"enemies":"Blue Slaver","floor":14.0,"turns":3.0},{"damage":4.0,"enemies":"Red Slaver","floor":15.0,"turns":4.0},{"damage":12.0,"enemies":"IC_STATUS_ARCHETYPE","floor":16.0,"turns":5.0},{"damage":22.0,"enemies":"Chosen","floor":19.0,"turns":5.0},{"damage":10.0,"enemies":"Spheric Guardian","floor":20.0,"turns":4.0},{"damage":0.0,"enemies":"downfall:FleeingMerchant","floor":21.0,"turns":4.0},{"damage":13.0,"enemies":"Snake Plant","floor":22.0,"turns":3.0},{"damage":6.0,"enemies":"downfall:FleeingMerchant","floor":23.0,"turns":4.0},{"damage":14.0,"enemies":"downfall:FleeingMerchant","floor":25.0,"turns":4.0},{"damage":37.0,"enemies":"Shelled Parasite and Fungi","floor":26.0,"turns":8.0},{"damage":12.0,"enemies":"Cultist and Chosen","floor":27.0,"turns":7.0},{"damage":8.0,"enemies":"Centurion and Healer","floor":29.0,"turns":7.0},{"damage":2.0,"enemies":"Shelled Parasite and Fungi","floor":30.0,"turns":6.0},{"damage":28.0,"enemies":"Chosen and Byrds","floor":32.0,"turns":6.0},{"damage":16,"enemies":"DF_ARCHETYPE_CLAW","floor":33,"turns":3}],"seed_played":"3335094222170255088","potions_obtained":[{"floor":2.0,"key":"Fruit Juice"},{"floor":4.0,"key":"Strength Potion"},{"floor":5.0,"key":"Guardian:BlockOnCardUsePotion"},{"floor":8.0,"key":"Strength Potion"},{"floor":9.0,"key":"Fire Potion"},{"floor":12.0,"key":"AttackPotion"},{"floor":12.0,"key":"AttackPotion"},{"floor":12.0,"key":"Block Potion"},{"floor":13.0,"key":"Ancient Potion"},{"floor":20.0,"key":"EntropicBrew"},{"floor":22.0,"key":"champ:CounterPotion"},{"floor":26.0,"key":"PowerPotion"},{"floor":31.0,"key":"CultistPotion"},{"floor":32.0,"key":"Fire Potion"}],"is_trial":false,"path_per_floor":["R","M","M","M","M","R","T","E","M","R","M","?","E","M","M","B",null,"R","M","M","$","M","$","T","$","M","M","R","M","M","?","M","B"],"character_chosen":"GUARDIAN","items_purchased":["Toolbox","Guardian:Recover"],"campfire_rested":1,"item_purchase_floors":[21,23],"current_hp_per_floor":[72,71,67,65,57,57,57,59,51,51,51,31,23,23,19,7,67,67,47,39,39,35,29,29,17,29,19,48,42,40,40,16,0,0,0],"gold":123,"neow_bonus":"THREE_CARDS","is_daily":false,"chose_seed":false,"campfire_upgraded":3,"win_rate":0.0,"timestamp":1611435988,"path_taken":["R","M","?","M","M","R","T","E","?","R","M","?","E","M","M","BOSS","R","M","M","$","M","$","T","$","M","M","R","M","?","?","M","BOSS"],"items_purchased_type":["Relic","Card"],"build_version":"2020-12-22","purchased_purges":1,"victory":false,"max_hp_per_floor":[80,80,80,80,80,80,80,82,82,82,82,87,87,87,87,87,87,87,89,91,91,91,91,91,93,95,97,97,99,99,99,103,103,103,103],"card_choices":[{"not_picked":["Guardian:EvasiveProtocol","Guardian:ChargeCore"],"picked":"Guardian:Planning","floor":0.0},{"not_picked":["Guardian:Repulse","Guardian:VentSteam"],"picked":"Guardian:TemporalShield","floor":2.0},{"not_picked":["Guardian:WalkerClaw","Guardian:PiercingHide"],"picked":"Guardian:Gem_Fragmented","floor":3.0},{"not_picked":["Guardian:Planning","Guardian:BronzeArmor"],"picked":"Guardian:PrimingBeam","floor":4.0},{"not_picked":["Guardian:Reroute","Guardian:Planning","Guardian:PrismaticBeam"],"picked":"SKIP","floor":5.0},{"not_picked":["Guardian:WalkerClaw","Guardian:FuturePlans","Guardian:RollAttack"],"picked":"Singing Bowl","floor":8.0},{"not_picked":["Guardian:TimeBomb","Guardian:DecasProtection"],"picked":"Guardian:Incinerate","floor":9.0},{"not_picked":["Guardian:DonusPower","Guardian:TemporalShield"],"picked":"Guardian:RevengeProtocol","floor":11.0},{"not_picked":["Guardian:BronzeOrb","Guardian:PrismaticBarrier"],"picked":"Guardian:VentSteam","floor":12.0},{"not_picked":["Guardian:ShieldSpikes","Guardian:VentSteam"],"picked":"Guardian:Gem_Purple","floor":13.0},{"not_picked":["Guardian:PrimingBeam","Guardian:CrystalBeam"],"picked":"Guardian:BaubleBeam","floor":14.0},{"not_picked":["Guardian:Gem_Red","Guardian:Reroute"],"picked":"Guardian:Gem_Yellow","floor":15.0},{"not_picked":["Guardian:ExploitGems","Guardian:AncientConstruct"],"picked":"Guardian:GemFinder","floor":16.0},{"not_picked":["Guardian:Gem_Red","Guardian:Gem_Green"],"picked":"Guardian:Gem_Cyan","floor":19.0},{"not_picked":["Guardian:Reroute+1","Guardian:Planning","Guardian:Gem_Lightblue"],"picked":"Singing Bowl","floor":19.0},{"not_picked":["Guardian:Gem_Red","Guardian:Gem_Lightblue"],"picked":"Guardian:Gem_Cyan","floor":20.0},{"not_picked":["Guardian:CrystalBeam+1","Guardian:Suspension","Guardian:Gem_Green"],"picked":"Singing Bowl","floor":20.0},{"not_picked":["Guardian:Recover+1","Guardian:PrimingBeam+1"],"picked":"Guardian:PrismaticBarrier+1","floor":21.0},{"not_picked":["Guardian:Gem_Red","Guardian:Gem_Lightblue"],"picked":"Guardian:Gem_Cyan","floor":22.0},{"not_picked":["Guardian:RefractedBeam","Guardian:Harden"],"picked":"Guardian:Gem_Crimson","floor":22.0},{"not_picked":["Guardian:ShieldCharger+1","Guardian:Gem_Green"],"picked":"Guardian:StasisEngine","floor":23.0},{"not_picked":["Guardian:Planning+1","Guardian:Gem_Lightblue","Guardian:Clone"],"picked":"Singing Bowl","floor":25.0},{"not_picked":["Guardian:Gem_Red","Guardian:Gem_Lightblue"],"picked":"Guardian:Gem_Cyan","floor":26.0},{"not_picked":["Guardian:DonusPower","Guardian:Reroute+1","Guardian:GemFinder"],"picked":"Singing Bowl","floor":26.0},{"not_picked":["Guardian:Orbwalk","Guardian:Planning","Guardian:TemporalStrike+1"],"picked":"Singing Bowl","floor":27.0},{"not_picked":["Guardian:Gem_Lightblue","Guardian:Gem_Red"],"picked":"Guardian:Gem_Cyan","floor":29.0},{"not_picked":["Guardian:WalkerClaw+1","Guardian:Suspension","Guardian:Reroute"],"picked":"Singing Bowl","floor":29.0},{"not_picked":["Guardian:Gem_Cyan","Guardian:Gem_Green"],"picked":"Guardian:Gem_Red","floor":30.0},{"not_picked":["Guardian:ChargeCore","Guardian:RollAttack+1"],"picked":"Guardian:Gem_Blue","floor":30.0},{"not_picked":["Guardian:Gem_Green","Guardian:Gem_Cyan","Guardian:Gem_Red"],"picked":"Singing Bowl","floor":32.0},{"not_picked":["Guardian:TemporalStrike+1","Guardian:Suspension","Guardian:Gem_Green"],"picked":"Singing Bowl","floor":32.0}],"player_experience":1827186,"relics_obtained":[{"floor":7.0,"key":"Singing Bowl"},{"floor":8.0,"key":"Shuriken"},{"floor":12.0,"key":"Potion Belt"},{"floor":13.0,"key":"Boot"}],"event_choices":[],"is_beta":false,"boss_relics":[{"not_picked":["Velvet Choker","Empty Cage"],"picked":"Black Star"}],"items_purged_floors":[21],"is_endless":false,"potions_floor_spawned":[2,4,5,8,9,13,20,22,26,32],"killed_by":"DF_ARCHETYPE_CLAW","ascension_level":7}}