{"host":"w8xisjf5mgmfjvmt","time":1611382031,"event":{"mods":["BaseMod","BetterRewards","Challenge The Spire","Conspire","Dota2Spire","Energized Spire","Filter the Spire","Minty Spire (QoL Compilation)","Quarter Circle Forward PUNCH!","Quick Restart","Relic Stats","Replay The Spire","Shop Mod","Spicy Shops","StSLib","Starting Relic: Pandora\u0027s Box","¡¾ÒÅÎï¿¨ÅÆ¡¿REMEMod","óô»ðÖ¸ÄÏ"],"gold_per_floor":[13,13,13,31,42,42,53,165,165,65,65,85,113,188,188,265,265,276,293,293,123,139,139,59,72,95,106,138,53,53,53,53,127,127,143,193,210,229,242,274,199,233,256,282,301,321,346,358,358,358,358,358,358,19,50,50],"floor_reached":57,"language":"ZHS","playtime":3192,"items_purged":["Spreading Infection","Poisoned Stab"],"score":3608,"play_id":"eed00517-ffdb-4694-9f35-6372496d699d","local_time":"20210123140711","is_ascension_mode":true,"campfire_choices":[{"floor":6.0,"key":"REST"},{"floor":11.0,"key":"REST"},{"data":"Calculated Gamble","floor":15.0,"key":"SMITH"},{"data":"Limit Break","floor":23.0,"key":"SMITH"},{"data":"Magnetism","floor":30.0,"key":"SMITH"},{"data":"Quick Slash","floor":32.0,"key":"PURGE"},{"floor":49.0,"key":"RECALL"},{"data":"Tactician","floor":53.0,"key":"SMITH"}],"circlet_count":0,"master_deck":["AscendersBane","Survivor+1","Neutralize","Acrobatics","Concentrate","Deflect","Dagger Throw","Prepared","Calculated Gamble+1","Escape Plan+1","Magnetism+1","Limit Break+1","Dash","Hidden Blade","Backflip","Tactician+1","Ghostly","PiercingWail","Distraction","Malaise+1","Predator","Eviscerate+1","Underhanded Strike","REME_GreenPollution","Tools of the Trade","Terror","Flechettes","After Image","REME_ShortnessOfBreath","REME_ShortnessOfBreath","Prepared"],"relics":["Pandora\u0027s Box","REME_ComplimentaryCards","Sundial","Tough Bandages","Du-Vu Doll","Blue Doll","ReplayTheSpireMod:CursedCoin","Sozu","Replay:Baseball","qcfpunch:Red_Beret","Darkstone Periapt","energizedSpire:PogoStick","qcfpunch:Not_Strongest_Fighting_Style_Guidebook","ReplayFunnel","Oddly Smooth Stone","Replay:Wax Seal","Dota2Spire:ArmletOfMordiggian","Kunai","Replay:Bottled Eggs"],"acts_visited":["Exordium","TheCity","TheBeyond","TheEnding"],"potions_floor_usage":[56,56],"damage_taken":[{"damage":1.0,"enemies":"Jaw Worm","floor":1.0,"turns":3.0},{"damage":0.0,"enemies":"2 Louse","floor":4.0,"turns":2.0},{"damage":7.0,"enemies":"Cultist","floor":5.0,"turns":4.0},{"damage":0.0,"enemies":"Large Slime","floor":7.0,"turns":5.0},{"damage":21.0,"enemies":"Lagavulin","floor":8.0,"turns":6.0},{"damage":0.0,"enemies":"Gremlin Gang","floor":12.0,"turns":6.0},{"damage":0.0,"enemies":"Gremlin Nob","floor":13.0,"turns":3.0},{"damage":17.0,"enemies":"Slime Boss","floor":16.0,"turns":12.0},{"damage":3.0,"enemies":"2 Thieves","floor":18.0,"turns":4.0},{"damage":2.0,"enemies":"Shell Parasite","floor":19.0,"turns":5.0},{"damage":1.0,"enemies":"Snecko","floor":22.0,"turns":6.0},{"damage":9.0,"enemies":"Snake Plant","floor":25.0,"turns":5.0},{"damage":0.0,"enemies":"conspire:HollyBat","floor":27.0,"turns":8.0},{"damage":2.0,"enemies":"conspire:SneckoGhost","floor":28.0,"turns":8.0},{"damage":10.0,"enemies":"Pondfish","floor":33.0,"turns":8.0},{"damage":0.0,"enemies":"Orb Walker","floor":35.0,"turns":3.0},{"damage":3.0,"enemies":"conspire:MimicChest","floor":36.0,"turns":7.0},{"damage":0.0,"enemies":"3 Darklings","floor":37.0,"turns":2.0},{"damage":0.0,"enemies":"Sphere and 2 Shapes","floor":38.0,"turns":5.0},{"damage":4.0,"enemies":"Spire Growth","floor":39.0,"turns":4.0},{"damage":1.0,"enemies":"Reptomancer","floor":40.0,"turns":5.0},{"damage":0.0,"enemies":"Giant Head","floor":42.0,"turns":4.0},{"damage":0.0,"enemies":"R_Hoarder","floor":44.0,"turns":6.0},{"damage":0.0,"enemies":"Writhing Mass","floor":45.0,"turns":4.0},{"damage":0.0,"enemies":"3 Darklings","floor":46.0,"turns":3.0},{"damage":1.0,"enemies":"Nemesis","floor":47.0,"turns":5.0},{"damage":0.0,"enemies":"Maw","floor":48.0,"turns":5.0},{"damage":21.0,"enemies":"conspire:OrnateMirror","floor":50.0,"turns":5.0},{"damage":1.0,"enemies":"Donu and Deca","floor":51.0,"turns":8.0},{"damage":29.0,"enemies":"Shield and Spear","floor":55.0,"turns":8.0},{"damage":22,"enemies":"The Heart","floor":56,"turns":9}],"seed_played":"7196956034408337411","potions_obtained":[{"floor":4.0,"key":"Milkshake"},{"floor":7.0,"key":"ColorlessPotion"},{"floor":12.0,"key":"FearPotion"},{"floor":13.0,"key":"Ancient Potion"}],"is_trial":false,"path_per_floor":["M","?","?","M","M","R","M","E","T","?","R","M","E","$","R","B",null,"M","M","?","$","M","R","?","M","T","M","E","?","R","$","R","B",null,"M","?","M","M","M","E","?","E","T","E","M","M","E","M","R","B","B",null,"R","$","E","B",null],"character_chosen":"THE_SILENT","items_purchased":["ReplayTheSpireMod:CursedCoin","Eviscerate+1","Kunai","REME_ShortnessOfBreath"],"campfire_rested":2,"item_purchase_floors":[14,21,54,54],"current_hp_per_floor":[58,40,20,20,13,32,32,11,11,11,30,30,30,30,30,13,53,50,48,48,48,47,47,47,38,38,38,36,36,36,36,36,26,56,56,53,53,53,49,48,48,48,48,48,48,48,47,47,47,26,25,56,56,56,27,5],"gold":50,"neow_bonus":"RANDOM_COLORLESS_2","is_daily":false,"chose_seed":false,"campfire_upgraded":4,"win_rate":0.0,"timestamp":1611382031,"path_taken":["M","?","?","M","M","R","M","E","T","?","R","M","E","$","R","BOSS","M","M","?","$","M","R","?","M","T","M","E","?","R","?","R","BOSS","M","?","?","M","M","E","?","E","T","E","?","M","E","M","R","BOSS","BOSS","R","$","E","BOSS"],"items_purchased_type":["Relic","Card","Relic","Card"],"build_version":"2020-12-22","purchased_purges":2,"victory":true,"max_hp_per_floor":[66,66,66,66,66,66,66,66,66,66,66,66,66,66,66,66,66,66,66,66,66,66,66,66,66,66,66,66,66,66,66,66,66,66,66,66,66,66,66,66,66,66,66,66,66,66,66,66,66,66,66,66,66,66,66,66],"relic_stats":{"Sozu":5,"Darkstone Periapt":0,"Tough Bandages":[1347],"counters":[31,168],"Sundial":[44],"Pandora\u0027s Box":[],"Kunai":[11],"obtain_stats":[{"Darkstone Periapt":29,"energizedSpire:PogoStick":34,"ReplayFunnel":40,"ReplayTheSpireMod:CursedCoin":14,"qcfpunch:Not_Strongest_Fighting_Style_Guidebook":36,"Dota2Spire:ArmletOfMordiggian":47,"Oddly Smooth Stone":42,"Blue Doll":13,"qcfpunch:Red_Beret":28,"Du-Vu Doll":9,"Sozu":17,"Tough Bandages":8,"Replay:Baseball":26,"Sundial":2,"Pandora\u0027s Box":0,"Kunai":54,"Replay:Wax Seal":44,"Replay:Bottled Eggs":55,"REME_ComplimentaryCards":0},{"Darkstone Periapt":14,"energizedSpire:PogoStick":15,"ReplayFunnel":21,"ReplayTheSpireMod:CursedCoin":7,"qcfpunch:Not_Strongest_Fighting_Style_Guidebook":17,"Dota2Spire:ArmletOfMordiggian":26,"Oddly Smooth Stone":22,"Blue Doll":7,"qcfpunch:Red_Beret":14,"Du-Vu Doll":5,"Sozu":8,"Tough Bandages":5,"Replay:Baseball":12,"Sundial":1,"Pandora\u0027s Box":0,"Kunai":29,"Replay:Wax Seal":23,"Replay:Bottled Eggs":30,"REME_ComplimentaryCards":0},{"Darkstone Periapt":77,"energizedSpire:PogoStick":85,"ReplayFunnel":111,"ReplayTheSpireMod:CursedCoin":29,"qcfpunch:Not_Strongest_Fighting_Style_Guidebook":95,"Dota2Spire:ArmletOfMordiggian":133,"Oddly Smooth Stone":115,"Blue Doll":29,"qcfpunch:Red_Beret":77,"Du-Vu Doll":20,"Sozu":41,"Tough Bandages":20,"Replay:Baseball":61,"Sundial":3,"Pandora\u0027s Box":0,"Kunai":151,"Replay:Wax Seal":121,"Replay:Bottled Eggs":159,"REME_ComplimentaryCards":0}]},"card_choices":[{"not_picked":["REME_BodyOfCthun","Secret Weapon"],"picked":"Magnetism","floor":0.0},{"not_picked":["Bane","Slice"],"picked":"Quick Slash","floor":1.0},{"not_picked":["Calculated Gamble","Flying Knee"],"picked":"Dash","floor":4.0},{"not_picked":["Dodge and Roll","Fluid Movement"],"picked":"Hidden Blade","floor":5.0},{"not_picked":["ReplayTheSpireMod:Speed Training","Flechettes"],"picked":"Backflip","floor":7.0},{"not_picked":["conspire:PoisonWeapons","Sucker Punch"],"picked":"Tactician","floor":8.0},{"not_picked":["Sucker Punch","ReplayTheSpireMod:Tripwire"],"picked":"PiercingWail","floor":12.0},{"not_picked":["REME_GrazeFinale","Concentrate"],"picked":"Distraction","floor":13.0},{"not_picked":["Night Terror","Bullet Time"],"picked":"Malaise","floor":16.0},{"not_picked":["Accuracy","PiercingWail","Bane"],"picked":"SKIP","floor":18.0},{"not_picked":["ReplayTheSpireMod:Speed Training","Draining Mist"],"picked":"Predator","floor":19.0},{"not_picked":["Caltrops","Choke","Bane"],"picked":"SKIP","floor":22.0},{"not_picked":["Expertise","Deadly Poison","Dodge and Roll"],"picked":"SKIP","floor":25.0},{"not_picked":["Backflip+1","Fluid Movement+1"],"picked":"Underhanded Strike","floor":27.0},{"not_picked":["Expertise","Masterful Stab"],"picked":"REME_GreenPollution","floor":28.0},{"not_picked":["A Thousand Cuts","Corpse Explosion"],"picked":"Tools of the Trade","floor":33.0},{"not_picked":["Flying Knee+1","Fluid Movement","Bouncing Flask"],"picked":"SKIP","floor":35.0},{"not_picked":["Skewer","conspire:DoublingDagger","Masterful Stab"],"picked":"SKIP","floor":37.0},{"not_picked":["Dagger Throw+1","Dodge and Roll","Poisoned Stab"],"picked":"SKIP","floor":38.0},{"not_picked":["Dagger Throw+1","Cloak And Dagger+1","Flying Knee"],"picked":"SKIP","floor":39.0},{"not_picked":["Underhanded Strike","Sucker Punch","Hidden Blade"],"picked":"SKIP","floor":40.0},{"not_picked":["Sucker Punch","Replay:Poison Smokescreen"],"picked":"After Image","floor":42.0},{"not_picked":["Escape Plan","Blade Dance","Finisher"],"picked":"SKIP","floor":44.0},{"not_picked":["conspire:DoublingDagger","Prepared+1","PiercingWail"],"picked":"SKIP","floor":45.0},{"not_picked":["Acrobatics","REME_ShadowStrike","Bane"],"picked":"SKIP","floor":46.0},{"not_picked":["Underhanded Strike","ReplayTheSpireMod:From All Sides","Dodge and Roll"],"picked":"SKIP","floor":47.0},{"not_picked":["Dagger Throw+1","Caltrops","Bane"],"picked":"SKIP","floor":48.0},{"not_picked":["Draining Mist","Poisoned Stab+1"],"picked":"Prepared","floor":55.0}],"player_experience":1220582,"relics_obtained":[{"floor":8.0,"key":"Tough Bandages"},{"floor":9.0,"key":"Du-Vu Doll"},{"floor":13.0,"key":"Blue Doll"},{"floor":26.0,"key":"Replay:Baseball"},{"floor":28.0,"key":"qcfpunch:Red_Beret"},{"floor":36.0,"key":"qcfpunch:Not_Strongest_Fighting_Style_Guidebook"},{"floor":40.0,"key":"ReplayFunnel"},{"floor":42.0,"key":"Oddly Smooth Stone"},{"floor":44.0,"key":"Replay:Wax Seal"},{"floor":47.0,"key":"Dota2Spire:ArmletOfMordiggian"},{"floor":55.0,"key":"Replay:Bottled Eggs"}],"event_choices":[{"damage_healed":0.0,"max_hp_gain":0.0,"max_hp_loss":0.0,"gold_gain":0.0,"event_name":"Scrap Ooze","player_choice":"Success","floor":2.0,"gold_loss":0.0,"damage_taken":18.0,"relics_obtained":["Sundial"]},{"damage_healed":0.0,"max_hp_gain":0.0,"max_hp_loss":0.0,"gold_gain":0.0,"event_name":"Shining Light","player_choice":"Entered Light","floor":3.0,"gold_loss":0.0,"damage_taken":20.0,"cards_upgraded":["Survivor","Escape Plan"]},{"damage_healed":0.0,"max_hp_gain":0.0,"max_hp_loss":0.0,"gold_gain":0.0,"event_name":"conspire:LoneGhost","player_choice":"Argue","floor":10.0,"gold_loss":0.0,"damage_taken":0.0},{"damage_healed":0.0,"max_hp_gain":0.0,"max_hp_loss":0.0,"gold_gain":0.0,"event_name":"Vampires","player_choice":"Ignored","floor":20.0,"gold_loss":0.0,"damage_taken":0.0},{"damage_healed":0.0,"max_hp_gain":0.0,"max_hp_loss":0.0,"gold_gain":0.0,"event_name":"Addict","player_choice":"Obtained Relic","floor":29.0,"gold_loss":85.0,"damage_taken":0.0,"relics_obtained":["Darkstone Periapt"]},{"damage_healed":0.0,"max_hp_gain":0.0,"max_hp_loss":0.0,"gold_gain":0.0,"cards_transformed":["Accuracy","Bane"],"event_name":"Designer","player_choice":"Transformed Cards","floor":41.0,"gold_loss":75.0,"damage_taken":0.0,"cards_obtained":["Terror","Flechettes"]}],"is_beta":false,"boss_relics":[{"not_picked":["REME_LowDesire","Dota2Spire:Bloodstone"],"picked":"Sozu"},{"not_picked":["Busted Crown","Empty Cage"],"picked":"energizedSpire:PogoStick"}],"items_purged_floors":[14,21],"is_endless":false,"potions_floor_spawned":[4,7,12,13,19,22,28,38,40,42,44,47,48],"ascension_level":20}}