{"host":"Jade","time":1611413509,"event":{"mods":["2.2 Compatiblity","A Penny For Your Troubles","Aspiration","BaseMod","Better Altar","Better Match","Better Note","Better Skull","Better Third Choice","Better Vampires","BetterRewards","Colored Powertips","Conspire","Curses Come First","DeckTracker","GifTheSpireLib","Hero for Fun","Hubris","Infinite Spire","Minty Spire (QoL Compilation)","Quick Restart","Rare Cards Sparkle","Relic Stats","Replay The Spire","RumiaBox-????????","StSLib","Stuff the Spire","Waifu the Spire","Wandering Minibosses"],"gold_per_floor":[115,133,133,150,162,192,219,219,299,327,361,379,454,464,464,560,560,578,578,225,244,244,269,282,282,282,282,302,330,380,392,392,494,494,546,597,621,621,621,693,754,814,814,879,947,947,707,785,785,837],"floor_reached":51,"language":"ENG","playtime":3557,"items_purged":["Strike_R","Strike_R","ReplayTheSpireMod:Brewmster","Defend_R"],"score":1379,"play_id":"6fd2c344-837b-4df1-825a-f6d180750557","local_time":"20210123225149","is_ascension_mode":false,"campfire_choices":[{"data":"Bash","floor":15,"key":"SMITH"},{"data":"Battle Trance","floor":32,"key":"SMITH"},{"floor":49,"key":"REST"}],"circlet_count":0,"master_deck":["Strike_R","Strike_R","Strike_R","Defend_R","Defend_R","Defend_R","Bash+1","Feed+1","hubris:ReadiedAction","Battle Trance+1","StuffTheSpire:TitanForm+1","Feed+1","Demonic Infusion+1","Flex+1"],"relics":["Burning Blood","WingedGreaves","Ornamental Fan","Golden Egg","MealTicket","Ice Cream","hubris:PeanutButter","Membership Card","Velvet Choker","ReplayTheSpireMod:Lightbulb","TheAbacus","Pocketwatch","infinitespire:MutagenicDexterity","infinitespire:Lychee Nut","Eternal Feather","infinitespire:Joker Card","StuffTheSpire:RedRose","Red Skull","Replay:Rubber Ducky","Garlic","Toy Ornithopter","Replay:Wax Seal","StuffTheSpire:GrapeVine","DollysMirror","Charon\u0027s Ashes","StuffTheSpire:Experiment12","hubris:ChampionShield","aspiration:VileToxins","infinitespire:EmpoweringShard","aspiration:RitualStick","Centennial Puzzle","infinitespire:EvilPickle","conspire:SpecialSausage","Pen Nib","infinitespire:Bottled Soul","aspiration:TomeofQuesting","hubris:Reverence","Mummified Hand","infinitespire:Satchel"],"acts_visited":["Exordium","TheCity","TheBeyond"],"potions_floor_usage":[6,6,7,7,7,7,10,11,11,16,16,16,16,16,16,16,23,23,23,23,24,24,24,29,40,40,42,48,50],"damage_taken":[{"damage":0,"enemies":"Small Slimes","floor":1,"turns":2},{"damage":0,"enemies":"2 Louse","floor":2,"turns":2},{"damage":0,"enemies":"Cultist","floor":4,"turns":3},{"damage":0,"enemies":"Blue Slaver","floor":5,"turns":3},{"damage":11,"enemies":"Gremlin Nob","floor":6,"turns":4},{"damage":27,"enemies":"3 Sentries","floor":7,"turns":8},{"damage":3,"enemies":"Lagavulin","floor":10,"turns":5},{"damage":0,"enemies":"Gremlin Nob","floor":11,"turns":4},{"damage":0,"enemies":"Exordium Wildlife","floor":12,"turns":3},{"damage":0,"enemies":"Gremlin Gang","floor":14,"turns":5},{"damage":7,"enemies":"Slime Boss","floor":16,"turns":9},{"damage":0,"enemies":"3 Byrds","floor":18,"turns":5},{"damage":0,"enemies":"Shell Parasite","floor":21,"turns":4},{"damage":0,"enemies":"Gremlin Leader","floor":23,"turns":6},{"damage":0,"enemies":"Snake Plant","floor":24,"turns":3},{"damage":0,"enemies":"Centurion and Healer","floor":28,"turns":5},{"damage":5,"enemies":"Slavers","floor":29,"turns":5},{"damage":0,"enemies":"Chosen and Byrds","floor":31,"turns":6},{"damage":15,"enemies":"Pondfish","floor":33,"turns":9},{"damage":0,"enemies":"3 Shapes","floor":35,"turns":4},{"damage":17,"enemies":"3 Darklings","floor":36,"turns":4},{"damage":96,"enemies":"Giant Head","floor":40,"turns":9},{"damage":13,"enemies":"Jaw Worm Horde","floor":41,"turns":5},{"damage":67,"enemies":"Spire Growth","floor":42,"turns":8},{"damage":0,"enemies":"4 Shapes","floor":44,"turns":4},{"damage":8,"enemies":"3 Darklings","floor":45,"turns":4},{"damage":9,"enemies":"R_Hoarder","floor":48,"turns":4},{"damage":136,"enemies":"Donu and Deca","floor":50,"turns":9}],"seed_played":"7267639944210153123","potions_obtained":[{"floor":6,"key":"SkillPotion"},{"floor":10,"key":"Elixir"},{"floor":11,"key":"Dexterity Potion"},{"floor":16,"key":"BlessingOfTheForge"},{"floor":28,"key":"PowerPotion"},{"floor":33,"key":"conspire:TimeTravelPotion"},{"floor":35,"key":"BlessingOfTheForge"},{"floor":40,"key":"LiquidMemories"},{"floor":44,"key":"LifebloodPotion"}],"is_trial":false,"path_per_floor":["M","M","?","M","M","E","E","R","T","E","E","M","?","M","R","B",null,"M","?","$","M","?","E","M","AVR","T","?","M","E","?","M","R","B",null,"M","M","T","?","?","E","M","M","T","M","M","?","$","E","R","B",null],"character_chosen":"IRONCLAD","items_purchased":["hubris:PeanutButter","Membership Card","ReplayTheSpireMod:Lightbulb","TheAbacus","Feed","Block Potion","DollysMirror","Charon\u0027s Ashes","StuffTheSpire:Experiment12","Mummified Hand","Flex","Strength Potion"],"campfire_rested":1,"item_purchase_floors":[0,0,0,0,0,0,20,20,20,47,47,47],"current_hp_per_floor":[45,58,58,72,76,76,64,70,70,79,88,92,69,85,91,100,100,100,100,100,100,100,104,104,104,104,83,99,116,116,124,124,123,132,143,143,143,143,143,112,123,73,73,93,101,101,116,124,186,84],"gold":837,"neow_bonus":"","is_daily":false,"chose_seed":false,"campfire_upgraded":2,"win_rate":0.0,"timestamp":1611413509,"path_taken":["M","M","?","M","M","E","E","R","T","E","E","M","?","M","R","BOSS","M","?","$","M","?","E","M","AVR","T","?","M","E","?","?","R","BOSS","M","M","?","?","?","E","M","M","T","M","?","?","$","E","R","BOSS"],"items_purchased_type":["Relic","Relic","Relic","Relic","Card","Potion","Relic","Relic","Relic","Relic","Card","Potion"],"build_version":"2020-11-17","purchased_purges":4,"victory":true,"max_hp_per_floor":[64,68,68,72,76,80,84,84,84,84,88,92,92,96,96,100,100,100,100,100,100,100,104,104,104,104,104,108,116,116,124,124,132,132,143,151,151,151,151,164,176,176,176,184,188,188,188,188,188,213],"relic_stats":{"counters":[94,346],"Eternal Feather":75,"Charon\u0027s Ashes":[149],"Pen Nib":[14],"Burning Blood":105,"aspiration:RitualStick":[0],"Centennial Puzzle":[24],"TheAbacus":[618],"Ornamental Fan":[204],"Mummified Hand":[3],"MealTicket":65,"obtain_stats":[{"Ice Cream":0,"Golden Egg":0,"StuffTheSpire:Rhapsscallions":6,"infinitespire:Cubic Diamond":3,"aspiration:PoetsPen_weak":17,"StuffTheSpire:BottledEssence":48,"hubris:MysteriousPyramids":74,"aspiration:RitualStick":27,"MagicDraw1":40,"Blood Vial":126,"Centennial Puzzle":29,"aspiration:BabyByrd":114,"DollysMirror":20,"Strawberry":32,"MealTicket":60,"HandDrill":61,"Replay:Wax Seal":11,"Velvet Choker":0,"Eternal Feather":104,"Pen Nib":116,"Charon\u0027s Ashes":20,"infinitespire:EvilPickle":34,"SlaversCollar":68,"Bottled Flame":24,"wanderingMiniBosses:Blackblade":37,"Shuriken":51,"hubris:BottledHeart":125,"infinitespire:Lychee Nut":0,"ReplayTheSpireMod:Ring of Collecting":56,"hubris:PeanutButter":108,"GodSword7":9,"infinitespire:EmpoweringShard":26,"GodSword5":109,"infinitespire:PuzzleCube":96,"Pocketwatch":0,"hubris:Reverence":43,"hubris:Metronome":111,"Blue Doll":77,"Mango":95,"conspire:SpecialSausage":34,"aspiration:TomeofQuesting":40,"StuffTheSpire:GrapeVine":43,"Replay:Multitool":80,"PrismaticShard":76,"Burning Blood":0,"aspiration:StickyExplosives_weak":94,"Replay:Rubber Ducky":7,"StuffTheSpire:OccultApparatus":98,"StuffTheSpire:Experiment12":20,"Nunchaku":53,"TheAbacus":11,"hubris:Backtick":51,"infinitespire:Bottled Soul":39,"Mummified Hand":47,"hubris:Stopwatch":102,"StuffTheSpire:HeavyRock":128,"infinitespire:MutagenicDexterity":0,"hubris:IronBody":41,"WingedGreaves":0,"hubris:ChampionShield":28,"StuffTheSpire:RedRose":115,"Red Skull":6,"hubris:GlazedTorus":54,"aspiration:VileToxins":25,"NeowsBlessing":0,"Thread and Needle":129,"infinitespire:Joker Card":0,"hubris:Towel":10,"Orichalcum":82,"Medical Kit":121,"infinitespire:DarkRift":3,"CaptainsWheel":97,"Busted Crown":48,"StuffTheSpire:Mouthbags":59,"Ornamental Fan":0,"infinitespire:Satchel":48,"Coffee Dripper":34,"Snack Pack":65,"Garlic":9,"Bottled Lightning":26,"Membership Card":0,"conspire:DeflatedDodgeball":130,"ReplayTheSpireMod:Lightbulb":0,"TungstenRod":100,"Toy Ornithopter":10},{"Ice Cream":66,"Golden Egg":66,"StuffTheSpire:Rhapsscallions":4,"infinitespire:Cubic Diamond":1,"aspiration:PoetsPen_weak":9,"StuffTheSpire:BottledEssence":24,"hubris:MysteriousPyramids":36,"aspiration:RitualStick":81,"MagicDraw1":22,"Blood Vial":62,"Centennial Puzzle":83,"aspiration:BabyByrd":57,"DollysMirror":78,"Strawberry":15,"MealTicket":29,"HandDrill":29,"Replay:Wax Seal":74,"Velvet Choker":66,"Eternal Feather":52,"Pen Nib":57,"Charon\u0027s Ashes":78,"infinitespire:EvilPickle":16,"SlaversCollar":32,"Bottled Flame":12,"wanderingMiniBosses:Blackblade":19,"Shuriken":25,"hubris:BottledHeart":61,"infinitespire:Lychee Nut":66,"ReplayTheSpireMod:Ring of Collecting":27,"hubris:PeanutButter":54,"GodSword7":6,"infinitespire:EmpoweringShard":81,"GodSword5":55,"infinitespire:PuzzleCube":49,"Pocketwatch":66,"hubris:Reverence":90,"hubris:Metronome":56,"Blue Doll":37,"Mango":48,"conspire:SpecialSausage":85,"aspiration:TomeofQuesting":88,"StuffTheSpire:GrapeVine":22,"Replay:Multitool":39,"PrismaticShard":37,"Burning Blood":0,"aspiration:StickyExplosives_weak":47,"Replay:Rubber Ducky":72,"StuffTheSpire:OccultApparatus":49,"StuffTheSpire:Experiment12":78,"Nunchaku":26,"TheAbacus":6,"hubris:Backtick":25,"infinitespire:Bottled Soul":87,"Mummified Hand":92,"hubris:Stopwatch":51,"StuffTheSpire:HeavyRock":62,"infinitespire:MutagenicDexterity":66,"hubris:IronBody":22,"WingedGreaves":66,"hubris:ChampionShield":14,"StuffTheSpire:RedRose":57,"Red Skull":71,"hubris:GlazedTorus":26,"aspiration:VileToxins":81,"NeowsBlessing":0,"Thread and Needle":62,"infinitespire:Joker Card":66,"hubris:Towel":6,"Orichalcum":40,"Medical Kit":59,"infinitespire:DarkRift":1,"CaptainsWheel":49,"Busted Crown":24,"StuffTheSpire:Mouthbags":29,"Ornamental Fan":66,"infinitespire:Satchel":93,"Coffee Dripper":16,"Snack Pack":31,"Garlic":72,"Bottled Lightning":12,"Membership Card":66,"conspire:DeflatedDodgeball":63,"ReplayTheSpireMod:Lightbulb":66,"TungstenRod":50,"Toy Ornithopter":73},{"Ice Cream":207,"Golden Egg":207,"StuffTheSpire:Rhapsscallions":7,"infinitespire:Cubic Diamond":1,"aspiration:PoetsPen_weak":34,"StuffTheSpire:BottledEssence":106,"hubris:MysteriousPyramids":128,"aspiration:RitualStick":272,"MagicDraw1":97,"Blood Vial":200,"Centennial Puzzle":281,"aspiration:BabyByrd":188,"DollysMirror":260,"Strawberry":66,"MealTicket":117,"HandDrill":117,"Replay:Wax Seal":238,"Velvet Choker":207,"Eternal Feather":175,"Pen Nib":188,"Charon\u0027s Ashes":260,"infinitespire:EvilPickle":73,"SlaversCollar":123,"Bottled Flame":49,"wanderingMiniBosses:Blackblade":85,"Shuriken":112,"hubris:BottledHeart":197,"infinitespire:Lychee Nut":207,"ReplayTheSpireMod:Ring of Collecting":114,"hubris:PeanutButter":179,"GodSword7":15,"infinitespire:EmpoweringShard":272,"GodSword5":184,"infinitespire:PuzzleCube":168,"Pocketwatch":207,"hubris:Reverence":325,"hubris:Metronome":186,"Blue Doll":131,"Mango":166,"conspire:SpecialSausage":296,"aspiration:TomeofQuesting":313,"StuffTheSpire:GrapeVine":97,"Replay:Multitool":137,"PrismaticShard":131,"Burning Blood":0,"aspiration:StickyExplosives_weak":161,"Replay:Rubber Ducky":229,"StuffTheSpire:OccultApparatus":168,"StuffTheSpire:Experiment12":260,"Nunchaku":113,"TheAbacus":15,"hubris:Backtick":112,"infinitespire:Bottled Soul":304,"Mummified Hand":333,"hubris:Stopwatch":174,"StuffTheSpire:HeavyRock":200,"infinitespire:MutagenicDexterity":207,"hubris:IronBody":97,"WingedGreaves":207,"hubris:ChampionShield":63,"StuffTheSpire:RedRose":188,"Red Skull":221,"hubris:GlazedTorus":113,"aspiration:VileToxins":272,"NeowsBlessing":0,"Thread and Needle":200,"infinitespire:Joker Card":207,"hubris:Towel":15,"Orichalcum":139,"Medical Kit":193,"infinitespire:DarkRift":1,"CaptainsWheel":168,"Busted Crown":106,"StuffTheSpire:Mouthbags":117,"Ornamental Fan":207,"infinitespire:Satchel":337,"Coffee Dripper":73,"Snack Pack":120,"Garlic":229,"Bottled Lightning":49,"Membership Card":207,"conspire:DeflatedDodgeball":202,"ReplayTheSpireMod:Lightbulb":207,"TungstenRod":171,"Toy Ornithopter":234}],"Toy Ornithopter":41,"Pocketwatch":[134]},"card_choices":[{"not_picked":["Ghostly Armor","ReplayReversal","Headbutt"],"picked":"SKIP","floor":1},{"not_picked":["Pummel","Twin Strike"],"picked":"hubris:ReadiedAction","floor":2},{"not_picked":["Brutality","Pommel Strike","Body Slam"],"picked":"SKIP","floor":4},{"not_picked":["Dual Wield","Inflame"],"picked":"Battle Trance","floor":5},{"not_picked":["Cleave","Burning Pact","Ghostly Armor"],"picked":"SKIP","floor":6},{"not_picked":["Run Through","Disarm","Offering"],"picked":"SKIP","floor":7},{"not_picked":["Dropkick","Dark Embrace","Cleave"],"picked":"SKIP","floor":10},{"not_picked":["Pummel","Pommel Strike","Disarm"],"picked":"SKIP","floor":11},{"not_picked":["Hemokinesis","Iron Wave","Seeing Red"],"picked":"SKIP","floor":12},{"not_picked":["hubris:SharpeningStone","Defy Death","Dropkick"],"picked":"SKIP","floor":14},{"not_picked":["conspire:Purge","Impervious"],"picked":"StuffTheSpire:TitanForm","floor":16},{"not_picked":["Ghostly Armor+1","Twin Strike","Pommel Strike"],"picked":"SKIP","floor":18},{"not_picked":["Anger","Defy Death","Headbutt"],"picked":"SKIP","floor":21},{"not_picked":["Eclipse","Feed","Hemokinesis"],"picked":"SKIP","floor":23},{"not_picked":["conspire:Charge","Flex","Warcry"],"picked":"SKIP","floor":24},{"not_picked":["StuffTheSpire:Slingshot+1","Sword Boomerang","conspire:Charge"],"picked":"SKIP","floor":28},{"not_picked":["Cleave","Life Link+1","Armaments"],"picked":"SKIP","floor":29},{"not_picked":["StuffTheSpire:RockThrow","Disarm","Twin Strike"],"picked":"SKIP","floor":31},{"not_picked":["StuffTheSpire:RockThrow","Disarm","Twin Strike"],"picked":"SKIP","floor":31},{"not_picked":["Demon Form","Impervious"],"picked":"Demonic Infusion","floor":33},{"not_picked":["Run Through","Shrug It Off","Armaments+1"],"picked":"SKIP","floor":35},{"not_picked":["Clash","True Grit+1","Life Link+1"],"picked":"SKIP","floor":36},{"not_picked":["ReplayTheSpireMod:Corrosion Curse+1","Perfected Strike+1","ReplayTheSpireMod:Stacked"],"picked":"SKIP","floor":40},{"not_picked":["Hemokinesis+1","Second Wind+1","StuffTheSpire:RockThrow"],"picked":"SKIP","floor":41},{"not_picked":["Anger","StuffTheSpire:Slingshot","Cleave"],"picked":"SKIP","floor":42},{"not_picked":["ReplayTheSpireMod:Strike From Hell+1","Battle Trance","Clothesline+1"],"picked":"SKIP","floor":44},{"not_picked":["Cleave","Rampage","Run Through+1"],"picked":"SKIP","floor":45},{"not_picked":["Headbutt+1","StuffTheSpire:RockThrow","StuffTheSpire:Pyroclast+1"],"picked":"SKIP","floor":48}],"player_experience":8599,"relics_obtained":[{"floor":6,"key":"Red Skull"},{"floor":7,"key":"Replay:Rubber Ducky"},{"floor":9,"key":"Garlic"},{"floor":10,"key":"Toy Ornithopter"},{"floor":11,"key":"Replay:Wax Seal"},{"floor":13,"key":"StuffTheSpire:GrapeVine"},{"floor":23,"key":"hubris:ChampionShield"},{"floor":26,"key":"infinitespire:EmpoweringShard"},{"floor":29,"key":"Centennial Puzzle"},{"floor":37,"key":"Pen Nib"},{"floor":40,"key":"aspiration:TomeofQuesting"},{"floor":43,"key":"hubris:Reverence"},{"floor":48,"key":"infinitespire:Satchel"}],"event_choices":[{"cards_removed":["Regret"],"damage_healed":0,"gold_gain":0,"player_choice":"Removed Curses","damage_taken":0,"max_hp_gain":0,"max_hp_loss":0,"event_name":"Fountain of Cleansing","floor":19,"gold_loss":0},{"cards_removed":["ReplayTheSpireMod:Brewmster"],"damage_healed":0,"gold_gain":0,"player_choice":"Give","damage_taken":0,"max_hp_gain":0,"max_hp_loss":0,"event_name":"betterNote:BetterNote","floor":22,"gold_loss":0,"cards_obtained":["None"]},{"damage_healed":0,"gold_gain":100,"player_choice":"Bet on Murderer","damage_taken":0,"max_hp_gain":0,"max_hp_loss":0,"event_name":"The Joust","floor":30,"gold_loss":50},{"damage_healed":0,"gold_gain":0,"player_choice":"Leave","damage_taken":0,"max_hp_gain":0,"max_hp_loss":0,"event_name":"conspire:Investor","floor":38,"gold_loss":0},{"damage_healed":0,"gold_gain":0,"player_choice":"Gave Potion","damage_taken":0,"relics_obtained":["infinitespire:Bottled Soul"],"max_hp_gain":0,"max_hp_loss":0,"event_name":"WeMeetAgain","floor":39,"gold_loss":0}],"is_beta":true,"boss_relics":[{"not_picked":["Electric Blood","Replay:Bronze Core","EasyGame_NEW"]},{"not_picked":["aspiration:SilentSkillbook","ReplayTheSpireMod:DimensionalGlitch"],"picked":"conspire:SpecialSausage"}],"items_purged_floors":[0,20,25,47],"is_endless":false,"potions_floor_spawned":[5,6,10,11,16,23,28,33,35,40,44,48],"ascension_level":0}}