{"host":"9kesdg97wkrx2bva","time":1611393935,"event":{"mods":["AchievementEnabler","BaseMod","Colored Map","GifTheSpireLib","Infinite Spire","Minty Spire (QoL Compilation)","Replay The Spire","StSLib"],"gold_per_floor":[115,40,40,40,40,40,79,79,79,79,129,170,185,60,60,151,151,175,100,100,124,124,163,163,186,186,186,186,186,26,44,44,140,140,163,63,83,83,83,83,83,83,83,83,155,155,170,170,193,209,209,209],"floor_reached":53,"language":"ENG","playtime":1734,"items_purged":["Strike_B","Strike_B","Creative AI+1"],"score":1306,"play_id":"5f05ad5d-6838-41b9-a9cc-b9eabba6536f","local_time":"20210123032535","is_ascension_mode":true,"campfire_choices":[{"data":"Zap","floor":6,"key":"SMITH"},{"data":"Creative AI","floor":8,"key":"SMITH"},{"data":"Reprogram","floor":10,"key":"SMITH"},{"data":"Strike_B","floor":15,"key":"PURGE"},{"floor":24,"key":"REST"},{"floor":29,"key":"REST"},{"floor":32,"key":"REST"},{"floor":40,"key":"REST"},{"floor":46,"key":"REST"},{"data":"Echo Form","floor":48,"key":"SMITH"},{"floor":51,"key":"REST"}],"circlet_count":0,"master_deck":["AscendersBane","Defend_B","Defend_B","Defend_B","Defend_B","Reprogram+1","Melter","Go for the Eyes","White Noise","Streamline","Auto Shields","Echo Form+1","Reprogram+1","ReplayGash","Reprogram+1","Mirror Shield+1","Rebound","Sunder","Madness","Madness","Gash+1","Machine Learning"],"relics":["Cracked Core","NeowsBlessing","Golden Idol","HornCleat","Pear","Snack Pack","ReplayTheSpireMod:Shallot","Nuclear Battery","Prayer Wheel","Frozen Eye","DataDisk","Bottled Flame","Strawberry","infinitespire:Cupcake","infinitespire:WardingShard"],"acts_visited":["Exordium","TheCity","TheBeyond"],"potions_floor_usage":[16,27,33,33,37,50],"damage_taken":[{"damage":0,"enemies":"Jaw Worm","floor":1,"turns":1},{"damage":0,"enemies":"Gremlin Nob","floor":7,"turns":1},{"damage":0,"enemies":"3 Sentries","floor":12,"turns":1},{"damage":1,"enemies":"Small Slimes","floor":13,"turns":3},{"damage":47,"enemies":"The Guardian","floor":16,"turns":11},{"damage":27,"enemies":"Shell Parasite","floor":18,"turns":8},{"damage":21,"enemies":"3 Byrds","floor":21,"turns":6},{"damage":13,"enemies":"Gremlin Leader","floor":23,"turns":8},{"damage":16,"enemies":"Snake Plant","floor":25,"turns":6},{"damage":4,"enemies":"3 Cultists","floor":27,"turns":4},{"damage":12,"enemies":"Sentry and Sphere","floor":31,"turns":5},{"damage":4,"enemies":"Champ","floor":33,"turns":11},{"damage":45,"enemies":"Orb Walker","floor":35,"turns":7},{"damage":10,"enemies":"3 Darklings","floor":37,"turns":6},{"damage":9,"enemies":"Jaw Worm Horde","floor":47,"turns":6},{"damage":0,"enemies":"Maw","floor":49,"turns":7},{"damage":28,"enemies":"3 Darklings","floor":50,"turns":5},{"damage":45,"enemies":"infinitespire:MassOfShapes","floor":52,"turns":14}],"seed_played":"-1918085339895983314","potions_obtained":[{"floor":1,"key":"Block Potion"},{"floor":21,"key":"SmokeBomb"},{"floor":25,"key":"Strength Potion"},{"floor":31,"key":"Ancient Potion"},{"floor":35,"key":"AttackPotion"},{"floor":47,"key":"Energy Potion"}],"is_trial":false,"path_per_floor":["M","?","?","?","T","R","E","R","T","R","?","E","M","$","R_BF","B",null,"M","?","?","M","AVR","E","R","M","T","M","?","R","$","M","R","B",null,"M","$","M","?","$","R","PTL","PTL","?","?","T","R","M","R","M","M","R","B",null],"character_chosen":"DEFECT","items_purchased":["Go for the Eyes","Strawberry"],"campfire_rested":6,"item_purchase_floors":[14,30],"current_hp_per_floor":[64,64,64,64,64,64,74,74,74,74,74,74,73,73,73,28,63,38,38,38,19,19,12,34,22,22,18,18,40,47,37,61,59,76,31,31,23,23,23,47,47,47,32,32,32,56,49,49,53,27,51,14],"gold":209,"neow_bonus":"THREE_ENEMY_KILL","is_daily":false,"chose_seed":false,"campfire_upgraded":4,"win_rate":0.0,"timestamp":1611393935,"path_taken":["M","?","?","?","?","R","E","R","T","R","?","E","?","$","R_BF","BOSS","M","?","?","M","AVR","E","R","M","T","M","?","R","$","M","R","BOSS","M","$","M","?","?","R","PTL","PTL","?","?","T","R","?","R","M","M","R","BOSS"],"items_purchased_type":["Card","Relic"],"build_version":"2020-12-22","purchased_purges":3,"victory":true,"max_hp_per_floor":[71,71,71,64,64,64,74,74,74,74,74,74,74,74,74,74,74,74,74,74,74,74,74,74,74,74,74,74,74,81,81,81,81,81,81,81,81,81,81,81,81,81,81,81,81,81,81,81,81,81,81,81],"card_choices":[{"not_picked":["BasicCrystalCard","Ball Lightning"],"picked":"Reprogram","floor":1},{"not_picked":["BasicCrystalCard","Panic Button"],"picked":"Creative AI","floor":7},{"not_picked":["Conserve Battery","Steam"],"picked":"Melter","floor":12},{"not_picked":["Doom and Gloom","Self Repair"],"picked":"Streamline","floor":13},{"not_picked":["Amplify","ReplayRNGCard"],"picked":"ReplayTheSpireMod:Fabricate Wheel","floor":16},{"not_picked":["Coolheaded","Steam Power"],"picked":"White Noise","floor":18},{"not_picked":["Conserve Battery","Stack"],"picked":"Streamline","floor":18},{"not_picked":["Turbo","Cold Snap"],"picked":"Auto Shields","floor":21},{"not_picked":["Redo","Ball Lightning"],"picked":"Echo Form","floor":21},{"not_picked":["BasicCrystalCard+1","ReplayTheSpireMod:Calculation Training"],"picked":"Reprogram+1","floor":23},{"not_picked":["Panic Button","Force Field"],"picked":"ReplayGash","floor":25},{"not_picked":["Panic Button","Hologram","Ball Lightning+1"],"picked":"SKIP","floor":25},{"not_picked":["Aggregate","Compile Driver"],"picked":"Mirror Shield","floor":31},{"not_picked":["ReplaySolidLightProjector","Storm","Compile Driver"],"picked":"SKIP","floor":31},{"not_picked":["Redo","Double Energy"],"picked":"Rebound","floor":35},{"not_picked":["Coolheaded","Compile Driver","Cold Snap"],"picked":"SKIP","floor":35},{"not_picked":["ReplayTheSpireMod:Reroute Power","Redo"],"picked":"Sunder","floor":37},{"not_picked":["BootSequence","Rebound","Blizzard"],"picked":"SKIP","floor":37},{"not_picked":["Scrape","Cold Snap"],"picked":"Gash+1","floor":47},{"not_picked":["Rebound","Ball Lightning+1"],"picked":"Machine Learning","floor":47},{"not_picked":["Beam Cell","Double Energy+1","Leap"],"picked":"SKIP","floor":49},{"not_picked":["Cold Snap","Mirror Shield","Darkness"],"picked":"SKIP","floor":49},{"not_picked":["BasicCrystalCard","Ball Lightning","Turbo"],"picked":"SKIP","floor":50},{"not_picked":["Force Field","Turbo","Steam"],"picked":"SKIP","floor":50}],"player_experience":958451,"relics_obtained":[{"floor":5,"key":"HornCleat"},{"floor":7,"key":"Pear"},{"floor":9,"key":"Snack Pack"},{"floor":12,"key":"ReplayTheSpireMod:Shallot"},{"floor":23,"key":"DataDisk"},{"floor":26,"key":"Bottled Flame"},{"floor":45,"key":"infinitespire:WardingShard"}],"event_choices":[{"cards_removed":["Strike_B"],"damage_healed":0,"gold_gain":0,"player_choice":"Card Removal","damage_taken":0,"max_hp_gain":0,"max_hp_loss":0,"event_name":"The Cleric","floor":2,"gold_loss":75},{"damage_healed":0,"gold_gain":0,"player_choice":"Lose Max HP","damage_taken":0,"relics_obtained":["Golden Idol"],"max_hp_gain":0,"max_hp_loss":7,"event_name":"Golden Idol","floor":4,"gold_loss":0},{"damage_healed":0,"gold_gain":50,"player_choice":"Pray","damage_taken":0,"max_hp_gain":0,"max_hp_loss":0,"event_name":"Golden Shrine","floor":11,"gold_loss":0},{"cards_removed":["Dualcast"],"damage_healed":0,"gold_gain":0,"player_choice":"Gave Gold","damage_taken":0,"max_hp_gain":0,"max_hp_loss":0,"event_name":"Beggar","floor":19,"gold_loss":75},{"cards_removed":["Zap"],"damage_healed":0,"gold_gain":0,"player_choice":"Elegance","damage_taken":0,"max_hp_gain":0,"max_hp_loss":0,"event_name":"Back to Basics","floor":20,"gold_loss":0},{"damage_healed":0,"gold_gain":0,"player_choice":"Copied","damage_taken":0,"max_hp_gain":0,"max_hp_loss":0,"event_name":"Duplicator","floor":28,"gold_loss":0,"cards_obtained":["Reprogram"]},{"damage_healed":0,"gold_gain":0,"player_choice":"Upgraded","damage_taken":0,"max_hp_gain":0,"max_hp_loss":0,"event_name":"Upgrade Shrine","floor":38,"gold_loss":0,"cards_upgraded":["Mirror Shield"]},{"damage_healed":0,"gold_gain":0,"player_choice":"Embrace Madness","damage_taken":15,"max_hp_gain":0,"max_hp_loss":0,"event_name":"Winding Halls","floor":43,"gold_loss":0,"cards_obtained":["Madness","Madness"]},{"cards_removed":["Streamline"],"damage_healed":0,"gold_gain":0,"player_choice":"Removed Attack","damage_taken":0,"max_hp_gain":0,"max_hp_loss":0,"event_name":"Falling","floor":44,"gold_loss":0}],"is_beta":false,"boss_relics":[{"not_picked":["Astrolabe","Tiny House"],"picked":"Nuclear Battery"},{"not_picked":["FrozenCore","Empty Cage"],"picked":"infinitespire:Cupcake"}],"items_purged_floors":[14,22,36],"is_endless":false,"potions_floor_spawned":[1,21,25,31,35,47],"ascension_level":17}}