{"host":"agbyy69nq62afhwx","time":1611417468,"event":{"mods":["BaseMod","Colored Map","DeckTracker","Highlight Path","Keyboard Shortcuts","Minty Spire (QoL Compilation)","Quick Restart","StSLib","SuperFastMode","everything is the same but u backflip on backflip"],"gold_per_floor":[16,16,29,40,40,69,69,83,83,40,51,65,65,90,90,161,161,180,180,180,105,121,153,153,153,228,228,241,241,255,283,283,358,358,378,116,126,126,143,143,155,155,155,155,155,155,165,181,181,181],"floor_reached":51,"language":"KOR","playtime":1376,"items_purged":["Strike_B","Defend_B"],"score":1393,"play_id":"09fe9884-532f-4add-aa38-fea3d60a95f8","local_time":"20210124005748","is_ascension_mode":true,"campfire_choices":[{"data":"Zap","floor":7.0,"key":"SMITH"},{"data":"Defragment","floor":13.0,"key":"SMITH"},{"floor":15.0,"key":"REST"},{"floor":24.0,"key":"REST"},{"floor":29.0,"key":"REST"},{"floor":32.0,"key":"REST"},{"floor":40.0,"key":"REST"},{"data":"Rainbow","floor":42.0,"key":"SMITH"},{"data":"Double Energy","floor":44.0,"key":"SMITH"},{"data":"Skim","floor":46.0,"key":"SMITH"},{"floor":49.0,"key":"REST"}],"circlet_count":0,"master_deck":["AscendersBane","Defend_B","Zap+1","Dualcast","Core Surge","Sweeping Beam","Blizzard","Doom and Gloom+1","Reinforced Body","Defragment+1","Loop+1","Coolheaded","Rainbow+1","Double Energy+1","Conserve Battery","Tempest","FTL","Undo","Reboot","Skim+1","Force Field+1"],"relics":["Cracked Core","StoneCalendar","Pantograph","Mummified Hand","Philosopher\u0027s Stone","Shuriken","Bottled Tornado","FaceOfCleric","TungstenRod","Nuclear Battery","Centennial Puzzle","Toxic Egg 2"],"acts_visited":["Exordium","TheCity","TheBeyond"],"potions_floor_usage":[50,50],"damage_taken":[{"damage":10.0,"enemies":"Small Slimes","floor":1.0,"turns":3.0},{"damage":0.0,"enemies":"2 Louse","floor":3.0,"turns":2.0},{"damage":0.0,"enemies":"Cultist","floor":4.0,"turns":2.0},{"damage":23.0,"enemies":"Gremlin Nob","floor":6.0,"turns":4.0},{"damage":3.0,"enemies":"Large Slime","floor":8.0,"turns":5.0},{"damage":7.0,"enemies":"Gremlin Gang","floor":11.0,"turns":4.0},{"damage":1.0,"enemies":"Looter","floor":12.0,"turns":3.0},{"damage":17.0,"enemies":"Lagavulin","floor":14.0,"turns":5.0},{"damage":1.0,"enemies":"The Guardian","floor":16.0,"turns":9.0},{"damage":15.0,"enemies":"Spheric Guardian","floor":18.0,"turns":5.0},{"damage":1.0,"enemies":"Chosen","floor":22.0,"turns":4.0},{"damage":42.0,"enemies":"Slavers","floor":23.0,"turns":4.0},{"damage":19.0,"enemies":"Snecko","floor":28.0,"turns":4.0},{"damage":18.0,"enemies":"Snake Plant","floor":30.0,"turns":2.0},{"damage":12.0,"enemies":"Book of Stabbing","floor":31.0,"turns":5.0},{"damage":47.0,"enemies":"Automaton","floor":33.0,"turns":10.0},{"damage":9.0,"enemies":"3 Shapes","floor":35.0,"turns":4.0},{"damage":8.0,"enemies":"3 Darklings","floor":37.0,"turns":2.0},{"damage":26.0,"enemies":"4 Shapes","floor":39.0,"turns":3.0},{"damage":11.0,"enemies":"Transient","floor":41.0,"turns":6.0},{"damage":20.0,"enemies":"Jaw Worm Horde","floor":47.0,"turns":3.0},{"damage":6.0,"enemies":"Writhing Mass","floor":48.0,"turns":4.0},{"damage":65,"enemies":"Awakened One","floor":50,"turns":18}],"seed_played":"5613435981747675939","potions_obtained":[{"floor":1.0,"key":"EntropicBrew"},{"floor":8.0,"key":"SpeedPotion"},{"floor":12.0,"key":"FearPotion"},{"floor":30.0,"key":"Strength Potion"},{"floor":33.0,"key":"Regen Potion"},{"floor":39.0,"key":"Dexterity Potion"},{"floor":47.0,"key":"Energy Potion"}],"is_trial":false,"path_per_floor":["M","?","M","M","?","E","R","M","T","$","M","M","R","E","R","B",null,"M","?","?","$","M","E","R","?","T","?","M","R","M","E","R","B",null,"M","$","M","?","M","R","M","R","T","R","?","R","M","M","R","B",null],"character_chosen":"DEFECT","items_purchased":["Defragment","Centennial Puzzle"],"campfire_rested":6,"item_purchase_floors":[10,36],"current_hp_per_floor":[54,54,54,54,54,31,31,28,28,28,21,20,20,3,24,48,65,50,50,50,50,49,7,28,28,28,28,10,31,14,3,25,4,57,49,49,42,42,17,40,45,45,45,45,45,45,26,21,45,6],"gold":181,"neow_bonus":"THREE_RARE_CARDS","is_daily":false,"chose_seed":false,"campfire_upgraded":5,"win_rate":0.0,"timestamp":1611417468,"path_taken":["M","?","M","M","?","E","R","M","T","$","M","?","R","E","R","BOSS","M","?","?","$","?","E","R","?","T","?","M","R","M","E","R","BOSS","M","$","?","?","?","R","M","R","T","R","?","R","?","M","R","BOSS"],"items_purchased_type":["Card","Relic"],"build_version":"2020-12-22","purchased_purges":2,"victory":true,"max_hp_per_floor":[71,71,71,71,71,71,71,71,71,71,71,71,71,71,71,71,71,71,71,71,71,71,71,71,71,71,71,72,72,73,74,74,75,75,76,76,77,77,78,78,79,79,79,79,79,79,80,81,81,82],"card_choices":[{"not_picked":["Reboot","Amplify"],"picked":"Core Surge","floor":0.0},{"not_picked":["Melter","Blizzard"],"picked":"Sweeping Beam","floor":1.0},{"not_picked":["Self Repair","Blizzard","Leap"],"picked":"SKIP","floor":3.0},{"not_picked":["Rip and Tear","Sunder"],"picked":"Doom and Gloom","floor":4.0},{"not_picked":["Streamline","Heatsinks","Ball Lightning"],"picked":"SKIP","floor":6.0},{"not_picked":["Gash","Beam Cell"],"picked":"Reinforced Body","floor":8.0},{"not_picked":["Cold Snap","Reprogram"],"picked":"Loop","floor":11.0},{"not_picked":["Sweeping Beam","Beam Cell"],"picked":"Coolheaded","floor":12.0},{"not_picked":["Chill","Sweeping Beam","Recycle"],"picked":"SKIP","floor":14.0},{"not_picked":["Reboot","Multi-Cast"],"picked":"Rainbow","floor":16.0},{"not_picked":["Stack","Reprogram"],"picked":"Double Energy","floor":18.0},{"not_picked":["Sweeping Beam","Streamline","Turbo"],"picked":"SKIP","floor":22.0},{"not_picked":["Lockon","Machine Learning"],"picked":"Conserve Battery","floor":23.0},{"not_picked":["Hologram","Turbo","Sunder"],"picked":"SKIP","floor":28.0},{"not_picked":["Turbo","Hologram","Hello World"],"picked":"SKIP","floor":30.0},{"not_picked":["Barrage","Self Repair"],"picked":"Undo","floor":31.0},{"not_picked":["Buffer","Seek"],"picked":"Reboot","floor":33.0},{"not_picked":["Double Energy","Tempest+1"],"picked":"Skim","floor":35.0},{"not_picked":["Double Energy+1","Stack","Cold Snap"],"picked":"SKIP","floor":37.0},{"not_picked":["Go for the Eyes+1","Conserve Battery","Cold Snap"],"picked":"SKIP","floor":39.0},{"not_picked":["Compile Driver","Conserve Battery","Streamline"],"picked":"SKIP","floor":41.0},{"not_picked":["Heatsinks","Blizzard","Cold Snap+1"],"picked":"SKIP","floor":47.0},{"not_picked":["Melter","Loop","Hologram+1"],"picked":"SKIP","floor":48.0}],"player_experience":452426,"relics_obtained":[{"floor":6.0,"key":"StoneCalendar"},{"floor":9.0,"key":"Pantograph"},{"floor":14.0,"key":"Mummified Hand"},{"floor":23.0,"key":"Shuriken"},{"floor":26.0,"key":"Bottled Tornado"},{"floor":31.0,"key":"TungstenRod"},{"floor":43.0,"key":"Toxic Egg 2"}],"event_choices":[{"damage_healed":0.0,"max_hp_gain":0.0,"max_hp_loss":0.0,"gold_gain":0.0,"cards_transformed":["Strike_B"],"event_name":"Living Wall","player_choice":"Change","floor":2.0,"gold_loss":0.0,"damage_taken":0.0,"cards_obtained":["Blizzard"]},{"damage_healed":0.0,"max_hp_gain":0.0,"max_hp_loss":0.0,"gold_gain":0.0,"event_name":"Upgrade Shrine","player_choice":"Upgraded","floor":5.0,"gold_loss":0.0,"damage_taken":0.0,"cards_upgraded":["Doom and Gloom"]},{"damage_healed":0.0,"max_hp_gain":0.0,"max_hp_loss":0.0,"gold_gain":0.0,"event_name":"Vampires","player_choice":"Ignored","floor":19.0,"gold_loss":0.0,"damage_taken":0.0},{"cards_removed":["Strike_B"],"damage_healed":0.0,"max_hp_gain":0.0,"max_hp_loss":0.0,"gold_gain":0.0,"event_name":"Purifier","player_choice":"Purged","floor":20.0,"gold_loss":0.0,"damage_taken":0.0},{"damage_healed":0.0,"max_hp_gain":0.0,"max_hp_loss":0.0,"gold_gain":0.0,"cards_transformed":["Strike_B","Defend_B"],"event_name":"Drug Dealer","player_choice":"Became Test Subject","floor":25.0,"gold_loss":0.0,"damage_taken":0.0,"cards_obtained":["Tempest","FTL"]},{"damage_healed":0.0,"max_hp_gain":0.0,"max_hp_loss":0.0,"gold_gain":0.0,"event_name":"FaceTrader","player_choice":"Trade","floor":27.0,"gold_loss":0.0,"damage_taken":0.0,"relics_obtained":["FaceOfCleric"]},{"damage_healed":0.0,"max_hp_gain":0.0,"max_hp_loss":0.0,"gold_gain":0.0,"event_name":"Accursed Blacksmith","player_choice":"Forge","floor":38.0,"gold_loss":0.0,"damage_taken":0.0,"cards_upgraded":["Loop"]},{"damage_healed":0.0,"max_hp_gain":0.0,"max_hp_loss":0.0,"gold_gain":0.0,"cards_transformed":["Defend_B"],"event_name":"Transmorgrifier","player_choice":"Transformed","floor":45.0,"gold_loss":0.0,"damage_taken":0.0,"cards_obtained":["Force Field"]}],"is_beta":false,"boss_relics":[{"not_picked":["Coffee Dripper","Fusion Hammer"],"picked":"Philosopher\u0027s Stone"},{"not_picked":["Black Star","Runic Dome"],"picked":"Nuclear Battery"}],"items_purged_floors":[21,36],"is_endless":false,"potions_floor_spawned":[1,8,12,14,18,30,33,39,47],"ascension_level":17}}