{"host":"e8hwgc5hwysw32tq","time":1611442992,"event":{"mods":["BaseMod","Downfall","Minty Spire (QoL Compilation)","Shop Mod","StSLib"],"gold_per_floor":[99,117,117,129,148,161,161,171,193,193,219,258,293,320,333,449,449,349,349,449,483,512,561,586,586,586],"floor_reached":24,"language":"ENG","playtime":1826,"items_purged":[],"score":274,"play_id":"bc7aee78-0a76-467b-948a-40f1a5c571d3","local_time":"20210123150312","is_ascension_mode":false,"campfire_choices":[{"data":"hexamod:Sear","floor":1,"key":"SMITH"},{"floor":18,"key":"RECALL"}],"circlet_count":0,"master_deck":["hexamod:Sear+1","hexamod:Float","hexamod:FastForward","hexamod:SwordOfDarkness","hexamod:NightmareGuise+1","hexamod:HauntingEcho","hexamod:SecondSeal","hexamod:SpectersWail+1","hexamod:SecondSeal","hexamod:GhostflameBarrier","hexamod:SixthSeal","hexamod:ShieldOfDarkness","hexamod:UnleashSpirits+1","Ghostly+1","Ghostly","Ghostly+1","hexamod:CouncilsJustice","hexamod:CouncilsJustice","hexamod:CouncilsJustice","hexamod:SpectralAdrenaline","hexamod:FourthSeal","Regret","Injury"],"relics":["hexamod:SpiritBrand","downfall:ExtraCursedKey","Whetstone","Busted Crown","downfall:HeartBlessingGreen","Anchor"],"acts_visited":["Exordium","TheCity"],"potions_floor_usage":[9,15,16,16],"damage_taken":[{"damage":0,"enemies":"Small Slimes","floor":2,"turns":3},{"damage":1,"enemies":"Jaw Worm","floor":4,"turns":4},{"damage":0,"enemies":"Cultist","floor":5,"turns":3},{"damage":0,"enemies":"Exordium Wildlife","floor":6,"turns":4},{"damage":0,"enemies":"3 Louse","floor":8,"turns":2},{"damage":6,"enemies":"Large Slime","floor":9,"turns":5},{"damage":0,"enemies":"Exordium Wildlife","floor":11,"turns":3},{"damage":0,"enemies":"Lagavulin","floor":12,"turns":5},{"damage":3,"enemies":"3 Louse","floor":13,"turns":2},{"damage":0,"enemies":"Exordium Thugs","floor":14,"turns":4},{"damage":0,"enemies":"Gremlin Gang","floor":15,"turns":3},{"damage":18,"enemies":"WA_ARCHETYPE_RETAIN","floor":16,"turns":10},{"damage":11,"enemies":"3 Byrds","floor":21,"turns":5},{"damage":7,"enemies":"Shell Parasite","floor":22,"turns":4},{"damage":0,"enemies":"Slavers","floor":23,"turns":6}],"seed_played":"6918365926587878416","potions_obtained":[{"floor":2,"key":"Dexterity Potion"},{"floor":6,"key":"Fire Potion"},{"floor":12,"key":"Explosive Potion"},{"floor":13,"key":"hexamod:EctoCoolerPotion"},{"floor":14,"key":"EssenceOfSteel"},{"floor":15,"key":"Dexterity Potion"},{"floor":23,"key":"SteroidPotion"},{"floor":23,"key":"Explosive Potion"}],"is_trial":false,"path_per_floor":["R","M","?","M","M","M","T","M","M","?","M","E","M","M","M","B",null,"R","?","?","M","M","E","T"],"character_chosen":"THE_SPIRIT","items_purchased":[],"campfire_rested":0,"item_purchase_floors":[],"current_hp_per_floor":[77,77,77,76,76,76,76,76,70,70,70,70,67,67,67,49,77,77,38,38,27,20,20,20,20,20],"gold":586,"neow_bonus":"TEN_PERCENT_HP_BONUS","is_daily":false,"chose_seed":false,"campfire_upgraded":1,"win_rate":0.0,"timestamp":1611442992,"path_taken":["R","M","?","M","M","M","T","M","M","?","M","E","M","M","M","BOSS","R","?","?","M","M","E","T"],"items_purchased_type":[],"build_version":"2020-12-22","purchased_purges":0,"victory":false,"max_hp_per_floor":[77,77,77,77,77,77,77,77,77,77,77,77,77,77,77,77,77,77,38,38,38,38,38,38,38,38],"card_choices":[{"not_picked":["hexamod:Firestarter","hexamod:BacktrackSmack"],"picked":"hexamod:FastForward","floor":2},{"not_picked":["hexamod:BacktrackSmack","hexamod:Haunt"],"picked":"hexamod:SwordOfDarkness","floor":4},{"not_picked":["hexamod:Incineration","hexamod:FastForward"],"picked":"hexamod:NightmareGuise","floor":5},{"not_picked":["hexamod:FirstSeal","hexamod:SkipABeat"],"picked":"hexamod:HauntingEcho","floor":6},{"not_picked":["hexamod:SwordOfDarkness","hexamod:ThermalTransfer"],"picked":"hexamod:SecondSeal","floor":8},{"not_picked":["hexamod:BurningTouch","hexamod:RainOfEmbers"],"picked":"hexamod:SpectersWail","floor":9},{"not_picked":["hexamod:Hexaguard","hexamod:NightmareGuise"],"picked":"hexamod:SecondSeal","floor":11},{"not_picked":["hexamod:HeatCrush","hexamod:PhantomFireball"],"picked":"hexamod:GhostflameBarrier","floor":12},{"not_picked":["hexamod:SwordOfDarkness","hexamod:NecessarySacrifice"],"picked":"hexamod:SixthSeal","floor":13},{"not_picked":["hexamod:SkipABeat","hexamod:ThermalTransfer","hexamod:HauntingEcho"],"picked":"SKIP","floor":14},{"not_picked":["hexamod:ExtraCrispy","hexamod:BurningTouch"],"picked":"hexamod:ShieldOfDarkness","floor":15},{"not_picked":["hexamod:VolcanoVisage","hexamod:GhostflameInferno"],"picked":"hexamod:UnleashSpirits","floor":16},{"not_picked":[],"picked":"hexamod:SpectralAdrenaline","floor":21},{"not_picked":[],"picked":"hexamod:FourthSeal","floor":22},{"not_picked":["hexamod:GhostOfSpirePast+1"],"picked":"SKIP","floor":23}],"player_experience":424687,"relics_obtained":[{"floor":12,"key":"Whetstone"},{"floor":23,"key":"Anchor"}],"event_choices":[],"is_beta":false,"boss_relics":[{"not_picked":["Velvet Choker","Pandora\u0027s Box"],"picked":"Busted Crown"}],"items_purged_floors":[],"is_endless":false,"potions_floor_spawned":[2,6,12,13,14,15,23],"ascension_level":0}}