{"host":"ba8edsagfc7m13s2","time":1611442422,"event":{"mods":["BaseMod","Colored Map","Downfall","GifTheSpireLib","Hubris","Infinite Spire","Jedi Mod","Minty Spire (QoL Compilation)","Permanent Neow","READ ME - Guardian Mod","Replay The Spire","Shop Mod","StSLib","The Jungle"],"gold_per_floor":[119,130,143,318,330,330,363,363,363,375,406,406,406,422,422,527,527,540,554,554,554,554,554,579,579,661,188,200,200,215,315,315,416,416,436,436,436],"floor_reached":36,"language":"FRA","playtime":5726,"items_purged":[],"score":417,"play_id":"632962d2-87b0-4b9b-8257-a7c2b49a1d87","local_time":"20210123235342","is_ascension_mode":false,"campfire_choices":[{"data":"Zap","floor":6.0,"key":"SMITH"},{"floor":8.0,"key":"REST"},{"floor":13.0,"key":"REST"},{"data":"Conserve Battery","floor":15.0,"key":"SMITH"},{"floor":23.0,"key":"REST"},{"floor":25.0,"key":"REST"},{"data":"Dualcast","floor":29.0,"key":"SMITH"},{"data":"Stack","floor":32.0,"key":"SMITH"}],"circlet_count":0,"master_deck":["Strike_B+1","Strike_B+1","Strike_B+1","Strike_B+1","Defend_B+1","Defend_B+1","Defend_B+1","Defend_B+1","Zap+1","Dualcast+1","Capacitor","Rebound","Go for the Eyes","Doubt","Doom and Gloom","Redo+1","Steam","Doom and Gloom+1","Conserve Battery+1","Hyperbeam+1","Go for the Eyes+1","Barrage+1","Undo+1","Auto Shields","White Noise","Stack+1","Creative AI","CurseOfTheBell","Stack+1"],"relics":["Cracked Core","Molten Egg 2","Kunai","Thread and Needle","Boot","Calipers","Cables","Lee\u0027s Waffle","Ginger","Du-Vu Doll","InkBottle","Calling Bell","Dream Catcher","Sundial","Bird Faced Urn"],"acts_visited":[],"potions_floor_usage":[],"damage_taken":[{"damage":6.0,"enemies":"Jaw Worm","floor":1.0,"turns":3.0},{"damage":0.0,"enemies":"2 Louse","floor":2.0,"turns":2.0},{"damage":1.0,"enemies":"Cultist","floor":3.0,"turns":4.0},{"damage":13.0,"enemies":"Lots of Slimes","floor":5.0,"turns":4.0},{"damage":26.0,"enemies":"Lagavulin","floor":7.0,"turns":6.0},{"damage":8.0,"enemies":"Exordium Wildlife","floor":10.0,"turns":6.0},{"damage":30.0,"enemies":"Gremlin Nob","floor":11.0,"turns":5.0},{"damage":0.0,"enemies":"Blue Slaver","floor":14.0,"turns":4.0},{"damage":29.0,"enemies":"The Guardian","floor":16.0,"turns":10.0},{"damage":13.0,"enemies":"Chosen","floor":18.0,"turns":5.0},{"damage":6.0,"enemies":"Spheric Guardian","floor":19.0,"turns":4.0},{"damage":39.0,"enemies":"Book of Stabbing","floor":24.0,"turns":5.0},{"damage":7.0,"enemies":"Snecko","floor":28.0,"turns":5.0},{"damage":0.0,"enemies":"Snake Plant","floor":30.0,"turns":4.0},{"damage":2.0,"enemies":"Colosseum Slavers","floor":31.0,"turns":4.0},{"damage":26.0,"enemies":"Colosseum Nobs","floor":31.0,"turns":4.0},{"damage":46.0,"enemies":"Collector","floor":33.0,"turns":11.0},{"damage":0.0,"enemies":"3 Shapes","floor":35.0,"turns":1.0},{"damage":0,"enemies":"3 Darklings","floor":36,"turns":1}],"seed_played":"-6965652366665889949","potions_obtained":[{"floor":1.0,"key":"PowerPotion"},{"floor":3.0,"key":"Ancient Potion"},{"floor":10.0,"key":"ColorlessPotion"},{"floor":11.0,"key":"CultistPotion"},{"floor":24.0,"key":"FocusPotion"},{"floor":33.0,"key":"Dexterity Potion"},{"floor":35.0,"key":"ColorlessPotion"}],"is_trial":false,"path_per_floor":["M","M","M","?","M","R","E","R","T","M","E","?","R","M","R","B",null,"M","M","?","?","?","R","E","R","T","$","M","R","M","?","R","B",null,"M","M"],"character_chosen":"DEFECT","items_purchased":["Lee\u0027s Waffle","Ginger","Auto Shields"],"campfire_rested":4,"item_purchase_floors":[27,27,27],"current_hp_per_floor":[62,62,61,61,48,48,22,48,48,40,10,10,36,36,36,7,89,76,70,70,70,53,81,42,70,70,101,94,94,94,66,66,20,101,101,101,101],"gold":436,"neow_bonus":"TWENTY_PERCENT_HP_BONUS","is_daily":false,"chose_seed":false,"campfire_upgraded":4,"win_rate":0.0,"timestamp":1611442422,"path_taken":["M","M","M","?","M","R","E","R","T","M","E","?","R","M","R","BOSS","M","M","?","?","?","R","E","R","T","$","M","R","M","?","R","BOSS","M","M"],"items_purchased_type":["Relic","Relic","Card"],"build_version":"2020-12-22","purchased_purges":0,"victory":false,"max_hp_per_floor":[89,89,89,89,89,89,89,89,89,89,89,89,89,89,89,89,89,89,89,89,89,94,94,94,94,94,101,101,101,101,101,101,101,101,101,101,101],"card_choices":[{"not_picked":["Loop","Self Repair"],"picked":"Capacitor","floor":1.0},{"not_picked":["Static Discharge","Leap"],"picked":"Rebound","floor":2.0},{"not_picked":["Compile Driver","Coolheaded"],"picked":"Go for the Eyes","floor":3.0},{"not_picked":["Redo","Steam"],"picked":"Doom and Gloom","floor":5.0},{"not_picked":["Conserve Battery","Stack"],"picked":"Redo","floor":7.0},{"not_picked":["Redo","FTL+1"],"picked":"Steam","floor":10.0},{"not_picked":["Compile Driver+1","Hello World"],"picked":"Doom and Gloom+1","floor":11.0},{"not_picked":["Compile Driver+1","Steam"],"picked":"Conserve Battery","floor":14.0},{"not_picked":["All For One+1","Thunder Strike+1"],"picked":"Hyperbeam+1","floor":16.0},{"not_picked":["Rebound+1","Beam Cell+1"],"picked":"Go for the Eyes+1","floor":18.0},{"not_picked":["Redo","Turbo"],"picked":"Barrage+1","floor":19.0},{"not_picked":["BootSequence","Self Repair"],"picked":"Undo+1","floor":24.0},{"not_picked":["BootSequence","Scrape+1"],"picked":"White Noise","floor":28.0},{"not_picked":["Cold Snap+1","Fission"],"picked":"Stack","floor":30.0},{"not_picked":["Multi-Cast","Biased Cognition"],"picked":"Creative AI","floor":33.0},{"not_picked":["Capacitor+1","Aggregate+1"],"picked":"Stack+1","floor":35.0}],"player_experience":3220880,"relics_obtained":[{"floor":7.0,"key":"Molten Egg 2"},{"floor":9.0,"key":"Kunai"},{"floor":11.0,"key":"Thread and Needle"},{"floor":24.0,"key":"Calipers"},{"floor":26.0,"key":"Cables"},{"floor":31.0,"key":"Du-Vu Doll"},{"floor":31.0,"key":"InkBottle"},{"floor":34.0,"key":"Dream Catcher"},{"floor":34.0,"key":"Sundial"},{"floor":34.0,"key":"Bird Faced Urn"}],"event_choices":[{"damage_healed":0.0,"max_hp_gain":0.0,"max_hp_loss":0.0,"gold_gain":175.0,"event_name":"Liars Game","player_choice":"AGREE","floor":4.0,"gold_loss":0.0,"damage_taken":0.0,"cards_obtained":["Doubt"]},{"damage_healed":0.0,"max_hp_gain":0.0,"max_hp_loss":0.0,"gold_gain":0.0,"event_name":"Living Wall","player_choice":"Grow","floor":12.0,"gold_loss":0.0,"damage_taken":0.0,"cards_upgraded":["Redo"]},{"damage_healed":0.0,"max_hp_gain":0.0,"max_hp_loss":0.0,"gold_gain":0.0,"event_name":"The Mausoleum","player_choice":"Opened","floor":20.0,"gold_loss":0.0,"damage_taken":0.0,"relics_obtained":["Boot"]},{"damage_healed":0.0,"max_hp_gain":0.0,"max_hp_loss":0.0,"gold_gain":0.0,"event_name":"Back to Basics","player_choice":"Simplicity","floor":21.0,"gold_loss":0.0,"damage_taken":0.0,"cards_upgraded":["Strike_B","Strike_B","Strike_B","Strike_B","Defend_B","Defend_B","Defend_B","Defend_B"]},{"damage_healed":0.0,"max_hp_gain":5.0,"max_hp_loss":0.0,"gold_gain":0.0,"event_name":"Forgotten Altar","player_choice":"Shed Blood","floor":22.0,"gold_loss":0.0,"damage_taken":22.0},{"damage_healed":0.0,"max_hp_gain":0.0,"max_hp_loss":0.0,"gold_gain":0.0,"event_name":"Colosseum","player_choice":"Fight","floor":31.0,"gold_loss":0.0,"damage_taken":0.0},{"damage_healed":0.0,"max_hp_gain":0.0,"max_hp_loss":0.0,"gold_gain":0.0,"event_name":"Colosseum","player_choice":"Fought Nobs","floor":31.0,"gold_loss":0.0,"damage_taken":0.0}],"is_beta":false,"boss_relics":[{"not_picked":["Fusion Hammer","Philosopher\u0027s Stone","Runic Pyramid"]},{"not_picked":["Snecko Eye","Pandora\u0027s Box"],"picked":"Calling Bell"}],"items_purged_floors":[],"is_endless":true,"potions_floor_spawned":[1,3,10,11,16,24,33,35],"killed_by":"3 Darklings","ascension_level":0}}