{"host":"pszcj3piwl6eu8b1","time":1611363923,"event":{"mods":["2.2 Compatiblity","Act Like it!","Aspiration","BaseMod","Better Altar","Better Match","Better Note","Better Sensory Stone","Better Skull","Better Third Choice","Better Vampires","CCEM","Downfall","Elementarium","Energized Spire","Gensokyo","GifTheSpireLib","Hallownest","Hubris","Marisa????????","Menagerie","Minty Spire (QoL Compilation)","Permanent Neow","Quarter Circle Forward PUNCH!","Quick Restart","Replay The Spire","Shop Mod","StSLib","Stuff the Spire","The Animator","The Blue Laboratory"],"gold_per_floor":[349,362,378,408,408,408,408],"floor_reached":6,"language":"ENG","playtime":199,"items_purged":[],"score":72,"play_id":"b4c461bc-7ca0-48e4-b5cb-d407b4330ec9","local_time":"20210122170523","is_ascension_mode":true,"campfire_choices":[{"data":"animator:Defend","floor":1.0,"key":"PURGE"}],"circlet_count":0,"master_deck":["AscendersBane","animator:Strike_Rewrite","animator:Defend_Rewrite","animator:Strike","animator:Strike","animator:Strike","animator:Defend","animator:YoshinoHaruhiko","animator:ShizuruNakatsu","animator:Aqua"],"relics":["animator:LivingPicture","animator:TheMissingPiece","animator:PurgingStone"],"acts_visited":["Exordium"],"potions_floor_usage":[],"damage_taken":[{"damage":7.0,"enemies":"Small Slimes","floor":2.0,"turns":3.0},{"damage":5.0,"enemies":"Cultist","floor":3.0,"turns":4.0},{"damage":12.0,"enemies":"Jaw Worm","floor":4.0,"turns":3.0},{"damage":0,"enemies":"Gremlin Nob","floor":6,"turns":2}],"seed_played":"-6474535280081491531","potions_obtained":[],"is_trial":false,"path_per_floor":["R","M","M","M","?","E"],"character_chosen":"THE_ANIMATOR","items_purchased":[],"campfire_rested":0,"item_purchase_floors":[],"current_hp_per_floor":[39,32,27,15,15,17,17],"gold":408,"neow_bonus":"TWO_FIFTY_GOLD","is_daily":false,"chose_seed":true,"campfire_upgraded":0,"win_rate":0.0,"timestamp":1611363923,"path_taken":["R","M","M","M","?","E"],"items_purchased_type":[],"build_version":"2020-12-22","purchased_purges":0,"victory":false,"max_hp_per_floor":[60,60,60,60,60,60,60],"card_choices":[{"not_picked":["animator:ShizuruNakatsu","animator:Millim","animator:Mikaela"],"picked":"SKIP","floor":2.0},{"not_picked":["animator:Chibimoth","animator:Souei","animator:Kyubey"],"picked":"SKIP","floor":3.0},{"not_picked":["animator:ToukaNishikujou","animator:Togame"],"picked":"animator:Aqua","floor":4.0}],"player_experience":1394583,"relics_obtained":[],"event_choices":[],"is_beta":false,"boss_relics":[],"items_purged_floors":[],"is_endless":false,"potions_floor_spawned":[],"killed_by":"Gremlin Nob","ascension_level":20}}