{"host":"yv7ijgyl7mqt7c0r","time":1611361088,"event":{"mods":["100% Spire Juice","2.2 Compatiblity","Act Like it!","Aspiration","BaseMod","Bestiary","Better Note","Better Skull","CapriCore","Conspire","DeckTracker","Elementarium","Energized Spire","Friendly Minions","Gensokyo","GifTheSpireLib","Hallownest","KinomotoSakuraMod(????)","Mari Mod (Legacy)","Mari\u0027s V1 Patch","Marisa????????","Menagerie","Minty Spire (QoL Compilation)","Prisma Mod","Random Character Button","Reimu??????","Remilia_Scarlet Moed?????·?????3.3.5","StSLib","Stuff the Spire","The Alterego","The Bug Knight","The Jungle","The Senshi","The Servant 0.9.4","TheVelvet","Wandering Minibosses","Yakumo Yukari mod","Yuyuko"],"gold_per_floor":[112,125,125,30,45,71,71,86,86,115,129,142,176,190,190,190,190],"floor_reached":16,"language":"ENG","playtime":4322,"items_purged":[],"score":149,"play_id":"5ea1a465-b17d-42b5-a053-46cb4fc24d4c","local_time":"20210122181808","is_ascension_mode":false,"campfire_choices":[{"data":"SurpressingFire","floor":7,"key":"SMITH"},{"data":"Duplication","floor":15,"key":"SMITH"}],"circlet_count":0,"master_deck":["Strike_S","Strike_S","Strike_S","Strike_S","Defend_S","Defend_S","Defend_S","Defend_S","KidneyShot","Exchange","Read","SurpressingFire+1","Starlight","TimeTheft","GearUp","DancingSilver","Duplication+1","Snipe","Rearm","Misdirection","Revamp"],"relics":["Uniform","Gensokyo:Justice","Happy Flower","Tea:ReiMu","Vajra","PreservedInsect"],"acts_visited":["Gensokyo:Gensokyo"],"potions_floor_usage":[],"damage_taken":[{"damage":0,"enemies":"Gensokyo:3_Fairies","floor":1,"turns":3},{"damage":3,"enemies":"Gensokyo:2_Kodama","floor":2,"turns":5},{"damage":0,"enemies":"Gensokyo:Python","floor":5,"turns":3},{"damage":11,"enemies":"Gensokyo:Mamizou","floor":6,"turns":12},{"damage":21,"enemies":"Gensokyo:5_Fairies","floor":8,"turns":6},{"damage":6,"enemies":"Gensokyo:Cirno","floor":10,"turns":6},{"damage":6,"enemies":"Gensokyo:Kitsune","floor":11,"turns":4},{"damage":0,"enemies":"Gensokyo:LivingMonolith","floor":12,"turns":3},{"damage":0,"enemies":"Gensokyo:Aya","floor":13,"turns":10},{"damage":6,"enemies":"Gensokyo:VengefulSpirit","floor":14,"turns":4},{"damage":24,"enemies":"Gensokyo:Reimu","floor":16,"turns":2}],"seed_played":"-422228357450347352","potions_obtained":[{"floor":2,"key":"EssenceOfSteel"},{"floor":5,"key":"Weak Potion"},{"floor":10,"key":"BlessingOfTheForge"},{"floor":12,"key":"DuplicationPotion"}],"is_trial":false,"path_per_floor":["M","M","?","$","M","E","R","M","T","E","M","M","E","M","R","B"],"character_chosen":"THE_SERVANT","items_purchased":["SurpressingFire","Starlight"],"campfire_rested":0,"item_purchase_floors":[4,4],"current_hp_per_floor":[71,68,68,68,68,57,57,36,36,30,24,24,24,18,18,0,0],"gold":190,"neow_bonus":"TEN_PERCENT_HP_BONUS","is_daily":false,"chose_seed":false,"campfire_upgraded":2,"win_rate":0.0,"timestamp":1611361088,"path_taken":["M","M","?","$","M","E","R","M","T","E","M","M","E","M","R","BOSS"],"items_purchased_type":["Card","Card"],"build_version":"2020-12-22","purchased_purges":0,"victory":false,"max_hp_per_floor":[71,71,71,71,71,71,71,71,71,71,71,71,71,71,71,71,71],"card_choices":[{"not_picked":["Unruled","ShatteredReality"],"picked":"Rearm","floor":1},{"not_picked":["Desolation","Spin"],"picked":"Read","floor":2},{"not_picked":["Rewind","Desolation"],"picked":"TimeTheft","floor":5},{"not_picked":["SilverMatrix","Defy"],"picked":"GearUp","floor":6},{"not_picked":["Alleviate","DoubleEdge"],"picked":"DancingSilver","floor":8},{"not_picked":["Desolation","Alleviate"],"picked":"Duplication","floor":10},{"not_picked":["Alleviate","StarChef"],"picked":"Snipe","floor":11},{"not_picked":["InstantArmor","WasteNot"],"picked":"Rearm","floor":12},{"not_picked":["Deadline","Shuttle"],"picked":"Misdirection","floor":13},{"not_picked":["Starlight","Replace"],"picked":"Revamp","floor":14}],"player_experience":556882,"relics_obtained":[{"floor":6,"key":"Happy Flower"},{"floor":9,"key":"Tea:ReiMu"},{"floor":10,"key":"Vajra"},{"floor":13,"key":"PreservedInsect"}],"event_choices":[],"is_beta":false,"boss_relics":[],"items_purged_floors":[],"is_endless":false,"potions_floor_spawned":[2,5,10,12,14],"killed_by":"Gensokyo:Reimu","ascension_level":0}}