{"host":"6to8m083wj0ro91z","time":1611431136,"event":{"mods":["100% Spire Juice","BaseMod","Better Third Choice","BetterRewards","CatGirl Mod","ChefMod","Friendly Minions","GungeonMod","Hubris","Mad Scientist","Marisa????????","Minty Spire (QoL Compilation)","Railgun Mod","Robot Space Explorer","Shade Mod","Spicy Shops","StSLib","The Blackbeard","The Death Knight","The Gatherer","The Marked","The Mystic","The Necromancer","The Servant 0.9.4"],"gold_per_floor":[111,111,111,130,80,112,112,112,138,138,184,217,251,36,36,115,115,148,148,148,180,306,306,341,256,256,298,298,338,383,426,426,540,540,568,628,658,782,817,817,852,896,920,920,962,962,1005,1035,1035,1050,1050,1050,146,194,209],"floor_reached":56,"language":"ENG","playtime":2210,"items_purged":["blackbeard:BlackbeardStrike","blackbeard:BlackbeardStrike","blackbeard:Sharpening+1"],"score":1733,"play_id":"f053cb55-4246-4c8f-b3d6-427670a278bc","local_time":"20210123204536","is_ascension_mode":true,"campfire_choices":[{"data":"blackbeard:Fencing","floor":8.0,"key":"SMITH"},{"data":"blackbeard:BeatUp","floor":10.0,"key":"SMITH"},{"data":"blackbeard:CatONineTails","floor":15.0,"key":"SMITH"},{"data":"blackbeard:BoostMorale","floor":23.0,"key":"SMITH"},{"data":"blackbeard:Toast","floor":28.0,"key":"SMITH"},{"floor":32,"key":"RECALL"},{"data":"blackbeard:Fencing","floor":40,"key":"SMITH"},{"data":"blackbeard:CaptainsHat","floor":46,"key":"SMITH"},{"data":"blackbeard:Anchor","floor":49,"key":"SMITH"},{"data":"Master of Strategy","floor":52,"key":"SMITH"}],"circlet_count":0,"master_deck":["blackbeard:BlackbeardDefend","blackbeard:BlackbeardDefend","blackbeard:BlackbeardDefend","blackbeard:Fencing+1","blackbeard:BeatUp+1","blackbeard:Anchor+1","blackbeard:BuriedTreasure","blackbeard:CatONineTails+1","blackbeard:BeatUp","blackbeard:BoostMorale+1","blackbeard:CloakAndCannonball+1","blackbeard:Toast+1","blackbeard:CaptainsHat+1","blackbeard:PirateEarring+1","blackbeard:FinalBarrage+1","blackbeard:Toast+1","blackbeard:WiseDefense+1","blackbeard:InfiniteBarrage+1","Master of Strategy+1","blackbeard:Fencing+1","blackbeard:PiratesWill+1","blackbeard:TacticalRetreat+1","blackbeard:CaptainsCabin+1","blackbeard:BoostMorale+1","blackbeard:Eyepatch+1"],"relics":["blackbeard:LoadTheCannons","hubris:Icosahedron","Tiny Chest","Happy Flower","Smiling Mask","DemoMod:GnawedKey","DemoMod:RiddleOfLead","Molten Egg 2","WingedGreaves","blackbeard:GoldenRing","Letter Opener","DemoMod:RingOfEthereal","InkBottle","Meat on the Bone","Astrolabe","CatCart","DemoMod:GlassGuonStoneRelic","Mercury Hourglass","DemoMod:BlueGuonStone","PreservedInsect","hubris:BottledRain","hubris:TinFlute","Mango","DollysMirror","Oddly Smooth Stone"],"acts_visited":["Exordium","TheCity","TheBeyond","TheEnding"],"potions_floor_usage":[39,53,53,53,55,55,55],"damage_taken":[{"damage":0.0,"enemies":"2 Louse","floor":1.0,"turns":2.0},{"damage":5.0,"enemies":"Jaw Worm","floor":4.0,"turns":2.0},{"damage":16.0,"enemies":"3 Sentries","floor":6.0,"turns":8.0},{"damage":6.0,"enemies":"Lagavulin","floor":11.0,"turns":5.0},{"damage":0.0,"enemies":"Cultist","floor":12.0,"turns":3.0},{"damage":0.0,"enemies":"Looter","floor":13.0,"turns":2.0},{"damage":19.0,"enemies":"Hexaghost","floor":16.0,"turns":6.0},{"damage":0.0,"enemies":"Chosen","floor":18.0,"turns":3.0},{"damage":13.0,"enemies":"2 Thieves","floor":21.0,"turns":3.0},{"damage":15.0,"enemies":"Sentry and Sphere","floor":22.0,"turns":5.0},{"damage":5.0,"enemies":"Snecko","floor":24.0,"turns":4.0},{"damage":3.0,"enemies":"Slavers","floor":27.0,"turns":5.0},{"damage":0,"enemies":"Gremlin Leader","floor":29,"turns":3},{"damage":10,"enemies":"Slavers","floor":30,"turns":4},{"damage":0,"enemies":"Book of Stabbing","floor":31,"turns":3},{"damage":19,"enemies":"hubris:MusketHawk","floor":33,"turns":6},{"damage":0,"enemies":"3 Shapes","floor":35,"turns":4},{"damage":0,"enemies":"Orin","floor":36,"turns":5},{"damage":12,"enemies":"Orb Walker","floor":37,"turns":4},{"damage":0,"enemies":"Transient","floor":39,"turns":5},{"damage":0,"enemies":"Jaw Worm Horde","floor":41,"turns":2},{"damage":0,"enemies":"Nemesis","floor":42,"turns":3},{"damage":0,"enemies":"Giant Head","floor":45,"turns":4},{"damage":0,"enemies":"Reptomancer","floor":47,"turns":5},{"damage":0,"enemies":"Spire Growth","floor":48,"turns":3},{"damage":0,"enemies":"hubris:GrandSnecko","floor":50,"turns":5},{"damage":0,"enemies":"Shield and Spear","floor":54,"turns":2},{"damage":8,"enemies":"The Heart","floor":55,"turns":5}],"seed_played":"-8330147473397967089","potions_obtained":[{"floor":1.0,"key":"ColorlessPotion"},{"floor":4.0,"key":"EssenceOfSteel"}],"is_trial":false,"path_per_floor":["M","?","?","M","?","E","?","R","T","R","E","M","M","$","R","B",null,"M","?","T","M","M","R","M","?","T","E","R","E","E","E","R","B",null,"M","?","M","?","M","R","M","E","T","T","E","R","E","M","R","B",null,"R","$","E","B",null],"character_chosen":"BLACKBEARD_CLASS","items_purchased":["DemoMod:GnawedKey","Mango","Fruit Juice","Fruit Juice","DollysMirror","GamblersBrew"],"campfire_rested":0,"item_purchase_floors":[14,53,53,53,53,53],"current_hp_per_floor":[82,82,82,77,77,61,61,61,61,61,55,55,55,55,55,36,92,92,92,92,79,64,64,59,59,59,56,56,56,46,46,46,39,92,92,92,80,80,80,80,80,80,80,80,80,80,80,80,80,80,92,92,123,123,115],"gold":209,"neow_bonus":"TEN_PERCENT_HP_BONUS","is_daily":false,"chose_seed":false,"campfire_upgraded":9,"win_rate":0.0,"timestamp":1611431136,"path_taken":["M","?","?","?","?","E","?","R","T","R","E","?","M","$","R","BOSS","M","?","?","M","M","R","M","?","T","E","R","E","E","E","R","BOSS","M","?","M","?","M","R","M","E","T","?","E","R","E","M","R","BOSS","R","$","E","BOSS"],"items_purchased_type":["Relic","Relic","Potion","Potion","Relic","Potion"],"build_version":"2020-12-22","purchased_purges":3,"victory":true,"max_hp_per_floor":[82,82,82,82,82,82,82,82,82,82,82,82,82,82,82,82,92,92,92,92,92,92,92,92,92,92,92,92,92,92,92,92,92,92,92,92,92,92,92,92,92,92,92,92,92,92,92,92,92,92,92,92,123,123,123],"card_choices":[{"not_picked":["blackbeard:GoldenStrike","blackbeard:TacticalRetreat"],"picked":"blackbeard:Fencing","floor":1.0},{"not_picked":["blackbeard:Revenge","blackbeard:Spear"],"picked":"blackbeard:Anchor","floor":4.0},{"not_picked":["blackbeard:PirateEarring","blackbeard:ChaoticDefense"],"picked":"blackbeard:BuriedTreasure","floor":6.0},{"not_picked":["blackbeard:DeadlyArsenal","blackbeard:Toast"],"picked":"blackbeard:CatONineTails","floor":11.0},{"not_picked":["blackbeard:GoldenDefense","blackbeard:Scrap"],"picked":"blackbeard:BeatUp","floor":12.0},{"not_picked":["blackbeard:Shrapnel","blackbeard:CloakAndCannonball","blackbeard:Toast"],"picked":"SKIP","floor":13.0},{"not_picked":["blackbeard:GoldenGuillotine","blackbeard:FinalBarrage"],"picked":"blackbeard:BoostMorale","floor":16.0},{"not_picked":["blackbeard:TacticalRetreat","blackbeard:DangerousBlow+1","blackbeard:Sword"],"picked":"SKIP","floor":18.0},{"not_picked":["blackbeard:CannonballSupply","blackbeard:GoldenCannonball+1","blackbeard:GoldenDefense"],"picked":"SKIP","floor":21.0},{"not_picked":["blackbeard:BeatUp+1","blackbeard:GoldenStrike+1"],"picked":"blackbeard:CloakAndCannonball+1","floor":22.0},{"not_picked":["blackbeard:SmithingHammer","blackbeard:Toast","blackbeard:CannonballSupply+1"],"picked":"SKIP","floor":24.0},{"not_picked":["blackbeard:DeadlyArsenal","blackbeard:Revenge+1"],"picked":"blackbeard:Toast","floor":27.0},{"not_picked":["blackbeard:GhostInTheRum+1","blackbeard:Toast","blackbeard:Sword+1"],"picked":"SKIP","floor":29},{"not_picked":["blackbeard:DoubleCannonball+1","blackbeard:SmithingHammer"],"picked":"blackbeard:CaptainsHat","floor":30},{"not_picked":["blackbeard:DeadlyArsenal","blackbeard:PiratesWill","blackbeard:Toast"],"picked":"SKIP","floor":31},{"not_picked":["blackbeard:SmithingHammer","blackbeard:TerrorOfTheSeas"],"picked":"blackbeard:Toast+1","floor":35},{"not_picked":["blackbeard:BeatUp+1","blackbeard:Sword+1"],"picked":"blackbeard:WiseDefense+1","floor":36},{"not_picked":["blackbeard:Bandana+1","blackbeard:Upgrade+1"],"picked":"blackbeard:InfiniteBarrage+1","floor":37},{"not_picked":["DemoMod:Deposit","Flash of Steel+1"],"picked":"Master of Strategy","floor":38},{"not_picked":["blackbeard:DelayedPain+1","blackbeard:Spear"],"picked":"blackbeard:Fencing","floor":39},{"not_picked":["blackbeard:Fencing+1","blackbeard:WeaponProficiency"],"picked":"blackbeard:PiratesWill+1","floor":41},{"not_picked":["blackbeard:SwordDance+1","blackbeard:MegaUpgrade"],"picked":"blackbeard:TacticalRetreat+1","floor":42},{"not_picked":["blackbeard:DeadlyArsenal+1","blackbeard:BrownPants","blackbeard:FieryDefense"],"picked":"SKIP","floor":45},{"not_picked":["blackbeard:RearmingStrike+1","blackbeard:CloakAndCannonball+1"],"picked":"blackbeard:CaptainsCabin+1","floor":47},{"not_picked":["blackbeard:DoubleBottom","blackbeard:Fencing+1","blackbeard:CloakAndCannonball+1"],"picked":"SKIP","floor":48},{"not_picked":["blackbeard:PirateHook+1","blackbeard:FieryDefense"],"picked":"blackbeard:Eyepatch+1","floor":54}],"player_experience":1141761,"relics_obtained":[{"floor":6.0,"key":"Tiny Chest"},{"floor":9.0,"key":"Happy Flower"},{"floor":11.0,"key":"Smiling Mask"},{"floor":20.0,"key":"Molten Egg 2"},{"floor":26.0,"key":"blackbeard:GoldenRing"},{"floor":27.0,"key":"Letter Opener"},{"floor":29,"key":"DemoMod:RingOfEthereal"},{"floor":30,"key":"InkBottle"},{"floor":31,"key":"Meat on the Bone"},{"floor":36,"key":"CatCart"},{"floor":38,"key":"Mercury Hourglass"},{"floor":42,"key":"DemoMod:BlueGuonStone"},{"floor":44,"key":"PreservedInsect"},{"floor":45,"key":"hubris:BottledRain"},{"floor":47,"key":"hubris:TinFlute"},{"floor":54,"key":"Oddly Smooth Stone"}],"event_choices":[{"damage_healed":0.0,"max_hp_gain":0.0,"max_hp_loss":0.0,"gold_gain":0.0,"cards_transformed":["blackbeard:BlackbeardStrike"],"event_name":"Transmorgrifier","player_choice":"Transformed","floor":3.0,"gold_loss":0.0,"damage_taken":0.0,"cards_obtained":["blackbeard:BeatUp"]},{"cards_removed":["blackbeard:BlackbeardStrike"],"damage_healed":0.0,"max_hp_gain":0.0,"max_hp_loss":0.0,"gold_gain":0.0,"event_name":"The Cleric","player_choice":"Card Removal","floor":5.0,"gold_loss":50.0,"damage_taken":0.0},{"damage_healed":0.0,"max_hp_gain":0.0,"max_hp_loss":0.0,"gold_gain":0.0,"event_name":"The Woman in Blue","player_choice":"Bought 0 Potions","floor":7.0,"gold_loss":0.0,"damage_taken":0.0},{"damage_healed":0.0,"max_hp_gain":0.0,"max_hp_loss":0.0,"gold_gain":0.0,"event_name":"Vampires","player_choice":"Ignored","floor":19.0,"gold_loss":0.0,"damage_taken":0.0},{"damage_healed":0.0,"max_hp_gain":0.0,"max_hp_loss":0.0,"gold_gain":0.0,"event_name":"Addict","player_choice":"Obtained Relic","floor":25.0,"gold_loss":85.0,"damage_taken":0.0,"relics_obtained":["WingedGreaves"]},{"damage_healed":0,"gold_gain":0,"player_choice":"Fight","damage_taken":0,"max_hp_gain":0,"max_hp_loss":0,"event_name":"OrinTheCat","floor":36,"gold_loss":0},{"damage_healed":0,"gold_gain":0,"player_choice":"Random: Red","damage_taken":0,"max_hp_gain":0,"max_hp_loss":0,"event_name":"betterThird:BetterPortal","floor":38,"gold_loss":0}],"is_beta":false,"boss_relics":[{"not_picked":["Calling Bell","blackbeard:LoadTheGoldenCannons"],"picked":"DemoMod:RiddleOfLead"},{"not_picked":["Snecko Eye","hubris:BlackHole"],"picked":"Astrolabe"}],"items_purged_floors":[14,14,53],"is_endless":false,"potions_floor_spawned":[1,4,11,16,22,29,30,33,35,37],"ascension_level":1}}