{"host":"5tzvto3beate6p8b","time":1611381135,"event":{"mods":["BaseMod","Colored Map","Colored Powertips","Minty Spire (QoL Compilation)","StSLib","SuperFastMode"],"gold_per_floor":[113,38,56,75,90,120,120,170,170,185,213,159,159,159,159,236,236,246,28,28,46,46,46,46,71,71,71,15,15,15,30,30,107,107,126,126,126],"floor_reached":36,"language":"JPN","playtime":1934,"items_purged":["Strike_G"],"score":762,"play_id":"581d7085-01a7-45a0-a971-aee7322446e5","local_time":"20210123145215","is_ascension_mode":true,"campfire_choices":[{"data":"Footwork","floor":7.0,"key":"SMITH"},{"floor":13.0,"key":"REST"},{"data":"Glass Knife","floor":15.0,"key":"SMITH"},{"data":"Catalyst","floor":23,"key":"SMITH"},{"data":"Footwork","floor":24,"key":"SMITH"},{"floor":27,"key":"REST"},{"data":"Bouncing Flask","floor":29,"key":"SMITH"},{"data":"Glass Knife","floor":32,"key":"SMITH"}],"circlet_count":0,"master_deck":["AscendersBane","Defend_G+1","Defend_G+1","Defend_G+1","Defend_G+1","Defend_G+1","Survivor","Neutralize","Backflip","Dash","Glass Knife+1","Crippling Poison","Footwork+1","Deadly Poison","Doppelganger","Parasite","Venomology","CurseOfTheBell","Footwork+1","Noxious Fumes","Bouncing Flask+1","Catalyst+1","Bite","Bite","Bite","Bite","Bite","Glass Knife+1","Night Terror","Sucker Punch"],"relics":["SacredBark","Snake Skull","Centennial Puzzle","Bottled Flame","Calling Bell","Shuriken","WingedGreaves","War Paint","Bag of Preparation","Question Card","Runic Dome"],"acts_visited":["Exordium","TheCity","TheBeyond"],"potions_floor_usage":[18,21,25,25,31,33,33],"damage_taken":[{"damage":7.0,"enemies":"2 Louse","floor":1.0,"turns":4.0},{"damage":5.0,"enemies":"Cultist","floor":3.0,"turns":5.0},{"damage":0.0,"enemies":"Jaw Worm","floor":4.0,"turns":5.0},{"damage":0.0,"enemies":"Exordium Wildlife","floor":5.0,"turns":5.0},{"damage":26.0,"enemies":"Gremlin Nob","floor":6.0,"turns":4.0},{"damage":0.0,"enemies":"3 Louse","floor":10.0,"turns":4.0},{"damage":30.0,"enemies":"Lagavulin","floor":11.0,"turns":11.0},{"damage":37.0,"enemies":"Slime Boss","floor":16.0,"turns":14.0},{"damage":24,"enemies":"Shell Parasite","floor":18,"turns":11},{"damage":3,"enemies":"Spheric Guardian","floor":21,"turns":5},{"damage":14,"enemies":"Slavers","floor":25,"turns":6},{"damage":23,"enemies":"Centurion and Healer","floor":31,"turns":12},{"damage":17,"enemies":"Collector","floor":33,"turns":10},{"damage":2,"enemies":"3 Shapes","floor":35,"turns":6},{"damage":58,"enemies":"3 Darklings","floor":36,"turns":4}],"seed_played":"-2663963827043942049","potions_obtained":[{"floor":3.0,"key":"CunningPotion"},{"floor":5.0,"key":"Fruit Juice"},{"floor":11.0,"key":"Poison Potion"},{"floor":21,"key":"Energy Potion"},{"floor":33,"key":"SteroidPotion"}],"is_trial":false,"path_per_floor":["M","$","M","M","M","E","R","?","T","M","E","?","R","?","R","B",null,"M","$","?","M","?","R","R","E","T","R","$","R","?","M","R","B",null,"M","M"],"character_chosen":"THE_SILENT","items_purchased":["Noxious Fumes","Bouncing Flask","Weak Potion","Dexterity Potion"],"campfire_rested":2,"item_purchase_floors":[19,19,19,28],"current_hp_per_floor":[52,52,47,47,57,31,31,31,31,31,1,1,23,42,42,5,58,34,34,34,31,31,31,31,29,29,44,44,44,44,49,49,45,51,53,0,0],"gold":126,"neow_bonus":"BOSS_RELIC","is_daily":false,"chose_seed":false,"campfire_upgraded":6,"win_rate":0.0,"timestamp":1611381135,"path_taken":["M","$","M","M","M","E","R","?","T","?","E","?","R","?","R","BOSS","M","$","?","M","?","R","R","E","T","R","?","R","?","?","R","BOSS","M","M"],"items_purchased_type":["Card","Card","Potion","Potion"],"build_version":"2020-12-22","purchased_purges":1,"victory":false,"max_hp_per_floor":[66,66,66,66,76,76,76,76,76,76,76,76,76,76,76,76,76,76,76,76,76,53,53,53,53,53,53,53,53,53,53,53,53,53,53,53,53],"card_choices":[{"not_picked":["Dodge and Roll","Deflect"],"picked":"Backflip","floor":1.0},{"not_picked":["Deadly Poison","Dagger Throw"],"picked":"Dash","floor":3.0},{"not_picked":["Bane","Flying Knee"],"picked":"Glass Knife","floor":4.0},{"not_picked":["PiercingWail","Underhanded Strike"],"picked":"Crippling Poison","floor":5.0},{"not_picked":["Dodge and Roll","Leg Sweep"],"picked":"Footwork","floor":6.0},{"not_picked":["Outmaneuver","Acrobatics"],"picked":"Deadly Poison","floor":10.0},{"not_picked":["Prepared","Deflect"],"picked":"Doppelganger","floor":11.0},{"not_picked":["Malaise","Tools of the Trade"],"picked":"Venomology","floor":16.0},{"not_picked":["Riddle With Holes","Poisoned Stab"],"picked":"Footwork","floor":18},{"not_picked":["Deadly Poison","Dagger Throw"],"picked":"Catalyst","floor":21},{"not_picked":["Prepared","Slice","Dagger Throw"],"picked":"SKIP","floor":25},{"not_picked":["Eviscerate","Blur","Riddle With Holes"],"picked":"Glass Knife","floor":31},{"not_picked":["Bullet Time","Die Die Die","Unload"],"picked":"Night Terror","floor":33},{"not_picked":["Dagger Throw","Flying Knee","Cloak And Dagger"],"picked":"Sucker Punch","floor":35}],"player_experience":609632,"relics_obtained":[{"floor":6.0,"key":"Snake Skull"},{"floor":9.0,"key":"Centennial Puzzle"},{"floor":11.0,"key":"Bottled Flame"},{"floor":17.0,"key":"Shuriken"},{"floor":17.0,"key":"WingedGreaves"},{"floor":17.0,"key":"War Paint"},{"floor":25,"key":"Bag of Preparation"},{"floor":26,"key":"Question Card"}],"event_choices":[{"damage_healed":0.0,"max_hp_gain":0.0,"max_hp_loss":0.0,"gold_gain":50.0,"event_name":"Golden Shrine","player_choice":"Pray","floor":8.0,"gold_loss":0.0,"damage_taken":0.0},{"damage_healed":0.0,"max_hp_gain":0.0,"max_hp_loss":0.0,"gold_gain":0.0,"event_name":"World of Goop","player_choice":"Left Gold","floor":12.0,"gold_loss":54.0,"damage_taken":0.0},{"damage_healed":19.0,"max_hp_gain":0.0,"max_hp_loss":0.0,"gold_gain":0.0,"event_name":"Mushrooms","player_choice":"Healed and dodged fight","floor":14.0,"gold_loss":0.0,"damage_taken":0.0,"cards_obtained":["Parasite"]},{"damage_healed":0,"gold_gain":0,"player_choice":"Ignored","damage_taken":0,"max_hp_gain":0,"max_hp_loss":0,"event_name":"Ghosts","floor":20,"gold_loss":0},{"damage_healed":0,"gold_gain":0,"player_choice":"Became a vampire","damage_taken":0,"max_hp_gain":0,"max_hp_loss":23,"event_name":"Vampires","floor":22,"gold_loss":0,"cards_obtained":["Bite","Bite","Bite","Bite","Bite"]},{"damage_healed":0,"gold_gain":0,"player_choice":"Simplicity","damage_taken":0,"max_hp_gain":0,"max_hp_loss":0,"event_name":"Back to Basics","floor":30,"gold_loss":0,"cards_upgraded":["Defend_G","Defend_G","Defend_G"]}],"is_beta":false,"boss_relics":[{"not_picked":["Busted Crown","Tiny House"],"picked":"Calling Bell"},{"not_picked":["HoveringKite","Astrolabe"],"picked":"Runic Dome"}],"items_purged_floors":[2],"is_endless":false,"potions_floor_spawned":[3,5,11,21,33],"killed_by":"3 Darklings","ascension_level":18}}