{"host":"deyrtfrmqzu7hb38","time":1611370930,"event":{"mods":["Act Like it!","BaseMod","Better Note","BetterRewards","Block Reminder","Conspire","Elementarium","Evolution","Fox Events","Friendly Minions","Gold Saver","Infinite Spire","Minty Spire (QoL Compilation)","Puzzle Mod","Rare Cards Sparkle","Relic Filter","Relic Stats","Replay The Spire","Spicy Shops","StSLib","The Death Knight","The Runesmith","Treasure Hunter","Unceasing Turn Reminder","Useless Jewels Mod","Virulent Crown","Wandering Minibosses"],"gold_per_floor":[0,0,0,0,0,0,0,0,0,0],"floor_reached":11,"language":"ENG","playtime":473,"items_purged":[],"score":223,"play_id":"3130dc2d-c02e-45f7-9771-d7db77c8681d","local_time":"20210123110210","is_ascension_mode":false,"campfire_choices":[],"circlet_count":0,"master_deck":["TH:BikiniMail"],"relics":["puzzleMod:CursedCornerPiece","puzzleMod:BagOfPieces","Charon\u0027s Ashes","Cursed Key"],"acts_visited":["Exordium"],"potions_floor_usage":[10],"damage_taken":[{"damage":0.0,"enemies":"Custom Monster","floor":1.0,"turns":1.0},{"damage":19.0,"enemies":"Custom Monster","floor":2.0,"turns":1.0},{"damage":0.0,"enemies":"Custom Monster","floor":3.0,"turns":1.0},{"damage":0.0,"enemies":"Custom Monster","floor":4.0,"turns":1.0},{"damage":6.0,"enemies":"Custom Monster","floor":5.0,"turns":1.0},{"damage":0.0,"enemies":"Custom Monster","floor":6.0,"turns":1.0},{"damage":13.0,"enemies":"Custom Monster","floor":7.0,"turns":1.0},{"damage":13.0,"enemies":"Custom Monster","floor":8.0,"turns":1.0},{"damage":22.0,"enemies":"Custom Monster","floor":9.0,"turns":1.0},{"damage":0,"enemies":"Puzzle Boss","floor":10,"turns":1}],"seed_played":"-9013995249876984625","potions_obtained":[],"is_trial":false,"path_per_floor":["P","P","P","P","P","P","P","P","P","B",null],"character_chosen":"THE_PUZZLER","items_purchased":[],"campfire_rested":0,"item_purchase_floors":[],"current_hp_per_floor":[20,1,20,20,1,20,4,1,1,20],"gold":0,"neow_bonus":"","is_daily":false,"chose_seed":false,"campfire_upgraded":0,"win_rate":0.0,"timestamp":1611370930,"path_taken":["P","P","P","P","P","P","P","P","P","BOSS"],"items_purchased_type":[],"build_version":"2020-12-22","purchased_purges":0,"victory":true,"max_hp_per_floor":[20,20,20,20,20,20,17,14,23,20],"relic_stats":{"counters":[10,10],"Charon\u0027s Ashes":[84],"Cursed Key":0,"obtain_stats":[{"puzzleMod:BagOfPieces":0,"puzzleMod:CursedCornerPiece":0,"Charon\u0027s Ashes":10,"EVO:Axolotl":0,"Cursed Key":10,"Akabeko":4},{"puzzleMod:BagOfPieces":0,"puzzleMod:CursedCornerPiece":0,"Charon\u0027s Ashes":9,"EVO:Axolotl":0,"Cursed Key":9,"Akabeko":3},{"puzzleMod:BagOfPieces":0,"puzzleMod:CursedCornerPiece":0,"Charon\u0027s Ashes":9,"EVO:Axolotl":0,"Cursed Key":9,"Akabeko":3}]},"card_choices":[{"not_picked":[],"picked":"TH:BikiniMail","floor":10}],"player_experience":408157,"relics_obtained":[],"event_choices":[],"is_beta":false,"boss_relics":[],"items_purged_floors":[],"is_endless":false,"potions_floor_spawned":[],"ascension_level":0}}