{"host":"6jrd8fn9k88n08be","time":1611363736,"event":{"mods":["BaseMod","Minty Spire (QoL Compilation)","StSLib"],"gold_per_floor":[13,30,48,48,48,48,48,48,48,48,60,95,106,106,106,227,227,252,52,52,52,52,52,71,71,71],"floor_reached":25,"language":"ENG","playtime":695,"items_purged":[],"score":229,"play_id":"6c66a2b9-9bc5-4e1c-b137-4242c825c965","local_time":"20210122200216","is_ascension_mode":true,"campfire_choices":[{"data":"White Noise","floor":6.0,"key":"SMITH"},{"data":"Thunder Strike","floor":8.0,"key":"SMITH"},{"data":"Streamline","floor":10.0,"key":"SMITH"},{"data":"Stack","floor":15.0,"key":"SMITH"},{"data":"Double Energy","floor":23,"key":"SMITH"}],"circlet_count":0,"master_deck":["Strike_B","Strike_B","Defend_B","Defend_B","Defend_B","Zap+1","Dualcast+1","White Noise+1","Thunder Strike+1","Streamline+1","Ball Lightning","Double Energy+1","Stack+1","Tempest","Amplify","CurseOfTheBell","Beam Cell","Defragment","Coolheaded","Blizzard","Writhe","Glacier+1"],"relics":["Cracked Core","Bag of Marbles","Meat on the Bone","Lantern","Golden Idol","Calling Bell","Bronze Scales","Eternal Feather","Ice Cream","Blood Vial"],"acts_visited":["Exordium","TheCity"],"potions_floor_usage":[24,24],"damage_taken":[{"damage":6.0,"enemies":"Jaw Worm","floor":1.0,"turns":4.0},{"damage":8.0,"enemies":"Small Slimes","floor":2.0,"turns":2.0},{"damage":6.0,"enemies":"2 Louse","floor":3.0,"turns":2.0},{"damage":9.0,"enemies":"Red Slaver","floor":11.0,"turns":2.0},{"damage":16.0,"enemies":"Lagavulin","floor":12.0,"turns":3.0},{"damage":3.0,"enemies":"Blue Slaver","floor":13.0,"turns":3.0},{"damage":38.0,"enemies":"The Guardian","floor":16.0,"turns":7.0},{"damage":23.0,"enemies":"2 Thieves","floor":18.0,"turns":3.0},{"damage":26,"enemies":"Shell Parasite","floor":24,"turns":4},{"damage":54,"enemies":"Slavers","floor":25,"turns":3}],"seed_played":"7400406758107972329","potions_obtained":[{"floor":2.0,"key":"SteroidPotion"},{"floor":11.0,"key":"Weak Potion"},{"floor":18.0,"key":"EssenceOfSteel"}],"is_trial":false,"path_per_floor":["M","M","M","?","?","R","?","R","T","R","M","E","M","?","R","B",null,"M","$","?","?","$","R","M","E"],"character_chosen":"DEFECT","items_purchased":["Defragment","Coolheaded","Blizzard"],"campfire_rested":0,"item_purchase_floors":[19,19,19],"current_hp_per_floor":[69,61,55,55,52,52,52,52,52,52,43,39,48,48,48,22,69,46,46,46,46,46,58,46,0,0],"gold":71,"neow_bonus":"TRANSFORM_TWO_CARDS","is_daily":false,"chose_seed":false,"campfire_upgraded":5,"win_rate":0.0,"timestamp":1611363736,"path_taken":["M","M","M","?","?","R","?","R","T","R","M","E","?","?","R","BOSS","M","$","?","?","?","R","?","E"],"items_purchased_type":["Card","Card","Card"],"build_version":"2020-12-22","purchased_purges":0,"victory":false,"max_hp_per_floor":[75,75,75,75,75,75,75,75,75,75,75,75,75,69,69,69,69,69,69,69,69,69,69,69,69,69],"card_choices":[{"not_picked":["Rip and Tear","Barrage"],"picked":"Streamline","floor":1.0},{"not_picked":["Go for the Eyes","Turbo"],"picked":"Ball Lightning","floor":2.0},{"not_picked":["Self Repair","Beam Cell"],"picked":"Double Energy","floor":3.0},{"not_picked":["Compile Driver","Force Field"],"picked":"Stack","floor":11.0},{"not_picked":["Auto Shields","Gash"],"picked":"Tempest","floor":12.0},{"not_picked":["Go for the Eyes","Force Field","Hologram"],"picked":"SKIP","floor":13.0},{"not_picked":["Creative AI","Rainbow"],"picked":"Amplify","floor":16.0},{"not_picked":["Gash","Biased Cognition"],"picked":"Beam Cell","floor":18.0},{"not_picked":["Recycle","Hologram"],"picked":"Glacier+1","floor":24}],"player_experience":117946,"relics_obtained":[{"floor":9.0,"key":"Meat on the Bone"},{"floor":12.0,"key":"Lantern"},{"floor":17.0,"key":"Bronze Scales"},{"floor":17.0,"key":"Eternal Feather"},{"floor":17.0,"key":"Ice Cream"}],"event_choices":[{"damage_healed":0.0,"max_hp_gain":0.0,"max_hp_loss":0.0,"gold_gain":0.0,"event_name":"Living Wall","player_choice":"Grow","floor":4.0,"gold_loss":0.0,"damage_taken":0.0,"cards_upgraded":["Zap"]},{"damage_healed":0.0,"max_hp_gain":0.0,"max_hp_loss":0.0,"gold_gain":0.0,"event_name":"Scrap Ooze","player_choice":"Success","floor":5.0,"gold_loss":0.0,"damage_taken":3.0,"relics_obtained":["Bag of Marbles"]},{"damage_healed":0.0,"max_hp_gain":0.0,"max_hp_loss":0.0,"gold_gain":0.0,"event_name":"Accursed Blacksmith","player_choice":"Forge","floor":7.0,"gold_loss":0.0,"damage_taken":0.0,"cards_upgraded":["Dualcast"]},{"damage_healed":0.0,"max_hp_gain":0.0,"max_hp_loss":6.0,"gold_gain":0.0,"event_name":"Golden Idol","player_choice":"Lose Max HP","floor":14.0,"gold_loss":0.0,"damage_taken":0.0,"relics_obtained":["Golden Idol"]},{"cards_removed":["Strike_B"],"damage_healed":0,"gold_gain":0,"player_choice":"Elegance","damage_taken":0,"max_hp_gain":0,"max_hp_loss":0,"event_name":"Back to Basics","floor":20,"gold_loss":0},{"damage_healed":0,"gold_gain":0,"player_choice":"Opened","damage_taken":0,"relics_obtained":["Blood Vial"],"max_hp_gain":0,"max_hp_loss":0,"event_name":"The Mausoleum","floor":21,"gold_loss":0,"cards_obtained":["Writhe"]}],"is_beta":false,"boss_relics":[{"not_picked":["Velvet Choker","Empty Cage"],"picked":"Calling Bell"}],"items_purged_floors":[],"is_endless":false,"potions_floor_spawned":[2,11,18],"killed_by":"Slavers","ascension_level":3}}