{"host":"dt8l0my8qdt1qx2n","time":1611385142,"event":{"mods":["Arknights The Spire","BaseMod","Dota2Spire","Marisa£®ÏF”Í°°ƒß¿Ì…≥£©","Minty Spire (QoL Compilation)","Reimu£®≤©¿ˆ¡È√Œ£©","Remilia£®¿Ÿ√◊¿Ú—«£©","StSLib","The Servant 0.9.4","WarShipGirlsR/’ΩΩ¢…Ÿ≈ÆR mod","Yuyuko","[IsaacMod]“‘»ˆº‚À˛","°æ“≈ŒÔø®≈∆°øREMEMod"],"gold_per_floor":[110,124,144,162,178,205,224,224,249,249,279,259,275,286,286,381,381,399,383,397,417,417,417,417,417],"floor_reached":24,"language":"ZHS","playtime":1790,"items_purged":["Defend_Lin:ReiMu"],"score":214,"play_id":"93043398-536c-40b2-8828-839de36dd77d","local_time":"20210123145902","is_ascension_mode":false,"campfire_choices":[{"data":"ManaGlint:ReiMu","floor":8,"key":"SMITH"},{"data":"KyokaiOfKami:ReiMu","floor":10,"key":"SMITH"},{"floor":15,"key":"REST"},{"data":"NineCharacters:ReiMu","floor":23,"key":"SMITH"}],"circlet_count":0,"master_deck":["Strike_Lin:ReiMu","Strike_Lin:ReiMu","Strike_Lin:ReiMu","Strike_Lin:ReiMu","Defend_Lin:ReiMu","Defend_Lin:ReiMu","Defend_Lin:ReiMu","NB:ReiMu","Stagnation:ReiMu","ManaGlint:ReiMu+1","SpreadBorder2:ReiMu","SafetyPray:ReiMu","SafetyPray:ReiMu","SpreadBorder2:ReiMu","KyokaiOfKami:ReiMu+1","Revelation:ReiMu","LovePray:ReiMu","NineCharacters:ReiMu+1","SubcavityFantasy:ReiMu","TightArray:ReiMu+1","AirStrike:ReiMu","RainPray2:ReiMu","OrbThrow:ReiMu"],"relics":["FlyPower:ReiMu","HushsDoor","REME_ComplimentaryCards","TheBean","Dota2Spire:BattleFury","Dota2Spire:ArmletOfMordiggian","Bow_fan:ReiMu","Dota2Spire:RefresherOrb"],"acts_visited":["Exordium","TheCity"],"potions_floor_usage":[16,16,16,20],"damage_taken":[{"damage":0,"enemies":"Jaw Worm","floor":1,"turns":7},{"damage":0,"enemies":"Small Slimes","floor":2,"turns":10},{"damage":0,"enemies":"2 Louse","floor":3,"turns":3},{"damage":6,"enemies":"Lots of Slimes","floor":4,"turns":6},{"damage":0,"enemies":"Exordium Thugs","floor":5,"turns":7},{"damage":29,"enemies":"3 Sentries","floor":6,"turns":20},{"damage":1,"enemies":"Blue Slaver","floor":7,"turns":5},{"damage":23,"enemies":"Gremlin Nob","floor":11,"turns":6},{"damage":0,"enemies":"Lots of Slimes","floor":13,"turns":2},{"damage":2,"enemies":"Large Slime","floor":14,"turns":7},{"damage":3,"enemies":"The Guardian","floor":16,"turns":12},{"damage":17,"enemies":"Chosen","floor":18,"turns":12},{"damage":15,"enemies":"2 Thieves","floor":19,"turns":4},{"damage":0,"enemies":"Snecko","floor":20,"turns":5},{"damage":11,"enemies":"Sentry and Sphere","floor":21,"turns":9},{"damage":24,"enemies":"Slavers","floor":24,"turns":2}],"seed_played":"6223072871562686964","potions_obtained":[{"floor":3,"key":"SneckoOil"},{"floor":4,"key":"Dota2Spire:Clarity"},{"floor":6,"key":"LiquidBronze"},{"floor":19,"key":"PinkPotion:ReiMu"}],"is_trial":false,"path_per_floor":["M","M","M","M","M","E","M","R","T","R","E","?","M","M","R","B",null,"M","M","M","M","?","R","E"],"character_chosen":"REIMU","items_purchased":[],"campfire_rested":1,"item_purchase_floors":[],"current_hp_per_floor":[71,71,71,65,65,36,35,35,35,35,12,12,12,10,31,28,66,49,34,34,23,23,23,0,0],"gold":417,"neow_bonus":"TEN_PERCENT_HP_BONUS","is_daily":false,"chose_seed":false,"campfire_upgraded":3,"win_rate":0.0,"timestamp":1611385142,"path_taken":["M","M","M","M","M","E","M","R","T","R","E","?","M","M","R","BOSS","M","M","M","M","?","R","E"],"items_purchased_type":[],"build_version":"2020-12-22","purchased_purges":1,"victory":false,"max_hp_per_floor":[71,71,71,71,71,71,71,71,71,71,71,71,71,71,71,71,66,66,66,66,66,66,66,66,66],"card_choices":[{"not_picked":[],"picked":"Bomb","floor":0},{"not_picked":["Intuition:ReiMu","Meditation:ReiMu"],"picked":"SpreadBorder2:ReiMu","floor":1},{"not_picked":["Intuition:ReiMu","FantasyBorder:ReiMu","Meditation:ReiMu"],"picked":"SKIP","floor":2},{"not_picked":["Intuition:ReiMu","Amulet:ReiMu"],"picked":"SafetyPray:ReiMu","floor":3},{"not_picked":["TightArray:ReiMu","SubcavityInstant:ReiMu"],"picked":"SafetyPray:ReiMu","floor":4},{"not_picked":["BarrageOfMoneybags:ReiMu","KamiSacrifice:ReiMu","Shading:ReiMu"],"picked":"SKIP","floor":5},{"not_picked":["AlertArray:ReiMu","AirStrike:ReiMu"],"picked":"SpreadBorder2:ReiMu","floor":6},{"not_picked":["KamiSacrifice:ReiMu","Conquer:ReiMu"],"picked":"KyokaiOfKami:ReiMu","floor":7},{"not_picked":["PassingAway:ReiMu","EmergencyTakeOff:ReiMu"],"picked":"Revelation:ReiMu","floor":11},{"not_picked":["Gathering:ReiMu","Amulet:ReiMu"],"picked":"LovePray:ReiMu","floor":13},{"not_picked":["Intuition:ReiMu","AirManeuver:ReiMu"],"picked":"NineCharacters:ReiMu","floor":14},{"not_picked":["RunawayExorcism:ReiMu","PrayRite:ReiMu"],"picked":"SubcavityFantasy:ReiMu","floor":16},{"not_picked":["Meditation:ReiMu","SpringWay:ReiMu+1"],"picked":"TightArray:ReiMu+1","floor":18},{"not_picked":["YinYangSign:ReiMu","AlertArray:ReiMu+1"],"picked":"AirStrike:ReiMu","floor":19},{"not_picked":["EmergencyTakeOff:ReiMu","PayForSelf:ReiMu"],"picked":"RainPray2:ReiMu","floor":20},{"not_picked":["TakeOff:ReiMu","SubAcupoint:ReiMu"],"picked":"OrbThrow:ReiMu","floor":21}],"player_experience":142142,"relics_obtained":[{"floor":6,"key":"Dota2Spire:BattleFury"},{"floor":9,"key":"Dota2Spire:ArmletOfMordiggian"},{"floor":11,"key":"Bow_fan:ReiMu"}],"event_choices":[{"damage_healed":0,"gold_gain":0,"player_choice":"Left Gold","damage_taken":0,"max_hp_gain":0,"max_hp_loss":0,"event_name":"World of Goop","floor":12,"gold_loss":20}],"is_beta":false,"boss_relics":[{"not_picked":["Fusion Hammer","ChampionBelt"],"picked":"Dota2Spire:RefresherOrb"},{"not_picked":[]}],"items_purged_floors":[17],"is_endless":false,"potions_floor_spawned":[3,4,6,14,19],"killed_by":"Slavers","ascension_level":0}}