{"host":"e5u7qs1emxzejr12","time":1611409834,"event":{"mods":["2.2 Compatiblity","Act Like it!","Arknights The Spire","BaseMod","CapriCore","Card Forge","Colored Powertips","Custom Start","Duelist Mod","GifTheSpireLib","Highlight Path","Marisa£¨ìFÓê¡¡Ä§ÀíÉ³£©","Minty Spire (QoL Compilation)","Quick Restart","Replay The Spire","StSLib","SuperFastMode","óô»ðÖ¸ÄÏ"],"gold_per_floor":[137,117,129,129,148,188,188,228,228,264,414,445,445,122,122,226,226,251,251,251,279,283,283],"floor_reached":22,"language":"ZHS","playtime":1691,"items_purged":[],"score":570,"play_id":"c9e7ff9f-f751-4fc7-be1f-0be2f652197f","local_time":"20210123215034","is_ascension_mode":true,"campfire_choices":[{"floor":7.0,"key":"RECALL"},{"floor":15.0,"key":"DIG"}],"circlet_count":0,"master_deck":["theDuelist:Deskbot005+1","theDuelist:Deskbot004+1","theDuelist:Deskbot004+1","theDuelist:AncientGearReactorDragon+1","AscendersBane","theDuelist:JunkSpeeder+1","theDuelist:Deskbot005+1","theDuelist:Deskbot006+1","theDuelist:Deskbot008+1"],"relics":["theDuelist:MillenniumPuzzle","theDuelist:CardPoolRelic","theDuelist:CardPoolBasicRelic","theDuelist:BoosterPackPoolRelic","theDuelist:CardPoolAddRelic","theDuelist:CardPoolMinusRelic","theDuelist:CardPoolSaveRelic","theDuelist:CardPoolOptionsRelic","Hammer of Thor","Seething Fire","Anvil of the Gods","Golden Idol","Replay:Mystery Machine","Lizard Tail","InkBottle","Toxic Egg 2","Replay:Ringing Soul","theDuelist:DuelistTeaSet","Replay:Bandana","Solar Panel","Replay:Bronze Core","ReplayTheSpireMod:Ring of Exchange","Ring of Fury"],"acts_visited":["Exordium","TheCity"],"potions_floor_usage":[],"damage_taken":[{"damage":0.0,"enemies":"Jaw Worm","floor":1.0,"turns":3.0},{"damage":1.0,"enemies":"Cultist","floor":3.0,"turns":3.0},{"damage":0.0,"enemies":"2 Louse","floor":5.0,"turns":2.0},{"damage":1.0,"enemies":"3 Sentries","floor":6.0,"turns":7.0},{"damage":1.0,"enemies":"Gremlin Nob","floor":8.0,"turns":3.0},{"damage":14.0,"enemies":"3 Sentries","floor":10.0,"turns":7.0},{"damage":20.0,"enemies":"Lagavulin","floor":12.0,"turns":3.0},{"damage":5.0,"enemies":"Hexaghost","floor":16.0,"turns":6.0},{"damage":3.0,"enemies":"Shell Parasite","floor":18.0,"turns":4.0},{"damage":4,"enemies":"2 Thieves","floor":21,"turns":3},{"damage":7,"enemies":"Shelled Parasite and Fungi","floor":22,"turns":2}],"seed_played":"-2917890695983226901","potions_obtained":[{"floor":2.0,"key":"theDuelist:WaterBottle"},{"floor":5.0,"key":"theDuelist:VampireVial"},{"floor":12.0,"key":"Flashbang"}],"is_trial":false,"path_per_floor":["M","?","M","?","M","E","R","E","T","E","?","E","?","$","R","B",null,"M","?","?","M","M"],"character_chosen":"THE_DUELIST","items_purchased":["Replay:Bandana","theDuelist:MagicalStone+1","theDuelist:CardsFromTheSky+1"],"campfire_rested":0,"item_purchase_floors":[14,14,14],"current_hp_per_floor":[63,63,62,62,62,61,61,60,60,46,46,26,29,32,32,30,62,59,59,59,58,51,51],"gold":283,"neow_bonus":"THREE_CARDS","is_daily":false,"chose_seed":false,"campfire_upgraded":0,"win_rate":0.0,"timestamp":1611409834,"path_taken":["M","?","?","?","M","E","R","E","T","E","?","E","?","$","R","BOSS","M","?","?","?","M"],"items_purchased_type":["Relic","Card","Card"],"build_version":"2020-12-22","purchased_purges":0,"victory":false,"max_hp_per_floor":[70,70,70,63,63,63,63,63,63,63,63,63,66,69,69,72,72,72,72,72,75,75,75],"card_choices":[{"not_picked":["theDuelist:Factory100Machines","theDuelist:PortableBatteryPack"],"picked":"theDuelist:CardsFromTheSky","floor":0.0},{"not_picked":["theDuelist:Geargiauger","theDuelist:Deskbot005","theDuelist:Deskbot004","theDuelist:StimPack","theDuelist:CardsFromTheSky"],"picked":"SKIP","floor":1.0},{"not_picked":["theDuelist:OrbitalBombardment+1","theDuelist:AllySalvo+1"],"picked":"theDuelist:Deskbot006+1","floor":3.0},{"not_picked":["theDuelist:TurretWarrior","theDuelist:SlotMachine","theDuelist:Overworked","theDuelist:IronhammerGiant"],"picked":"theDuelist:Shekhinaga","floor":5.0},{"not_picked":["theDuelist:CannonSoldier","theDuelist:AncientGearChimera","theDuelist:DoubleTool","theDuelist:GenexNeutron"],"picked":"theDuelist:CardsFromTheSky","floor":6.0},{"not_picked":["theDuelist:Hinotama","theDuelist:LightningDarts","theDuelist:Sangan","theDuelist:WormWarlord"],"picked":"theDuelist:JunkSpeeder","floor":8.0},{"not_picked":["theDuelist:BarrelDragon","theDuelist:GoldGadget+1","theDuelist:IronhammerGiant","theDuelist:SevenCompleted+1"],"picked":"theDuelist:AncientGearReactorDragon","floor":10.0},{"not_picked":["theDuelist:StimToken+1","theDuelist:SummonToken","theDuelist:SuperheavyToken+1","theDuelist:BlastToken","theDuelist:FluxToken+1"],"picked":"SKIP","floor":12.0},{"not_picked":["theDuelist:Shekhinaga","theDuelist:SatelliteCannon","theDuelist:IronhammerGiant","theDuelist:Deskbot007"],"picked":"theDuelist:SlotMachine+1","floor":16.0},{"not_picked":["theDuelist:HeavyMetalRaiders","theDuelist:AllySalvo","theDuelist:HeavyMechSupportPlatform+1","theDuelist:DigitalBug+1","theDuelist:Apoqliphort"],"picked":"SKIP","floor":18.0},{"not_picked":["theDuelist:Geargiauger","theDuelist:AncientGearExplosive+1","theDuelist:BlastingFuse","theDuelist:BlackSalvo+1"],"picked":"theDuelist:Deskbot008+1","floor":21}],"player_experience":93730,"relics_obtained":[{"floor":6.0,"key":"Replay:Mystery Machine"},{"floor":8.0,"key":"Lizard Tail"},{"floor":9.0,"key":"InkBottle"},{"floor":10.0,"key":"Toxic Egg 2"},{"floor":12.0,"key":"Replay:Ringing Soul"},{"floor":15.0,"key":"Solar Panel"},{"floor":19.0,"key":"ReplayTheSpireMod:Ring of Exchange"},{"floor":19.0,"key":"Ring of Fury"}],"event_choices":[{"damage_healed":0.0,"max_hp_gain":0.0,"max_hp_loss":0.0,"gold_gain":0.0,"event_name":"The Woman in Blue","player_choice":"Bought 1 Potion","floor":2.0,"gold_loss":0.0,"damage_taken":0.0},{"damage_healed":0.0,"max_hp_gain":0.0,"max_hp_loss":7.0,"gold_gain":0.0,"event_name":"Golden Idol","player_choice":"Lose Max HP","floor":4.0,"gold_loss":0.0,"damage_taken":0.0,"relics_obtained":["Golden Idol"]},{"damage_healed":0.0,"max_hp_gain":0.0,"max_hp_loss":0.0,"gold_gain":150.0,"event_name":"Liars Game","player_choice":"AGREE","floor":11.0,"gold_loss":0.0,"damage_taken":0.0,"cards_obtained":["Doubt"]},{"damage_healed":0.0,"max_hp_gain":0.0,"max_hp_loss":0.0,"gold_gain":0.0,"event_name":"Big Fish","player_choice":"Box","floor":13.0,"gold_loss":0.0,"damage_taken":0.0,"relics_obtained":["theDuelist:DuelistTeaSet"],"cards_obtained":["Regret"]},{"total_magic_score":50,"gold_gain":0,"duelist":true,"damage_taken":0,"relics_obtained":[],"points":8,"max_hp_gain":0,"max_hp_loss":0,"spent_points":{"magic":1,"greed":2,"war":2,"power":1,"hunger":2},"event_name":"Nameless Tomb","floor":20,"gold_loss":0,"cards_obtained":[]}],"is_beta":false,"boss_relics":[{"not_picked":["Ooze Armor","Ectoplasm"],"picked":"Replay:Bronze Core"}],"items_purged_floors":[],"is_endless":false,"potions_floor_spawned":[5,10,12,21],"killed_by":"Shelled Parasite and Fungi","ascension_level":20}}