{"host":"lbezuomzcjopy55u","time":1611420512,"event":{"mods":["BaseMod","Bestiary","Minty Spire (QoL Compilation)","Quick Restart","Slay-I","StSLib","Uncapped"],"gold_per_floor":[128,90,120,146,170,182,213,225,225],"floor_reached":8,"language":"ZHS","playtime":261,"items_purged":[],"score":70,"play_id":"f8f5c58f-2fbe-44fb-8906-6c98ad31c396","local_time":"20210124004832","is_ascension_mode":true,"campfire_choices":[{"data":"Dualcast","floor":6,"key":"SMITH"}],"circlet_count":0,"master_deck":["Strike_B","Strike_B","Strike_B","Defend_B","Defend_B","Defend_B","Defend_B","Zap","Dualcast+1","Tempest","Heatsinks","Cold Snap","Coolheaded","Ball Lightning"],"relics":["Cracked Core","MawBank"],"acts_visited":["Exordium"],"potions_floor_usage":[],"damage_taken":[{"damage":4,"enemies":"Small Slimes","floor":1,"turns":4},{"damage":7,"enemies":"Jaw Worm","floor":3,"turns":3},{"damage":6,"enemies":"2 Louse","floor":4,"turns":2},{"damage":8,"enemies":"2 Fungi Beasts","floor":5,"turns":4},{"damage":7,"enemies":"Blue Slaver","floor":7,"turns":3},{"damage":6,"enemies":"3 Sentries","floor":8,"turns":2}],"seed_played":"4384138539000496243","potions_obtained":[{"floor":1,"key":"EssenceOfDarkness"},{"floor":5,"key":"Strength Potion"},{"floor":7,"key":"ColorlessPotion"}],"is_trial":false,"path_per_floor":["M","?","M","M","M","R","M","E"],"character_chosen":"DEFECT","items_purchased":[],"campfire_rested":0,"item_purchase_floors":[],"current_hp_per_floor":[64,64,57,51,43,43,36,30,30],"gold":225,"neow_bonus":"RANDOM_COMMON_RELIC","is_daily":false,"chose_seed":false,"campfire_upgraded":1,"win_rate":0.0,"timestamp":1611420512,"path_taken":["M","?","M","M","M","R","M","E"],"items_purchased_type":[],"build_version":"2020-12-22","purchased_purges":0,"victory":false,"max_hp_per_floor":[75,75,75,75,75,75,75,75,75],"card_choices":[{"not_picked":["Force Field","Go for the Eyes"],"picked":"Tempest","floor":1},{"not_picked":["Redo","Hologram"],"picked":"Heatsinks","floor":3},{"not_picked":["Heatsinks","Sweeping Beam"],"picked":"Cold Snap","floor":4},{"not_picked":["Redo","Chill"],"picked":"Coolheaded","floor":5},{"not_picked":["Stack","Rebound"],"picked":"Ball Lightning","floor":7}],"player_experience":282182,"relics_obtained":[],"event_choices":[{"cards_removed":["Strike_B"],"damage_healed":0,"gold_gain":0,"player_choice":"Card Removal","damage_taken":0,"max_hp_gain":0,"max_hp_loss":0,"event_name":"The Cleric","floor":2,"gold_loss":50}],"is_beta":false,"boss_relics":[],"items_purged_floors":[],"is_endless":false,"potions_floor_spawned":[1,5,7],"killed_by":"3 Sentries","ascension_level":8}}