{"host":"dvpvhz1t6etneyb3","time":1611372717,"event":{"mods":["AchievementEnabler","BaseMod","Colored Map","Highlight Path","Minty Spire (QoL Compilation)","Permanent Neow","Quick Restart"],"gold_per_floor":[110,125,125,138,7,7,7,7,7,26,61,61,92,109,109,181,181,200,200,217,217,21,21,61,61,70,70,105,115,115,70,70,149,149,168,15,32,0,0,0,35,35,35],"floor_reached":42,"language":"ENG","playtime":2386,"items_purged":["Parasite"],"score":1035,"play_id":"124aeb01-50c6-455f-8ef0-9b7e88c3440e","local_time":"20210122223157","is_ascension_mode":true,"campfire_choices":[{"floor":6.0,"key":"REST"},{"data":"Finisher","floor":8.0,"key":"SMITH"},{"floor":12.0,"key":"REST"},{"data":"Footwork","floor":15.0,"key":"SMITH"},{"data":"Ghostly","floor":23.0,"key":"SMITH"},{"data":"Ghostly","floor":25.0,"key":"SMITH"},{"floor":30.0,"key":"REST"},{"floor":32.0,"key":"REST"},{"floor":40,"key":"REST"}],"circlet_count":0,"master_deck":["AscendersBane","Survivor","Neutralize","Finisher+1","Dagger Spray","Footwork+1","Terror","Well Laid Plans","Envenom+1","Dodge and Roll","Tools of the Trade+1","Eviscerate","Ghostly+1","Ghostly+1","Ghostly","Crippling Poison+1","Acrobatics","Backflip","Storm of Steel","Blade Dance","Infinite Blades+1","A Thousand Cuts+1","Terror","Outmaneuver","Bullet Time","Accuracy+1","Caltrops+1","Storm of Steel","Dodge and Roll","Quick Slash","Footwork+1","Prepared+1","Tactician","Reflex+1","Tools of the Trade+1"],"relics":["Philosopher\u0027s Stone","Unceasing Top","Lizard Tail","Frozen Egg 2","Cursed Key","MutagenicStrength","Lantern","HornCleat","Nloth\u0027s Gift","Potion Belt","Pandora\u0027s Box","Red Mask","Vajra"],"acts_visited":["Exordium","TheCity","TheBeyond"],"potions_floor_usage":[],"damage_taken":[{"damage":3.0,"enemies":"Jaw Worm","floor":1.0,"turns":6.0},{"damage":5.0,"enemies":"2 Louse","floor":2.0,"turns":4.0},{"damage":0.0,"enemies":"Small Slimes","floor":4.0,"turns":2.0},{"damage":0.0,"enemies":"Gremlin Nob","floor":7.0,"turns":2.0},{"damage":12.0,"enemies":"Exordium Thugs","floor":10.0,"turns":5.0},{"damage":8.0,"enemies":"Lagavulin","floor":11.0,"turns":5.0},{"damage":49.0,"enemies":"Gremlin Nob","floor":13.0,"turns":6.0},{"damage":3.0,"enemies":"Lots of Slimes","floor":14.0,"turns":2.0},{"damage":15.0,"enemies":"Hexaghost","floor":16.0,"turns":9.0},{"damage":1.0,"enemies":"Spheric Guardian","floor":18.0,"turns":6.0},{"damage":2.0,"enemies":"2 Thieves","floor":20.0,"turns":5.0},{"damage":0.0,"enemies":"Gremlin Leader","floor":24.0,"turns":7.0},{"damage":4.0,"enemies":"Slavers","floor":28.0,"turns":7.0},{"damage":23.0,"enemies":"3 Cultists","floor":29.0,"turns":6.0},{"damage":20.0,"enemies":"Automaton","floor":33.0,"turns":11.0},{"damage":3.0,"enemies":"3 Shapes","floor":35.0,"turns":6.0},{"damage":2,"enemies":"3 Darklings","floor":37,"turns":4},{"damage":10,"enemies":"Giant Head","floor":41,"turns":6},{"damage":20,"enemies":"Writhing Mass","floor":42,"turns":3}],"seed_played":"-5388681720340620474","potions_obtained":[{"floor":1.0,"key":"Explosive Potion"},{"floor":2.0,"key":"SmokeBomb"},{"floor":13.0,"key":"SkillPotion"},{"floor":16.0,"key":"GhostInAJar"},{"floor":18.0,"key":"SpeedPotion"},{"floor":33.0,"key":"SteroidPotion"},{"floor":37,"key":"Dexterity Potion"}],"is_trial":false,"path_per_floor":["M","M","?","M","$","R","E","R","T","M","E","R","E","M","R","B",null,"M","?","M","?","$","R","E","R","T","?","E","M","R","$","R","B",null,"M","$","M","?","?","R","E","M"],"character_chosen":"THE_SILENT","items_purchased":["Footwork","FearPotion","Lantern","Acrobatics","Infinite Blades+1","Tactician"],"campfire_rested":5,"item_purchase_floors":[5,5,22,22,31,36],"current_hp_per_floor":[56,51,25,25,25,44,44,44,44,32,24,43,32,29,29,14,53,52,33,31,31,31,31,31,31,31,31,27,4,13,13,22,2,25,22,22,20,20,20,29,19,0,0],"gold":35,"neow_bonus":"BOSS_RELIC","is_daily":false,"chose_seed":false,"campfire_upgraded":4,"win_rate":0.0,"timestamp":1611372717,"path_taken":["M","M","?","M","$","R","E","R","T","M","E","R","E","M","R","BOSS","M","?","M","?","$","R","E","R","T","?","E","?","R","?","R","BOSS","M","$","M","?","?","R","E","M"],"items_purchased_type":["Card","Potion","Relic","Card","Card","Card"],"build_version":"2020-12-22","purchased_purges":1,"victory":false,"max_hp_per_floor":[66,66,66,66,66,66,66,66,66,66,66,66,66,66,66,66,66,66,33,33,33,33,33,33,33,33,33,33,33,33,33,33,33,33,33,30,30,30,30,30,30,30,30],"card_choices":[{"not_picked":["Choke","PiercingWail","Accuracy"],"picked":"SKIP","floor":1.0},{"not_picked":["All Out Attack","Caltrops"],"picked":"Finisher","floor":2.0},{"not_picked":["Blade Dance","Noxious Fumes"],"picked":"Dagger Spray","floor":4.0},{"not_picked":["Underhanded Strike","Heel Hook"],"picked":"Terror","floor":10.0},{"not_picked":["Dash","Backflip"],"picked":"Well Laid Plans","floor":11.0},{"not_picked":["Quick Slash","Outmaneuver"],"picked":"Envenom+1","floor":13.0},{"not_picked":["Cloak And Dagger","Sucker Punch"],"picked":"Dodge and Roll","floor":14.0},{"not_picked":["Die Die Die","Doppelganger"],"picked":"Tools of the Trade+1","floor":16.0},{"not_picked":["Sucker Punch","Dagger Throw"],"picked":"Eviscerate","floor":18.0},{"not_picked":["Riddle With Holes","Deflect"],"picked":"Crippling Poison+1","floor":20.0},{"not_picked":["Prepared","Backstab"],"picked":"Backflip","floor":24.0},{"not_picked":["Blade Dance","Quick Slash"],"picked":"Storm of Steel","floor":28.0},{"not_picked":["Catalyst","Backflip"],"picked":"Blade Dance","floor":29.0},{"not_picked":["Adrenaline","Unload"],"picked":"A Thousand Cuts+1","floor":33.0},{"not_picked":["Well Laid Plans+1","Quick Slash"],"picked":"Prepared+1","floor":35.0},{"not_picked":["Prepared+1","Sucker Punch+1"],"picked":"Reflex+1","floor":37},{"not_picked":["Blur","Riddle With Holes"],"picked":"Tools of the Trade+1","floor":41}],"player_experience":2057318,"relics_obtained":[{"floor":11.0,"key":"Lizard Tail"},{"floor":13.0,"key":"Frozen Egg 2"},{"floor":24.0,"key":"CeramicFish"},{"floor":26.0,"key":"HornCleat"},{"floor":28.0,"key":"Potion Belt"},{"floor":41,"key":"Vajra"}],"event_choices":[{"damage_healed":0.0,"max_hp_gain":0.0,"max_hp_loss":0.0,"gold_gain":0.0,"event_name":"Scrap Ooze","player_choice":"Success","floor":3.0,"gold_loss":0.0,"damage_taken":26.0,"relics_obtained":["Unceasing Top"]},{"damage_healed":0.0,"max_hp_gain":0.0,"max_hp_loss":33.0,"gold_gain":0.0,"event_name":"Ghosts","player_choice":"Became a Ghost","floor":19.0,"gold_loss":0.0,"damage_taken":0.0,"cards_obtained":["Ghostly","Ghostly","Ghostly"]},{"damage_healed":0.0,"max_hp_gain":0.0,"max_hp_loss":0.0,"gold_gain":0.0,"event_name":"Drug Dealer","player_choice":"Inject Mutagens","floor":21.0,"gold_loss":0.0,"damage_taken":0.0,"relics_obtained":["MutagenicStrength"]},{"damage_healed":0.0,"max_hp_gain":0.0,"max_hp_loss":0.0,"gold_gain":0.0,"event_name":"N\u0027loth","player_choice":"Traded Relic","floor":27.0,"relics_lost":["CeramicFish"],"gold_loss":0.0,"damage_taken":0.0,"relics_obtained":["Nloth\u0027s Gift"]},{"damage_healed":0,"gold_gain":0,"player_choice":"Paid","damage_taken":0,"relics_obtained":["Red Mask"],"max_hp_gain":0,"max_hp_loss":0,"event_name":"Tomb of Lord Red Mask","floor":38,"gold_loss":32},{"cards_removed":["All Out Attack"],"damage_healed":0,"gold_gain":0,"player_choice":"Removed Attack","damage_taken":0,"max_hp_gain":0,"max_hp_loss":0,"event_name":"Falling","floor":39,"gold_loss":0}],"is_beta":false,"boss_relics":[{"not_picked":["Astrolabe","Tiny House"],"picked":"Cursed Key"},{"not_picked":["Velvet Choker","WristBlade"],"picked":"Pandora\u0027s Box"}],"items_purged_floors":[36],"is_endless":false,"potions_floor_spawned":[1,2,13,16,18,33,37],"killed_by":"Writhing Mass","ascension_level":20}}