{"host":"rcus31dlwi4i4y2l","time":1611376599,"event":{"mods":["AchievementEnabler","BaseMod","Downfall","Googly Eyes","Hermit","Infinite Spire","Marisa????????","Minty Spire (QoL Compilation)","StSLib","The Bug Knight","The Cursed","The IronCluck"],"gold_per_floor":[116,291,303,314,0,0,35,50,101,118,179,179,179,179,179,280,280,290,309,322,1,20,20,70,90,90,90,128,128,161,187,187,187,187],"floor_reached":33,"language":"ENG","playtime":3785,"items_purged":["Prepared"],"score":302,"play_id":"4beee771-d9d8-4bc0-b5ef-833e80d7f96d","local_time":"20210122223639","is_ascension_mode":true,"campfire_choices":[{"data":"Bouncing Flask","floor":6,"key":"SMITH"},{"data":"Backflip","floor":13,"key":"SMITH"},{"floor":15,"key":"REST"},{"floor":23,"key":"REST"},{"floor":27,"key":"REST"},{"floor":32,"key":"REST"}],"circlet_count":0,"master_deck":["Strike_G","Strike_G","Strike_G","Strike_G","Strike_G","Defend_G","Defend_G","Defend_G","Defend_G","Defend_G","Survivor","Neutralize","Bouncing Flask+1","Backflip+1","Backstab","Outmaneuver","Prepared","Backflip","Noxious Fumes+1","Deadly Poison+1","HandOfGreed","Noxious Fumes","Eviscerate","Flying Knee+1","Bouncing Flask","Decay","downfall:Icky","infinitespire:NeuralNetwork","Crippling Poison"],"relics":["Ring of the Snake","NeowsBlessing","Matryoshka","Letter Opener","infinitespire:EmpoweringShard","Centennial Puzzle","Orichalcum","Spirit Poop","Snecko Eye","Peace Pipe","Pear","The Specimen","Sundial"],"acts_visited":["Exordium","TheCity"],"potions_floor_usage":[18,20,24,28,31,33],"damage_taken":[{"damage":0,"enemies":"Jaw Worm","floor":1,"turns":1},{"damage":0,"enemies":"2 Louse","floor":3,"turns":1},{"damage":0,"enemies":"Small Slimes","floor":4,"turns":1},{"damage":24,"enemies":"Lagavulin","floor":7,"turns":9},{"damage":0,"enemies":"2 Fungi Beasts","floor":8,"turns":3},{"damage":0,"enemies":"Lots of Slimes","floor":10,"turns":2},{"damage":12,"enemies":"3 Sentries","floor":11,"turns":8},{"damage":10,"enemies":"The Guardian","floor":16,"turns":7},{"damage":1,"enemies":"Chosen","floor":18,"turns":4},{"damage":12,"enemies":"Snake Plant","floor":19,"turns":4},{"damage":14,"enemies":"Chosen and Byrds","floor":20,"turns":6},{"damage":8,"enemies":"Cultist and Chosen","floor":22,"turns":5},{"damage":27,"enemies":"Book of Stabbing","floor":24,"turns":5},{"damage":16,"enemies":"3 Cultists","floor":25,"turns":5},{"damage":2,"enemies":"Sentry and Sphere","floor":28,"turns":4},{"damage":10,"enemies":"Centurion and Healer","floor":30,"turns":4},{"damage":34,"enemies":"Slavers","floor":31,"turns":4},{"damage":40,"enemies":"Champ","floor":33,"turns":8}],"seed_played":"-7804476570436218017","potions_obtained":[{"floor":4,"key":"Ancient Potion"},{"floor":10,"key":"PowerPotion"},{"floor":11,"key":"GamblersBrew"},{"floor":19,"key":"AttackPotion"},{"floor":25,"key":"SneckoOil"},{"floor":28,"key":"hexamod:SoulburnPotion"},{"floor":31,"key":"LiquidMemories"}],"is_trial":false,"path_per_floor":["M","?","M","M","$","R","E","M","T","M","?","?","R","?","R","B",null,"M","M","M","$","M","R","E","M","T","R","M","?","M","E","R","B"],"character_chosen":"THE_SILENT","items_purchased":["Matryoshka","Backstab","HandOfGreed","Noxious Fumes"],"campfire_rested":4,"item_purchase_floors":[5,5,21,21],"current_hp_per_floor":[70,70,70,70,70,70,46,46,46,46,34,34,34,34,55,45,70,69,57,43,43,35,56,29,13,23,47,45,45,35,1,25,0,0],"gold":187,"neow_bonus":"THREE_ENEMY_KILL","is_daily":false,"chose_seed":false,"campfire_upgraded":2,"win_rate":0.0,"timestamp":1611376599,"path_taken":["M","?","M","M","$","R","E","M","T","M","?","?","R","?","R","BOSS","M","?","M","$","M","R","E","M","T","R","?","?","M","E","R","BOSS"],"items_purchased_type":["Relic","Card","Card","Card"],"build_version":"2020-12-22","purchased_purges":1,"victory":false,"max_hp_per_floor":[70,70,70,70,70,70,70,70,70,70,70,70,70,70,70,70,70,70,70,70,70,70,70,70,70,80,80,80,80,80,80,80,80,80],"card_choices":[{"not_picked":["Dagger Throw","Blade Dance"],"picked":"Bouncing Flask","floor":1},{"not_picked":["Prepared","Distraction"],"picked":"Backflip","floor":3},{"not_picked":["Slice","Flechettes"],"picked":"Prepared","floor":4},{"not_picked":["Choke","Blade Dance"],"picked":"Outmaneuver","floor":7},{"not_picked":["Bane","Slice"],"picked":"Prepared","floor":8},{"not_picked":["Terror","Underhanded Strike"],"picked":"Backflip","floor":10},{"not_picked":["Infinite Blades","Footwork"],"picked":"Noxious Fumes","floor":11},{"not_picked":["Backstab","Sucker Punch","PiercingWail+1"],"picked":"SKIP","floor":18},{"not_picked":["Dodge and Roll","Prepared"],"picked":"Deadly Poison+1","floor":19},{"not_picked":["Heel Hook","Prepared","PiercingWail"],"picked":"SKIP","floor":20},{"not_picked":["Skewer","Venomology"],"picked":"Eviscerate","floor":22},{"not_picked":["Finisher","Acrobatics"],"picked":"Flying Knee+1","floor":24},{"not_picked":["Cloak And Dagger","Noxious Fumes"],"picked":"Bouncing Flask","floor":25},{"not_picked":["Dagger Throw","Infinite Blades+1","Well Laid Plans"],"picked":"SKIP","floor":28},{"not_picked":["infinitespire:Oblivion","infinitespire:Execution"],"picked":"infinitespire:NeuralNetwork","floor":29},{"not_picked":["Quick Slash","Finisher","Outmaneuver"],"picked":"SKIP","floor":30},{"not_picked":["Caltrops","Eviscerate"],"picked":"Crippling Poison","floor":31}],"player_experience":160606,"relics_obtained":[{"floor":7,"key":"Letter Opener"},{"floor":9,"key":"infinitespire:EmpoweringShard"},{"floor":9,"key":"Centennial Puzzle"},{"floor":11,"key":"Orichalcum"},{"floor":24,"key":"Peace Pipe"},{"floor":26,"key":"Pear"},{"floor":26,"key":"The Specimen"},{"floor":31,"key":"Sundial"}],"event_choices":[{"damage_healed":0,"gold_gain":175,"player_choice":"AGREE","damage_taken":0,"max_hp_gain":0,"max_hp_loss":0,"event_name":"Liars Game","floor":2,"gold_loss":0,"cards_obtained":["Doubt"]},{"damage_healed":0,"gold_gain":0,"player_choice":"Searched \u00272\u0027 times","damage_taken":0,"max_hp_gain":0,"max_hp_loss":0,"event_name":"Dead Adventurer","floor":11,"gold_loss":0},{"damage_healed":0,"gold_gain":0,"player_choice":"Grow","damage_taken":0,"max_hp_gain":0,"max_hp_loss":0,"event_name":"Living Wall","floor":12,"gold_loss":0,"cards_upgraded":["Noxious Fumes"]},{"cards_removed":["Doubt"],"damage_healed":0,"gold_gain":0,"player_choice":"Offered Curse","damage_taken":0,"relics_obtained":["Spirit Poop"],"max_hp_gain":0,"max_hp_loss":0,"event_name":"Bonfire Elementals","floor":14,"gold_loss":0}],"is_beta":false,"boss_relics":[{"not_picked":["Runic Dome","Astrolabe"],"picked":"Snecko Eye"}],"items_purged_floors":[21],"is_endless":false,"potions_floor_spawned":[4,10,11,16,19,25,28,31],"killed_by":"Champ","ascension_level":1}}