{"host":"928gv66myv2vlnsd","time":1611379141,"event":{"mods":["BaseMod","Minty Spire (QoL Compilation)","StSLib"],"gold_per_floor":[115,127,127,202,28,53,53,80,80,90,106,106,106,106,106,179,179,196,215,215,226,226,226,226],"floor_reached":23,"language":"ENG","playtime":755,"items_purged":[],"score":392,"play_id":"5a9934da-7e02-4484-9e17-95d0bce0d626","local_time":"20210123001901","is_ascension_mode":true,"campfire_choices":[{"floor":7,"key":"REST"},{"floor":12,"key":"REST"},{"data":"Demon Form","floor":15,"key":"SMITH"}],"circlet_count":0,"master_deck":["AscendersBane","Strike_R","Strike_R","Strike_R","Strike_R","Defend_R","Defend_R","Defend_R","Defend_R","Bash","Pommel Strike","Bloodletting","Demon Form+1","Havoc","Cleave","Thunderclap","Sword Boomerang","Fiend Fire","Sword Boomerang"],"relics":["FossilizedHelix","White Beast Statue","InkBottle","HornCleat","Busted Crown","Nloth\u0027s Gift"],"acts_visited":["Exordium","TheCity"],"potions_floor_usage":[6,13,23],"damage_taken":[{"damage":2,"enemies":"2 Louse","floor":1,"turns":3},{"damage":0,"enemies":"Jaw Worm","floor":2,"turns":3},{"damage":54,"enemies":"Gremlin Nob","floor":6,"turns":5},{"damage":30,"enemies":"3 Sentries","floor":8,"turns":7},{"damage":0,"enemies":"Small Slimes","floor":10,"turns":3},{"damage":0,"enemies":"Exordium Thugs","floor":11,"turns":4},{"damage":3,"enemies":"Gremlin Gang","floor":13,"turns":3},{"damage":40,"enemies":"Hexaghost","floor":16,"turns":9},{"damage":9,"enemies":"Chosen","floor":18,"turns":4},{"damage":0,"enemies":"Spheric Guardian","floor":19,"turns":3},{"damage":11,"enemies":"3 Cultists","floor":21,"turns":4},{"damage":67,"enemies":"Gremlin Leader","floor":23,"turns":5}],"seed_played":"-6834598258372532406","potions_obtained":[{"floor":1,"key":"BloodPotion"},{"floor":8,"key":"SmokeBomb"},{"floor":10,"key":"Fruit Juice"},{"floor":16,"key":"Ancient Potion"}],"is_trial":false,"path_per_floor":["M","M","?","?","$","E","R","E","T","M","M","R","M","?","R","B",null,"M","M","?","M","?","E"],"character_chosen":"IRONCLAD","items_purchased":["Demon Form","Havoc"],"campfire_rested":2,"item_purchase_floors":[5,5],"current_hp_per_floor":[54,60,53,42,42,9,31,7,7,13,19,41,44,44,44,10,59,56,62,62,57,57,0,0],"gold":226,"neow_bonus":"ONE_RARE_RELIC","is_daily":false,"chose_seed":false,"campfire_upgraded":1,"win_rate":0.0,"timestamp":1611379141,"path_taken":["M","M","?","?","$","E","R","E","T","M","M","R","M","?","R","BOSS","M","M","?","?","?","E"],"items_purchased_type":["Card","Card"],"build_version":"2020-12-22","purchased_purges":0,"victory":false,"max_hp_per_floor":[75,75,75,75,75,75,75,75,75,75,75,75,75,75,75,75,75,75,75,75,75,75,80,80],"card_choices":[{"not_picked":["Infernal Blade","Twin Strike"],"picked":"Pommel Strike","floor":1},{"not_picked":["Clothesline","Flex"],"picked":"Bloodletting","floor":2},{"not_picked":["Anger","Thunderclap"],"picked":"Cleave","floor":6},{"not_picked":["Bloodletting","Intimidate","Cleave"],"picked":"SKIP","floor":8},{"not_picked":["Rage","Combust"],"picked":"Thunderclap","floor":10},{"not_picked":["Sentinel","Brutality"],"picked":"Sword Boomerang","floor":11},{"not_picked":["Impervious","Juggernaut"],"picked":"Fiend Fire","floor":16},{"not_picked":["Body Slam"],"picked":"SKIP","floor":18},{"not_picked":["Flex"],"picked":"SKIP","floor":19},{"not_picked":["Uppercut"],"picked":"SKIP","floor":21}],"player_experience":1301059,"relics_obtained":[{"floor":6,"key":"White Beast Statue"},{"floor":8,"key":"InkBottle"},{"floor":9,"key":"HornCleat"}],"event_choices":[{"cards_removed":["Strike_R"],"damage_healed":0,"gold_gain":0,"player_choice":"Card Removal","damage_taken":7,"max_hp_gain":0,"max_hp_loss":0,"event_name":"Golden Wing","floor":3,"gold_loss":0},{"damage_healed":0,"gold_gain":75,"player_choice":"Gather Gold","damage_taken":11,"max_hp_gain":0,"max_hp_loss":0,"event_name":"World of Goop","floor":4,"gold_loss":0},{"damage_healed":0,"gold_gain":0,"player_choice":"Ignored","damage_taken":0,"max_hp_gain":0,"max_hp_loss":0,"event_name":"Liars Game","floor":14,"gold_loss":0},{"damage_healed":0,"gold_gain":0,"player_choice":"Copied","damage_taken":0,"max_hp_gain":0,"max_hp_loss":0,"event_name":"Duplicator","floor":20,"gold_loss":0,"cards_obtained":["Sword Boomerang"]},{"damage_healed":0,"gold_gain":0,"player_choice":"Traded Relic","damage_taken":0,"relics_obtained":["Nloth\u0027s Gift"],"max_hp_gain":0,"max_hp_loss":0,"event_name":"N\u0027loth","floor":22,"relics_lost":["Burning Blood"],"gold_loss":0}],"is_beta":false,"boss_relics":[{"not_picked":["Empty Cage","Sozu"],"picked":"Busted Crown"}],"items_purged_floors":[],"is_endless":false,"potions_floor_spawned":[1,8,10,11,13,16,18,19,21],"killed_by":"Gremlin Leader","ascension_level":19}}