{"host":"y24pqu7jih1n8m3t","time":1611372164,"event":{"mods":["AchievementEnabler","BaseMod","Bestiary","Block Reminder","Colored Map","Colored Powertips","DeckTracker","Highlight Path","Minty Spire (QoL Compilation)","Permanent Neow","Quick Restart","Rare Cards Sparkle","Relic Stats"],"gold_per_floor":[119,136,155,27,37,72,72,102,102,2,2,18,18,35,35,138,138,151,165,165,165,165],"floor_reached":21,"language":"ENG","playtime":1252,"items_purged":["Strike_R","Strike_R"],"score":265,"play_id":"47a65495-585e-4b85-a865-1ce1de326dbf","local_time":"20210122222244","is_ascension_mode":true,"campfire_choices":[{"data":"Armaments","floor":7,"key":"SMITH"},{"floor":13,"key":"REST"},{"floor":15,"key":"RECALL"}],"circlet_count":0,"master_deck":["Strike_R","Strike_R","Strike_R","Defend_R","Defend_R","Defend_R","Defend_R","Bash","Demon Form+1","Cleave","Flex","Armaments+1","Heavy Blade","Heavy Blade","Shrug It Off","Double Tap","Twin Strike+1","Fire Breathing+1","Pummel","Shrug It Off","Body Slam","Battle Trance","Flex","Limit Break","Disarm+1","Twin Strike","Burning Pact"],"relics":["Burning Blood","Prayer Wheel","Frozen Egg 2","Boot","Fusion Hammer"],"acts_visited":["Exordium","TheCity"],"potions_floor_usage":[12,16,16],"damage_taken":[{"damage":10,"enemies":"Cultist","floor":1,"turns":5},{"damage":9,"enemies":"Jaw Worm","floor":2,"turns":5},{"damage":15,"enemies":"Small Slimes","floor":3,"turns":4},{"damage":9,"enemies":"2 Fungi Beasts","floor":5,"turns":3},{"damage":17,"enemies":"Gremlin Nob","floor":6,"turns":4},{"damage":21,"enemies":"3 Sentries","floor":8,"turns":5},{"damage":0,"enemies":"3 Louse","floor":12,"turns":2},{"damage":11,"enemies":"Exordium Wildlife","floor":14,"turns":4},{"damage":0,"enemies":"Slime Boss","floor":16,"turns":5},{"damage":37,"enemies":"3 Byrds","floor":18,"turns":5},{"damage":22,"enemies":"Spheric Guardian","floor":19,"turns":4},{"damage":30,"enemies":"Centurion and Healer","floor":21,"turns":4}],"seed_played":"-6424677380377514652","potions_obtained":[{"floor":2,"key":"FearPotion"},{"floor":6,"key":"GamblersBrew"},{"floor":8,"key":"Fire Potion"},{"floor":14,"key":"Energy Potion"},{"floor":19,"key":"SpeedPotion"}],"is_trial":false,"path_per_floor":["M","M","M","$","M","E","R","E","T","$","?","M","R","M","R","B",null,"M","M","?","M"],"character_chosen":"IRONCLAD","items_purchased":["Shrug It Off"],"campfire_rested":1,"item_purchase_floors":[4],"current_hp_per_floor":[68,65,56,56,53,42,42,27,27,27,13,19,40,35,35,41,72,41,25,25,0,0],"gold":165,"neow_bonus":"ONE_RARE_RELIC","is_daily":false,"chose_seed":false,"campfire_upgraded":1,"win_rate":0.0,"timestamp":1611372164,"path_taken":["M","M","M","?","?","E","R","E","T","$","?","M","R","M","R","BOSS","M","M","?","M"],"items_purchased_type":["Card"],"build_version":"2020-12-22","purchased_purges":2,"victory":false,"max_hp_per_floor":[72,72,72,72,72,72,72,72,72,72,72,72,72,72,72,72,72,72,72,72,72,72],"relic_stats":{"counters":[12,50],"Prayer Wheel":8,"Boot":[40],"obtain_stats":[{"Prayer Wheel":0,"Fusion Hammer":17,"Frozen Egg 2":6,"Boot":8,"Burning Blood":0},{"Prayer Wheel":0,"Fusion Hammer":9,"Frozen Egg 2":5,"Boot":6,"Burning Blood":0},{"Prayer Wheel":0,"Fusion Hammer":37,"Frozen Egg 2":21,"Boot":26,"Burning Blood":0}],"Burning Blood":66},"card_choices":[{"not_picked":["Flex","Clash"],"picked":"Demon Form","floor":1},{"not_picked":["Wild Strike","Warcry"],"picked":"Cleave","floor":1},{"not_picked":["Fire Breathing","Sword Boomerang"],"picked":"Flex","floor":2},{"not_picked":["Searing Blow","Blood for Blood"],"picked":"Armaments","floor":2},{"not_picked":["Body Slam","Clothesline"],"picked":"Heavy Blade","floor":3},{"not_picked":["Entrench","True Grit"],"picked":"Heavy Blade","floor":3},{"not_picked":["Sword Boomerang","Rampage"],"picked":"Double Tap","floor":5},{"not_picked":["Armaments","Bloodletting"],"picked":"Twin Strike","floor":5},{"not_picked":["Havoc","Cleave"],"picked":"Fire Breathing+1","floor":6},{"not_picked":["Headbutt","Dual Wield"],"picked":"Pummel","floor":8},{"not_picked":["Uppercut","Clothesline"],"picked":"Shrug It Off","floor":12},{"not_picked":["Entrench","Headbutt"],"picked":"Body Slam","floor":12},{"not_picked":["True Grit","Ghostly Armor"],"picked":"Battle Trance","floor":14},{"not_picked":["Perfected Strike","Cleave"],"picked":"Flex","floor":14},{"not_picked":["Juggernaut+1","Feed"],"picked":"Limit Break","floor":16},{"not_picked":["Uppercut","Pommel Strike"],"picked":"Disarm+1","floor":18},{"not_picked":["Perfected Strike+1","Havoc+1","Clash"],"picked":"SKIP","floor":18},{"not_picked":["Wild Strike","Headbutt"],"picked":"Twin Strike","floor":19},{"not_picked":["Havoc+1","Feel No Pain+1"],"picked":"Burning Pact","floor":19}],"player_experience":133326,"relics_obtained":[{"floor":6,"key":"Frozen Egg 2"},{"floor":8,"key":"Boot"}],"event_choices":[{"damage_healed":0,"gold_gain":0,"player_choice":"Entered Light","damage_taken":14,"max_hp_gain":0,"max_hp_loss":0,"event_name":"Shining Light","floor":11,"gold_loss":0,"cards_upgraded":["Demon Form","Twin Strike"]},{"damage_healed":0,"gold_gain":0,"player_choice":"Ignored","damage_taken":0,"max_hp_gain":0,"max_hp_loss":0,"event_name":"Ghosts","floor":20,"gold_loss":0}],"is_beta":false,"boss_relics":[{"not_picked":["Tiny House","Snecko Eye"],"picked":"Fusion Hammer"}],"items_purged_floors":[4,10],"is_endless":false,"potions_floor_spawned":[2,6,8,14,19],"killed_by":"Centurion and Healer","ascension_level":2}}