{"host":"q0qnzbgdx8oqogg9","time":1611366912,"event":{"mods":["BaseMod","Minty Spire (QoL Compilation)","StSLib"],"gold_per_floor":[117,117,136,156,176,206,224,224,250,250,250,22,22,33,33,133,133,147,160,171,181,201,232,232,251,327,327,342,361,376,391,391,492,492,511,511,51,65,75,75,86,104,104,139,139,149,199,199,199,199],"floor_reached":51,"language":"ENG","playtime":4832,"items_purged":["Pain","Decay"],"score":889,"play_id":"b58fa387-d165-45a5-9ecd-de10c0776724","local_time":"20210122205512","is_ascension_mode":true,"campfire_choices":[{"data":"Zap","floor":8,"key":"SMITH"},{"data":"Dualcast","floor":10,"key":"SMITH"},{"data":"Go for the Eyes","floor":13,"key":"SMITH"},{"floor":15,"key":"REST"},{"floor":24,"key":"REST"},{"floor":27,"key":"REST"},{"floor":32,"key":"REST"},{"floor":40,"key":"REST"},{"data":"Doubt","floor":49,"key":"PURGE"}],"circlet_count":0,"master_deck":["Strike_B","Strike_B","Strike_B","Defend_B","Defend_B","Defend_B","Defend_B","Zap+1","Dualcast+1","FTL","Go for the Eyes+1","Reinforced Body","Rainbow","Cold Snap","Redo","Core Surge","Sweeping Beam+1","Redo+1","Conserve Battery+1","Chill","Leap","Defragment","Hologram","Hologram+1","Biased Cognition","Coolheaded+1","Capacitor","Skim+1","Undo","Consume+1","Auto Shields+1","Capacitor","Double Energy+1"],"relics":["Cracked Core","NeowsBlessing","Pen Nib","Ancient Tea Set","WarpedTongs","DataDisk","Fusion Hammer","Oddly Smooth Stone","Question Card","SacredBark","Ice Cream","Shuriken","Nunchaku","Peace Pipe"],"acts_visited":["Exordium","TheCity","TheBeyond"],"potions_floor_usage":[6,41,44,44,47,47,47,50],"damage_taken":[{"damage":0,"enemies":"Small Slimes","floor":1,"turns":1},{"damage":0,"enemies":"Jaw Worm","floor":3,"turns":1},{"damage":0,"enemies":"Cultist","floor":4,"turns":1},{"damage":3,"enemies":"Large Slime","floor":5,"turns":5},{"damage":13,"enemies":"Gremlin Nob","floor":6,"turns":3},{"damage":26,"enemies":"Gremlin Gang","floor":7,"turns":5},{"damage":8,"enemies":"Exordium Wildlife","floor":14,"turns":4},{"damage":1,"enemies":"Hexaghost","floor":16,"turns":9},{"damage":3,"enemies":"Chosen","floor":18,"turns":3},{"damage":0,"enemies":"3 Byrds","floor":19,"turns":4},{"damage":8,"enemies":"Shelled Parasite and Fungi","floor":20,"turns":6},{"damage":7,"enemies":"Chosen and Byrds","floor":21,"turns":5},{"damage":5,"enemies":"Centurion and Healer","floor":22,"turns":5},{"damage":22,"enemies":"Gremlin Leader","floor":23,"turns":5},{"damage":4,"enemies":"Snecko","floor":25,"turns":4},{"damage":3,"enemies":"Snake Plant","floor":28,"turns":4},{"damage":0,"enemies":"Shelled Parasite and Fungi","floor":29,"turns":7},{"damage":0,"enemies":"3 Cultists","floor":30,"turns":5},{"damage":14,"enemies":"Snake Plant","floor":31,"turns":3},{"damage":26,"enemies":"Collector","floor":33,"turns":9},{"damage":23,"enemies":"3 Darklings","floor":35,"turns":5},{"damage":0,"enemies":"3 Shapes","floor":38,"turns":4},{"damage":15,"enemies":"3 Darklings","floor":39,"turns":5},{"damage":0,"enemies":"Spire Growth","floor":41,"turns":6},{"damage":0,"enemies":"Maw","floor":42,"turns":8},{"damage":12,"enemies":"Reptomancer","floor":44,"turns":9},{"damage":2,"enemies":"Sphere and 2 Shapes","floor":46,"turns":6},{"damage":11,"enemies":"2 Orb Walkers","floor":47,"turns":6},{"damage":20,"enemies":"Awakened One","floor":50,"turns":15}],"seed_played":"-5869623840170233725","potions_obtained":[{"floor":1,"key":"Strength Potion"},{"floor":3,"key":"SpeedPotion"},{"floor":5,"key":"EntropicBrew"},{"floor":16,"key":"SteroidPotion"},{"floor":35,"key":"Explosive Potion"},{"floor":42,"key":"Block Potion"},{"floor":47,"key":"SneckoOil"}],"is_trial":false,"path_per_floor":["M","?","M","M","M","E","M","R","T","R","?","$","R","M","R","B",null,"M","M","M","M","M","E","R","M","T","R","M","M","M","M","R","B",null,"M","?","$","M","M","R","M","M","T","E","?","M","?","?","R","B",null],"character_chosen":"DEFECT","items_purchased":["DataDisk","Ice Cream","Capacitor"],"campfire_rested":5,"item_purchase_floors":[12,37,37],"current_hp_per_floor":[68,61,61,61,58,45,19,19,19,19,19,19,19,11,33,32,64,61,61,53,46,41,19,41,37,37,59,56,56,56,42,64,38,66,43,43,43,43,28,50,50,50,50,38,38,36,25,75,75,55],"gold":199,"neow_bonus":"THREE_ENEMY_KILL","is_daily":false,"chose_seed":false,"campfire_upgraded":3,"win_rate":0.0,"timestamp":1611366912,"path_taken":["M","?","M","M","M","E","M","R","T","R","?","$","R","M","R","BOSS","M","M","M","M","?","E","R","M","T","R","M","M","M","M","R","BOSS","M","?","$","?","M","R","M","M","T","E","?","M","?","?","R","BOSS"],"items_purchased_type":["Relic","Relic","Card"],"build_version":"2020-12-22","purchased_purges":2,"victory":true,"max_hp_per_floor":[75,75,75,75,75,75,75,75,75,75,75,75,75,75,75,75,75,75,75,75,75,75,75,75,75,75,75,75,75,75,75,75,75,75,75,75,75,75,75,75,75,75,75,75,75,75,75,75,75,75],"card_choices":[{"not_picked":["Stack","Heatsinks"],"picked":"FTL","floor":1},{"not_picked":["Steam","Beam Cell"],"picked":"Go for the Eyes","floor":3},{"not_picked":["Compile Driver","Hologram"],"picked":"Reinforced Body","floor":4},{"not_picked":["Compile Driver","Leap","Conserve Battery"],"picked":"SKIP","floor":5},{"not_picked":["Go for the Eyes","Storm"],"picked":"Rainbow","floor":6},{"not_picked":["Coolheaded","Sweeping Beam"],"picked":"Cold Snap","floor":7},{"not_picked":["Hologram","Reprogram"],"picked":"Redo","floor":14},{"not_picked":["Fission","Meteor Strike"],"picked":"Core Surge","floor":16},{"not_picked":["Cold Snap+1","Barrage+1"],"picked":"Sweeping Beam+1","floor":18},{"not_picked":["Storm","Melter"],"picked":"Redo+1","floor":19},{"not_picked":["Go for the Eyes","Cold Snap"],"picked":"Doom and Gloom","floor":20},{"not_picked":["Streamline+1","FTL+1","Hologram"],"picked":"SKIP","floor":21},{"not_picked":["Sweeping Beam","Aggregate"],"picked":"Conserve Battery+1","floor":22},{"not_picked":["Skim","All For One"],"picked":"Chill","floor":23},{"not_picked":["Conserve Battery","Turbo"],"picked":"Leap","floor":25},{"not_picked":["Fusion","Lockon","Double Energy+1","Compile Driver+1"],"picked":"SKIP","floor":28},{"not_picked":["Steam","Streamline","Sweeping Beam"],"picked":"Defragment","floor":29},{"not_picked":["Coolheaded","Steam+1","Conserve Battery+1"],"picked":"Hologram","floor":30},{"not_picked":["Compile Driver","Ball Lightning","Streamline"],"picked":"Hologram+1","floor":31},{"not_picked":["Seek","Reboot","All For One"],"picked":"Biased Cognition","floor":33},{"not_picked":["Static Discharge","Conserve Battery+1","Steam"],"picked":"Coolheaded+1","floor":35},{"not_picked":["Cold Snap+1","Ball Lightning","Tempest"],"picked":"Skim+1","floor":38},{"not_picked":["Scrape","Leap","Rebound+1"],"picked":"Undo","floor":39},{"not_picked":["Melter+1","Reinforced Body","Beam Cell"],"picked":"Consume+1","floor":41},{"not_picked":["Reinforced Body+1","Streamline","Consume"],"picked":"Auto Shields+1","floor":42},{"not_picked":["Barrage+1","Consume","Doom and Gloom"],"picked":"Capacitor","floor":44},{"not_picked":["Beam Cell+1","Heatsinks","Streamline+1","Hello World+1"],"picked":"SKIP","floor":46},{"not_picked":["Reinforced Body+1","Barrage+1","Gash"],"picked":"Double Energy+1","floor":47}],"player_experience":262199,"relics_obtained":[{"floor":6,"key":"Pen Nib"},{"floor":9,"key":"Ancient Tea Set"},{"floor":23,"key":"Oddly Smooth Stone"},{"floor":26,"key":"Question Card"},{"floor":43,"key":"Shuriken"},{"floor":44,"key":"Nunchaku"},{"floor":47,"key":"Peace Pipe"}],"event_choices":[{"cards_removed":["Strike_B"],"damage_healed":0,"gold_gain":0,"player_choice":"Card Removal","damage_taken":7,"max_hp_gain":0,"max_hp_loss":0,"event_name":"Golden Wing","floor":2,"gold_loss":0},{"damage_healed":0,"gold_gain":0,"player_choice":"Rummage","damage_taken":0,"relics_obtained":["WarpedTongs"],"max_hp_gain":0,"max_hp_loss":0,"event_name":"Accursed Blacksmith","floor":11,"gold_loss":0,"cards_obtained":["Pain"]},{"damage_healed":0,"gold_gain":0,"player_choice":"Cursed","damage_taken":0,"max_hp_gain":0,"max_hp_loss":0,"event_name":"Wheel of Change","floor":36,"gold_loss":0,"cards_obtained":["Decay"]},{"cards_removed":["Doom and Gloom"],"damage_healed":0,"gold_gain":0,"player_choice":"Removed Attack","damage_taken":0,"max_hp_gain":0,"max_hp_loss":0,"event_name":"Falling","floor":45,"gold_loss":0},{"damage_healed":0,"gold_gain":0,"player_choice":"Fight","damage_taken":0,"max_hp_gain":0,"max_hp_loss":0,"event_name":"Mysterious Sphere","floor":47,"gold_loss":0},{"damage_healed":50,"gold_gain":0,"player_choice":"Heal","damage_taken":0,"max_hp_gain":0,"max_hp_loss":0,"event_name":"MindBloom","floor":48,"gold_loss":0,"cards_obtained":["Doubt"]}],"is_beta":false,"boss_relics":[{"not_picked":["FrozenCore","Empty Cage"],"picked":"Fusion Hammer"},{"not_picked":["Pandora\u0027s Box","Busted Crown"],"picked":"SacredBark"}],"items_purged_floors":[12,37],"is_endless":false,"potions_floor_spawned":[1,3,5,16,19,23,28,29,30,33,35,42,47],"ascension_level":6}}