{"host":"lbezuomzcjopy55u","time":1611421000,"event":{"mods":["BaseMod","Bestiary","Minty Spire (QoL Compilation)","Quick Restart","Slay-I","StSLib","Uncapped"],"gold_per_floor":[114,32,207,207,230,265,283,313,363,363,399,411,423,459,471,483,483],"floor_reached":16,"language":"ZHS","playtime":423,"items_purged":[],"score":185,"play_id":"3e217737-1aed-4d76-9fdb-f312436d8310","local_time":"20210124005640","is_ascension_mode":true,"campfire_choices":[{"data":"White Noise","floor":10,"key":"SMITH"},{"floor":13,"key":"REST"},{"floor":15,"key":"REST"}],"circlet_count":0,"master_deck":["Strike_B","Strike_B","Strike_B","Strike_B","Defend_B","Defend_B","Defend_B","Defend_B","Zap","Dualcast","White Noise+1","Self Repair","Reboot","Turbo","Ball Lightning","Go for the Eyes"],"relics":["Cracked Core","NeowsBlessing","Golden Idol","Potion Belt","Dream Catcher","MawBank","Spirit Poop"],"acts_visited":["Exordium"],"potions_floor_usage":[],"damage_taken":[{"damage":0.0,"enemies":"Cultist","floor":1.0,"turns":1.0},{"damage":0.0,"enemies":"Small Slimes","floor":5.0,"turns":1.0},{"damage":0.0,"enemies":"Lagavulin","floor":6.0,"turns":1.0},{"damage":8.0,"enemies":"2 Louse","floor":7.0,"turns":4.0},{"damage":50,"enemies":"3 Sentries","floor":11,"turns":9},{"damage":2,"enemies":"2 Fungi Beasts","floor":14,"turns":3},{"damage":48,"enemies":"Hexaghost","floor":16,"turns":9}],"seed_played":"-7507573742110259385","potions_obtained":[{"floor":11,"key":"BlessingOfTheForge"},{"floor":14,"key":"Ancient Potion"}],"is_trial":false,"path_per_floor":["M","$","?","?","M","E","M","?","T","R","E","?","R","M","R","B"],"character_chosen":"DEFECT","items_purchased":["Self Repair"],"campfire_rested":2,"item_purchase_floors":[2],"current_hp_per_floor":[68,68,68,50,57,64,63,63,63,63,20,20,42,40,62,14,14],"gold":483,"neow_bonus":"THREE_ENEMY_KILL","is_daily":false,"chose_seed":false,"campfire_upgraded":1,"win_rate":0.0,"timestamp":1611421000,"path_taken":["M","?","?","?","M","E","M","?","T","R","E","?","R","?","R","BOSS"],"items_purchased_type":["Card"],"build_version":"2020-12-22","purchased_purges":0,"victory":false,"max_hp_per_floor":[75,75,75,75,75,75,75,75,75,75,75,75,75,75,75,75,75],"card_choices":[{"not_picked":["Leap","Streamline"],"picked":"White Noise","floor":1.0},{"not_picked":["Hologram","Skim","Streamline"],"picked":"SKIP","floor":5.0},{"not_picked":["Barrage","Chill","Doom and Gloom"],"picked":"SKIP","floor":6.0},{"not_picked":["Gash","Go for the Eyes","Hologram"],"picked":"SKIP","floor":7.0},{"not_picked":["Barrage","Beam Cell"],"picked":"Reboot","floor":11},{"not_picked":["Blizzard","Ball Lightning"],"picked":"Turbo","floor":13},{"not_picked":["Go for the Eyes","Fission"],"picked":"Ball Lightning","floor":14},{"not_picked":["Redo","Chill"],"picked":"Go for the Eyes","floor":15}],"player_experience":282452,"relics_obtained":[{"floor":6.0,"key":"Potion Belt"},{"floor":9,"key":"Dream Catcher"},{"floor":11,"key":"MawBank"}],"event_choices":[{"damage_healed":0.0,"max_hp_gain":0.0,"max_hp_loss":0.0,"gold_gain":175.0,"event_name":"Liars Game","player_choice":"AGREE","floor":3.0,"gold_loss":0.0,"damage_taken":0.0,"cards_obtained":["Doubt"]},{"damage_healed":0.0,"max_hp_gain":0.0,"max_hp_loss":0.0,"gold_gain":0.0,"event_name":"Golden Idol","player_choice":"Take Damage","floor":4.0,"gold_loss":0.0,"damage_taken":18.0,"relics_obtained":["Golden Idol"]},{"damage_healed":0,"gold_gain":30,"player_choice":"Searched \u00272\u0027 times","damage_taken":0,"max_hp_gain":0,"max_hp_loss":0,"event_name":"Dead Adventurer","floor":8,"gold_loss":0},{"cards_removed":["Doubt"],"damage_healed":0,"gold_gain":0,"player_choice":"Offered Curse","damage_taken":0,"relics_obtained":["Spirit Poop"],"max_hp_gain":0,"max_hp_loss":0,"event_name":"Bonfire Elementals","floor":12,"gold_loss":0}],"is_beta":false,"boss_relics":[],"items_purged_floors":[],"is_endless":false,"potions_floor_spawned":[11,14],"killed_by":"Hexaghost","ascension_level":8}}