{"host":"mg1itvgex7et97yk","time":1611383626,"event":{"mods":["100% Spire Juice","2.2 Compatiblity","Act Like it!","Aspiration","BaseMod","Bestiary","Challenge The Spire","Colored Map","Conspire","Elementarium","Energized Spire","Gensokyo","GifTheSpireLib","Googly Eyes","GungeonMod","Halation","Hallownest","Highlight Path","Hubris","Infinite Spire","Jedi Mod","Jorbs\u0027s Wanderer Trilogy","Menagerie","Mimic Mod","Minty Spire (QoL Compilation)","Quarter Circle Forward PUNCH!","Rare Cards Sparkle","Relic Sorter","Relic Stats","Replay The Spire","Shop Mod","Small Relic Pack","Spikes Relics","Spire Arcade","StSLib","Stuff the Spire","The Animator","The Blue Laboratory","The Bug Knight","The Forsaken","The IronCluck","The Wild Card","Trackpad","[IsaacMod]????","everything is the same but u backflip on backflip","slay the spire mod where everything is the same but ironclad has a cowboy hat","vexMod","??????REMEMod"],"gold_per_floor":[115,115,10,26,36,66,66,392,392,419,459,508,550,550,550,667,667,687,708,708,733,141,178,178,178,178,467,503,803,831,1035,1035],"floor_reached":31,"language":"ENG","playtime":3304,"items_purged":[],"score":452,"play_id":"892a09c3-0904-4330-956e-31421f841cb8","local_time":"20210122223346","is_ascension_mode":true,"campfire_choices":[{"floor":7.0,"key":"RECALL"},{"data":"Armaments","floor":15,"key":"SMITH"},{"floor":24,"key":"REST"}],"circlet_count":0,"master_deck":["Strike_R","Strike_R","Strike_R","Strike_R","Strike_R","Defend_R","Defend_R","Defend_R","Defend_R","Bash","theForsaken:SpreadingPlague+1","Run Through","Inflame","Life Link+1","Combust","infinitespire:OneForAll+1","Inflame","Armaments+1","StuffTheSpire:TitanForm+1","Dark Embrace","Corruption+1","REME_Cut","Armaments","Ghostly Armor","Fire Breathing+1","Gensokyo:SevenSchoolMysteries","Corruption","ReplayTheSpireMod:Muscle Training+1","REME_FearOfPain","REME_Fury","jedi:unlimitedpower"],"relics":["Burning Blood","hubris:Icosahedron","DoctorsRemote","Gensokyo:OccultBall","halation:PrussianBluePaint","ReplayTheSpireMod:TigerMarble","Replay:Towering Pillar of Hats","infinitespire:Midas Blood","REME_ComplimentaryCards","HushsDoor","jedi:crownofsimplicity","Lantern","Replay:Bottled Eggs","energizedSpire:DecayingSkull","Guide Book","trackpad:BottledAnger","HollowMod:StagPassRelic","StuffTheSpire:Gunfinga","TungstenRod"],"acts_visited":["Gensokyo:Gensokyo","Gensokyo:Gensokyoer"],"potions_floor_usage":[12,13,23,27,31,31],"damage_taken":[{"damage":6.0,"enemies":"Gensokyo:3_Fairies","floor":1.0,"turns":4.0},{"damage":6.0,"enemies":"Gensokyo:2_Kodama","floor":4.0,"turns":2.0},{"damage":10.0,"enemies":"Gensokyo:Python","floor":5.0,"turns":4.0},{"damage":26.0,"enemies":"Gensokyo:Mamizou","floor":6.0,"turns":9.0},{"damage":5,"enemies":"Gensokyo:Cirno","floor":8,"turns":4},{"damage":8,"enemies":"Gensokyo:2_Rabbits","floor":10,"turns":4},{"damage":12,"enemies":"Gensokyo:Aya","floor":11,"turns":3},{"damage":12,"enemies":"conspire:MimicChest","floor":12,"turns":7},{"damage":8,"enemies":"Gensokyo:Cirno","floor":13,"turns":6},{"damage":37,"enemies":"Gensokyo:Kokoro","floor":16,"turns":7},{"damage":14,"enemies":"Gensokyo:2_Gloops","floor":18,"turns":4},{"damage":7,"enemies":"Gensokyo:CosmicMonolith","floor":19,"turns":4},{"damage":32,"enemies":"Gensokyo:Wraith","floor":21,"turns":5},{"damage":30,"enemies":"Gensokyo:Tenshi","floor":23,"turns":3},{"damage":2,"enemies":"Gensokyo:Reisen","floor":27,"turns":7},{"damage":16,"enemies":"Gensokyo:Monolith_and_Dog","floor":28,"turns":4},{"damage":29,"enemies":"Gensokyo:Mirror_and_Dog","floor":30,"turns":5},{"damage":15,"enemies":"Gensokyo:Tenshi","floor":31,"turns":2}],"seed_played":"563711284039996652","potions_obtained":[{"floor":4.0,"key":"Swift Potion"},{"floor":5.0,"key":"SteroidPotion"},{"floor":6.0,"key":"FearPotion"},{"floor":13,"key":"Adrenaline Potion"},{"floor":16,"key":"SpeedPotion"},{"floor":18,"key":"blueLaboratory:EnragingPotion"},{"floor":21,"key":"blueLaboratory:PyrophylliteBrew"},{"floor":23,"key":"Adrenaline Potion"},{"floor":30,"key":"blueLaboratory:EntrenchedPotion"}],"is_trial":false,"path_per_floor":["M","?","COS","M","M","E","R","E","T","M","E","?","E","?","R","B",null,"M","M","?","M","COS","E","R","?","T","E","M","?","M","E"],"character_chosen":"IRONCLAD","items_purchased":[],"campfire_rested":1,"item_purchase_floors":[],"current_hp_per_floor":[80,80,80,80,76,56,56,57,57,55,49,43,41,44,44,13,72,64,63,63,37,37,13,40,40,40,44,34,34,11,0,0],"gold":1035,"neow_bonus":"TEN_PERCENT_HP_BONUS","is_daily":false,"chose_seed":false,"campfire_upgraded":1,"win_rate":0.0,"timestamp":1611383626,"path_taken":["M","?","COS","M","?","E","R","E","T","M","E","?","E","?","R","BOSS","M","M","?","M","COS","E","R","?","T","E","M","?","?","E"],"items_purchased_type":[],"build_version":"2020-12-22","purchased_purges":0,"victory":false,"max_hp_per_floor":[88,88,88,88,88,88,88,88,88,88,88,88,88,91,91,91,91,91,91,91,91,91,91,91,91,91,91,91,91,91,91,91],"relic_stats":{"counters":[18,82],"obtain_stats":[{"KeepersGift":0,"DoctorsRemote":0,"Lantern":12,"Replay:Towering Pillar of Hats":6,"Guide Book":22,"DemoMod:GlassGuonStoneRelic":5,"jedi:crownofsimplicity":11,"HollowMod:StagPassRelic":27,"Burning Blood":0,"StuffTheSpire:Gunfinga":28,"hubris:Icosahedron":25,"halation:PrussianBluePaint":8,"Gensokyo:OccultBall":2,"ReplayTheSpireMod:TigerMarble":6,"trackpad:BottledAnger":23,"Replay:Bottled Eggs":13,"HushsDoor":0,"energizedSpire:DecayingSkull":17,"TungstenRod":30,"REME_ComplimentaryCards":0,"infinitespire:Midas Blood":9},{"KeepersGift":0,"DoctorsRemote":0,"Lantern":8,"Replay:Towering Pillar of Hats":4,"Guide Book":13,"DemoMod:GlassGuonStoneRelic":3,"jedi:crownofsimplicity":7,"HollowMod:StagPassRelic":15,"Burning Blood":0,"StuffTheSpire:Gunfinga":16,"hubris:Icosahedron":14,"halation:PrussianBluePaint":5,"Gensokyo:OccultBall":1,"ReplayTheSpireMod:TigerMarble":4,"trackpad:BottledAnger":14,"Replay:Bottled Eggs":9,"HushsDoor":0,"energizedSpire:DecayingSkull":10,"TungstenRod":17,"REME_ComplimentaryCards":0,"infinitespire:Midas Blood":5},{"KeepersGift":0,"DoctorsRemote":0,"Lantern":37,"Replay:Towering Pillar of Hats":12,"Guide Book":61,"DemoMod:GlassGuonStoneRelic":10,"jedi:crownofsimplicity":30,"HollowMod:StagPassRelic":71,"Burning Blood":0,"StuffTheSpire:Gunfinga":73,"hubris:Icosahedron":64,"halation:PrussianBluePaint":23,"Gensokyo:OccultBall":4,"ReplayTheSpireMod:TigerMarble":19,"trackpad:BottledAnger":64,"Replay:Bottled Eggs":43,"HushsDoor":0,"energizedSpire:DecayingSkull":50,"TungstenRod":78,"REME_ComplimentaryCards":0,"infinitespire:Midas Blood":23}],"Burning Blood":102,"TungstenRod":8},"card_choices":[{"not_picked":[],"picked":"SuicideKing","floor":0.0},{"not_picked":["True Grit","Warcry"],"picked":"Run Through","floor":1.0},{"not_picked":["Clothesline","StuffTheSpire:Resist"],"picked":"Inflame","floor":4.0},{"not_picked":["Pommel Strike+1","hubris:ReadiedAction+1"],"picked":"Life Link+1","floor":5.0},{"not_picked":["Wild Strike","Headbutt"],"picked":"Combust","floor":5.0},{"not_picked":["Clash","Disarm"],"picked":"infinitespire:OneForAll","floor":6.0},{"not_picked":["hubris:ReadiedAction","Cleave"],"picked":"Inflame","floor":8},{"not_picked":["Uppercut","Rage"],"picked":"Armaments","floor":10},{"not_picked":["Headbutt","Clash"],"picked":"StuffTheSpire:TitanForm","floor":11},{"not_picked":["Dropkick","Body Slam"],"picked":"Dark Embrace","floor":12},{"not_picked":["hubris:ReadiedAction","Flex","Replay:Undeath\u0027s Touch"],"picked":"SKIP","floor":13},{"not_picked":["Immolate","conspire:HitWhereItHurts"],"picked":"Corruption","floor":16},{"not_picked":["Shrug It Off","Pommel Strike"],"picked":"REME_Cut","floor":18},{"not_picked":["StuffTheSpire:Slingshot+1","hubris:SharpeningStone"],"picked":"Armaments","floor":19},{"not_picked":["Perfected Strike","Pummel"],"picked":"Fire Breathing+1","floor":21},{"not_picked":["Defy Death+1","Sever Soul"],"picked":"Corruption","floor":23},{"not_picked":["Cleave","infinitespire:OneForAll","Anger+1"],"picked":"ReplayTheSpireMod:Muscle Training+1","floor":27},{"not_picked":["Run Through","Wild Strike","Anger"],"picked":"REME_FearOfPain","floor":28},{"not_picked":["Bludgeon","Fiend Fire","Double Tap"],"picked":"REME_Fury","floor":30},{"not_picked":["DemoMod:BlackBlade","Clash","Anger"],"picked":"jedi:unlimitedpower","floor":30}],"player_experience":525280,"relics_obtained":[{"floor":6.0,"key":"ReplayTheSpireMod:TigerMarble"},{"floor":8,"key":"halation:PrussianBluePaint"},{"floor":9,"key":"infinitespire:Midas Blood"},{"floor":11,"key":"jedi:crownofsimplicity"},{"floor":12,"key":"Lantern"},{"floor":13,"key":"Replay:Bottled Eggs"},{"floor":16,"key":"Gensokyo:OccultBall"},{"floor":23,"key":"trackpad:BottledAnger"},{"floor":27,"key":"HollowMod:StagPassRelic"}],"event_choices":[],"is_beta":false,"boss_relics":[{"not_picked":["Black Blood","Fusion Hammer"],"picked":"energizedSpire:DecayingSkull"},{"not_picked":[]}],"items_purged_floors":[],"is_endless":false,"potions_floor_spawned":[4,5,6,13,16,18,21,23,30],"killed_by":"Gensokyo:Tenshi","ascension_level":8}}