{"host":"ruhvfxfzllvxorj7","time":1611438294,"event":{"mods":["AchievementEnabler","BaseMod","BetterRewards","Downfall","Hubris","Minty Spire (QoL Compilation)","StSLib"],"gold_per_floor":[99,99,99,60,80,80,105,90,108,121,571,597,497,523,534,632,632,632,644,644,644,664,664,691,719,719,732,745,764,664,664,684,781,831,831,848,868,881,486,486,539,550,550,550,550,599,632,651,670,670,670,670],"floor_reached":50,"language":"ENG","playtime":5408,"items_purged":["downfall:Icky"],"score":742,"play_id":"b16e5166-df9d-4c22-83e5-00bdc4466bd2","local_time":"20210123154454","is_ascension_mode":false,"campfire_choices":[{"floor":1,"key":"RECALL"},{"floor":6,"key":"REST"},{"floor":13,"key":"REST"},{"data":"Guardian:FierceBash","floor":18,"key":"SMITH"},{"floor":23,"key":"REST"},{"data":"Guardian:SphericShield","floor":35,"key":"SMITH"},{"data":"expansioncontent:QuickStudy","floor":40,"key":"SMITH"},{"floor":45,"key":"REST"}],"circlet_count":0,"master_deck":["Guardian:Strike_Guardian","Guardian:Strike_Guardian","Guardian:Strike_Guardian","Guardian:Defend_Guardian","Guardian:Defend_Guardian","Guardian:Defend_Guardian","Guardian:Defend_Guardian","Guardian:CurlUp","Guardian:TwinSlam+1","Guardian:RollAttack","Guardian:ChargeCore","Guardian:HyperBeam_Guardian","Guardian:PrimingBeam","downfall:Icky","downfall:Icky","Guardian:ChargeCore","Guardian:FloatingOrbs","Guardian:FierceBash+1","Guardian:PiercingHide","Guardian:DecasProtection","Guardian:ShieldCharger","Guardian:Orbwalk+1","Guardian:BronzeArmor+1","Guardian:Gem_Blue","Guardian:Gem_Cyan","Guardian:FierceBash+1","Guardian:DonusPower+1","Guardian:SphericShield+1","Guardian:PrimingBeam+1","Guardian:SentryBeam+1","Guardian:Gem_Synthetic","expansioncontent:QuickStudy+1","Guardian:Recover+1","Guardian:Reroute+1","Guardian:PrismaticBeam","Guardian:SentryBeam+1","Guardian:StasisField"],"relics":["Guardian:ModeShifter","hubris:Towel","Orichalcum","Nunchaku","downfall:HeartBlessingRed","Incense Burner","bronze:MakeshiftBattery","sneckomod:BabySnecko","Guardian:PickAxe","Blood Vial","downfall:HeartBlessingBlue","Tiny House","Anchor","Toy Ornithopter","Gremlin Horn","Regal Pillow","Mango","Ornamental Fan"],"acts_visited":["Exordium","TheCity","TheBeyond"],"potions_floor_usage":[16,16,22,25,33,33,38,49,50],"damage_taken":[{"damage":10,"enemies":"downfall:FleeingMerchant","floor":4,"turns":4},{"damage":2,"enemies":"Small Slimes","floor":5,"turns":3},{"damage":10,"enemies":"downfall:FleeingMerchant","floor":8,"turns":4},{"damage":1,"enemies":"2 Louse","floor":9,"turns":2},{"damage":5,"enemies":"Jaw Worm","floor":10,"turns":2},{"damage":9,"enemies":"3 Sentries","floor":14,"turns":3},{"damage":14,"enemies":"Exordium Thugs","floor":15,"turns":3},{"damage":13,"enemies":"DF_ARCHETYPE_STREAMLINE","floor":16,"turns":12},{"damage":16,"enemies":"3 Byrds","floor":19,"turns":3},{"damage":27,"enemies":"Snake Plant","floor":22,"turns":3},{"damage":8,"enemies":"Gremlin Leader","floor":25,"turns":6},{"damage":0,"enemies":"Cultist and Chosen","floor":27,"turns":5},{"damage":4,"enemies":"Sentry and Sphere","floor":28,"turns":4},{"damage":15,"enemies":"Snake Plant","floor":29,"turns":5},{"damage":0,"enemies":"Cultist and Chosen","floor":32,"turns":5},{"damage":13,"enemies":"WA_ARCHETYPE_CALM","floor":33,"turns":8},{"damage":7,"enemies":"Orb Walker","floor":36,"turns":3},{"damage":8,"enemies":"3 Shapes","floor":37,"turns":3},{"damage":7,"enemies":"Transient","floor":38,"turns":5},{"damage":10,"enemies":"downfall:FleeingMerchant","floor":39,"turns":4},{"damage":0,"enemies":"4 Shapes","floor":42,"turns":4},{"damage":35,"enemies":"2 Orb Walkers","floor":46,"turns":6},{"damage":0,"enemies":"Nemesis","floor":47,"turns":7},{"damage":0,"enemies":"3 Darklings","floor":48,"turns":3},{"damage":33,"enemies":"Transient","floor":49,"turns":5},{"damage":112,"enemies":"SI_POISON_ARCHETYPE","floor":50,"turns":5}],"seed_played":"7452058646685064500","potions_obtained":[{"floor":5,"key":"champ:CounterPotion"},{"floor":9,"key":"sneckomod:MuddlingPotion"},{"floor":14,"key":"Ancient Potion"},{"floor":15,"key":"Fire Potion"},{"floor":22,"key":"EssenceOfSteel"},{"floor":27,"key":"SkillPotion"},{"floor":29,"key":"AttackPotion"},{"floor":33,"key":"SpeedPotion"},{"floor":34,"key":"SpeedPotion"},{"floor":37,"key":"Dexterity Potion"},{"floor":46,"key":"Dexterity Potion"},{"floor":47,"key":"Guardian:AcceleratePotion"},{"floor":48,"key":"Energy Potion"},{"floor":49,"key":"Explosive Potion"}],"is_trial":false,"path_per_floor":["R","?","?","$","M","R","T","$","M","M","?","T","R","E","M","B",null,"R","M","?","?","M","R","T","E","T","M","M","M","R","?","M","B",null,"R","M","M","M","$","R","T","M","T","$","R","?","E","M","M","B"],"character_chosen":"GUARDIAN","items_purchased":["Guardian:RollAttack","Anchor","expansioncontent:QuickStudy","Regal Pillow"],"campfire_rested":4,"item_purchase_floors":[4,39,39,44],"current_hp_per_floor":[80,80,80,70,68,80,80,70,69,64,64,64,80,71,57,44,80,80,64,64,64,37,61,61,53,53,55,53,40,50,50,52,41,95,95,88,82,77,69,69,69,71,71,61,95,74,76,78,52,0,0,0],"gold":670,"neow_bonus":"TRANSFORM_CARD","is_daily":false,"chose_seed":false,"campfire_upgraded":3,"win_rate":0.0,"timestamp":1611438294,"path_taken":["R","?","?","$","M","R","T","$","M","M","?","?","R","E","M","BOSS","R","M","?","?","M","R","T","E","?","M","?","M","R","?","M","BOSS","R","M","M","M","$","R","T","M","?","?","R","?","E","M","M","BOSS"],"items_purchased_type":["Card","Relic","Card","Relic"],"build_version":"2020-12-22","purchased_purges":1,"victory":false,"max_hp_per_floor":[80,80,80,80,80,80,80,80,80,80,80,80,80,80,80,80,80,80,80,80,80,80,80,80,80,80,80,80,80,90,90,90,90,95,95,95,95,95,95,95,95,95,95,95,95,109,109,109,109,109,109,109],"card_choices":[{"not_picked":["Guardian:Gem_Green","Guardian:WalkerClaw"],"picked":"Guardian:Gem_Red","floor":4},{"not_picked":["Guardian:MultiBeam","Guardian:PiercingHide"],"picked":"Guardian:ChargeCore","floor":5},{"not_picked":["Guardian:Gem_Lightblue","Guardian:Reroute"],"picked":"Guardian:HyperBeam_Guardian","floor":8},{"not_picked":["Guardian:CrystalBeam","Guardian:PolyBeam"],"picked":"Guardian:PrimingBeam","floor":9},{"not_picked":["Guardian:Planning","Guardian:PrimingBeam"],"picked":"Guardian:Gem_Cyan","floor":10},{"not_picked":["Guardian:TemporalStrike","Guardian:RollAttack"],"picked":"Guardian:ChargeCore","floor":14},{"not_picked":["Guardian:SpikerProtocol","Guardian:Gem_Crimson"],"picked":"Guardian:FloatingOrbs","floor":15},{"not_picked":["Guardian:ExploitGems","Guardian:Gem_Orange"],"picked":"Guardian:FierceBash","floor":16},{"not_picked":["Guardian:Gem_Blue","Guardian:Clone+1"],"picked":"Guardian:PiercingHide","floor":19},{"not_picked":["Guardian:DonusPower","Guardian:PrismaticBarrier"],"picked":"Guardian:DecasProtection","floor":22},{"not_picked":["Guardian:Gem_Yellow","Guardian:ArmoredProtocol"],"picked":"Guardian:ShieldCharger","floor":25},{"not_picked":["Guardian:Emergency","Guardian:VentSteam"],"picked":"Guardian:Gem_Green","floor":27},{"not_picked":["Guardian:Gem_Green","Guardian:PiercingHide"],"picked":"Guardian:Orbwalk+1","floor":28},{"not_picked":["Guardian:RollAttack","Guardian:VentSteam"],"picked":"Guardian:BronzeArmor+1","floor":29},{"not_picked":["Guardian:Clone","Guardian:Gem_Cyan"],"picked":"Guardian:DonusPower","floor":32},{"not_picked":["Guardian:HyperBeam_Guardian","Guardian:FastForward"],"picked":"Guardian:SphericShield","floor":33},{"not_picked":["Guardian:TimeCapacitor+1","Guardian:ShieldCharger"],"picked":"Guardian:Gem_Crimson","floor":34},{"not_picked":["Guardian:EvasiveProtocol","Guardian:VentSteam+1"],"picked":"Guardian:Gem_Fragmented","floor":36},{"not_picked":["Guardian:Gem_Cyan","Guardian:FierceBash"],"picked":"Guardian:PrimingBeam+1","floor":37},{"not_picked":["Guardian:Incinerate","Guardian:TemporalShield"],"picked":"Guardian:SentryBeam+1","floor":38},{"not_picked":["Guardian:DonusPower+1","Guardian:ShieldSpikes"],"picked":"Guardian:Gem_Synthetic","floor":39},{"not_picked":["Guardian:BronzeOrb","Guardian:PrimingBeam"],"picked":"Guardian:Recover+1","floor":42},{"not_picked":["Guardian:Gem_Cyan","Guardian:Gem_Lightblue"],"picked":"Guardian:Reroute+1","floor":46},{"not_picked":["Guardian:BodySlam+1","Guardian:Suspension+1"],"picked":"Guardian:PrismaticBeam","floor":47},{"not_picked":["Guardian:Recover","Guardian:ShieldCharger"],"picked":"Guardian:SentryBeam+1","floor":48},{"not_picked":["Guardian:Gem_Fragmented","Guardian:SentryBeam"],"picked":"Guardian:StasisField","floor":49}],"player_experience":78353,"relics_obtained":[{"floor":7,"key":"Orichalcum"},{"floor":12,"key":"Nunchaku"},{"floor":14,"key":"Incense Burner"},{"floor":24,"key":"Guardian:PickAxe"},{"floor":25,"key":"Blood Vial"},{"floor":41,"key":"Toy Ornithopter"},{"floor":43,"key":"Gremlin Horn"},{"floor":46,"key":"Mango"},{"floor":47,"key":"Ornamental Fan"}],"event_choices":[{"damage_healed":0,"gold_gain":0,"player_choice":"Fight","damage_taken":0,"max_hp_gain":0,"max_hp_loss":0,"event_name":"Mysterious Sphere","floor":46,"gold_loss":0}],"is_beta":false,"boss_relics":[{"not_picked":["hubris:BlackHole","Runic Pyramid"],"picked":"bronze:MakeshiftBattery"},{"not_picked":["hubris:Stopwatch","hubris:TerracottaHorce"],"picked":"Tiny House"}],"items_purged_floors":[39],"is_endless":false,"potions_floor_spawned":[5,9,14,15,22,27,29,33,37,46,47,48,49],"killed_by":"SI_POISON_ARCHETYPE","ascension_level":0}}