{"host":"mmqs5ul2bvb60kyc","time":1611396370,"event":{"mods":["AchievementEnabler","BaseMod","Colored Map","Colored Powertips","Minty Spire (QoL Compilation)","Quick Restart","StSLib","The Wild Card"],"gold_per_floor":[119,119,82,82,95,95,138,138,163,163,88,124,24,24,47,47,167,167,186,186,186,209,119,119,155,30,30,71,71,94,128,142,142,268,268,291,87,87,107,126,165,165,165,246,289,329,154,207,219,231,243],"floor_reached":52,"language":"ENG","playtime":2381,"items_purged":["theWildCard:BasicStrike","theWildCard:BasicStrike","theWildCard:MagicalMight","theWildCard:BasicDefend","theWildCard:BasicDefend"],"score":1098,"play_id":"029fb39e-2d95-401f-a0d8-c59c0a6c43d8","local_time":"20210123180610","daily_mods":["Heirloom","Flight"],"is_ascension_mode":false,"campfire_choices":[{"data":"theWildCard:TheGreatSeal","floor":6.0,"key":"SMITH"},{"data":"theWildCard:Arsene","floor":8.0,"key":"SMITH"},{"data":"theWildCard:CryOfAgony","floor":14.0,"key":"SMITH"},{"data":"theWildCard:Abstinence","floor":16.0,"key":"SMITH"},{"data":"theWildCard:TheGreatSeal","floor":24.0,"key":"SMITH"},{"data":"theWildCard:Abstinence","floor":29.0,"key":"SMITH"},{"data":"theWildCard:Impatience","floor":33.0,"key":"SMITH"},{"data":"theWildCard:FuelForTheFire","floor":42,"key":"SMITH"},{"data":"theWildCard:StingingStrike","floor":43,"key":"SMITH"},{"data":"theWildCard:LadyLuck","floor":50,"key":"SMITH"}],"circlet_count":0,"master_deck":["theWildCard:BasicDefend","theWildCard:BasicDefend+1","theWildCard:Arsene+1","theWildCard:CryOfAgony+1","theWildCard:TheGreatSeal+1","theWildCard:MasterPlan","theWildCard:Abstinence+1","theWildCard:ArchaicAssault","theWildCard:Desolation","theWildCard:TheGreatSeal+1","theWildCard:Abstinence+1","theWildCard:Impatience+1","theWildCard:StingingStrike+1","theWildCard:FuelForTheFire+1","theWildCard:StingingStrike+1","theWildCard:LadyLuck+1","theWildCard:Ruination"],"relics":["theWildCard:VelvetContract","Thread and Needle","Golden Idol","Happy Flower","Art of War","Ancient Tea Set","Tiny Chest","Philosopher\u0027s Stone","Nilry\u0027s Codex","Pantograph","Blue Candle","Bag of Marbles","Akabeko","Vajra","theWildCard:Wildcard","HornCleat","Meat on the Bone","Strawberry","Turnip","MawBank","Mercury Hourglass"],"acts_visited":["Exordium","TheCity","TheBeyond"],"potions_floor_usage":[],"damage_taken":[{"damage":0.0,"enemies":"2 Louse","floor":1.0,"turns":4.0},{"damage":0.0,"enemies":"Jaw Worm","floor":5.0,"turns":4.0},{"damage":5.0,"enemies":"3 Sentries","floor":7.0,"turns":9.0},{"damage":6.0,"enemies":"Gremlin Nob","floor":12.0,"turns":5.0},{"damage":0.0,"enemies":"Cultist","floor":15.0,"turns":3.0},{"damage":0.0,"enemies":"Hexaghost","floor":17.0,"turns":9.0},{"damage":0.0,"enemies":"Spheric Guardian","floor":19.0,"turns":4.0},{"damage":9.0,"enemies":"Chosen","floor":22.0,"turns":8.0},{"damage":4.0,"enemies":"Gremlin Leader","floor":25.0,"turns":5.0},{"damage":0.0,"enemies":"Book of Stabbing","floor":28.0,"turns":4.0},{"damage":0.0,"enemies":"Gremlin Leader","floor":31.0,"turns":3.0},{"damage":0.0,"enemies":"Snake Plant","floor":32.0,"turns":3.0},{"damage":0.0,"enemies":"Champ","floor":34.0,"turns":7.0},{"damage":0.0,"enemies":"Orb Walker","floor":36.0,"turns":5.0},{"damage":0,"enemies":"3 Shapes","floor":39,"turns":2},{"damage":18,"enemies":"Writhing Mass","floor":40,"turns":3},{"damage":5,"enemies":"Reptomancer","floor":41,"turns":4},{"damage":0,"enemies":"Giant Head","floor":45,"turns":2},{"damage":0,"enemies":"Reptomancer","floor":46,"turns":2},{"damage":0,"enemies":"Time Eater","floor":51,"turns":4}],"seed_played":"-5157784669427734240","potions_obtained":[{"floor":1.0,"key":"Energy Potion"},{"floor":12.0,"key":"PowerPotion"},{"floor":22.0,"key":"Explosive Potion"},{"floor":28.0,"key":"Dexterity Potion"}],"is_trial":true,"path_per_floor":["M","?","$","?","M","R","E","R","T","T","$","E","$","R","M","R","B",null,"M","?","?","M","?","R","E","$","T","E","R","T","E","M","R","B",null,"M","$","?","M","M","E","R","R","T","E","E","$","T","?","R","B",null],"character_chosen":"THE_WILD_CARD","items_purchased":["theWildCard:TheGreatSeal","theWildCard:StingingStrike"],"campfire_rested":0,"item_purchase_floors":[3,37],"current_hp_per_floor":[60,56,56,56,56,56,51,51,51,51,51,45,45,45,45,45,45,56,56,56,40,31,31,31,27,27,27,27,27,27,27,27,27,52,56,56,56,56,56,38,33,33,33,33,40,40,40,40,40,40,63],"gold":255,"neow_bonus":"","is_daily":false,"chose_seed":false,"campfire_upgraded":10,"win_rate":0.0,"timestamp":1611396370,"path_taken":["M","?","?","?","M","R","E","R","T","T","$","E","$","R","M","R","BOSS","M","?","?","M","?","R","E","$","T","E","R","?","E","M","R","BOSS","M","$","?","M","?","E","R","R","T","E","E","?","?","?","R","BOSS"],"items_purchased_type":["Card","Card"],"build_version":"2020-12-22","purchased_purges":5,"victory":true,"max_hp_per_floor":[60,56,56,56,56,56,56,56,56,56,56,56,56,56,56,56,56,56,56,56,56,56,56,56,56,56,56,56,56,56,56,56,56,56,56,56,56,56,56,56,56,56,56,56,63,63,63,63,63,63,63],"card_choices":[{"not_picked":["theWildCard:StingingStrike","theWildCard:ArcanaArtistry"],"picked":"theWildCard:CryOfAgony","floor":1.0},{"not_picked":["theWildCard:SeveringSlash","theWildCard:StalwartBlade"],"picked":"theWildCard:MasterPlan","floor":5.0},{"not_picked":["theWildCard:ArcaneArts","theWildCard:MagicalMight"],"picked":"theWildCard:Abstinence","floor":7.0},{"not_picked":["theWildCard:Lucifer","theWildCard:ArchaicAssault","theWildCard:BladeOfGenerations"],"picked":"SKIP","floor":12.0},{"not_picked":["theWildCard:StingingStrike","theWildCard:Alice"],"picked":"theWildCard:ArchaicAssault","floor":15.0},{"not_picked":["theWildCard:FinalHour","theWildCard:FuelForTheFire"],"picked":"theWildCard:Desolation","floor":17.0},{"not_picked":["theWildCard:Michael","theWildCard:Proficiency"],"picked":"theWildCard:TheGreatSeal","floor":19.0},{"not_picked":["theWildCard:MasterPlan","theWildCard:StalwartBlade+1"],"picked":"theWildCard:Impatience","floor":22.0},{"not_picked":["theWildCard:Loki","theWildCard:Unburden+1","theWildCard:Satanael"],"picked":"SKIP","floor":25.0},{"not_picked":["theWildCard:Loki","theWildCard:Unburden+1","theWildCard:Satanael"],"picked":"SKIP","floor":25.0},{"not_picked":["theWildCard:EnergizedStroke","theWildCard:Metatron","theWildCard:Michael"],"picked":"SKIP","floor":28.0},{"not_picked":["theWildCard:SeveringSlash","theWildCard:Unburden+1"],"picked":"theWildCard:StingingStrike+1","floor":31.0},{"not_picked":["theWildCard:Michael","theWildCard:StalwartBlade+1","theWildCard:EnergizedStroke"],"picked":"SKIP","floor":32.0},{"not_picked":["theWildCard:ChangingDestiny","theWildCard:AllOutAttack"],"picked":"theWildCard:FuelForTheFire","floor":34.0},{"not_picked":["theWildCard:ArcaneArts","theWildCard:Proficiency+1","theWildCard:Metatron+1"],"picked":"SKIP","floor":36.0},{"not_picked":["theWildCard:ManOfManyFaces","theWildCard:MaskChange"],"picked":"theWildCard:LadyLuck","floor":39},{"not_picked":["theWildCard:Sakuya","theWildCard:MaskChange","theWildCard:PowerOfTheArcana+1"],"picked":"SKIP","floor":40},{"not_picked":["theWildCard:Polydeuces+1","theWildCard:SeveringSlash+1"],"picked":"theWildCard:Ruination","floor":41},{"not_picked":["theWildCard:IdentityTheft","theWildCard:UnendingRitual","theWildCard:SacrificialStroke"],"picked":"SKIP","floor":45},{"not_picked":["theWildCard:MagicalMight+1","theWildCard:Scathach","theWildCard:Polydeuces"],"picked":"SKIP","floor":46}],"player_experience":293427,"relics_obtained":[{"floor":7.0,"key":"Happy Flower"},{"floor":9.0,"key":"Art of War"},{"floor":10.0,"key":"Ancient Tea Set"},{"floor":12.0,"key":"Tiny Chest"},{"floor":21.0,"key":"Nilry\u0027s Codex"},{"floor":25.0,"key":"Pantograph"},{"floor":27.0,"key":"Blue Candle"},{"floor":28.0,"key":"Bag of Marbles"},{"floor":30.0,"key":"Akabeko"},{"floor":31.0,"key":"Vajra"},{"floor":41,"key":"HornCleat"},{"floor":44,"key":"Meat on the Bone"},{"floor":45,"key":"Strawberry"},{"floor":46,"key":"Turnip"},{"floor":48,"key":"MawBank"}],"event_choices":[{"damage_healed":0.0,"max_hp_gain":0.0,"max_hp_loss":4.0,"gold_gain":0.0,"event_name":"Golden Idol","player_choice":"Lose Max HP","floor":2.0,"gold_loss":0.0,"damage_taken":0.0,"relics_obtained":["Golden Idol"]},{"damage_healed":0.0,"max_hp_gain":0.0,"max_hp_loss":0.0,"gold_gain":0.0,"cards_transformed":["theWildCard:BasicStrike","theWildCard:BasicStrike"],"event_name":"Drug Dealer","player_choice":"Became Test Subject","floor":20.0,"gold_loss":0.0,"damage_taken":0.0,"cards_obtained":["theWildCard:Abstinence","theWildCard:MagicalMight"]},{"damage_healed":0.0,"max_hp_gain":0.0,"max_hp_loss":0.0,"gold_gain":0.0,"event_name":"Cursed Tome","player_choice":"Obtained Book","floor":21.0,"gold_loss":0.0,"damage_taken":16.0},{"cards_removed":["theWildCard:CallToAdventure"],"damage_healed":0.0,"max_hp_gain":0.0,"max_hp_loss":0.0,"gold_gain":0.0,"event_name":"Designer","player_choice":"Upgrade and Remove","floor":23.0,"gold_loss":90.0,"damage_taken":0.0,"cards_upgraded":["theWildCard:BasicDefend"]},{"damage_healed":0,"gold_gain":0,"player_choice":"0 cards matched","damage_taken":0,"max_hp_gain":0,"max_hp_loss":0,"event_name":"Match and Keep!","floor":38,"gold_loss":0,"cards_obtained":[]},{"damage_healed":0,"gold_gain":0,"player_choice":"Gave Potion","damage_taken":0,"relics_obtained":["Mercury Hourglass"],"max_hp_gain":0,"max_hp_loss":0,"event_name":"WeMeetAgain","floor":49,"gold_loss":0}],"is_beta":false,"boss_relics":[{"not_picked":["Astrolabe","Ectoplasm"],"picked":"Philosopher\u0027s Stone"},{"not_picked":["Snecko Eye","Coffee Dripper"],"picked":"theWildCard:Wildcard"}],"items_purged_floors":[11,13,26,37,47],"is_endless":false,"potions_floor_spawned":[1,12,22,28,39,40,41],"ascension_level":0}}