{"host":"itbqv4oobgse7q4n","time":1611412823,"event":{"mods":["100% Spire Juice","Act Like it!","Arknights The Spire","Aspiration","BaseMod","Bestiary","CapriCore","Card Forge","Colored Powertips","Evolution","Friendly Minions","Gensokyo","GifTheSpireLib","Hero for Fun","Highlight Path","HololiveMod","Hubris","LagranYue(???·?)","Minty Spire (QoL Compilation)","Prisma Mod","Relic Filter","Remilia??????","Replay The Spire","Shop Mod","Small Relic Pack","StSLib","Td1madao Mod","The Alterego","The Animator","The Immortal","The Necromancer","The Servant 0.9.4","The Wild Card","Yakumo Yukari mod"],"gold_per_floor":[132,147,147,147,164,199,215,243,296,306,321,335,335,335,335,431,431,443,323,341,359,376,376,376,376,402,402,434,70,170,198,198,502,502,519,519,519,519,533,567,591,602,602,620,632,20,20,51,51,51,51,51,351,379,379],"floor_reached":56,"language":"RUS","playtime":8227,"items_purged":[],"score":1507,"play_id":"16eb4d16-15a4-47f9-9b4b-d5e13e885ab3","local_time":"20210123174023","is_ascension_mode":false,"campfire_choices":[{"floor":15.0,"key":"DIG"},{"floor":49,"key":"RECALL"},{"floor":52,"key":"DIG"}],"circlet_count":0,"master_deck":["AT_purpleEX+1","AT_purpleEX+1","AT_purpleEX+1","AT_purpleEX+1","Defend_purpleEX+1","Defend_purpleEX+1","Defend_purpleEX+1","Defend_purpleEX+1","Observe_purple_1+1","Observe_purple_2+1","Charmbait_purple+1","Line_surface_state_purple+1","Monsters_DoubleDeathButterfly_purple+1","Boundary_DreamRealityDamnation_purple+1","MetroBOOM_purple+1","Boundary_LightAndDark_purple+1","ExistenceContinue_purple+1","SfantasyHide_purple+1","Mirror_FormAndEmptin_purple+1","Mirror_TwoAndThreeElementRealm_purple+1","Mirror_FormAndEmptin_purple+1","Erosivefilter_purple+1","Computing_the_future_purpleEX+1","Night Terror+1","WatchEChange_purple+1","Theboundaryofcreation_purpleEX+1","LoveAcrossDimensions_purple+1","D_absorption_purple+1","Nest_LightFlightworm_purple+1","Gensokyo:Dawn+1","CommonSense_AntiCommonSense_purple+1","DarkRealmRedLine_purple+1","MonsterNeedle_purple+1","Pot Of Greed+1","Pot Of Greed+1","Pot Of Greed+1","MNeedle_purple+1","Boundary_of_Extermination_purpleEX+1","Pot Of Greed+1","GluttonyofRealm_purpleEX+1","GluttonyofRealm_purpleEX+1","StateDuplicate_purple+1","Boundary_of_Extermination_purpleEX","Secret Weapon"],"relics":["Boundary_crack","Memoryfragments_purpleEX","Hammer of Thor","Seething Fire","Anvil of the Gods","EVO:Axolotl","Calipers","aspiration:ChemicalBlood","aspiration:ArtOfWarUpgrade","relicPack:DSword","Gensokyo:LunaticRedEyes","Iron Hammer","aspiration:RunicSpoon","Gensokyo:MaskOfHope","hubris:CrystalStatue","Boot","Matryoshka","TheEssenceOfRealm","hubris:Zylophone","Girya","Shovel","ReplayTheSpireMod:DimensionalGlitch","Replay:Baseball","Bag of Preparation","Gensokyo:Companionship","hubris:Spice","aspiration:SeaSaltIceCream","aspiration:Nostalgia","Replay:M_SmolderingBlood","Grinning Jar","hubris:SlimyHat","AntiCross","Replay:WaspNest","hubris:NiceRug","aspiration:AnachronicSnailShell","Medical Kit","Centennial Puzzle"],"acts_visited":["Gensokyo:Gensokyo","Gensokyo:Gensokyoer","Gensokyo:Gensokyoest","TheEnding"],"potions_floor_usage":[37,37,40,50,50,50,50,50,53,55,55,55,55,55],"damage_taken":[{"damage":9.0,"enemies":"Gensokyo:Python","floor":1.0,"turns":4.0},{"damage":0.0,"enemies":"Gensokyo:Gryphon","floor":2.0,"turns":3.0},{"damage":0.0,"enemies":"Gensokyo:2_Kodama","floor":5.0,"turns":2.0},{"damage":23.0,"enemies":"Gensokyo:Cirno","floor":6.0,"turns":6.0},{"damage":6.0,"enemies":"Gensokyo:Gryphon_and_Rabbit","floor":7.0,"turns":7.0},{"damage":13.0,"enemies":"Gensokyo:Aya","floor":8.0,"turns":5.0},{"damage":0.0,"enemies":"Gensokyo:VengefulSpirit","floor":10.0,"turns":5.0},{"damage":4.0,"enemies":"Gensokyo:3_Kodama","floor":11.0,"turns":5.0},{"damage":0.0,"enemies":"Gensokyo:2_Rabbits","floor":12.0,"turns":5.0},{"damage":0.0,"enemies":"Gensokyo:Reimu","floor":16.0,"turns":5.0},{"damage":0.0,"enemies":"Gensokyo:CosmicMonolith","floor":18.0,"turns":5.0},{"damage":34.0,"enemies":"Gensokyo:3_Dogs","floor":20.0,"turns":5.0},{"damage":0.0,"enemies":"Gensokyo:Swordslinger","floor":21.0,"turns":4.0},{"damage":23.0,"enemies":"Gensokyo:Chomper_and_Gloop","floor":22.0,"turns":7.0},{"damage":0.0,"enemies":"Gensokyo:Tenshi","floor":28.0,"turns":6.0},{"damage":0.0,"enemies":"Gensokyo:Tenshi","floor":30.0,"turns":10.0},{"damage":0.0,"enemies":"Gensokyo:Koishi","floor":31.0,"turns":5.0},{"damage":23.0,"enemies":"Gensokyo:Eiki","floor":33.0,"turns":8.0},{"damage":11.0,"enemies":"Gensokyo:3_Boulders","floor":35.0,"turns":7.0},{"damage":40,"enemies":"Gensokyo:3_Boulders","floor":37,"turns":5},{"damage":0,"enemies":"Gensokyo:AncientGuardian","floor":39,"turns":3},{"damage":11,"enemies":"Gensokyo:Marisa","floor":40,"turns":5},{"damage":0,"enemies":"Gensokyo:3_Boulders","floor":42,"turns":4},{"damage":6,"enemies":"Gensokyo:Sharpion","floor":44,"turns":3},{"damage":0,"enemies":"Gensokyo:AtlasGolem","floor":45,"turns":4},{"damage":0,"enemies":"Gensokyo:Kasen","floor":48,"turns":3},{"damage":36,"enemies":"Gensokyo:Yuyuko","floor":50,"turns":7},{"damage":29,"enemies":"hubris:Merchant","floor":53,"turns":5},{"damage":10,"enemies":"Shield and Spear","floor":54,"turns":4},{"damage":53,"enemies":"The Heart","floor":55,"turns":8}],"seed_played":"-3625762342284090130","potions_obtained":[{"floor":2.0,"key":"ColorlessPotion"},{"floor":8.0,"key":"Doom Potion"},{"floor":10.0,"key":"PowerPotion"},{"floor":16.0,"key":"Languid Potion"},{"floor":18.0,"key":"Milkshake"},{"floor":20.0,"key":"SteroidPotion"},{"floor":22.0,"key":"SkillPotion"},{"floor":22.0,"key":"Reflective Coating"},{"floor":39,"key":"Elixir"},{"floor":40,"key":"Weak Potion"},{"floor":44,"key":"AttackPotion"}],"is_trial":false,"path_per_floor":["M","M","?","?","M","E","M","E","T","M","M","M","?","?","R","B",null,"M","?","M","M","M","R","?","R","T","?","E","COS","?","E","R","B",null,"M","?","?","?","M","E","T","M","T","M","M","$","?","E","R","B",null,"R","$","E","B",null],"character_chosen":"Youkari","items_purchased":["hubris:Spice","hubris:SlimyHat","Boundary_of_Extermination_purpleEX","GluttonyofRealm_purpleEX"],"campfire_rested":0,"item_purchase_floors":[46,46,46,46],"current_hp_per_floor":[69,73,73,77,77,56,54,43,43,45,42,46,11,11,11,18,77,77,77,45,47,34,34,34,34,34,27,37,37,47,52,52,31,71,64,64,64,72,72,63,63,68,68,65,65,73,73,74,74,74,91,91,63,58,10],"gold":379,"neow_bonus":"TEN_PERCENT_HP_BONUS","is_daily":false,"chose_seed":false,"campfire_upgraded":0,"win_rate":0.0,"timestamp":1611412823,"path_taken":["M","M","?","?","?","E","M","E","T","M","M","M","?","?","R","BOSS","M","?","M","M","M","R","?","R","T","?","E","COS","?","E","R","BOSS","M","?","?","?","?","E","?","M","T","M","M","$","?","E","R","BOSS","R","$","E","BOSS"],"items_purchased_type":["Relic","Relic","Card","Card"],"build_version":"2020-12-22","purchased_purges":0,"victory":true,"max_hp_per_floor":[77,77,77,77,77,77,77,77,77,77,77,77,77,77,77,77,77,77,77,77,77,77,77,71,71,71,71,71,71,71,71,71,71,71,75,75,75,75,75,75,75,83,83,83,83,91,91,91,91,91,91,91,83,83,87],"card_choices":[{"not_picked":["MeetDecomposer_purple","WeekHit_purple"],"picked":"Charmbait_purple","floor":1.0},{"not_picked":["Shallow_ocean_purpleEX","RuleDissolution_purple"],"picked":"Line_surface_state_purple","floor":2.0},{"not_picked":["Mirror_FormAndEmptin_purple","Shallow_ocean_purpleEX"],"picked":"Monsters_DoubleDeathButterfly_purple","floor":5.0},{"not_picked":["Bait_HighSpeedFlying_purple","SharpContractionReality_purple"],"picked":"Boundary_DreamRealityDamnation_purple","floor":6.0},{"not_picked":["Bait_Toxicbait_purple","StateDuplicate_purple"],"picked":"MetroBOOM_purple","floor":7.0},{"not_picked":["Worldmountain_purple","EighthInstrument_OneDividesIntoTwo_purple"],"picked":"Boundary_LightAndDark_purple","floor":8.0},{"not_picked":["SharpContractionReality_purple","StateDuplicate_purple"],"picked":"ExistenceContinue_purple","floor":10.0},{"not_picked":["StretchesForeverDream_purple","Charmbait_purple"],"picked":"SfantasyHide_purple","floor":11.0},{"not_picked":["Realm_recovery_purpleEX","MagicEyes_LaplaceDemon_purple"],"picked":"Mirror_FormAndEmptin_purple","floor":12.0},{"not_picked":["UniverseChoice_purple","Boundary_LifeAndDeath_purple"],"picked":"Mirror_TwoAndThreeElementRealm_purple","floor":16.0},{"not_picked":["MeetDecomposer_purple","OmniscientAndOmnipotent_Monster_purple"],"picked":"Mirror_FormAndEmptin_purple","floor":18.0},{"not_picked":["RuptureOfTimeAndSpace_purple+1","RuleDissolution_purple"],"picked":"Erosivefilter_purple","floor":20.0},{"not_picked":["ExternalForce_HighSpeedFlying_purple+1","Anti_communist_purple"],"picked":"Computing_the_future_purpleEX","floor":21.0},{"not_picked":["Realm_recovery_purpleEX","OmniscientAndOmnipotent_Monster_purple","Charmbait_purple"],"picked":"SKIP","floor":22.0},{"not_picked":["MeetDecomposer_purple","Boundary_of_Extermination_purpleEX"],"picked":"WatchEChange_purple+1","floor":28.0},{"not_picked":["WingOfChimera_purple","RuleDissolution_purple"],"picked":"Theboundaryofcreation_purpleEX","floor":30.0},{"not_picked":["WangLiang_OokamiKakushi_purple","Theboundaryofcreation_purpleEX"],"picked":"LoveAcrossDimensions_purple","floor":31.0},{"not_picked":["Anti_communist_purple","Line_surface_state_purple+1","ExistenceContinue_purple+1"],"picked":"SKIP","floor":31.0},{"not_picked":["LoveAcrossDimensions_purple","Monsters_DoubleDeathButterfly_purple"],"picked":"D_absorption_purple","floor":33.0},{"not_picked":["SfantasyHide_purple","Umbrella_purple+1"],"picked":"Nest_LightFlightworm_purple+1","floor":35.0},{"not_picked":["Gensokyo:RainbowDanmaku","Gensokyo:HouraiInAPot"],"picked":"Gensokyo:Dawn","floor":37},{"not_picked":["Charmbait_purple","Line_surface_state_purple+1"],"picked":"CommonSense_AntiCommonSense_purple+1","floor":39},{"not_picked":["StretchesForeverDream_purple+1","OmniscientAndOmnipotent_Monster_purple+1"],"picked":"DarkRealmRedLine_purple+1","floor":40},{"not_picked":["WatchEChange_purple","DimensionStaggered_purple+1"],"picked":"MonsterNeedle_purple+1","floor":42},{"not_picked":["MonsterNeedle_purple","Whirlwind","Worldmountain_purple"],"picked":"SKIP","floor":44},{"not_picked":["BowlingBash+1","Human_Monster_Realm_purple"],"picked":"MNeedle_purple","floor":45},{"not_picked":["MeetDecomposer_purple","SfantasyHide_purple+1"],"picked":"StateDuplicate_purple+1","floor":48},{"not_picked":[],"picked":"Boundary_of_Extermination_purpleEX","floor":53},{"not_picked":[],"picked":"Secret Weapon","floor":53},{"not_picked":["SharpContractionReality_purple"],"picked":"SKIP","floor":53},{"not_picked":["ExistenceContinue_purple+1"],"picked":"SKIP","floor":53},{"not_picked":["MeetDecomposer_purple"],"picked":"SKIP","floor":53},{"not_picked":["Mirror_FormAndEmptin_purple"],"picked":"SKIP","floor":53},{"not_picked":["Discovery"],"picked":"SKIP","floor":53},{"not_picked":["Charmbait_purple+1","Shallow_ocean_purpleEX+1","Boundary_DynamicStaticEquilibrium_purple"],"picked":"SKIP","floor":54}],"player_experience":185792,"relics_obtained":[{"floor":6.0,"key":"Calipers"},{"floor":8.0,"key":"aspiration:ChemicalBlood"},{"floor":9.0,"key":"Art of War"},{"floor":15.0,"key":"Iron Hammer"},{"floor":26.0,"key":"Boot"},{"floor":28.0,"key":"Matryoshka"},{"floor":30.0,"key":"hubris:Zylophone"},{"floor":30.0,"key":"Girya"},{"floor":31.0,"key":"Shovel"},{"floor":40,"key":"Replay:Baseball"},{"floor":41,"key":"Bag of Preparation"},{"floor":43,"key":"aspiration:SeaSaltIceCream"},{"floor":43,"key":"Grinning Jar"},{"floor":48,"key":"AntiCross"},{"floor":52,"key":"Replay:WaspNest"},{"floor":53,"key":"hubris:Spice"},{"floor":53,"key":"aspiration:AnachronicSnailShell"},{"floor":53,"key":"Medical Kit"},{"floor":54,"key":"Centennial Puzzle"}],"event_choices":[],"is_beta":false,"boss_relics":[{"not_picked":["relicPack:ShieldShield","SacredBark"],"picked":"aspiration:RunicSpoon"},{"not_picked":["Hololive_TopUpMoneyS","hubris:GrandSneckoEye"],"picked":"ReplayTheSpireMod:DimensionalGlitch"}],"items_purged_floors":[],"is_endless":false,"potions_floor_spawned":[2,8,10,11,12,18,28,30,39,40,44,45],"ascension_level":0}}