{"host":"aqym1xxr3lb31d9m","time":1611406457,"event":{"mods":["BaseMod","Block Reminder","Colored Map","Colored Powertips","DeckTracker","Highlight Path","Minty Spire (QoL Compilation)","Quick Restart","Random Character Button","StSLib","SuperFastMode","UnlockEverythingMod"],"gold_per_floor":[118,118,129,129,207,237,237,237,237],"floor_reached":8,"language":"JPN","playtime":237,"items_purged":[],"score":108,"play_id":"b4c1385d-ba72-4d11-8edd-710ed1d83acc","local_time":"20210123215417","is_ascension_mode":true,"campfire_choices":[{"data":"Wild Strike","floor":7,"key":"SMITH"}],"circlet_count":0,"master_deck":["AscendersBane","Strike_R","Strike_R","Strike_R","Strike_R","Strike_R","Defend_R","Defend_R","Defend_R","Defend_R","Bash","Parasite","Offering","Battle Trance","Cleave","Wild Strike+1"],"relics":["Burning Blood","Orichalcum","Blue Candle","Boot"],"acts_visited":["Exordium"],"potions_floor_usage":[6,8],"damage_taken":[{"damage":18,"enemies":"Jaw Worm","floor":1,"turns":2},{"damage":7,"enemies":"Cultist","floor":3,"turns":3},{"damage":12,"enemies":"Gremlin Nob","floor":6,"turns":3},{"damage":52,"enemies":"Lagavulin","floor":8,"turns":6}],"seed_played":"1804980281314234783","potions_obtained":[{"floor":2,"key":"EssenceOfSteel"},{"floor":2,"key":"SneckoOil"},{"floor":3,"key":"SteroidPotion"},{"floor":6,"key":"Dexterity Potion"}],"is_trial":false,"path_per_floor":["M","?","M","?","T","E","R","E"],"character_chosen":"IRONCLAD","items_purchased":[],"campfire_rested":0,"item_purchase_floors":[],"current_hp_per_floor":[56,56,55,50,50,44,44,0,0],"gold":237,"neow_bonus":"THREE_RARE_CARDS","is_daily":false,"chose_seed":false,"campfire_upgraded":1,"win_rate":0.0,"timestamp":1611406457,"path_taken":["M","?","?","?","?","E","R","E"],"items_purchased_type":[],"build_version":"2020-12-22","purchased_purges":0,"victory":false,"max_hp_per_floor":[75,75,75,75,75,75,75,75,75],"card_choices":[{"not_picked":["Impervious","Exhume"],"picked":"Offering","floor":0},{"not_picked":["Havoc","Power Through"],"picked":"Battle Trance","floor":1},{"not_picked":["Bloodletting","Headbutt"],"picked":"Cleave","floor":3},{"not_picked":["Twin Strike","Clothesline"],"picked":"Wild Strike","floor":6}],"player_experience":3989691,"relics_obtained":[{"floor":5,"key":"Blue Candle"},{"floor":6,"key":"Boot"}],"event_choices":[{"damage_healed":0,"gold_gain":0,"player_choice":"Got Potions","damage_taken":0,"max_hp_gain":0,"max_hp_loss":0,"event_name":"Lab","floor":2,"gold_loss":0},{"damage_healed":0,"gold_gain":0,"player_choice":"Success","damage_taken":5,"relics_obtained":["Orichalcum"],"max_hp_gain":0,"max_hp_loss":0,"event_name":"Scrap Ooze","floor":4,"gold_loss":0}],"is_beta":false,"boss_relics":[],"items_purged_floors":[],"is_endless":false,"potions_floor_spawned":[3,6],"killed_by":"Lagavulin","ascension_level":20}}