{"host":"wutzay93uet9pf9y","time":1611360726,"event":{"mods":["BaseMod","Colored Map","Downfall","Minty Spire (QoL Compilation)","StSLib"],"gold_per_floor":[199,213,228,84,99,99,125,137,149,181,212,674,194,194,212,308,308,208,220,234,246,256,356,356,386,400,400,413,413,48,67,85,85,85,85],"floor_reached":33,"language":"ENG","playtime":1616,"items_purged":["downfall:Icky"],"score":313,"play_id":"d4cb19b5-fe52-4aa3-8de1-4fba523f4392","local_time":"20210122191206","is_ascension_mode":false,"campfire_choices":[{"floor":1.0,"key":"RECALL"},{"data":"champ:SteelEdge","floor":6.0,"key":"SMITH"},{"data":"champ:FlashCut","floor":9.0,"key":"SMITH"},{"data":"champ:SteelEdge","floor":18.0,"key":"SMITH"}],"circlet_count":0,"master_deck":["champ:Strike","champ:Strike","champ:Strike","champ:Strike","champ:Defend","champ:Defend","champ:Defend","champ:Defend","champ:Execute","champ:Taunt","champ:BringItOn","champ:EnGarde","champ:PreciseThrust","champ:SteelEdge+1","champ:Haymaker","champ:FlashCut+1","champ:Duel","champ:SteelEdge+1","downfall:Icky","downfall:Icky","champ:FanOfKnives","champ:HoldFirm","champ:FlashCut","champ:VampiricStrike","champ:CrookedStrike+1","champ:IronFortress+1","champ:StanceDance","champ:SetATrap","champ:FancyFootwork+1","champ:DefensiveStyle","champ:UltimateStance","champ:BerserkersShout","champ:ShieldWall","champ:Backstep","champ:AdrenalArmor","champ:FaceSlap"],"relics":["champ:ChampionCrown","MawBank","Bottled Lightning","bronze:MakeshiftBattery","downfall:HeartBlessingRed","Sundial","champ:BlackKnightHelmet","downfall:RedIOU","HandDrill"],"acts_visited":["Exordium","TheCity"],"potions_floor_usage":[31,31,31,31,31,31,32],"damage_taken":[{"damage":22.0,"enemies":"Jaw Worm","floor":2.0,"turns":4.0},{"damage":10.0,"enemies":"Cultist","floor":3.0,"turns":4.0},{"damage":10.0,"enemies":"downfall:FleeingMerchant","floor":4.0,"turns":4.0},{"damage":0.0,"enemies":"2 Louse","floor":5.0,"turns":2.0},{"damage":12.0,"enemies":"Large Slime","floor":10.0,"turns":6.0},{"damage":6.0,"enemies":"3 Louse","floor":11.0,"turns":4.0},{"damage":10.0,"enemies":"downfall:FleeingMerchant","floor":13.0,"turns":4.0},{"damage":0.0,"enemies":"Large Slime","floor":15.0,"turns":5.0},{"damage":38.0,"enemies":"IC_STATUS_ARCHETYPE","floor":16.0,"turns":8.0},{"damage":24.0,"enemies":"Spheric Guardian","floor":19.0,"turns":4.0},{"damage":0.0,"enemies":"Snake Plant","floor":20.0,"turns":3.0},{"damage":15.0,"enemies":"Centurion and Healer","floor":21.0,"turns":6.0},{"damage":1.0,"enemies":"Snecko","floor":22.0,"turns":3.0},{"damage":20.0,"enemies":"Snecko","floor":23.0,"turns":10.0},{"damage":36.0,"enemies":"Book of Stabbing","floor":25.0,"turns":8.0},{"damage":12.0,"enemies":"Snake Plant","floor":26.0,"turns":2.0},{"damage":1,"enemies":"3 Cultists","floor":28,"turns":5},{"damage":5,"enemies":"downfall:FleeingMerchant","floor":30,"turns":4},{"damage":0,"enemies":"Snecko","floor":31,"turns":3},{"damage":9,"enemies":"Cultist and Chosen","floor":32,"turns":7},{"damage":14,"enemies":"WA_ARCHETYPE_CALM","floor":33,"turns":5}],"seed_played":"-6382150372527043339","potions_obtained":[{"floor":3.0,"key":"Block Potion"},{"floor":8.0,"key":"SpeedPotion"},{"floor":8.0,"key":"sneckomod:MuddlingPotion"},{"floor":8.0,"key":"champ:CounterPotion"},{"floor":10.0,"key":"FearPotion"},{"floor":15.0,"key":"champ:OpenerPotion"},{"floor":16.0,"key":"Guardian:BlockOnCardUsePotion"},{"floor":20.0,"key":"Explosive Potion"},{"floor":23.0,"key":"GamblersBrew"},{"floor":28,"key":"Swift Potion"},{"floor":31,"key":"champ:TechniquePotion"},{"floor":32,"key":"Energy Potion"}],"is_trial":false,"path_per_floor":["R","M","M","$","M","R","T","?","R","M","M","?","$","?","M","B",null,"R","M","M","M","M","?","T","E","M","?","M","?","$","M","M","B"],"character_chosen":"THE_CHAMP","items_purchased":["champ:SteelEdge","champ:Haymaker","Bottled Lightning","champ:HoldFirm","EntropicBrew","Regen Potion","HandDrill","champ:Backstep"],"campfire_rested":0,"item_purchase_floors":[4,4,13,13,30,30,30,30],"current_hp_per_floor":[90,88,88,88,88,88,88,88,88,81,75,75,75,75,75,62,90,90,76,76,66,65,45,45,19,7,7,6,6,6,15,6,0,0,0],"gold":85,"neow_bonus":"HUNDRED_GOLD","is_daily":false,"chose_seed":false,"campfire_upgraded":3,"win_rate":0.0,"timestamp":1611360726,"path_taken":["R","M","M","$","M","R","T","?","R","?","M","?","$","?","M","BOSS","R","M","M","M","M","?","T","E","M","?","M","?","$","M","M","BOSS"],"items_purchased_type":["Card","Card","Relic","Card","Potion","Potion","Relic","Card"],"build_version":"2020-12-22","purchased_purges":1,"victory":false,"max_hp_per_floor":[90,90,90,90,90,90,90,90,90,90,90,90,90,90,90,90,90,90,90,90,90,90,90,90,90,90,90,90,90,90,90,90,90,90,90],"card_choices":[{"not_picked":["champ:FocusedBerserking","champ:PerfectedStrike"],"picked":"champ:BringItOn","floor":2.0},{"not_picked":["champ:BerserkerStyle","champ:BerserkersShout"],"picked":"champ:EnGarde","floor":3.0},{"not_picked":["champ:SwordSigil","champ:AdrenalArmor"],"picked":"champ:PreciseThrust","floor":4.0},{"not_picked":["champ:Shatter","champ:SetATrap"],"picked":"champ:FlashCut","floor":5.0},{"not_picked":["champ:Encircle","champ:Endure"],"picked":"champ:Duel","floor":10.0},{"not_picked":["champ:Haymaker","champ:BladeFlurry"],"picked":"champ:SteelEdge","floor":11.0},{"not_picked":["champ:PerfectedStrike","champ:Circumvent"],"picked":"champ:FanOfKnives","floor":13.0},{"not_picked":["champ:FancyFootwork","champ:Haymaker"],"picked":"champ:FlashCut","floor":15.0},{"not_picked":["champ:DancingMaster","champ:GladiatorForm"],"picked":"champ:VampiricStrike","floor":16.0},{"not_picked":["champ:Haymaker","champ:PreciseThrust"],"picked":"champ:CrookedStrike+1","floor":19.0},{"not_picked":["champ:GutPunch","champ:Haymaker"],"picked":"champ:IronFortress+1","floor":20.0},{"not_picked":["champ:Haymaker","champ:FocusedBerserking"],"picked":"champ:StanceDance","floor":21.0},{"not_picked":["champ:BringItOn","champ:CrookedStrike"],"picked":"champ:SetATrap","floor":22.0},{"not_picked":["champ:PreciseThrust+1","champ:RecklessLeap+1"],"picked":"champ:FancyFootwork+1","floor":23.0},{"not_picked":["champ:BladeFlurry","champ:BerserkersShout"],"picked":"champ:DefensiveStyle","floor":25.0},{"not_picked":["champ:Backstep","champ:Haymaker+1"],"picked":"champ:UltimateStance","floor":26.0},{"not_picked":["champ:BladeFlurry+1","champ:Haymaker"],"picked":"champ:BerserkersShout","floor":28},{"not_picked":["champ:Lariat","champ:EndlessRage+1"],"picked":"champ:ShieldWall","floor":30},{"not_picked":["champ:BringItOn","champ:Haymaker+1"],"picked":"champ:AdrenalArmor","floor":31},{"not_picked":["champ:Lariat","champ:Haymaker"],"picked":"champ:FaceSlap","floor":32}],"player_experience":331741,"relics_obtained":[{"floor":7.0,"key":"MawBank"},{"floor":23.0,"key":"Sundial"},{"floor":23.0,"key":"champ:BlackKnightHelmet"},{"floor":25.0,"key":"Juzu Bracelet"}],"event_choices":[{"damage_healed":0.0,"max_hp_gain":0.0,"max_hp_loss":0.0,"gold_gain":0.0,"event_name":"Lab","player_choice":"Got Potions","floor":8.0,"gold_loss":0.0,"damage_taken":0.0}],"is_beta":false,"boss_relics":[{"not_picked":["Runic Dome","Cursed Key"],"picked":"bronze:MakeshiftBattery"}],"items_purged_floors":[13],"is_endless":false,"potions_floor_spawned":[3,10,15,16,20,23,28,31,32],"killed_by":"WA_ARCHETYPE_CALM","ascension_level":0}}