{"host":"p11r1vg7ld7z2n97","time":1611384246,"event":{"mods":["BaseMod","Better Note","Colored Map","Downfall","Minty Spire (QoL Compilation)","Rare Cards Sparkle","StSLib","Waifu the Spire"],"gold_per_floor":[99,116,128,128,144,44,44,63,63,79,64,64,83,109,127,225,225,125,135,148,160,178,178,205,105,105,105,15,15,15,15,25,125,125,125,125,152,152,168,218,218,247,247,263,277,277,277,277],"floor_reached":46,"language":"ENG","playtime":2607,"items_purged":["hexamod:Defend"],"score":625,"play_id":"14a4354a-e4c2-4811-b291-95a6950a5803","local_time":"20210122234406","is_ascension_mode":false,"campfire_choices":[{"floor":1,"key":"RECALL"},{"data":"hexamod:UnlimitedPower","floor":6,"key":"SMITH"},{"data":"hexamod:Float","floor":12,"key":"SMITH"},{"data":"hexamod:ForkedFlame","floor":18,"key":"SMITH"},{"data":"hexamod:PowerFromBeyond","floor":23,"key":"SMITH"},{"data":"hexamod:ApocalypticArmor","floor":25,"key":"SMITH"},{"data":"hexamod:RadiantFlame","floor":27,"key":"SMITH"},{"data":"hexamod:FlamesFromBeyond","floor":30,"key":"SMITH"},{"data":"hexamod:ForkedFlame","floor":35,"key":"SMITH"},{"data":"hexamod:Firestarter","floor":38,"key":"SMITH"},{"data":"hexamod:Hexaguard","floor":41,"key":"SMITH"},{"data":"Guardian:PiercingHide","floor":43,"key":"SMITH"}],"circlet_count":0,"master_deck":["hexamod:Strike","hexamod:Strike","hexamod:Strike","hexamod:Defend","hexamod:Defend","hexamod:Defend","hexamod:Sear","hexamod:Float+1","hexamod:UnlimitedPower+1","hexamod:RadiantFlame+1","hexamod:BurningTouch+1","hexamod:PowerFromBeyond+1","hexamod:Hexaguard+1","hexamod:ApocalypticArmor+1","hexamod:Firestarter+1","hexamod:SpectersWail","hexamod:SpectersWail","hexamod:SpectersWail","hexamod:ForkedFlame+1","hexamod:FlamesFromBeyond+1","hexamod:ExtraCrispy+1","Guardian:PiercingHide+1","hexamod:AdvancingGuard+1","downfall:Bewildered","hexamod:ForkedFlame+1","hexamod:FastForward+1"],"relics":["hexamod:SpiritBrand","downfall:HeartBlessingRed","Vajra","Bag of Preparation","Coffee Dripper","downfall:HeartBlessingGreen","downfall:HeartBlessingBlue","sneckomod:BabySnecko","expansioncontent:StudyCardRelic","downfall:TeleportStone","Juzu Bracelet","Torii","Nunchaku"],"acts_visited":["Exordium","TheCity","TheBeyond"],"potions_floor_usage":[46,46,46],"damage_taken":[{"damage":1,"enemies":"2 Louse","floor":2,"turns":2},{"damage":0,"enemies":"Cultist","floor":3,"turns":4},{"damage":0,"enemies":"Small Slimes","floor":5,"turns":3},{"damage":6,"enemies":"Exordium Thugs","floor":8,"turns":4},{"damage":3,"enemies":"Gremlin Gang","floor":10,"turns":5},{"damage":0,"enemies":"downfall:FleeingMerchant","floor":11,"turns":4},{"damage":0,"enemies":"Blue Slaver","floor":13,"turns":3},{"damage":21,"enemies":"3 Sentries","floor":14,"turns":9},{"damage":14,"enemies":"3 Louse","floor":15,"turns":3},{"damage":1,"enemies":"SI_SHIV_ARCHETYPE","floor":16,"turns":8},{"damage":0,"enemies":"3 Byrds","floor":19,"turns":2},{"damage":0,"enemies":"Chosen","floor":20,"turns":4},{"damage":3,"enemies":"Snake Plant","floor":21,"turns":3},{"damage":4,"enemies":"Chosen and Byrds","floor":22,"turns":3},{"damage":6,"enemies":"downfall:FleeingMerchant","floor":28,"turns":4},{"damage":5,"enemies":"Shelled Parasite and Fungi","floor":32,"turns":4},{"damage":36,"enemies":"DF_ARCHETYPE_CLAW","floor":33,"turns":8},{"damage":5,"enemies":"Orb Walker","floor":39,"turns":3},{"damage":33,"enemies":"Orb Walker","floor":40,"turns":4},{"damage":11,"enemies":"Reptomancer","floor":42,"turns":4},{"damage":19,"enemies":"3 Darklings","floor":44,"turns":3},{"damage":6,"enemies":"4 Shapes","floor":45,"turns":4},{"damage":11,"enemies":"IC_BLOCK_ARCHETYPE","floor":46,"turns":6}],"seed_played":"951564102559669757","potions_obtained":[{"floor":5,"key":"Explosive Potion"},{"floor":8,"key":"PowerPotion"},{"floor":13,"key":"sneckomod:MuddlingPotion"},{"floor":15,"key":"Strength Potion"},{"floor":20,"key":"bronze:BurnAndBuffPotion"},{"floor":32,"key":"hexamod:SoulburnPotion"}],"is_trial":false,"path_per_floor":["R","M","M","?","M","R","T","M","?","M","$","R","M","E","M","B",null,"R","M","M","M","M","R","T","R","?","R","$","?","R","?","M","B",null,"R","?","T","R","M","?","R","E","R","M","M","B"],"character_chosen":"THE_SPIRIT","items_purchased":[],"campfire_rested":0,"item_purchase_floors":[],"current_hp_per_floor":[70,69,69,69,69,69,69,63,63,60,60,60,60,39,25,24,70,70,70,70,67,63,63,63,73,73,73,67,67,67,67,62,26,80,80,80,80,80,75,42,42,31,31,12,6,0,0,0],"gold":277,"neow_bonus":"ONE_RANDOM_RARE_CARD","is_daily":false,"chose_seed":false,"campfire_upgraded":11,"win_rate":0.0,"timestamp":1611384246,"path_taken":["R","M","M","?","?","R","T","M","?","M","$","R","M","E","M","BOSS","R","M","M","M","M","R","T","R","?","R","$","?","R","?","M","BOSS","R","?","T","R","M","?","R","E","R","M","M","BOSS"],"items_purchased_type":[],"build_version":"2020-12-22","purchased_purges":1,"victory":false,"max_hp_per_floor":[70,70,70,70,70,70,70,70,70,70,70,70,70,70,70,70,70,70,70,70,70,70,70,70,80,80,80,80,80,80,80,80,80,80,80,80,80,80,80,80,80,80,80,80,80,80,80,80],"card_choices":[{"not_picked":["hexamod:SpectersWail","hexamod:Hexaguard"],"picked":"hexamod:RadiantFlame","floor":2},{"not_picked":["hexamod:Haunt","hexamod:NightmareStrike"],"picked":"hexamod:BurningTouch","floor":3},{"not_picked":["hexamod:FirstSeal","hexamod:Firestarter"],"picked":"hexamod:PowerFromBeyond","floor":5},{"not_picked":["hexamod:NightmareGuise","hexamod:FourthSeal"],"picked":"hexamod:Hexaguard","floor":8},{"not_picked":["hexamod:FirstSeal","hexamod:GhostOfSpirePast"],"picked":"hexamod:ApocalypticArmor","floor":10},{"not_picked":["hexamod:HeatMetal","hexamod:BacktrackSmack"],"picked":"hexamod:Firestarter","floor":11},{"not_picked":["hexamod:GhostOfSpirePast","hexamod:NightmareGuise"],"picked":"hexamod:SpectersWail","floor":13},{"not_picked":["hexamod:GhostflameBarrier","hexamod:EtherealExpedition"],"picked":"hexamod:SpectersWail","floor":14},{"not_picked":["hexamod:RainOfEmbers","hexamod:ThermalTransfer"],"picked":"hexamod:SpectersWail","floor":15},{"not_picked":["hexamod:SearingWound","hexamod:GhostflameInferno"],"picked":"hexamod:ForkedFlame","floor":16},{"not_picked":["hexamod:GhostShield","hexamod:Incineration+1"],"picked":"hexamod:FlamesFromBeyond","floor":19},{"not_picked":["hexamod:NightmareStrike+1","hexamod:PhantomFireball+1","hexamod:GhostLash"],"picked":"SKIP","floor":20},{"not_picked":["hexamod:SpectersWail+1","hexamod:Firestarter"],"picked":"hexamod:ExtraCrispy+1","floor":21},{"not_picked":["hexamod:NightmareGuise+1","hexamod:SpectersWail","hexamod:SuperheatedStrike+1"],"picked":"SKIP","floor":22},{"not_picked":["hexamod:GhostShield","hexamod:ParanormalForm"],"picked":"hexamod:AdvancingGuard+1","floor":28},{"not_picked":["hexamod:HeatShield+1","hexamod:NightmareStrike","hexamod:Again+1"],"picked":"SKIP","floor":32},{"not_picked":["hexamod:FifthSeal","hexamod:ApocalypticArmor"],"picked":"hexamod:ForkedFlame","floor":33},{"not_picked":["hexamod:ThermalTransfer+1","hexamod:GhostLash","hexamod:ShieldOfDarkness"],"picked":"SKIP","floor":39},{"not_picked":["hexamod:HeatCrush+1","hexamod:GhostOfSpireFuture+1"],"picked":"hexamod:FastForward+1","floor":42},{"not_picked":["hexamod:ShieldOfDarkness+1","hexamod:AdvancingGuard+1","hexamod:Again+1"],"picked":"SKIP","floor":44},{"not_picked":["hexamod:Incineration+1","hexamod:RadiantFlame+1","hexamod:Toasty"],"picked":"SKIP","floor":45}],"player_experience":654927,"relics_obtained":[{"floor":7,"key":"Vajra"},{"floor":14,"key":"Bag of Preparation"},{"floor":37,"key":"Juzu Bracelet"},{"floor":40,"key":"Torii"},{"floor":42,"key":"Nunchaku"}],"event_choices":[{"damage_healed":0,"gold_gain":0,"player_choice":"Forge","damage_taken":0,"max_hp_gain":0,"max_hp_loss":0,"event_name":"Accursed Blacksmith","floor":4,"gold_loss":0,"cards_upgraded":["hexamod:BurningTouch"]},{"cards_removed":["hexamod:SpectersWail"],"damage_healed":0,"gold_gain":0,"player_choice":"Take \u0026 Give","damage_taken":0,"max_hp_gain":0,"max_hp_loss":0,"event_name":"betterNote:BetterNote","floor":26,"gold_loss":0,"cards_obtained":["Guardian:PiercingHide"]}],"is_beta":false,"boss_relics":[{"not_picked":["SacredBark","Cursed Key"],"picked":"Coffee Dripper"},{"not_picked":["Pandora\u0027s Box","Snecko Eye"],"picked":"expansioncontent:StudyCardRelic"}],"items_purged_floors":[28],"is_endless":false,"potions_floor_spawned":[5,8,13,15,16,20,21,32,33,40,45],"killed_by":"IC_BLOCK_ARCHETYPE","ascension_level":0}}