{"host":"v3mpq6flurzldi5g","time":1611432413,"event":{"mods":["AchievementEnabler","BaseMod","Colored Powertips","Highlight Path","Minty Spire (QoL Compilation)","StSLib"],"gold_per_floor":[113,113,130,130,145,145,70,70,96,16,74,90,90,110,110,208,208,224,149,164,182,182,182,182],"floor_reached":23,"language":"ENG","playtime":839,"items_purged":["Strike_B"],"score":281,"play_id":"0277ec9b-4e1a-4c71-992e-fea6238f493e","local_time":"20210123150653","is_ascension_mode":true,"campfire_choices":[{"floor":6,"key":"REST"},{"floor":13,"key":"REST"},{"floor":15,"key":"REST"}],"circlet_count":0,"master_deck":["AscendersBane","Strike_B+1","Strike_B","Defend_B","Defend_B","Defend_B","Zap","Dualcast","Lockon","Reinforced Body+1","Lockon","Capacitor","Static Discharge","Defragment","Go for the Eyes+1","Rip and Tear+1","BootSequence","Buffer","Static Discharge","White Noise","Glacier"],"relics":["Cracked Core","Molten Egg 2","Art of War","Vajra","Cursed Key"],"acts_visited":["Exordium","TheCity"],"potions_floor_usage":[12,16],"damage_taken":[{"damage":7,"enemies":"2 Louse","floor":1,"turns":2},{"damage":13,"enemies":"Small Slimes","floor":3,"turns":3},{"damage":1,"enemies":"Jaw Worm","floor":5,"turns":4},{"damage":16,"enemies":"Lagavulin Event","floor":11,"turns":5},{"damage":0,"enemies":"3 Louse","floor":12,"turns":1},{"damage":0,"enemies":"Looter","floor":14,"turns":2},{"damage":38,"enemies":"Hexaghost","floor":16,"turns":8},{"damage":24,"enemies":"3 Byrds","floor":18,"turns":5},{"damage":0,"enemies":"Chosen","floor":20,"turns":5},{"damage":21,"enemies":"Shelled Parasite and Fungi","floor":21,"turns":4},{"damage":24,"enemies":"Book of Stabbing","floor":23,"turns":3}],"seed_played":"290866741324945250","potions_obtained":[{"floor":1,"key":"LiquidBronze"},{"floor":3,"key":"Explosive Potion"},{"floor":11,"key":"PowerPotion"}],"is_trial":false,"path_per_floor":["M","?","M","?","M","R","$","T","T","$","?","M","R","M","R","B",null,"M","$","M","M","?","E"],"character_chosen":"DEFECT","items_purchased":["Static Discharge","Defragment"],"campfire_rested":3,"item_purchase_floors":[7,10],"current_hp_per_floor":[61,46,33,26,25,47,47,47,47,47,31,31,53,53,75,37,66,42,42,42,21,21,0,0],"gold":182,"neow_bonus":"THREE_CARDS","is_daily":false,"chose_seed":false,"campfire_upgraded":0,"win_rate":0.0,"timestamp":1611432413,"path_taken":["M","?","M","?","M","R","$","?","T","$","?","M","R","M","R","BOSS","M","$","M","M","?","E"],"items_purchased_type":["Card","Card"],"build_version":"2020-12-22","purchased_purges":1,"victory":false,"max_hp_per_floor":[75,75,75,75,75,75,75,75,75,75,75,75,75,75,75,75,75,75,75,75,75,75,75,75],"card_choices":[{"not_picked":["Force Field","Redo"],"picked":"Lockon","floor":0},{"not_picked":["Melter","Steam"],"picked":"Reinforced Body","floor":1},{"not_picked":["Coolheaded","Conserve Battery"],"picked":"Lockon","floor":3},{"not_picked":["Turbo","Streamline"],"picked":"Capacitor","floor":5},{"not_picked":["Rebound+1","Stack"],"picked":"Go for the Eyes+1","floor":11},{"not_picked":["Beam Cell+1","All For One+1"],"picked":"Rip and Tear+1","floor":12},{"not_picked":["Ball Lightning+1","Rebound+1"],"picked":"BootSequence","floor":14},{"not_picked":["All For One+1","Multi-Cast"],"picked":"Buffer","floor":16},{"not_picked":["Go for the Eyes+1","Gash+1"],"picked":"Static Discharge","floor":18},{"not_picked":["Genetic Algorithm+1","Aggregate"],"picked":"White Noise","floor":20},{"not_picked":["Steam","Loop"],"picked":"Glacier","floor":21}],"player_experience":1011225,"relics_obtained":[{"floor":8,"key":"Molten Egg 2"},{"floor":9,"key":"Art of War"},{"floor":11,"key":"Vajra"}],"event_choices":[{"damage_healed":0,"gold_gain":0,"player_choice":"Entered Light","damage_taken":15,"max_hp_gain":0,"max_hp_loss":0,"event_name":"Shining Light","floor":2,"gold_loss":0,"cards_upgraded":["Reinforced Body","Strike_B"]},{"cards_removed":["Strike_B"],"damage_healed":0,"gold_gain":0,"player_choice":"Card Removal","damage_taken":7,"max_hp_gain":0,"max_hp_loss":0,"event_name":"Golden Wing","floor":4,"gold_loss":0},{"damage_healed":0,"gold_gain":0,"player_choice":"Searched \u00271\u0027 times","damage_taken":0,"max_hp_gain":0,"max_hp_loss":0,"event_name":"Dead Adventurer","floor":11,"gold_loss":0},{"cards_removed":["Defend_B"],"damage_healed":0,"gold_gain":0,"player_choice":"Offered Basic","damage_taken":0,"max_hp_gain":0,"max_hp_loss":0,"event_name":"Bonfire Elementals","floor":22,"gold_loss":0}],"is_beta":false,"boss_relics":[{"not_picked":["SacredBark","Black Star"],"picked":"Cursed Key"}],"items_purged_floors":[19],"is_endless":false,"potions_floor_spawned":[1,3,11],"killed_by":"Book of Stabbing","ascension_level":11}}