{"host":"5fpb1gzflhq9886n","time":1611439910,"event":{"mods":["AchievementEnabler","BaseMod","Colored Map","Colored Powertips","Minty Spire (QoL Compilation)","Permanent Neow"],"gold_per_floor":[114,189,109,109,109,109,134,162,162,196,211,211,211,243,243,338,338,355,46,46,46,62,95,95,114,141,141,171,171,171,191,191,191,191],"floor_reached":33,"language":"ENG","playtime":1404,"items_purged":["Strike_G"],"score":441,"play_id":"55e4b895-c57f-4522-ba3a-b8fb61256a5f","local_time":"20210123171150","is_ascension_mode":true,"campfire_choices":[{"floor":6.0,"key":"REST"},{"data":"Noxious Fumes","floor":13.0,"key":"SMITH"},{"floor":15.0,"key":"REST"},{"floor":24.0,"key":"REST"},{"floor":30,"key":"REST"},{"floor":32,"key":"REST"}],"circlet_count":0,"master_deck":["Strike_G","Strike_G","Strike_G","Strike_G","Defend_G","Defend_G","Defend_G+1","Defend_G","Defend_G","Survivor","Neutralize","Backstab","Noxious Fumes+1","Grand Finale","Poisoned Stab","Flying Knee","Noxious Fumes","Corpse Explosion","Deadly Poison+1","Footwork","Writhe","RitualDagger","Backflip+1","Infinite Blades+1","Bane+1","Bouncing Flask","Ghostly","Ghostly","Ghostly","Ghostly","Ghostly","Concentrate"],"relics":["Ring of the Snake","NeowsBlessing","White Beast Statue","Tingsha","Bag of Marbles","Blue Candle","Ginger","PreservedInsect","Kunai","HoveringKite","Lantern","War Paint","Dead Branch","Frozen Egg 2"],"acts_visited":["Exordium","TheCity"],"potions_floor_usage":[28,28,28,33,33],"damage_taken":[{"damage":0.0,"enemies":"Small Slimes","floor":1.0,"turns":1.0},{"damage":0.0,"enemies":"Lagavulin","floor":8.0,"turns":1.0},{"damage":0.0,"enemies":"Gremlin Nob","floor":10.0,"turns":1.0},{"damage":0.0,"enemies":"Jaw Worm","floor":11.0,"turns":2.0},{"damage":12.0,"enemies":"3 Sentries","floor":14.0,"turns":6.0},{"damage":30.0,"enemies":"The Guardian","floor":16.0,"turns":8.0},{"damage":19.0,"enemies":"Spheric Guardian","floor":18.0,"turns":5.0},{"damage":8.0,"enemies":"Chosen","floor":22.0,"turns":4.0},{"damage":36.0,"enemies":"Book of Stabbing","floor":23.0,"turns":4.0},{"damage":0.0,"enemies":"3 Cultists","floor":25.0,"turns":2.0},{"damage":10,"enemies":"Slavers","floor":28,"turns":3},{"damage":14,"enemies":"Centurion and Healer","floor":31,"turns":4},{"damage":41,"enemies":"Automaton","floor":33,"turns":6}],"seed_played":"-7292063915154864514","potions_obtained":[{"floor":8.0,"key":"Weak Potion"},{"floor":10.0,"key":"BlessingOfTheForge"},{"floor":11.0,"key":"SpeedPotion"},{"floor":14.0,"key":"Dexterity Potion"},{"floor":18.0,"key":"Energy Potion"},{"floor":25.0,"key":"Regen Potion"},{"floor":28,"key":"Regen Potion"},{"floor":31,"key":"Dexterity Potion"}],"is_trial":false,"path_per_floor":["M","?","$","?","?","R","T","E","T","E","M","?","R","E","R","B",null,"M","$","?","?","M","E","R","M","T","$","E","?","R","M","R","B"],"character_chosen":"THE_SILENT","items_purchased":["Noxious Fumes","Footwork","Lantern"],"campfire_rested":5,"item_purchase_floors":[3,19,19],"current_hp_per_floor":[70,59,59,59,34,55,55,55,55,55,55,48,48,36,57,27,70,51,51,51,45,37,1,22,22,22,22,24,24,34,20,30,0,0],"gold":191,"neow_bonus":"THREE_ENEMY_KILL","is_daily":false,"chose_seed":false,"campfire_upgraded":1,"win_rate":0.0,"timestamp":1611439910,"path_taken":["M","?","$","?","?","R","?","E","T","E","M","?","R","E","R","BOSS","M","$","?","?","M","E","R","?","T","$","E","?","R","M","R","BOSS"],"items_purchased_type":["Card","Card","Relic"],"build_version":"2020-12-22","purchased_purges":1,"victory":false,"max_hp_per_floor":[70,70,70,70,70,70,70,70,70,70,70,70,70,70,70,70,70,70,70,70,70,70,70,70,70,70,70,70,35,35,35,35,35,35],"card_choices":[{"not_picked":["Dagger Throw","Finisher"],"picked":"Backstab","floor":1.0},{"not_picked":["Acrobatics","Quick Slash"],"picked":"Grand Finale","floor":8.0},{"not_picked":["Endless Agony","Deflect"],"picked":"Poisoned Stab","floor":10.0},{"not_picked":["Quick Slash","Dagger Throw"],"picked":"Flying Knee","floor":11.0},{"not_picked":["Quick Slash","Accuracy"],"picked":"Noxious Fumes","floor":14.0},{"not_picked":["Tools of the Trade","Adrenaline"],"picked":"Corpse Explosion","floor":16.0},{"not_picked":["PiercingWail","Flying Knee"],"picked":"Deadly Poison","floor":18.0},{"not_picked":["Deflect+1","Grand Finale"],"picked":"Backflip+1","floor":22.0},{"not_picked":["Setup+1","Bane"],"picked":"Infinite Blades+1","floor":23.0},{"not_picked":["Dagger Throw","Flechettes+1"],"picked":"Bane+1","floor":25.0},{"not_picked":["Leg Sweep+1","Grand Finale"],"picked":"Bouncing Flask","floor":28},{"not_picked":["Heel Hook","Distraction"],"picked":"Concentrate","floor":31}],"player_experience":752150,"relics_obtained":[{"floor":7.0,"key":"Bag of Marbles"},{"floor":8.0,"key":"Blue Candle"},{"floor":9.0,"key":"Ginger"},{"floor":10.0,"key":"PreservedInsect"},{"floor":14.0,"key":"Kunai"},{"floor":23.0,"key":"Dead Branch"},{"floor":28,"key":"Frozen Egg 2"}],"event_choices":[{"damage_healed":0.0,"max_hp_gain":0.0,"max_hp_loss":0.0,"gold_gain":75.0,"event_name":"World of Goop","player_choice":"Gather Gold","floor":2.0,"gold_loss":0.0,"damage_taken":11.0},{"damage_healed":0.0,"max_hp_gain":0.0,"max_hp_loss":0.0,"gold_gain":0.0,"event_name":"Big Fish","player_choice":"Box","floor":4.0,"gold_loss":0.0,"damage_taken":0.0,"relics_obtained":["White Beast Statue"],"cards_obtained":["Regret"]},{"damage_healed":0.0,"max_hp_gain":0.0,"max_hp_loss":0.0,"gold_gain":0.0,"event_name":"Scrap Ooze","player_choice":"Success","floor":5.0,"gold_loss":0.0,"damage_taken":25.0,"relics_obtained":["Tingsha"]},{"cards_removed":["Regret"],"damage_healed":0.0,"max_hp_gain":0.0,"max_hp_loss":0.0,"gold_gain":0.0,"event_name":"Golden Wing","player_choice":"Card Removal","floor":12.0,"gold_loss":0.0,"damage_taken":7.0},{"damage_healed":0.0,"max_hp_gain":0.0,"max_hp_loss":0.0,"gold_gain":0.0,"event_name":"The Mausoleum","player_choice":"Opened","floor":20.0,"gold_loss":0.0,"damage_taken":0.0,"relics_obtained":["War Paint"],"cards_obtained":["Writhe"]},{"damage_healed":0.0,"max_hp_gain":0.0,"max_hp_loss":0.0,"gold_gain":0.0,"event_name":"Nest","player_choice":"Joined the Cult","floor":21.0,"gold_loss":0.0,"damage_taken":6.0,"cards_obtained":["RitualDagger"]},{"damage_healed":0,"gold_gain":0,"player_choice":"Became a Ghost","damage_taken":0,"max_hp_gain":0,"max_hp_loss":35,"event_name":"Ghosts","floor":29,"gold_loss":0,"cards_obtained":["Ghostly","Ghostly","Ghostly","Ghostly","Ghostly"]}],"is_beta":false,"boss_relics":[{"not_picked":["Empty Cage","Snecko Eye"],"picked":"HoveringKite"}],"items_purged_floors":[19],"is_endless":false,"potions_floor_spawned":[8,10,11,14,16,18,22,23,25,28,31],"killed_by":"Automaton","ascension_level":4}}