{"host":"uv5ws9rdk87e8i5k","time":1611419023,"event":{"mods":["AchievementEnabler","BaseMod","Colored Map","Minty Spire (QoL Compilation)","StSLib","SuperFastMode"],"gold_per_floor":[15,32,52,66,66,91,91,91,91,123,136,165,177,212,212,212,212],"floor_reached":16,"language":"ENG","playtime":369,"items_purged":[],"score":158,"play_id":"6376b1f1-99cb-4862-9d98-0442c2c5a004","local_time":"20210123102343","is_ascension_mode":true,"campfire_choices":[{"data":"Offering","floor":7.0,"key":"SMITH"},{"floor":15,"key":"REST"}],"circlet_count":0,"master_deck":["Strike_R","Strike_R","Strike_R","Strike_R","Defend_R","Defend_R","Defend_R","Defend_R","Bash","Anger","Havoc+1","Perfected Strike","Offering+1","Burning Pact","Wild Strike","Offering"],"relics":["Burning Blood","Champion Belt","Strawberry","Omamori","The Courier","Shuriken","Kunai"],"acts_visited":["Exordium"],"potions_floor_usage":[14],"damage_taken":[{"damage":4.0,"enemies":"2 Louse","floor":1.0,"turns":2.0},{"damage":2.0,"enemies":"Jaw Worm","floor":2.0,"turns":3.0},{"damage":0.0,"enemies":"Small Slimes","floor":3.0,"turns":3.0},{"damage":10.0,"enemies":"2 Fungi Beasts","floor":4.0,"turns":4.0},{"damage":12.0,"enemies":"Gremlin Nob","floor":6.0,"turns":3.0},{"damage":20.0,"enemies":"3 Sentries","floor":10.0,"turns":6.0},{"damage":6.0,"enemies":"Gremlin Gang","floor":11.0,"turns":3.0},{"damage":21.0,"enemies":"Gremlin Nob","floor":12.0,"turns":3.0},{"damage":10.0,"enemies":"Red Slaver","floor":13.0,"turns":2.0},{"damage":26,"enemies":"3 Sentries","floor":14,"turns":7},{"damage":0,"enemies":"Slime Boss","floor":16,"turns":1}],"seed_played":"-4794571304172570343","potions_obtained":[{"floor":6.0,"key":"BlessingOfTheForge"},{"floor":11.0,"key":"LiquidBronze"},{"floor":12.0,"key":"Swift Potion"},{"floor":14,"key":"Energy Potion"}],"is_trial":false,"path_per_floor":["M","M","M","M","?","E","R","?","T","E","M","E","M","E","R","B"],"character_chosen":"IRONCLAD","items_purchased":[],"campfire_rested":1,"item_purchase_floors":[],"current_hp_per_floor":[80,80,80,76,76,77,77,70,70,56,56,41,37,17,43,43,43],"gold":212,"neow_bonus":"ONE_RARE_RELIC","is_daily":false,"chose_seed":false,"campfire_upgraded":1,"win_rate":0.0,"timestamp":1611419023,"path_taken":["M","M","M","M","?","E","R","?","T","E","M","E","M","E","R","BOSS"],"items_purchased_type":[],"build_version":"2020-12-22","purchased_purges":0,"victory":false,"max_hp_per_floor":[80,80,80,80,80,87,87,87,87,87,87,87,87,87,87,87,87],"card_choices":[{"not_picked":["Iron Wave","Flex"],"picked":"Anger","floor":1.0},{"not_picked":["Seeing Red","Body Slam"],"picked":"Havoc","floor":2.0},{"not_picked":["Shockwave","Barricade","Clash"],"picked":"SKIP","floor":3.0},{"not_picked":["Twin Strike","Havoc"],"picked":"Perfected Strike","floor":4.0},{"not_picked":["Body Slam","Seeing Red"],"picked":"Offering","floor":6.0},{"not_picked":["Clothesline","Hemokinesis","Flame Barrier"],"picked":"SKIP","floor":10.0},{"not_picked":["Clothesline","Seeing Red"],"picked":"Burning Pact","floor":11.0},{"not_picked":["Iron Wave","Body Slam","Hemokinesis"],"picked":"SKIP","floor":12.0},{"not_picked":["Thunderclap","Fire Breathing"],"picked":"Wild Strike","floor":13.0},{"not_picked":["Thunderclap","Seeing Red"],"picked":"Offering","floor":14}],"player_experience":174661,"relics_obtained":[{"floor":6.0,"key":"Strawberry"},{"floor":9.0,"key":"Omamori"},{"floor":10.0,"key":"The Courier"},{"floor":12.0,"key":"Shuriken"},{"floor":14,"key":"Kunai"}],"event_choices":[{"damage_healed":0.0,"max_hp_gain":0.0,"max_hp_loss":0.0,"gold_gain":0.0,"event_name":"Living Wall","player_choice":"Grow","floor":5.0,"gold_loss":0.0,"damage_taken":0.0,"cards_upgraded":["Havoc"]},{"cards_removed":["Strike_R"],"damage_healed":0.0,"max_hp_gain":0.0,"max_hp_loss":0.0,"gold_gain":0.0,"event_name":"Golden Wing","player_choice":"Card Removal","floor":8.0,"gold_loss":0.0,"damage_taken":7.0}],"is_beta":false,"boss_relics":[],"items_purged_floors":[],"is_endless":false,"potions_floor_spawned":[6,11,12,14],"killed_by":"Slime Boss","ascension_level":4}}