{"host":"344lv32hnei0mdhu","time":1611395326,"event":{"mods":["Act Like it!","BaseMod","Better Match","Better Sensory Stone","Better Skull","Better Third Choice","Better Vampires","Colored Powertips","Highlight Path","Minty Spire (QoL Compilation)","Quick Restart","Random Character Button","Rare Cards Sparkle","StSLib"],"gold_per_floor":[111,124,124,124,141,166,166,193,193,193,193],"floor_reached":10,"language":"ENG","playtime":164,"items_purged":[],"score":114,"play_id":"a48cf2f7-5982-46c2-8e2d-e39d14e6a7d9","local_time":"20210123034846","is_ascension_mode":true,"campfire_choices":[{"floor":7,"key":"REST"}],"circlet_count":0,"master_deck":["AscendersBane","Strike_G","Strike_G+1","Strike_G","Strike_G","Strike_G","Defend_G","Defend_G","Defend_G","Defend_G","Defend_G","Survivor","Neutralize","Poisoned Stab+1","Poisoned Stab+1","Envenom","Poisoned Stab","Footwork"],"relics":["Ring of the Snake","NeowsBlessing","Gremlin Horn","Toy Ornithopter","Oddly Smooth Stone"],"acts_visited":["Exordium"],"potions_floor_usage":[8],"damage_taken":[{"damage":0,"enemies":"Small Slimes","floor":1,"turns":1},{"damage":0,"enemies":"Jaw Worm","floor":2,"turns":1},{"damage":0,"enemies":"Cultist","floor":5,"turns":1},{"damage":37,"enemies":"Gremlin Nob","floor":6,"turns":4},{"damage":32,"enemies":"Lagavulin","floor":8,"turns":6},{"damage":2,"enemies":"3 Sentries","floor":10,"turns":2}],"seed_played":"-5867540901769398426","potions_obtained":[{"floor":6,"key":"Weak Potion"}],"is_trial":false,"path_per_floor":["M","M","?","T","M","E","R","E","T","E"],"character_chosen":"THE_SILENT","items_purchased":[],"campfire_rested":1,"item_purchase_floors":[],"current_hp_per_floor":[63,63,49,49,49,12,33,6,6,4,4],"gold":193,"neow_bonus":"THREE_ENEMY_KILL","is_daily":false,"chose_seed":false,"campfire_upgraded":0,"win_rate":0.0,"timestamp":1611395326,"path_taken":["M","M","?","?","M","E","R","E","T","E"],"items_purchased_type":[],"build_version":"2020-12-22","purchased_purges":0,"victory":false,"max_hp_per_floor":[70,70,70,70,70,70,70,70,70,70,70],"card_choices":[{"not_picked":["Quick Slash","Bane"],"picked":"Poisoned Stab","floor":1},{"not_picked":["Quick Slash","Bane"],"picked":"Poisoned Stab","floor":1},{"not_picked":["Prepared","Backstab"],"picked":"Envenom","floor":2},{"not_picked":["Acrobatics","PiercingWail"],"picked":"Poisoned Stab","floor":5},{"not_picked":["Dash","PiercingWail"],"picked":"Footwork","floor":6},{"not_picked":["Dodge and Roll","Tools of the Trade","Flechettes"],"picked":"SKIP","floor":8}],"player_experience":373792,"relics_obtained":[{"floor":4,"key":"Gremlin Horn"},{"floor":6,"key":"Toy Ornithopter"},{"floor":8,"key":"Oddly Smooth Stone"}],"event_choices":[{"damage_healed":63,"gold_gain":0,"player_choice":"Upgrade","damage_taken":14,"max_hp_gain":0,"max_hp_loss":70,"event_name":"betterThird:BetterShining","floor":3,"gold_loss":0,"cards_upgraded":["Poisoned Stab","Strike_G"]}],"is_beta":false,"boss_relics":[],"items_purged_floors":[],"is_endless":false,"potions_floor_spawned":[6],"killed_by":"3 Sentries","ascension_level":10}}