{"host":"xervbyl8oukkrn1w","time":1611426345,"event":{"mods":["BaseMod","Downfall","Hubris","Infinite Spire","Mad Scientist","Minty Spire (QoL Compilation)","Quick Restart","READ ME - Guardian Mod","Replay The Spire","Shade Mod","StSLib","The Blackbeard","The Cursed","The Elementalist","The Jungle","The Necromancer","The Runesmith"],"gold_per_floor":[99,113,128,128,178,207,207,107,4,23,8,27,27,37,55,55,55],"floor_reached":16,"language":"ENG","playtime":1186,"items_purged":[],"score":102,"play_id":"7c7e6f01-2402-40e5-8f75-bfbd44fa676c","local_time":"20210123182545","is_ascension_mode":false,"campfire_choices":[{"floor":1,"key":"RECALL"},{"floor":8,"key":"REST"},{"floor":13,"key":"REST"}],"circlet_count":0,"master_deck":["Strike_W","Strike_W+1","Strike_W","Strike_W","Defend_W","Defend_W","Defend_W","Defend_W","Negative_Energy_Arrows","Bone_Wall","downfall:Haunted","Bone_Armor","Toxic_Smoke_Screen","Exploit","Cloudkill","Bones_to_Steel","Bone_Armory","Scare","Bone_Shift","Consume_Illness","Bone_Shift","Vampiric_Strike","Scare"],"relics":["Vampire_Amulet","Counterbalance","Mummified Hand","hubris:TinFlute","downfall:HeartBlessingRed"],"acts_visited":["Exordium"],"potions_floor_usage":[6,6,6,14],"damage_taken":[{"damage":3,"enemies":"Cultist","floor":2,"turns":5},{"damage":0,"enemies":"Small Slimes","floor":3,"turns":3},{"damage":28,"enemies":"Gremlin Nob","floor":6,"turns":7},{"damage":0,"enemies":"downfall:FleeingMerchant","floor":9,"turns":4},{"damage":0,"enemies":"2 Louse","floor":10,"turns":4},{"damage":0,"enemies":"downfall:FleeingMerchant","floor":11,"turns":4},{"damage":10,"enemies":"Red Slaver","floor":12,"turns":6},{"damage":22,"enemies":"Lots of Slimes","floor":14,"turns":3},{"damage":10,"enemies":"3 Louse","floor":15,"turns":4},{"damage":68,"enemies":"IC_STATUS_ARCHETYPE","floor":16,"turns":13}],"seed_played":"-9101758411629003475","potions_obtained":[{"floor":2,"key":"hexamod:SoulburnPotion"},{"floor":3,"key":"infinitespire:BlackPotion"},{"floor":5,"key":"Block Potion"},{"floor":5,"key":"infinitespire:BlackPotion"},{"floor":10,"key":"Regen Potion"},{"floor":14,"key":"SteroidPotion"}],"is_trial":false,"path_per_floor":["R","M","M","?","?","E","T","R","$","M","$","M","R","M","M","B"],"character_chosen":"NECROMANCER","items_purchased":["Bone_Armory","Scare"],"campfire_rested":2,"item_purchase_floors":[9,9],"current_hp_per_floor":[75,74,75,75,45,19,19,41,41,45,45,37,59,56,57,0,0],"gold":55,"neow_bonus":"ONE_RARE_RELIC","is_daily":false,"chose_seed":false,"campfire_upgraded":0,"win_rate":0.0,"timestamp":1611426345,"path_taken":["R","M","?","?","?","E","T","R","$","M","$","?","R","M","M","BOSS"],"items_purchased_type":["Card","Card"],"build_version":"2020-12-22","purchased_purges":0,"victory":false,"max_hp_per_floor":[75,75,75,75,75,75,75,75,75,75,75,75,75,75,75,75,75],"card_choices":[{"not_picked":["Stop_Heart","Bone_Spikes"],"picked":"Bone_Armor","floor":2},{"not_picked":["Bone_Bullets","Bone_Shift"],"picked":"Toxic_Smoke_Screen","floor":3},{"not_picked":["Consume_Illness","Blood_for_Blood"],"picked":"Exploit","floor":5},{"not_picked":["Negative_Energy_Burst","Thousand_Bone_Knives"],"picked":"Cloudkill","floor":6},{"not_picked":["Whirlwind_of_Bones","Negative_Energy_Mist"],"picked":"Bones_to_Steel","floor":9},{"not_picked":["Whirlwind_of_Bones","Shade_Step"],"picked":"Bone_Shift","floor":10},{"not_picked":["Thousand_Bone_Knives","Strike_from_Beyond"],"picked":"Consume_Illness","floor":11},{"not_picked":["Stop_Heart","Bone_Spikes"],"picked":"Bone_Shift","floor":12},{"not_picked":["Negative_Energy_Sphere","Blood_Whip"],"picked":"Vampiric_Strike","floor":14},{"not_picked":["Death_Coil","Stop_Heart"],"picked":"Scare","floor":15}],"player_experience":99767,"relics_obtained":[{"floor":6,"key":"Mummified Hand"},{"floor":7,"key":"hubris:TinFlute"}],"event_choices":[],"is_beta":false,"boss_relics":[],"items_purged_floors":[],"is_endless":false,"potions_floor_spawned":[2,3,10,14],"killed_by":"IC_STATUS_ARCHETYPE","ascension_level":0}}