{"host":"qy1e0kd24tpj3i2m","time":1611434804,"event":{"mods":["Act Like it!","Alarm Clock","BaseMod","Better Skull","Better Vampires","Colored Map","Colored Powertips","Custom Start","Faster Ascension Climbing","Friendly Minions","GifTheSpireLib","Gremlin Skip","Highlight Path","Minty Spire (QoL Compilation)","Permanent Neow","Poor People Problems","Quick Restart","Red Circlet Mod","Relic Sorter","Reorder Act Four","SacredBarkPlus","Shop Mod","StSLib","SuperFastMode","Transform Curses","没有小屋子和绿帽子啦"],"gold_per_floor":[118,43,43,63,63,89,89,6,31,31,48,48,48,61,61,140,140,117,117,132,132,149,149,149,149,197,197,209,225,225,243,243,315,315,335,335,2,2,19,54,54,85,155,155,155],"floor_reached":44,"language":"ZHS","playtime":1768,"items_purged":["Defend_R","Strike_R"],"score":928,"play_id":"233f72f8-202a-4e3d-93c7-9e51c44955b1","local_time":"20210124054644","is_ascension_mode":true,"campfire_choices":[{"data":"True Grit","floor":10.0,"key":"SMITH"},{"data":"Wild Strike","floor":12.0,"key":"SMITH"},{"data":"Feel No Pain","floor":15.0,"key":"SMITH"},{"data":"Fire Breathing","floor":23.0,"key":"SMITH"},{"floor":25.0,"key":"REST"},{"data":"Burning Pact","floor":27.0,"key":"SMITH"},{"data":"Seeing Red","floor":30.0,"key":"SMITH"},{"data":"Impervious","floor":32.0,"key":"SMITH"},{"data":"Double Tap","floor":41.0,"key":"SMITH"}],"circlet_count":0,"master_deck":["AscendersBane","Strike_R","Strike_R","Strike_R","Defend_R","Defend_R","Fire Breathing+1","True Grit+1","Feel No Pain+1","Wild Strike+1","Seeing Red+1","Impervious+1","Evolve+1","Flex+1","Burning Pact+1","Wild Strike+1","Metallicize+1","Shrug It Off","Wild Strike","Double Tap+1","Fire Breathing+1","Demon Form+1","Pommel Strike+1"],"relics":["Burning Blood","Pantograph","Pen Nib","Frozen Egg 2","Sozu","FaceOfCleric","Omamori","Juzu Bracelet","InkBottle","StrikeDummy","MerchantsRug","TheAbacus","Ice Cream","Darkstone Periapt"],"acts_visited":["Exordium","TheCity","TheBeyond"],"potions_floor_usage":[],"damage_taken":[{"damage":3.0,"enemies":"Cultist","floor":1.0,"turns":5.0},{"damage":0.0,"enemies":"2 Louse","floor":4.0,"turns":3.0},{"damage":40.0,"enemies":"Gremlin Nob","floor":6.0,"turns":6.0},{"damage":12.0,"enemies":"Jaw Worm","floor":11.0,"turns":6.0},{"damage":10.0,"enemies":"Large Slime","floor":14.0,"turns":8.0},{"damage":5.0,"enemies":"Slime Boss","floor":16.0,"turns":6.0},{"damage":13.0,"enemies":"2 Thieves","floor":18.0,"turns":4.0},{"damage":2.0,"enemies":"Shell Parasite","floor":20.0,"turns":7.0},{"damage":54.0,"enemies":"3 Cultists","floor":22.0,"turns":6.0},{"damage":20.0,"enemies":"Snake Plant","floor":28.0,"turns":5.0},{"damage":1.0,"enemies":"Snecko","floor":29.0,"turns":9.0},{"damage":0.0,"enemies":"3 Cultists","floor":31.0,"turns":5.0},{"damage":24.0,"enemies":"Champ","floor":33.0,"turns":12.0},{"damage":1.0,"enemies":"Orb Walker","floor":35.0,"turns":4.0},{"damage":2.0,"enemies":"3 Shapes","floor":39.0,"turns":4.0},{"damage":52.0,"enemies":"Nemesis","floor":40.0,"turns":7.0},{"damage":33,"enemies":"Giant Head","floor":42,"turns":7},{"damage":22,"enemies":"Maw","floor":44,"turns":2}],"seed_played":"-402679573119220349","potions_obtained":[{"floor":1.0,"key":"HeartOfIron"},{"floor":4.0,"key":"BloodPotion"},{"floor":6.0,"key":"LiquidMemories"},{"floor":11.0,"key":"Regen Potion"}],"is_trial":false,"path_per_floor":["M","$","$","M","?","E","?","$","T","R","M","R","?","M","R","B",null,"M","?","M","?","M","R","?","R","T","R","M","M","R","M","R","B",null,"M","?","$","?","M","E","R","E","T","M"],"character_chosen":"IRONCLAD","items_purchased":["Feel No Pain","MerchantsRug","TheAbacus"],"campfire_rested":1,"item_purchase_floors":[8,37,37],"current_hp_per_floor":[68,68,68,68,63,29,29,29,29,29,36,36,36,47,47,68,68,61,61,65,65,18,18,18,38,38,38,25,31,31,38,38,46,80,86,86,86,86,89,44,44,18,18,0,0],"gold":155,"neow_bonus":"REMOVE_TWO","is_daily":false,"chose_seed":false,"campfire_upgraded":8,"win_rate":0.0,"timestamp":1611434804,"path_taken":["M","?","$","M","?","E","?","$","T","R","M","R","?","M","R","BOSS","M","?","M","?","?","R","?","R","T","R","M","?","R","M","R","BOSS","M","?","?","?","M","E","R","E","T","M"],"items_purchased_type":["Card","Relic","Relic"],"build_version":"2020-12-22","purchased_purges":2,"victory":false,"max_hp_per_floor":[68,68,68,68,68,68,68,68,68,68,68,68,68,68,68,68,68,68,68,68,68,69,69,69,69,69,69,70,71,71,72,72,73,87,88,88,88,88,89,90,90,91,91,91,91],"card_choices":[{"not_picked":["Sword Boomerang","Anger"],"picked":"Ghostly Armor","floor":1.0},{"not_picked":["Battle Trance","Pommel Strike"],"picked":"Fire Breathing","floor":4.0},{"not_picked":["Sword Boomerang","Shockwave","Inflame"],"picked":"SKIP","floor":6.0},{"not_picked":["Warcry","Clash"],"picked":"Wild Strike","floor":11.0},{"not_picked":["Wild Strike","Bloodletting"],"picked":"Seeing Red","floor":14.0},{"not_picked":["Bludgeon","Offering"],"picked":"Impervious","floor":16.0},{"not_picked":["Fire Breathing+1","Warcry"],"picked":"Evolve+1","floor":18.0},{"not_picked":["Iron Wave","Headbutt"],"picked":"Flex+1","floor":20.0},{"not_picked":["Ghostly Armor","Carnage+1"],"picked":"Burning Pact","floor":22.0},{"not_picked":["Entrench","Perfected Strike"],"picked":"Metallicize+1","floor":25.0},{"not_picked":["Dual Wield","Havoc","Pummel"],"picked":"SKIP","floor":28.0},{"not_picked":["Flex","Heavy Blade"],"picked":"Shrug It Off","floor":29.0},{"not_picked":["Fiend Fire","Seeing Red"],"picked":"Wild Strike","floor":31.0},{"not_picked":["Fiend Fire","Brutality+1"],"picked":"Double Tap","floor":33.0},{"not_picked":["Evolve+1","Pommel Strike","Headbutt"],"picked":"SKIP","floor":35.0},{"not_picked":["Power Through","Wild Strike+1"],"picked":"Fire Breathing+1","floor":39.0},{"not_picked":["Limit Break","True Grit"],"picked":"Demon Form+1","floor":40.0},{"not_picked":["Perfected Strike+1","Clash+1"],"picked":"Pommel Strike+1","floor":42}],"player_experience":924975,"relics_obtained":[{"floor":6.0,"key":"Pantograph"},{"floor":9.0,"key":"Pen Nib"},{"floor":26.0,"key":"Omamori"},{"floor":34.0,"key":"Juzu Bracelet"},{"floor":34.0,"key":"InkBottle"},{"floor":34.0,"key":"Mango"},{"floor":40.0,"key":"Ice Cream"},{"floor":42,"key":"Darkstone Periapt"}],"event_choices":[{"damage_healed":0.0,"max_hp_gain":0.0,"max_hp_loss":0.0,"gold_gain":0.0,"event_name":"Scrap Ooze","player_choice":"Success","floor":5.0,"gold_loss":0.0,"damage_taken":5.0,"relics_obtained":["Dream Catcher"]},{"damage_healed":0.0,"max_hp_gain":0.0,"max_hp_loss":0.0,"gold_gain":0.0,"cards_transformed":["Strike_R"],"event_name":"Living Wall","player_choice":"Change","floor":7.0,"gold_loss":0.0,"damage_taken":0.0,"cards_obtained":["True Grit"]},{"damage_healed":0.0,"max_hp_gain":0.0,"max_hp_loss":0.0,"gold_gain":0.0,"event_name":"Dead Adventurer","player_choice":"Searched \u00271\u0027 times","floor":13.0,"gold_loss":0.0,"damage_taken":0.0,"relics_obtained":["Frozen Egg 2"]},{"damage_healed":0.0,"max_hp_gain":0.0,"max_hp_loss":0.0,"gold_gain":0.0,"event_name":"Cursed Tome","player_choice":"Ignored","floor":19.0,"gold_loss":0.0,"damage_taken":0.0},{"damage_healed":0.0,"max_hp_gain":0.0,"max_hp_loss":0.0,"gold_gain":0.0,"event_name":"FaceTrader","player_choice":"Trade","floor":21.0,"gold_loss":0.0,"damage_taken":0.0,"relics_obtained":["FaceOfCleric"]},{"damage_healed":0.0,"max_hp_gain":0.0,"max_hp_loss":0.0,"gold_gain":0.0,"event_name":"Duplicator","player_choice":"Copied","floor":24.0,"gold_loss":0.0,"damage_taken":0.0,"cards_obtained":["Wild Strike"]},{"cards_removed":["Ghostly Armor"],"damage_healed":0.0,"max_hp_gain":0.0,"max_hp_loss":0.0,"gold_gain":0.0,"event_name":"WeMeetAgain","player_choice":"Gave Card","floor":36.0,"gold_loss":0.0,"damage_taken":0.0,"relics_obtained":["StrikeDummy"]}],"is_beta":false,"boss_relics":[{"not_picked":["Black Star","Coffee Dripper"],"picked":"Sozu"},{"not_picked":["Snecko Eye","Philosopher\u0027s Stone"],"picked":"Calling Bell"}],"items_purged_floors":[2,37],"is_endless":false,"potions_floor_spawned":[1,4,6,11,18,20,28,40],"killed_by":"Maw","ascension_level":20}}