{"host":"684z1xpuwaoqmmh1","time":1611396614,"event":{"mods":["BaseMod","Downfall","Hermit","Jorbs\u0027s Wanderer Trilogy","Marisa????????","Minty Spire (QoL Compilation)","Robot Space Explorer","Shade Mod","StSLib","The Bug Knight","The Cursed","The Dragon Tamer","The Hayseed","The Hierophant","The Marked","The Mystic","The Runesmith","The Senshi"],"gold_per_floor":[99,109,119,119,119,152,178,202,232,104,4,22,32,64,75,174,174,74,88,141,241,253,278,304,52,87,87,1,26,26,43,56,152,152,52,72,122,134,134,180,180,192,224,237,237,253,253,280,299,299,299,326,30,30,30,30,30,30],"floor_reached":56,"language":"ENG","playtime":4153,"items_purged":["bronze:Strike","bronze:Defend"],"score":1054,"play_id":"77e34d3a-caef-4fc9-9b4c-08c00dda19b9","local_time":"20210123121014","is_ascension_mode":true,"campfire_choices":[{"data":"bronze:Goto","floor":1,"key":"SMITH"},{"floor":11,"key":"RECALL"},{"data":"bronze:TinkerersToolbox","floor":18,"key":"SMITH"},{"data":"bronze:FindAndReplace","floor":27,"key":"SMITH"},{"data":"bronze:Constructor","floor":30,"key":"SMITH"},{"data":"bronze:Replicate","floor":35,"key":"SMITH"},{"data":"expansioncontent:Chronoboost","floor":47,"key":"SMITH"},{"floor":54,"key":"REST"}],"circlet_count":0,"master_deck":["bronze:Strike","bronze:Strike+1","bronze:Defend","bronze:Defend","bronze:Defend","bronze:Replicate+1","bronze:Goto+1","bronze:DigitalCarnage","bronze:ChosenStrike","bronze:BronzeOrb+1","bronze:Constructor+1","bronze:FindAndReplace+1","bronze:ChildClass+1","bronze:InfiniteBeams+1","bronze:DelayedGuard","bronze:BronzeOrb","bronze:TinkerersToolbox+1","bronze:HyperBeam","bronze:Repulsor+1","bronze:ChildClass+1","bronze:Terminator+1","bronze:ClassDefault+1","bronze:Frontload+1","bronze:Repulsor+1","bronze:SpaghettiCode+1","bronze:GetLatest+1","bronze:Format+1","bronze:Terminator+1","bronze:ClassDefault+1","expansioncontent:Chronoboost+1","bronze:Separator","bronze:SpaghettiCode+1","bronze:Turbo+1","bronze:GetLatest+1"],"relics":["bronze:PlatinumCore","HollowMod:StagPassRelic","Whetstone","Akabeko","downfall:HeartBlessingBlue","Smiling Mask","SlaversCollar","downfall:HeartBlessingRed","Guardian:PocketSentry","White Beast Statue","Toxic Egg 2","Boot","Medical Kit","HollowMod:PaleOreRelic","hexamod:BolsterEngine","hexamod:CandleOfCauterizing","Darkstone Periapt","downfall:HeartBlessingGreen","TungstenRod","Mango","Strawberry","Shuriken","Ancient Tea Set","Bag of Preparation","Lizard Tail"],"acts_visited":["Exordium","TheCity","TheBeyond","TheEnding"],"potions_floor_usage":[9,16,16,16,16,21,23,25,26,33,43,50,55,55,56],"damage_taken":[{"damage":1,"enemies":"Jaw Worm","floor":2,"turns":2},{"damage":0,"enemies":"Cultist","floor":3,"turns":2},{"damage":14,"enemies":"Gremlin Nob","floor":6,"turns":3},{"damage":8,"enemies":"3 Sentries","floor":9,"turns":6},{"damage":0,"enemies":"downfall:FleeingMerchant","floor":10,"turns":4},{"damage":0,"enemies":"2 Louse","floor":12,"turns":2},{"damage":0,"enemies":"Red Slaver","floor":13,"turns":2},{"damage":0,"enemies":"Gremlin Nob","floor":14,"turns":2},{"damage":0,"enemies":"Blue Slaver","floor":15,"turns":2},{"damage":6,"enemies":"IC_STATUS_ARCHETYPE","floor":16,"turns":5},{"damage":0,"enemies":"3 Byrds","floor":19,"turns":4},{"damage":6,"enemies":"downfall:LadyInBlue","floor":21,"turns":8},{"damage":0,"enemies":"Shell Parasite","floor":22,"turns":2},{"damage":0,"enemies":"Book of Stabbing","floor":23,"turns":4},{"damage":0,"enemies":"downfall:FleeingMerchant","floor":25,"turns":4},{"damage":4,"enemies":"Slavers","floor":26,"turns":5},{"damage":0,"enemies":"downfall:FleeingMerchant","floor":28,"turns":3},{"damage":0,"enemies":"Gremlin Leader","floor":29,"turns":5},{"damage":0,"enemies":"Snake Plant","floor":31,"turns":3},{"damage":0,"enemies":"3 Cultists","floor":32,"turns":4},{"damage":5,"enemies":"SI_MIRROR_ARCHETYPE","floor":33,"turns":5},{"damage":0,"enemies":"3 Shapes","floor":36,"turns":3},{"damage":0,"enemies":"3 Shapes","floor":37,"turns":3},{"damage":0,"enemies":"3 Darklings","floor":38,"turns":3},{"damage":0,"enemies":"2 Orb Walkers","floor":40,"turns":3},{"damage":8,"enemies":"Jaw Worm Horde","floor":42,"turns":5},{"damage":0,"enemies":"Giant Head","floor":43,"turns":5},{"damage":0,"enemies":"Maw","floor":44,"turns":6},{"damage":0,"enemies":"3 Darklings","floor":46,"turns":6},{"damage":0,"enemies":"Reptomancer","floor":48,"turns":3},{"damage":0,"enemies":"Jaw Worm Horde","floor":49,"turns":3},{"damage":3,"enemies":"WA_ARCHETYPE_DIVINITY","floor":50,"turns":12},{"damage":70,"enemies":"downfall:CharBossMerchant","floor":52,"turns":7},{"damage":9,"enemies":"downfall:NeowBoss","floor":55,"turns":10},{"damage":160,"enemies":"downfall:NeowBossFinal","floor":56,"turns":8}],"seed_played":"-8840396455498881028","potions_obtained":[{"floor":2,"key":"BlessingOfTheForge"},{"floor":6,"key":"Strength Potion"},{"floor":9,"key":"EntropicBrew"},{"floor":12,"key":"Explosive Potion"},{"floor":13,"key":"hexamod:SoulburnPotion"},{"floor":19,"key":"Fruit Juice"},{"floor":21,"key":"DuplicationPotion"},{"floor":23,"key":"Fire Potion"},{"floor":25,"key":"BlessingOfTheForge"},{"floor":26,"key":"SpeedPotion"},{"floor":28,"key":"LiquidMemories"},{"floor":33,"key":"SpeedPotion"},{"floor":36,"key":"FearPotion"},{"floor":37,"key":"champ:CounterPotion"},{"floor":43,"key":"bronze:FreeFunctionsPotion"},{"floor":49,"key":"Dexterity Potion"},{"floor":52,"key":"Weak Potion"}],"is_trial":false,"path_per_floor":["R","M","M","?","?","E","T","T","E","$","R","M","M","E","M","B",null,"R","M","T","?","M","E","T","$","E","R","$","E","R","M","M","B",null,"R","M","?","M","?","?","T","M","E","M","$","M","R","E","M","B",null,"E","$","R","B","B"],"character_chosen":"THE_AUTOMATON","items_purchased":["bronze:InfiniteBeams","bronze:ClassDefault","Medical Kit","hexamod:BolsterEngine","hexamod:CandleOfCauterizing","Lizard Tail"],"campfire_rested":1,"item_purchase_floors":[10,25,25,28,28,53],"current_hp_per_floor":[70,69,69,69,74,60,60,60,52,52,62,62,62,62,62,56,85,85,85,85,84,84,84,84,84,80,80,80,80,80,80,80,75,90,90,90,90,90,90,104,111,103,103,103,103,103,103,103,103,100,111,41,41,74,65,0,0,0],"gold":30,"neow_bonus":"TRANSFORM_CARD","is_daily":false,"chose_seed":false,"campfire_upgraded":6,"win_rate":0.0,"timestamp":1611396614,"path_taken":["R","M","M","?","?","E","T","?","E","$","R","M","?","E","M","BOSS","R","M","?","?","?","E","T","$","E","R","$","E","R","M","M","BOSS","R","M","?","M","?","?","T","M","E","M","?","M","R","E","M","BOSS","E","$","R","BOSS","BOSS"],"items_purchased_type":["Card","Card","Relic","Relic","Relic","Relic"],"build_version":"2020-12-22","purchased_purges":2,"victory":false,"max_hp_per_floor":[70,70,70,70,75,75,75,75,75,75,85,85,85,85,85,85,85,85,85,85,90,90,90,90,90,90,90,90,90,90,90,90,90,90,90,90,90,90,90,104,111,111,111,111,111,111,111,111,111,111,111,111,111,111,111,111,111,111],"card_choices":[{"not_picked":["bronze:ForLoop","bronze:FineTuning"],"picked":"bronze:ChosenStrike","floor":2},{"not_picked":["bronze:DarkDash","bronze:Refactor"],"picked":"bronze:BronzeOrb","floor":3},{"not_picked":["bronze:OilSpill","bronze:FineTuning"],"picked":"bronze:Constructor","floor":6},{"not_picked":["bronze:FineTuning","bronze:DelayedGuard"],"picked":"bronze:FindAndReplace","floor":9},{"not_picked":["bronze:ForceShield","bronze:CutThrough"],"picked":"bronze:ChildClass","floor":10},{"not_picked":["bronze:BitShift","bronze:ItsAFeature"],"picked":"bronze:DelayedGuard","floor":12},{"not_picked":["bronze:Shield","bronze:BitShift"],"picked":"bronze:BronzeOrb","floor":13},{"not_picked":["bronze:Overload","bronze:FineTuning","bronze:BitShift"],"picked":"SKIP","floor":14},{"not_picked":["bronze:Fortify","bronze:Invalidate"],"picked":"bronze:TinkerersToolbox","floor":15},{"not_picked":["bronze:Assembly","bronze:ThunderWave"],"picked":"bronze:HyperBeam","floor":16},{"not_picked":["bronze:Turbo","bronze:FineTuning"],"picked":"bronze:Repulsor+1","floor":19},{"not_picked":["bronze:BitShift","bronze:BugBarrage+1","bronze:GetLatest"],"picked":"SKIP","floor":22},{"not_picked":["bronze:BronzeOrb","bronze:DelayedSlice"],"picked":"bronze:ChildClass+1","floor":23},{"not_picked":["bronze:Boost+1","bronze:NullPointer+1"],"picked":"bronze:Terminator+1","floor":25},{"not_picked":["bronze:DelayedSlice","bronze:BitShift+1"],"picked":"bronze:Frontload+1","floor":26},{"not_picked":["bronze:Refactor+1","bronze:BugBarrage"],"picked":"bronze:Repulsor","floor":28},{"not_picked":["bronze:Frontload+1","bronze:Fortify","bronze:DigitalCarnage"],"picked":"SKIP","floor":29},{"not_picked":["bronze:Deprecate+1","bronze:Frontload+1"],"picked":"bronze:SpaghettiCode+1","floor":31},{"not_picked":["bronze:Safeguard+1","bronze:Fortify+1"],"picked":"bronze:GetLatest+1","floor":32},{"not_picked":["bronze:HyperBeam","bronze:TinkerersToolbox+1"],"picked":"bronze:Format+1","floor":33},{"not_picked":["bronze:DelayedGuard+1","bronze:Repulsor+1"],"picked":"bronze:Terminator+1","floor":36},{"not_picked":["bronze:Flail","bronze:NullPointer+1"],"picked":"bronze:ClassDefault+1","floor":38},{"not_picked":["expansioncontent:AwakenDeath","expansioncontent:Hexaburn"],"picked":"expansioncontent:Chronoboost","floor":39},{"not_picked":["bronze:BitShift+1","bronze:MaxOutput","bronze:FineTuning+1"],"picked":"SKIP","floor":42},{"not_picked":["bronze:Hardcode","bronze:Iterate","bronze:FineTuning+1"],"picked":"SKIP","floor":43},{"not_picked":["bronze:Refactor+1","bronze:Deprecate+1","bronze:Branch"],"picked":"SKIP","floor":44},{"not_picked":["bronze:Constructor+1","bronze:Deprecate+1"],"picked":"bronze:Separator","floor":46},{"not_picked":["bronze:OilSpill","bronze:Branch+1"],"picked":"bronze:SpaghettiCode+1","floor":48},{"not_picked":["bronze:BuggyMess+1","bronze:Separator+1"],"picked":"bronze:Turbo+1","floor":49},{"not_picked":["bronze:Deprecate+1","bronze:Turbo+1"],"picked":"bronze:GetLatest+1","floor":52}],"player_experience":2916536,"relics_obtained":[{"floor":6,"key":"HollowMod:StagPassRelic"},{"floor":7,"key":"Whetstone"},{"floor":9,"key":"Akabeko"},{"floor":14,"key":"Smiling Mask"},{"floor":20,"key":"Guardian:PocketSentry"},{"floor":21,"key":"White Beast Statue"},{"floor":23,"key":"Toxic Egg 2"},{"floor":24,"key":"Boot"},{"floor":26,"key":"HollowMod:PaleOreRelic"},{"floor":29,"key":"Darkstone Periapt"},{"floor":37,"key":"TungstenRod"},{"floor":40,"key":"Mango"},{"floor":41,"key":"Strawberry"},{"floor":43,"key":"Shuriken"},{"floor":48,"key":"Ancient Tea Set"},{"floor":52,"key":"Bag of Preparation"}],"event_choices":[{"damage_healed":0,"gold_gain":0,"player_choice":"Donut","damage_taken":0,"max_hp_gain":5,"max_hp_loss":0,"event_name":"Big Fish","floor":5,"gold_loss":0},{"damage_healed":0,"gold_gain":0,"player_choice":"Fight","damage_taken":0,"max_hp_gain":0,"max_hp_loss":0,"event_name":"Mysterious Sphere","floor":40,"gold_loss":0}],"is_beta":false,"boss_relics":[{"not_picked":["bronze:MakeshiftBattery","Sozu"],"picked":"SlaversCollar"},{"not_picked":["Fusion Hammer","Coffee Dripper"],"picked":"bronze:PlatinumCore"}],"items_purged_floors":[10,25],"is_endless":false,"potions_floor_spawned":[2,6,9,12,13,19,21,22,23,25,26,28,29,31,32,33,36,37,38,40,42,43,44,46,48,49,52],"killed_by":"downfall:NeowBossFinal","ascension_level":1}}