{"host":"qhhcmep1unj6mpf7","time":1611383261,"event":{"mods":["2.2 Compatiblity","AchievementEnabler","BaseMod","Colored Map","DeckTracker","Highlight Path","Keyboard Shortcuts","Minty Spire (QoL Compilation)","Permanent Neow","Quick Restart","Random Character Button","StSLib","SuperFastMode","everything is the same but u backflip on backflip"],"gold_per_floor":[116,132,149,149,160,160,170,170,197,5,24,34,46,72,72,167,167,181,10,23,23,122,122,142,142,142,188,221,221,233,246,246,343,343,355,1354,1374,853,866,877,908,509,509,523,535,24,24,24,24,24,24,24,24,51,51,51],"floor_reached":55,"language":"KOR","playtime":3263,"items_purged":["Strike_B","Strike_B","Strike_B","Defend_B"],"score":698,"play_id":"94dd3a81-40d5-4830-be3a-0c3907731c8b","local_time":"20210123152741","is_ascension_mode":false,"campfire_choices":[{"data":"Capacitor","floor":6.0,"key":"SMITH"},{"floor":8.0,"key":"RECALL"},{"data":"Defragment","floor":15.0,"key":"SMITH"},{"data":"Chaos","floor":23.0,"key":"SMITH"},{"data":"Capacitor","floor":32.0,"key":"SMITH"},{"data":"Creative AI","floor":47,"key":"SMITH"},{"data":"Coolheaded","floor":49,"key":"SMITH"},{"data":"Seek","floor":52,"key":"SMITH"}],"circlet_count":0,"master_deck":["Defend_B+1","Zap","Dualcast","Self Repair","Capacitor+1","Glacier+1","Defragment+1","Undo","Chaos+1","Coolheaded+1","Seek+1","Coolheaded+1","Capacitor+1","Hologram+1","Blizzard+1","Creative AI+1","Blizzard+1","Seek+1","Master of Strategy+1","Deep Breath+1"],"relics":["Cracked Core","Torii","Omamori","Tiny Chest","Snecko Eye","Blue Candle","Meat on the Bone","MealTicket","War Paint","Empty Cage","DollysMirror","InkBottle","Centennial Puzzle","Sundial","OrangePellets","Toxic Egg 2","Membership Card","Unceasing Top","Orichalcum"],"acts_visited":["Exordium","TheCity","TheBeyond","TheEnding"],"potions_floor_usage":[45,50,50],"damage_taken":[{"damage":0.0,"enemies":"2 Louse","floor":1.0,"turns":1.0},{"damage":0.0,"enemies":"Cultist","floor":2.0,"turns":4.0},{"damage":2.0,"enemies":"Small Slimes","floor":3.0,"turns":4.0},{"damage":2.0,"enemies":"Looter","floor":5.0,"turns":3.0},{"damage":1.0,"enemies":"2 Fungi Beasts","floor":7.0,"turns":3.0},{"damage":7.0,"enemies":"Large Slime","floor":11.0,"turns":9.0},{"damage":13.0,"enemies":"3 Louse","floor":12.0,"turns":3.0},{"damage":0.0,"enemies":"2 Fungi Beasts","floor":13.0,"turns":7.0},{"damage":11.0,"enemies":"3 Sentries","floor":14.0,"turns":8.0},{"damage":22.0,"enemies":"The Guardian","floor":16.0,"turns":13.0},{"damage":0.0,"enemies":"Shell Parasite","floor":18.0,"turns":11.0},{"damage":8.0,"enemies":"3 Byrds","floor":20.0,"turns":8.0},{"damage":8.0,"enemies":"Shelled Parasite and Fungi","floor":24.0,"turns":10.0},{"damage":29.0,"enemies":"Slavers","floor":28.0,"turns":15.0},{"damage":1.0,"enemies":"Snake Plant","floor":30.0,"turns":6.0},{"damage":0.0,"enemies":"Cultist and Chosen","floor":31.0,"turns":6.0},{"damage":9.0,"enemies":"Champ","floor":33.0,"turns":12.0},{"damage":0.0,"enemies":"3 Shapes","floor":35.0,"turns":6.0},{"damage":14.0,"enemies":"Orb Walker","floor":37.0,"turns":6.0},{"damage":1.0,"enemies":"Spire Growth","floor":39.0,"turns":7.0},{"damage":20.0,"enemies":"3 Darklings","floor":40.0,"turns":7.0},{"damage":47.0,"enemies":"Nemesis","floor":41.0,"turns":9.0},{"damage":9,"enemies":"Sphere and 2 Shapes","floor":44,"turns":10},{"damage":18,"enemies":"4 Shapes","floor":45,"turns":3},{"damage":27,"enemies":"Time Eater","floor":50,"turns":13},{"damage":32,"enemies":"Shield and Spear","floor":54,"turns":6},{"damage":48,"enemies":"The Heart","floor":55,"turns":9}],"seed_played":"-6377886605563141584","potions_obtained":[{"floor":1.0,"key":"BlessingOfTheForge"},{"floor":5.0,"key":"FocusPotion"},{"floor":7.0,"key":"ColorlessPotion"},{"floor":16.0,"key":"Regen Potion"},{"floor":18.0,"key":"PowerPotion"},{"floor":28.0,"key":"Swift Potion"},{"floor":44,"key":"LiquidMemories"}],"is_trial":false,"path_per_floor":["M","M","M","?","M","R","M","R","T","$","M","M","M","E","R","B",null,"M","$","M","?","?","R","M","?","T","T","E","?","M","M","R","B",null,"M","?","M","$","M","M","E","$","T","M","M","$","R","?","R","B",null,"R","$","E","B"],"character_chosen":"DEFECT","items_purchased":["Glacier","Defragment","Capacitor","DollysMirror","InkBottle","Sundial","OrangePellets","Membership Card","Master of Strategy+1","Unceasing Top","Deep Breath+1"],"campfire_rested":0,"item_purchase_floors":[10,10,19,38,38,42,42,46,46,46,46],"current_hp_per_floor":[54,54,59,59,64,64,70,70,70,70,70,64,71,67,67,52,75,75,75,74,74,74,74,73,73,73,73,51,51,57,64,64,62,75,75,75,68,75,74,61,33,48,48,39,45,60,60,60,60,52,75,75,75,43,0,0],"gold":51,"neow_bonus":"ONE_RARE_RELIC","is_daily":false,"chose_seed":false,"campfire_upgraded":7,"win_rate":0.0,"timestamp":1611383261,"path_taken":["M","M","M","?","M","R","M","R","T","$","M","M","M","E","R","BOSS","M","$","M","?","?","R","M","?","T","?","E","?","M","M","R","BOSS","M","?","M","$","M","M","E","$","T","M","M","$","R","?","R","BOSS","R","$","E","BOSS"],"items_purchased_type":["Card","Card","Card","Relic","Relic","Relic","Relic","Relic","Card","Relic","Card"],"build_version":"2020-12-22","purchased_purges":4,"victory":false,"max_hp_per_floor":[75,75,75,75,75,75,75,75,75,75,75,75,75,75,75,75,75,75,75,75,75,75,75,75,75,75,75,75,75,75,75,75,75,75,75,75,75,75,75,75,75,75,75,75,75,75,75,75,75,75,75,75,75,75,75,75],"card_choices":[{"not_picked":["BootSequence","Heatsinks","Beam Cell"],"picked":"SKIP","floor":1.0},{"not_picked":["Conserve Battery","Doom and Gloom"],"picked":"Self Repair","floor":2.0},{"not_picked":["Defragment","White Noise"],"picked":"Capacitor","floor":3.0},{"not_picked":["Scrape","Rebound","Auto Shields"],"picked":"SKIP","floor":5.0},{"not_picked":["FTL","Steam","Turbo"],"picked":"SKIP","floor":7.0},{"not_picked":["Streamline","Tempest"],"picked":"Undo","floor":11.0},{"not_picked":["Chaos","Tempest","Doom and Gloom"],"picked":"SKIP","floor":12.0},{"not_picked":["Tempest","Doom and Gloom"],"picked":"Chaos","floor":12.0},{"not_picked":["Steam","Melter","Go for the Eyes"],"picked":"SKIP","floor":13.0},{"not_picked":["Redo","Hello World"],"picked":"Coolheaded","floor":14.0},{"not_picked":["Thunder Strike","Electrodynamics"],"picked":"Seek","floor":16.0},{"not_picked":["Ball Lightning","Steam"],"picked":"Coolheaded+1","floor":18.0},{"not_picked":["Gash","Loop"],"picked":"Hologram+1","floor":20.0},{"not_picked":["Hologram+1","Go for the Eyes","Capacitor"],"picked":"SKIP","floor":24.0},{"not_picked":["Darkness","Hello World"],"picked":"Blizzard+1","floor":28.0},{"not_picked":["Hologram","Buffer","Auto Shields"],"picked":"SKIP","floor":30.0},{"not_picked":["Sweeping Beam+1","Beam Cell","FTL+1"],"picked":"SKIP","floor":31.0},{"not_picked":["Amplify","All For One"],"picked":"Creative AI","floor":33.0},{"not_picked":["Gash+1","Rip and Tear+1","Turbo"],"picked":"SKIP","floor":35.0},{"not_picked":["Melter+1","Storm","Coolheaded+1"],"picked":"SKIP","floor":37.0},{"not_picked":["Coolheaded","Conserve Battery","Sunder"],"picked":"SKIP","floor":39.0},{"not_picked":["Leap+1","Gash+1","Redo+1"],"picked":"SKIP","floor":40.0},{"not_picked":["Leap","White Noise+1","Turbo+1"],"picked":"SKIP","floor":41.0},{"not_picked":["Compile Driver+1","Steam+1"],"picked":"Seek+1","floor":44},{"not_picked":["Redo+1","Reinforced Body+1","Aggregate+1"],"picked":"SKIP","floor":45},{"not_picked":["Turbo+1","Sweeping Beam+1","Go for the Eyes+1"],"picked":"SKIP","floor":54}],"player_experience":317364,"relics_obtained":[{"floor":14.0,"key":"Tiny Chest"},{"floor":26.0,"key":"Meat on the Bone"},{"floor":27.0,"key":"MealTicket"},{"floor":28.0,"key":"War Paint"},{"floor":41.0,"key":"Centennial Puzzle"},{"floor":43.0,"key":"Toxic Egg 2"},{"floor":54,"key":"Orichalcum"}],"event_choices":[{"damage_healed":0.0,"max_hp_gain":0.0,"max_hp_loss":0.0,"gold_gain":0.0,"event_name":"WeMeetAgain","player_choice":"Gave Potion","floor":4.0,"gold_loss":0.0,"damage_taken":0.0,"relics_obtained":["Omamori"]},{"cards_removed":["Strike_B"],"damage_healed":0.0,"max_hp_gain":0.0,"max_hp_loss":0.0,"gold_gain":0.0,"event_name":"Back to Basics","player_choice":"Elegance","floor":21.0,"gold_loss":0.0,"damage_taken":0.0},{"damage_healed":0.0,"max_hp_gain":0.0,"max_hp_loss":0.0,"gold_gain":99.0,"event_name":"Nest","player_choice":"Stole From Cult","floor":22.0,"gold_loss":0.0,"damage_taken":0.0},{"damage_healed":0.0,"max_hp_gain":0.0,"max_hp_loss":0.0,"gold_gain":0.0,"event_name":"The Mausoleum","player_choice":"Opened","floor":25.0,"gold_loss":0.0,"damage_taken":0.0,"relics_obtained":["Blue Candle"]},{"damage_healed":0.0,"max_hp_gain":0.0,"max_hp_loss":0.0,"gold_gain":0.0,"event_name":"Vampires","player_choice":"Ignored","floor":29.0,"gold_loss":0.0,"damage_taken":0.0},{"damage_healed":0.0,"max_hp_gain":0.0,"max_hp_loss":0.0,"gold_gain":999.0,"event_name":"MindBloom","player_choice":"Gold","floor":36.0,"gold_loss":0.0,"damage_taken":0.0,"cards_obtained":["Normality","Normality"]},{"damage_healed":0,"gold_gain":0,"player_choice":"Ignored","damage_taken":0,"max_hp_gain":0,"max_hp_loss":0,"event_name":"Tomb of Lord Red Mask","floor":48,"gold_loss":0}],"is_beta":false,"boss_relics":[{"not_picked":["Calling Bell","Pandora\u0027s Box"],"picked":"Snecko Eye"},{"not_picked":["Busted Crown","SacredBark"],"picked":"Empty Cage"}],"items_purged_floors":[10,19,38,46],"is_endless":false,"potions_floor_spawned":[1,5,7,16,18,28,39,44],"killed_by":"The Heart","ascension_level":0}}