{"host":"kvo7eymyd21g9abd","time":1611433953,"event":{"mods":["AchievementEnabler","BaseMod","Bestiary","Colored Map","Minty Spire (QoL Compilation)","StSLib"],"gold_per_floor":[116,116,129,146,165,165,190,190,214,230,230,256,256,281,281,377,377,395,415,433,532,544,544,578,578,601,601,601,626,653,653,653,653,653],"floor_reached":33,"language":"ENG","playtime":2069,"items_purged":[],"score":379,"play_id":"405fd495-5ede-47fe-a4df-3b67122f99da","local_time":"20210123153233","is_ascension_mode":true,"campfire_choices":[{"floor":6,"key":"RECALL"},{"floor":8,"key":"REST"},{"floor":11,"key":"REST"},{"floor":13,"key":"REST"},{"floor":15,"key":"REST"},{"floor":23,"key":"REST"},{"floor":25,"key":"REST"},{"floor":27,"key":"REST"},{"floor":32,"key":"REST"}],"circlet_count":0,"master_deck":["Strike_G","Strike_G","Strike_G","Strike_G","Defend_G","Defend_G","Defend_G","Defend_G","Defend_G","Survivor","Neutralize","Prepared","Malaise","Acrobatics","Crippling Poison","Deadly Poison","Venomology","Dodge and Roll","Distraction","Deadly Poison","Adrenaline","CurseOfTheBell","Catalyst","Deadly Poison","Prepared","Acrobatics","Acrobatics"],"relics":["HoveringKite","Oddly Smooth Stone","Regal Pillow","Lantern","Tiny Chest","Calling Bell","Vajra","InkBottle","Shovel","Calipers","Ancient Tea Set","Red Mask","Pear"],"acts_visited":["Exordium","TheCity"],"potions_floor_usage":[7,12,14,18,18,19,22,22,22,22,29,30,30,30,30,30,30,33,33],"damage_taken":[{"damage":4,"enemies":"Small Slimes","floor":1,"turns":5},{"damage":4,"enemies":"Cultist","floor":3,"turns":5},{"damage":2,"enemies":"Jaw Worm","floor":4,"turns":6},{"damage":12,"enemies":"2 Fungi Beasts","floor":5,"turns":5},{"damage":35,"enemies":"3 Sentries","floor":7,"turns":13},{"damage":10,"enemies":"3 Louse","floor":10,"turns":4},{"damage":57,"enemies":"Gremlin Nob","floor":12,"turns":7},{"damage":14,"enemies":"Lagavulin","floor":14,"turns":8},{"damage":19,"enemies":"The Guardian","floor":16,"turns":10},{"damage":16,"enemies":"Spheric Guardian","floor":18,"turns":7},{"damage":7,"enemies":"Shell Parasite","floor":19,"turns":6},{"damage":10,"enemies":"Snake Plant","floor":20,"turns":5},{"damage":29,"enemies":"3 Cultists","floor":22,"turns":5},{"damage":32,"enemies":"Book of Stabbing","floor":24,"turns":6},{"damage":53,"enemies":"Gremlin Leader","floor":29,"turns":10},{"damage":0,"enemies":"Masked Bandits","floor":30,"turns":3},{"damage":116,"enemies":"Collector","floor":33,"turns":6}],"seed_played":"-3290679934929697769","potions_obtained":[{"floor":1,"key":"FearPotion"},{"floor":4,"key":"SpeedPotion"},{"floor":5,"key":"Strength Potion"},{"floor":16,"key":"EntropicBrew"},{"floor":18,"key":"FearPotion"},{"floor":19,"key":"Explosive Potion"},{"floor":30,"key":"Strength Potion"}],"is_trial":false,"path_per_floor":["M","?","M","M","M","R","E","R","T","M","R","E","R","E","R","B",null,"M","M","M","?","M","R","E","R","T","R","?","E","?","T","R","B"],"character_chosen":"THE_SILENT","items_purchased":[],"campfire_rested":8,"item_purchase_floors":[],"current_hp_per_floor":[66,66,62,60,48,48,13,34,34,24,60,3,39,25,61,42,63,47,40,30,30,1,37,5,41,41,70,70,17,17,27,66,0,0],"gold":653,"neow_bonus":"BOSS_RELIC","is_daily":false,"chose_seed":false,"campfire_upgraded":0,"win_rate":0.0,"timestamp":1611433953,"path_taken":["M","?","?","M","?","R","E","R","T","M","R","E","R","E","R","BOSS","M","M","M","?","M","R","E","R","T","R","?","E","?","?","R","BOSS"],"items_purchased_type":[],"build_version":"2020-12-22","purchased_purges":0,"victory":false,"max_hp_per_floor":[70,70,70,70,70,70,70,70,70,70,70,70,70,70,70,70,70,70,70,70,70,70,70,70,70,70,70,70,70,70,80,80,80,80],"card_choices":[{"not_picked":["Concentrate","Setup"],"picked":"Prepared","floor":1},{"not_picked":["Dash","Quick Slash"],"picked":"Acrobatics","floor":3},{"not_picked":["Flying Knee","Noxious Fumes"],"picked":"Crippling Poison","floor":4},{"not_picked":["Acrobatics","Sucker Punch"],"picked":"Deadly Poison","floor":5},{"not_picked":["Quick Slash","Flying Knee"],"picked":"Venomology","floor":7},{"not_picked":["Outmaneuver","Expertise"],"picked":"Dodge and Roll","floor":10},{"not_picked":["Skewer","Cloak And Dagger"],"picked":"Distraction","floor":12},{"not_picked":["Cloak And Dagger","PiercingWail"],"picked":"Deadly Poison","floor":14},{"not_picked":["Night Terror","Glass Knife"],"picked":"Adrenaline","floor":16},{"not_picked":["Bane","Quick Slash"],"picked":"Catalyst","floor":18},{"not_picked":["Reflex","Bane"],"picked":"Deadly Poison","floor":19},{"not_picked":["Dagger Throw","Distraction","Cloak And Dagger+1"],"picked":"SKIP","floor":20},{"not_picked":["Quick Slash","Terror+1"],"picked":"Prepared","floor":22},{"not_picked":["Sucker Punch","Flechettes+1","Dagger Throw"],"picked":"SKIP","floor":24},{"not_picked":["Skewer","Unload"],"picked":"Acrobatics","floor":29},{"not_picked":["Caltrops+1","Poisoned Stab"],"picked":"Acrobatics","floor":30}],"player_experience":417896,"relics_obtained":[{"floor":7,"key":"Oddly Smooth Stone"},{"floor":9,"key":"Regal Pillow"},{"floor":12,"key":"Lantern"},{"floor":14,"key":"Tiny Chest"},{"floor":17,"key":"Vajra"},{"floor":17,"key":"InkBottle"},{"floor":17,"key":"Shovel"},{"floor":24,"key":"Calipers"},{"floor":29,"key":"Ancient Tea Set"},{"floor":30,"key":"Red Mask"},{"floor":31,"key":"Pear"}],"event_choices":[{"damage_healed":0,"gold_gain":0,"cards_transformed":["Strike_G"],"player_choice":"Transformed","damage_taken":0,"max_hp_gain":0,"max_hp_loss":0,"event_name":"Transmorgrifier","floor":2,"gold_loss":0,"cards_obtained":["Malaise"]},{"damage_healed":0,"gold_gain":99,"player_choice":"Stole From Cult","damage_taken":0,"max_hp_gain":0,"max_hp_loss":0,"event_name":"Nest","floor":21,"gold_loss":0},{"damage_healed":0,"gold_gain":0,"player_choice":"Ignored","damage_taken":0,"max_hp_gain":0,"max_hp_loss":0,"event_name":"Vampires","floor":28,"gold_loss":0},{"damage_healed":0,"gold_gain":0,"player_choice":"Fought Bandits","damage_taken":0,"max_hp_gain":0,"max_hp_loss":0,"event_name":"Masked Bandits","floor":30,"gold_loss":0}],"is_beta":false,"boss_relics":[{"not_picked":["Velvet Choker","Astrolabe"],"picked":"Calling Bell"}],"items_purged_floors":[],"is_endless":false,"potions_floor_spawned":[1,4,5,12,16,18,19,30],"killed_by":"Collector","ascension_level":5}}