{"host":"aukiz5jlacd3g5yc","time":1611366698,"event":{"mods":["2.2 Compatiblity","BaseMod","Bestiary","Colored Map","Colored Powertips","Downfall","GifTheSpireLib","Minty Spire (QoL Compilation)","Permanent Neow","Quick Restart","Random Character Button","Rare Cards Sparkle","Relic Sorter","Relic Stats","StSLib","everything is the same but u backflip on backflip","slay the spire mod where everything is the same but ironclad has a cowboy hat"],"gold_per_floor":[349,362,8,8,8,108,108,118,118,118,118],"floor_reached":9,"language":"ENG","playtime":441,"items_purged":["downfall:Bewildered"],"score":49,"play_id":"3930fe24-0565-4794-8874-f865f038ce72","local_time":"20210122195138","is_ascension_mode":false,"campfire_choices":[{"data":"bronze:Goto","floor":1,"key":"SMITH"}],"circlet_count":0,"master_deck":["bronze:Strike","bronze:Strike","bronze:Defend","bronze:Defend","bronze:Defend","bronze:Defend","bronze:Replicate","bronze:Goto+1","bronze:Philosophize","bronze:BuggyMess","expansioncontent:DashGenerateEvil+1","bronze:Repulsor","bronze:Boost","bronze:Frontload","bronze:WhirlingStrike"],"relics":["bronze:BronzeCore","Oddly Smooth Stone"],"acts_visited":["Exordium"],"potions_floor_usage":[6],"damage_taken":[{"damage":1,"enemies":"Jaw Worm","floor":2,"turns":4},{"damage":5,"enemies":"downfall:FleeingMerchant","floor":3,"turns":4},{"damage":58,"enemies":"downfall:Heads","floor":6,"turns":6},{"damage":0,"enemies":"2 Louse","floor":8,"turns":2},{"damage":6,"enemies":"Gremlin Nob","floor":9,"turns":3}],"seed_played":"-8281721909343269090","potions_obtained":[{"floor":2,"key":"GamblersBrew"},{"floor":6,"key":"LiquidBronze"}],"is_trial":false,"path_per_floor":["R","M","$","?","?","?","T","M","E"],"character_chosen":"THE_AUTOMATON","items_purchased":["expansioncontent:DashGenerateEvil","bronze:Repulsor"],"campfire_rested":0,"item_purchase_floors":[3,3],"current_hp_per_floor":[70,69,64,64,64,6,6,6,0,0,0],"gold":118,"neow_bonus":"TWO_FIFTY_GOLD","is_daily":false,"chose_seed":false,"campfire_upgraded":1,"win_rate":0.0,"timestamp":1611366698,"path_taken":["R","M","$","?","?","?","T","M","E"],"items_purchased_type":["Card","Card"],"build_version":"2020-12-22","purchased_purges":1,"victory":false,"max_hp_per_floor":[70,70,70,70,70,70,70,70,70,70,70],"relic_stats":{"counters":[5,19],"obtain_stats":[{"bronze:BronzeCore":0,"Oddly Smooth Stone":4},{"bronze:BronzeCore":0,"Oddly Smooth Stone":2},{"bronze:BronzeCore":0,"Oddly Smooth Stone":8}]},"card_choices":[{"not_picked":["bronze:FineTuning","bronze:Turbo"],"picked":"bronze:Philosophize","floor":2},{"not_picked":["bronze:WhirlingStrike","bronze:FollowUp"],"picked":"bronze:BuggyMess","floor":3},{"not_picked":["bronze:WildBeam","bronze:Turbo"],"picked":"bronze:Frontload","floor":6},{"not_picked":["bronze:Frontload","bronze:Shield"],"picked":"bronze:WhirlingStrike","floor":8}],"player_experience":350909,"relics_obtained":[],"event_choices":[{"damage_healed":0,"gold_gain":0,"player_choice":"Box","damage_taken":0,"relics_obtained":["Oddly Smooth Stone"],"max_hp_gain":0,"max_hp_loss":0,"event_name":"Big Fish","floor":4,"gold_loss":0,"cards_obtained":["Regret"]},{"cards_removed":["Regret"],"damage_healed":0,"gold_gain":0,"player_choice":"Card Removal","damage_taken":0,"max_hp_gain":0,"max_hp_loss":0,"event_name":"The Cleric","floor":5,"gold_loss":0}],"is_beta":false,"boss_relics":[],"items_purged_floors":[3],"is_endless":false,"potions_floor_spawned":[2,6],"killed_by":"Gremlin Nob","ascension_level":0}}