{"host":"qsusua7l529r8z9k","time":1611422988,"event":{"mods":["BaseMod","Good Game Mod","Minty Spire (QoL Compilation)","Spicy Shops","StSLib"],"gold_per_floor":[111,261,336,355,74,74,92,119,196,224,244,244,279,329,329,408,408,455,455,380,164,164,223,243,274,301,14,48,91,101,101,101,203,203,245,264,11,20,20,20,85,192,219,283,331,395,395,498,498,498,498],"floor_reached":52,"language":"ZHS","playtime":2147,"items_purged":["Doubt","Defend_P","Defend_P","Defend_P"],"score":2357,"play_id":"c8a57ccd-ea02-42a6-a954-cb99270245b0","local_time":"20210124012948","is_ascension_mode":true,"campfire_choices":[{"data":"Eruption","floor":6.0,"key":"SMITH"},{"data":"TalkToTheHand","floor":12.0,"key":"SMITH"},{"data":"Reaper","floor":15.0,"key":"SMITH"},{"data":"SignatureMove","floor":32,"key":"SMITH"},{"data":"Wallop","floor":40,"key":"SMITH"},{"floor":49,"key":"RECALL"}],"circlet_count":0,"master_deck":["AscendersBane","Eruption+1","Vigilance+1","Reaper+1","TalkToTheHand+1","BowlingBash+1","InnerPeace+1","Scrawl+1","Swivel+1","Vault+1","Wish+1","SignatureMove+1","Wallop+1","Protect+1","Vault+1"],"relics":["REME:ComplimentaryCards","Busted Crown","Membership Card","Juzu Bracelet","Whetstone","Toxic Egg 2","Sundial","Happy Flower","Astrolabe","Vajra","Pen Nib","PreservedInsect","Pocketwatch","Centennial Puzzle","ClockworkSouvenir","Pantograph","CeramicFish","Black Star","Strange Spoon","TheAbacus","Omamori","InkBottle","Strawberry","Ornamental Fan","Oddly Smooth Stone","Potion Belt","Regal Pillow"],"acts_visited":["Exordium","TheCity","TheBeyond"],"potions_floor_usage":[33,51,51,51],"damage_taken":[{"damage":2.0,"enemies":"Jaw Worm","floor":1.0,"turns":3.0},{"damage":8.0,"enemies":"2 Louse","floor":4.0,"turns":3.0},{"damage":0.0,"enemies":"Small Slimes","floor":7.0,"turns":2.0},{"damage":14.0,"enemies":"Lagavulin","floor":8.0,"turns":6.0},{"damage":2.0,"enemies":"3 Sentries","floor":10.0,"turns":3.0},{"damage":10.0,"enemies":"Red Slaver","floor":11.0,"turns":5.0},{"damage":0.0,"enemies":"Gremlin Nob","floor":13.0,"turns":2.0},{"damage":37.0,"enemies":"Slime Boss","floor":16.0,"turns":9.0},{"damage":11,"enemies":"2 Thieves","floor":18,"turns":5},{"damage":0,"enemies":"Gremlin Leader","floor":23,"turns":3},{"damage":0,"enemies":"Spheric Guardian","floor":24,"turns":2},{"damage":23,"enemies":"Slavers","floor":25,"turns":9},{"damage":1,"enemies":"Book of Stabbing","floor":28,"turns":3},{"damage":12,"enemies":"Centurion and Healer","floor":29,"turns":5},{"damage":5,"enemies":"Snake Plant","floor":30,"turns":2},{"damage":46,"enemies":"Champ","floor":33,"turns":8},{"damage":6,"enemies":"3 Darklings","floor":35,"turns":5},{"damage":11,"enemies":"3 Shapes","floor":36,"turns":3},{"damage":2,"enemies":"Giant Head","floor":41,"turns":5},{"damage":0,"enemies":"Maw","floor":42,"turns":7},{"damage":10,"enemies":"Nemesis","floor":44,"turns":7},{"damage":0,"enemies":"4 Shapes","floor":45,"turns":4},{"damage":0,"enemies":"Reptomancer","floor":46,"turns":4},{"damage":0,"enemies":"Transient","floor":48,"turns":10},{"damage":0,"enemies":"Awakened One","floor":50,"turns":9},{"damage":40,"enemies":"Time Eater","floor":51,"turns":11}],"seed_played":"8529247099934205650","potions_obtained":[{"floor":7.0,"key":"EntropicBrew"},{"floor":10.0,"key":"SteroidPotion"},{"floor":11.0,"key":"SteroidPotion"},{"floor":13.0,"key":"SteroidPotion"},{"floor":25,"key":"SneckoOil"},{"floor":33,"key":"StancePotion"},{"floor":45,"key":"PowerPotion"},{"floor":48,"key":"SteroidPotion"}],"is_trial":false,"path_per_floor":["M","?","?","M","$","R","M","E","T","E","M","R","E","?","R","B",null,"M","?","?","$","?","E","M","E","T","$","E","M","M","?","R","B",null,"M","M","$","?","?","R","E","M","T","E","M","E","?","M","R","B","B",null],"character_chosen":"WATCHER","items_purchased":["Membership Card","Juzu Bracelet","Vajra","Pen Nib","ClockworkSouvenir","Pantograph","Strange Spoon","TheAbacus","Protect+1"],"campfire_rested":0,"item_purchase_floors":[5,5,21,21,27,27,37,37,37],"current_hp_per_floor":[59,59,48,44,44,44,50,48,48,66,56,56,64,58,58,31,59,68,68,68,68,49,49,49,44,44,44,55,61,56,56,56,32,63,57,62,62,62,62,62,71,73,80,70,80,80,80,80,80,80,49],"gold":498,"neow_bonus":"BOSS_RELIC","is_daily":false,"chose_seed":false,"campfire_upgraded":5,"win_rate":0.0,"timestamp":1611422988,"path_taken":["M","?","?","M","$","R","M","E","T","E","M","R","E","?","R","BOSS","M","?","?","$","?","E","M","E","T","$","E","M","M","?","R","BOSS","M","M","$","?","?","R","E","M","T","E","M","E","?","M","R","BOSS","BOSS"],"items_purchased_type":["Relic","Relic","Relic","Relic","Relic","Relic","Relic","Relic","Card"],"build_version":"2020-12-22","purchased_purges":4,"victory":true,"max_hp_per_floor":[68,68,68,68,68,68,68,68,68,68,68,68,68,68,68,68,68,68,68,68,68,73,73,73,73,73,73,73,73,73,73,73,73,73,73,73,73,73,73,73,73,73,80,80,80,80,80,80,80,80,80],"card_choices":[{"not_picked":[],"picked":"TalkToTheHand","floor":1.0},{"not_picked":["Consecrate"],"picked":"SKIP","floor":4.0},{"not_picked":[],"picked":"BowlingBash","floor":7.0},{"not_picked":["Crescendo"],"picked":"SKIP","floor":8.0},{"not_picked":["CrushJoints"],"picked":"SKIP","floor":10.0},{"not_picked":["MentalFortress"],"picked":"SKIP","floor":11.0},{"not_picked":[],"picked":"InnerPeace+1","floor":13.0},{"not_picked":[],"picked":"Scrawl+1","floor":16.0},{"not_picked":["CrushJoints"],"picked":"SKIP","floor":18},{"not_picked":[],"picked":"Wallop","floor":23},{"not_picked":["JustLucky"],"picked":"SKIP","floor":24},{"not_picked":["Swivel+1"],"picked":"SKIP","floor":25},{"not_picked":["PathToVictory+1"],"picked":"SKIP","floor":28},{"not_picked":["BowlingBash"],"picked":"SKIP","floor":29},{"not_picked":["Protect+1"],"picked":"SKIP","floor":30},{"not_picked":["Protect+1"],"picked":"SKIP","floor":30},{"not_picked":["JustLucky"],"picked":"SKIP","floor":35},{"not_picked":["BowlingBash"],"picked":"SKIP","floor":36},{"not_picked":["Consecrate"],"picked":"SKIP","floor":41},{"not_picked":["EmptyBody+1"],"picked":"SKIP","floor":42},{"not_picked":["Protect+1"],"picked":"SKIP","floor":44},{"not_picked":["DeceiveReality+1"],"picked":"SKIP","floor":45},{"not_picked":["FollowUp"],"picked":"SKIP","floor":46},{"not_picked":["Meditate+1"],"picked":"SKIP","floor":48}],"player_experience":487818,"relics_obtained":[{"floor":8.0,"key":"Whetstone"},{"floor":9.0,"key":"Toxic Egg 2"},{"floor":10.0,"key":"Sundial"},{"floor":13.0,"key":"Happy Flower"},{"floor":23,"key":"PreservedInsect"},{"floor":25,"key":"Pocketwatch"},{"floor":26,"key":"Centennial Puzzle"},{"floor":28,"key":"CeramicFish"},{"floor":41,"key":"Omamori"},{"floor":41,"key":"InkBottle"},{"floor":43,"key":"Strawberry"},{"floor":44,"key":"Ornamental Fan"},{"floor":44,"key":"Oddly Smooth Stone"},{"floor":46,"key":"Potion Belt"},{"floor":46,"key":"Regal Pillow"}],"event_choices":[{"damage_healed":0.0,"max_hp_gain":0.0,"max_hp_loss":0.0,"gold_gain":150.0,"event_name":"Liars Game","player_choice":"AGREE","floor":2.0,"gold_loss":0.0,"damage_taken":0.0,"cards_obtained":["Doubt"]},{"damage_healed":0.0,"max_hp_gain":0.0,"max_hp_loss":0.0,"gold_gain":75.0,"event_name":"World of Goop","player_choice":"Gather Gold","floor":3.0,"gold_loss":0.0,"damage_taken":11.0},{"damage_healed":0.0,"max_hp_gain":0.0,"max_hp_loss":0.0,"gold_gain":50.0,"event_name":"FaceTrader","player_choice":"Touch","floor":14.0,"gold_loss":0.0,"damage_taken":6.0},{"damage_healed":0,"gold_gain":0,"player_choice":"Read","damage_taken":0,"max_hp_gain":0,"max_hp_loss":0,"event_name":"The Library","floor":19,"gold_loss":0,"cards_obtained":["SignatureMove"]},{"cards_removed":["Strike_P"],"damage_healed":0,"gold_gain":0,"player_choice":"Gave Gold","damage_taken":0,"max_hp_gain":0,"max_hp_loss":0,"event_name":"Beggar","floor":20,"gold_loss":75},{"damage_healed":0,"gold_gain":0,"player_choice":"Shed Blood","damage_taken":24,"max_hp_gain":5,"max_hp_loss":0,"event_name":"Forgotten Altar","floor":22,"gold_loss":0},{"damage_healed":0,"gold_gain":0,"player_choice":"Ignored","damage_taken":0,"max_hp_gain":0,"max_hp_loss":0,"event_name":"Ghosts","floor":31,"gold_loss":0},{"damage_healed":0,"gold_gain":0,"player_choice":"Copied","damage_taken":0,"max_hp_gain":0,"max_hp_loss":0,"event_name":"Duplicator","floor":38,"gold_loss":0,"cards_obtained":["Vault"]},{"cards_removed":["Defend_P"],"damage_healed":0,"gold_gain":0,"player_choice":"Offered Basic","damage_taken":0,"max_hp_gain":0,"max_hp_loss":0,"event_name":"Bonfire Elementals","floor":39,"gold_loss":0},{"damage_healed":0,"gold_gain":0,"player_choice":"Upgraded","damage_taken":0,"max_hp_gain":0,"max_hp_loss":0,"event_name":"Upgrade Shrine","floor":47,"gold_loss":0,"cards_upgraded":["Vigilance"]}],"is_beta":false,"boss_relics":[{"not_picked":["Pandora\u0027s Box","Empty Cage"],"picked":"Astrolabe"},{"not_picked":["Snecko Eye","SacredBark"],"picked":"Black Star"}],"items_purged_floors":[5,21,27,37],"is_endless":false,"potions_floor_spawned":[7,10,11,13,25,28,33,36,42,44,45,48],"ascension_level":20}}