{"host":"wghdsg8ym2wc7ov9","time":1611438509,"event":{"mods":["AchievementEnabler","Astrologer","BaseMod","Beaked The Cultist","Better Altar","Better Note","ChefMod","Colored Map","Evolution","Fox Events","Hermit","Highlight Path","Jorbs\u0027s Wanderer Trilogy","KinomotoSakuraMod(????)","Minty Spire (QoL Compilation)","Random Character Button","Relic Stats","SIMod","Shop Mod","StSLib","The Blackbeard","The Bladedancer","The Construct","The Cursed","The Death Knight","The Gatherer","The Hierophant","The Marked","The Mystic","The Necromancer","The Runesmith","The Senshi","The Servant 0.9.4"],"gold_per_floor":[119,21,33,44,55,55,70,70,124,138,138,166,180,206,206,301,301,321,321,340,357,357,357,357],"floor_reached":23,"language":"ENG","playtime":2347,"items_purged":[],"score":205,"play_id":"68a5a934-d027-47f7-b932-5a09d5852365","local_time":"20210123134829","is_ascension_mode":false,"campfire_choices":[{"data":"Summon_Lich","floor":6.0,"key":"SMITH"},{"floor":8.0,"key":"RECALL"},{"data":"Summon_Undead_Army","floor":11.0,"key":"SMITH"},{"floor":15.0,"key":"REST"}],"circlet_count":0,"master_deck":["Strike_W","Strike_W","Strike_W","Strike_W","Defend_W","Defend_W","Defend_W","Defend_W","Negative_Energy_Arrows","Bone_Wall","Pandemic","Summon_Lich+1","Bones_to_Steel","Finger_Of_Death","Siphon_Strength","Hellfire","Bone_Bullets","Summon_Undead_Army+1","Bone_Spikes","Spectral_Walk","Toxic_Smoke_Screen","Requiem","Siphon_Strength","hierophant:Determination","Death_March_Dance","Chill_Blood"],"relics":["Vampire_Amulet","EVO:Axolotl","Mango","Shuriken","Toy Ornithopter","Philosopher\u0027s Stone","Nilry\u0027s Codex"],"acts_visited":["Exordium","TheCity"],"potions_floor_usage":[23,23,23],"damage_taken":[{"damage":1.0,"enemies":"Cultist","floor":1.0,"turns":4.0},{"damage":11.0,"enemies":"Jaw Worm","floor":3.0,"turns":6.0},{"damage":0.0,"enemies":"Small Slimes","floor":4.0,"turns":3.0},{"damage":7.0,"enemies":"2 Fungi Beasts","floor":5.0,"turns":5.0},{"damage":6.0,"enemies":"3 Louse","floor":7.0,"turns":4.0},{"damage":6.0,"enemies":"Blue Slaver","floor":10.0,"turns":4.0},{"damage":14.0,"enemies":"Lagavulin","floor":12.0,"turns":5.0},{"damage":15.0,"enemies":"2 Fungi Beasts","floor":13.0,"turns":3.0},{"damage":32.0,"enemies":"Gremlin Nob","floor":14.0,"turns":5.0},{"damage":31.0,"enemies":"Slime Boss","floor":16.0,"turns":7.0},{"damage":2,"enemies":"Chosen","floor":18,"turns":4},{"damage":3,"enemies":"Shell Parasite","floor":20,"turns":5},{"damage":43,"enemies":"3 Cultists","floor":21,"turns":5},{"damage":54,"enemies":"Slavers","floor":23,"turns":3}],"seed_played":"-4452634923832259823","potions_obtained":[{"floor":5.0,"key":"Dexterity Potion"},{"floor":10.0,"key":"SpeedPotion"},{"floor":12.0,"key":"Strength Potion"},{"floor":16.0,"key":"Strength Potion"}],"is_trial":false,"path_per_floor":["M","$","M","M","M","R","M","R","T","M","R","E","M","E","R","B",null,"M","?","M","M","?","E"],"character_chosen":"NECROMANCER","items_purchased":["Summon_Lich","Bones_to_Steel"],"campfire_rested":1,"item_purchase_floors":[2,2],"current_hp_per_floor":[82,82,73,77,74,74,74,74,74,70,70,58,47,17,41,18,82,82,82,81,44,28,0,0],"gold":357,"neow_bonus":"ONE_RARE_RELIC","is_daily":false,"chose_seed":false,"campfire_upgraded":2,"win_rate":0.0,"timestamp":1611438509,"path_taken":["M","?","M","?","M","R","M","R","T","M","R","E","M","E","R","BOSS","M","?","M","M","?","E"],"items_purchased_type":["Card","Card"],"build_version":"2020-12-22","purchased_purges":0,"victory":false,"max_hp_per_floor":[82,82,82,82,82,82,82,82,82,82,82,82,82,82,82,82,82,82,82,82,82,82,82,82],"relic_stats":{"counters":[14,63],"Shuriken":[0],"obtain_stats":[{"Shuriken":12,"Nilry\u0027s Codex":22,"Mango":0,"Philosopher\u0027s Stone":17,"Vampire_Amulet":0,"EVO:Axolotl":0,"Toy Ornithopter":14},{"Shuriken":7,"Nilry\u0027s Codex":13,"Mango":0,"Philosopher\u0027s Stone":10,"Vampire_Amulet":0,"EVO:Axolotl":0,"Toy Ornithopter":9},{"Shuriken":31,"Nilry\u0027s Codex":60,"Mango":0,"Philosopher\u0027s Stone":46,"Vampire_Amulet":0,"EVO:Axolotl":0,"Toy Ornithopter":39}],"Toy Ornithopter":10},"card_choices":[{"not_picked":["Bone_Bullets","Blood_for_Blood"],"picked":"Pandemic","floor":1.0},{"not_picked":["Death_Knell","Negative_Energy_Javelin"],"picked":"Finger_Of_Death","floor":3.0},{"not_picked":["Negative_Energy_Javelin","Vampiric_Strike"],"picked":"Siphon_Strength","floor":4.0},{"not_picked":["Bone_Armor","Corrupt"],"picked":"Hellfire","floor":5.0},{"not_picked":["Thousand_Bone_Knives","Negative_Energy_Mist"],"picked":"Bone_Bullets","floor":7.0},{"not_picked":["Negative_Energy_Sphere","Blood_Is_Power"],"picked":"Summon_Undead_Army","floor":10.0},{"not_picked":["Violent_Necrosis","Bone_Bullets"],"picked":"Bone_Spikes","floor":12.0},{"not_picked":["Negative_Energy_Sphere","Shade_Step"],"picked":"Spectral_Walk","floor":13.0},{"not_picked":["Scare","Life_Drain"],"picked":"Toxic_Smoke_Screen","floor":14.0},{"not_picked":["Blood_Magic","Blood_Wake"],"picked":"Requiem","floor":16.0},{"not_picked":["Necromantic_Selection","Bone_Spikes"],"picked":"Siphon_Strength","floor":18},{"not_picked":["Blood_Curse","Pandemic+1"],"picked":"Death_March_Dance","floor":20},{"not_picked":["Blood_Whip","Death_Coil"],"picked":"Chill_Blood","floor":21}],"player_experience":733507,"relics_obtained":[{"floor":12.0,"key":"Shuriken"},{"floor":14.0,"key":"Toy Ornithopter"},{"floor":22,"key":"Nilry\u0027s Codex"}],"event_choices":[{"cards_removed":["Requiem"],"damage_healed":0,"gold_gain":0,"player_choice":"Take \u0026 Give","damage_taken":0,"max_hp_gain":0,"max_hp_loss":0,"event_name":"betterNote:BetterNote","floor":19,"gold_loss":0,"cards_obtained":["hierophant:Determination"]},{"damage_healed":0,"gold_gain":0,"player_choice":"Obtained Book","damage_taken":16,"max_hp_gain":0,"max_hp_loss":0,"event_name":"Cursed Tome","floor":22,"gold_loss":0}],"is_beta":false,"boss_relics":[{"not_picked":["Cursed Key","Astrolabe"],"picked":"Philosopher\u0027s Stone"}],"items_purged_floors":[],"is_endless":false,"potions_floor_spawned":[5,10,12,16,20,21],"killed_by":"Slavers","ascension_level":0}}