{"host":"2l3i55whvwk76mom","time":1611444193,"event":{"mods":["BaseMod","Googly Eyes","Hermit","Hubris","Minty Spire (QoL Compilation)","Replay The Spire","StSLib","The Cursed","The Disciple","The Hierophant","The Jungle","The Necromancer"],"gold_per_floor":[116,134,134,59,14,14,30,59,59,134,161,161,161,181,181,282,282,293,32,32,52,52,52,52,52],"floor_reached":24,"language":"ENG","playtime":1530,"items_purged":["Normality"],"score":253,"play_id":"6dda71fb-4c66-4a0d-be7c-30f9f179b902","local_time":"20210123152313","is_ascension_mode":true,"campfire_choices":[{"data":"Armaments","floor":6,"key":"SMITH"},{"floor":13,"key":"REST"},{"data":"Disarm","floor":15,"key":"SMITH"},{"floor":23,"key":"REST"}],"circlet_count":0,"master_deck":["Strike_R","Strike_R","Strike_R","Strike_R","Strike_R","Defend_R","Defend_R","Defend_R","Defend_R","Bash","Evolve+1","Armaments+1","Headbutt","Shrug It Off","hubris:DuctTapeCard+2","Bloodletting","Disarm+1","Limit Break","True Grit","Dual Wield","Juggernaut","Body Slam","Armaments+1","Combust","hubris:Disease","Carnage+1"],"relics":["Burning Blood","ReplayTheSpireMod:Ring of Sloth","ReplayTheSpireMod:Ring of Exchange","hubris:ToyBattleship","Replay:Mystery Machine","hubris:DuctTape","Guide Book","Orrery","Oddly Smooth Stone"],"acts_visited":["Exordium","TheCity"],"potions_floor_usage":[11,16,24,24],"damage_taken":[{"damage":7,"enemies":"2 Louse","floor":1,"turns":5},{"damage":8,"enemies":"Jaw Worm","floor":2,"turns":5},{"damage":0,"enemies":"Cultist","floor":7,"turns":4},{"damage":1,"enemies":"Replay:BlueRogue","floor":8,"turns":6},{"damage":8,"enemies":"3 Sentries","floor":11,"turns":8},{"damage":0,"enemies":"2 Fungi Beasts","floor":14,"turns":4},{"damage":39,"enemies":"Hexaghost","floor":16,"turns":12},{"damage":29,"enemies":"Spheric Guardian","floor":18,"turns":6},{"damage":20,"enemies":"Shell Parasite","floor":21,"turns":6},{"damage":59,"enemies":"Gremlin Leader","floor":24,"turns":8}],"seed_played":"-1530496771323104778","potions_obtained":[{"floor":8,"key":"EssenceOfSteel"},{"floor":11,"key":"Weak Potion"},{"floor":14,"key":"Venom Potion"},{"floor":21,"key":"DistilledChaos"}],"is_trial":false,"path_per_floor":["M","M","?","$","$","R","M","E","T","?","E","$","R","M","R","B",null,"M","$","?","M","$","R","E"],"character_chosen":"IRONCLAD","items_purchased":["Armaments","Guide Book","Oddly Smooth Stone","Armaments+1","Combust"],"campfire_rested":2,"item_purchase_floors":[5,12,19,19,19],"current_hp_per_floor":[79,77,77,77,77,77,80,80,80,69,67,57,80,80,80,47,72,49,49,49,35,35,59,0,0],"gold":52,"neow_bonus":"RANDOM_EVENT","is_daily":false,"chose_seed":false,"campfire_upgraded":2,"win_rate":0.0,"timestamp":1611444193,"path_taken":["M","M","?","?","$","R","M","E","T","?","E","?","R","M","R","BOSS","M","$","?","M","$","R","E"],"items_purchased_type":["Card","Relic","Relic","Card","Card"],"build_version":"2020-12-22","purchased_purges":1,"victory":false,"max_hp_per_floor":[80,80,80,80,80,80,80,80,80,80,80,80,80,80,80,80,80,80,80,80,80,80,80,80,80],"card_choices":[{"not_picked":["Headbutt","Intimidate"],"picked":"Shrug It Off","floor":1},{"not_picked":["Spot Weakness","Abandon"],"picked":"Evolve","floor":2},{"not_picked":["Dark Embrace","hubris:SharpeningStone"],"picked":"Headbutt","floor":7},{"not_picked":["ReplayTheSpireMod:LeadingStrike","Replay:Undeath\u0027s Touch"],"picked":"Shrug It Off","floor":8},{"not_picked":["Heavy Blade","Searing Blow"],"picked":"Bloodletting","floor":11},{"not_picked":["Blood for Blood","Twin Strike"],"picked":"Disarm","floor":14},{"not_picked":["Fiend Fire","Demon Form"],"picked":"Limit Break","floor":16},{"not_picked":["Twin Strike","Anger"],"picked":"True Grit","floor":17},{"not_picked":["Armaments","Thunderclap"],"picked":"Dual Wield","floor":17},{"not_picked":["Thunderclap","Intimidate"],"picked":"Juggernaut","floor":17},{"not_picked":["Clothesline","Warcry"],"picked":"Body Slam","floor":17},{"not_picked":["Havoc","Replay:Undeath\u0027s Touch","Warcry"],"picked":"SKIP","floor":18},{"not_picked":["Uppercut+1","Perfected Strike"],"picked":"Carnage+1","floor":21}],"player_experience":311541,"relics_obtained":[{"floor":3,"key":"ReplayTheSpireMod:Ring of Sloth"},{"floor":3,"key":"ReplayTheSpireMod:Ring of Exchange"},{"floor":8,"key":"hubris:ToyBattleship"},{"floor":9,"key":"Replay:Mystery Machine"},{"floor":11,"key":"hubris:DuctTape"}],"event_choices":[{"damage_healed":0,"gold_gain":75,"player_choice":"Gather Gold","damage_taken":11,"max_hp_gain":0,"max_hp_loss":0,"event_name":"World of Goop","floor":10,"gold_loss":0},{"damage_healed":0,"gold_gain":0,"player_choice":"1 cards matched","damage_taken":0,"max_hp_gain":0,"max_hp_loss":0,"event_name":"Match and Keep!","floor":20,"gold_loss":0,"cards_obtained":["hubris:Disease"]}],"is_beta":false,"boss_relics":[{"not_picked":["Medical Kit","ReplayTheSpireMod:DimensionalGlitch"],"picked":"Orrery"}],"items_purged_floors":[4],"is_endless":false,"potions_floor_spawned":[8,11,14,21],"killed_by":"Gremlin Leader","ascension_level":5}}