{"host":"bf9sa99gaumonoeu","time":1611420295,"event":{"mods":["AchievementEnabler","Act Like it!","Aspiration","BaseMod","Bestiary","Block Reminder","Colored Map","Colored Powertips","Friendly Minions","Gensokyo","GifTheSpireLib","Googly Eyes","Hallownest","Hermit","Highlight Path","Jorbs\u0027s Wanderer Trilogy","KinomotoSakuraMod(????)","Koishi","Marisa????????","Minty Spire (QoL Compilation)","Rare Cards Sparkle","Relic Stats","Spire Arcade","StSLib","The Administrix","The Animator","The Bug Knight","The Construct","The Cursed","The Hierophant","The Mystic","The Necromancer","The Poker Player","The Runesmith","The Senshi","The Servant 0.9.4","ojb\u0027s Info Mod"],"gold_per_floor":[110,110,126,45,60,60,85,85,154,167,167,182,211,96,96,96,96],"floor_reached":16,"language":"ENG","playtime":822,"items_purged":[],"score":200,"play_id":"af390cb5-3391-46a4-8567-f62b86e4a131","local_time":"20210123144455","is_ascension_mode":true,"campfire_choices":[{"data":"Dagger Spray","floor":6,"key":"SMITH"},{"data":"Neutralize","floor":8,"key":"SMITH"},{"data":"Eviscerate","floor":11,"key":"SMITH"},{"data":"Finisher","floor":15,"key":"SMITH"}],"circlet_count":0,"master_deck":["AscendersBane","Strike_G","Strike_G","Strike_G","Strike_G","Strike_G","Defend_G","Defend_G","Defend_G","Defend_G","Defend_G","Survivor","Neutralize+1","Dagger Throw","Eviscerate+1","Quick Slash","PiercingWail","Dagger Spray+1","Riddle With Holes","Blade Dance","Finisher+1","Reflex"],"relics":["Coffee Dripper","Hallownest:DreamNailRelic","Incense Burner","Ornamental Fan","Meat on the Bone","Odd Mushroom"],"acts_visited":["Hallownest:Greenpath"],"potions_floor_usage":[7],"damage_taken":[{"damage":6,"enemies":"Hallownest:monsterHuskGuard","floor":1,"turns":6},{"damage":2,"enemies":"Hallownest:2_MossCreeps","floor":3,"turns":6},{"damage":0,"enemies":"Hallownest:monsterHuskWarrior","floor":5,"turns":3},{"damage":12,"enemies":"Hallownest:eliteVengeflyKing","floor":7,"turns":5},{"damage":3,"enemies":"Hallownest:1_Baldur_1_Crawlid_1_Warrior","floor":10,"turns":5},{"damage":1,"enemies":"Hallownest:monsterFoolEater","floor":12,"turns":3},{"damage":14,"enemies":"Hallownest:eliteCrystalGuardian","floor":13,"turns":8},{"damage":35,"enemies":"Hallownest:BossFalseKnight","floor":16,"turns":7}],"seed_played":"-1641287636106265678","potions_obtained":[{"floor":5,"key":"Poison Potion"}],"is_trial":false,"path_per_floor":["M","?","M","$","M","R","E","R","T","M","R","M","E","?","R","B"],"character_chosen":"THE_SILENT","items_purchased":["Quick Slash","PiercingWail"],"campfire_rested":0,"item_purchase_floors":[4,4],"current_hp_per_floor":[53,53,51,51,51,51,39,39,39,36,36,35,21,21,21,0,0],"gold":96,"neow_bonus":"BOSS_RELIC","is_daily":false,"chose_seed":false,"campfire_upgraded":4,"win_rate":0.0,"timestamp":1611420295,"path_taken":["M","?","M","$","M","R","E","R","T","?","R","M","E","?","R","BOSS"],"items_purchased_type":["Card","Card"],"build_version":"2020-12-22","purchased_purges":0,"victory":false,"max_hp_per_floor":[66,66,66,66,66,66,66,66,66,66,66,66,66,66,66,66,66],"relic_stats":{"counters":[8,43],"Ornamental Fan":[32],"obtain_stats":[{"Ornamental Fan":9,"Coffee Dripper":0,"Hallownest:DreamNailRelic":2,"Incense Burner":7,"Odd Mushroom":14,"Ring of the Snake":0,"Meat on the Bone":13},{"Ornamental Fan":4,"Coffee Dripper":0,"Hallownest:DreamNailRelic":1,"Incense Burner":4,"Odd Mushroom":7,"Ring of the Snake":0,"Meat on the Bone":7},{"Ornamental Fan":20,"Coffee Dripper":0,"Hallownest:DreamNailRelic":6,"Incense Burner":20,"Odd Mushroom":36,"Ring of the Snake":0,"Meat on the Bone":36}],"Meat on the Bone":0},"card_choices":[{"not_picked":["Deadly Poison","Flying Knee"],"picked":"Dagger Throw","floor":1},{"not_picked":["Dagger Spray","Dash"],"picked":"Eviscerate","floor":3},{"not_picked":["Cloak And Dagger","Outmaneuver"],"picked":"Dagger Spray","floor":5},{"not_picked":["Slice","Bane"],"picked":"Riddle With Holes","floor":7},{"not_picked":["All Out Attack","Bane"],"picked":"Blade Dance","floor":10},{"not_picked":["PiercingWail","Flying Knee"],"picked":"Finisher","floor":12},{"not_picked":["PiercingWail","Underhanded Strike"],"picked":"Reflex","floor":13}],"player_experience":1135099,"relics_obtained":[{"floor":7,"key":"Incense Burner"},{"floor":9,"key":"Ornamental Fan"},{"floor":13,"key":"Meat on the Bone"}],"event_choices":[],"is_beta":false,"boss_relics":[],"items_purged_floors":[],"is_endless":false,"potions_floor_spawned":[5],"killed_by":"Hallownest:BossFalseKnight","ascension_level":20}}