{"host":"ooe12lh8pgcirntb","time":1611394597,"event":{"mods":["AchievementEnabler","Act Like it!","Bard","BaseMod","Beaked The Cultist","ChefMod","Colored Map","Colored Powertips","Minty Spire (QoL Compilation)","StSLib","The Animator","The Blackbeard","The Bug Knight","The Construct","The Cursed","The Disciple","The Hierophant","The Problem Sleuth","TheVacant"],"gold_per_floor":[131,43,43,53,53,53,66,66,90,17,17,47,85,95,95,199,199,185,185,205,5,80,80,30,44,44,73,90,90,90,116,116,215,215,230,3,3,3,3,3,18,52,52,85,85,115,75,103,103,103],"floor_reached":51,"language":"ENG","playtime":7036,"items_purged":[],"score":787,"play_id":"ab81cf75-5a54-41f1-9964-723c7a53e5f3","local_time":"20210123043637","is_ascension_mode":true,"campfire_choices":[{"data":"animator:DwarfShaman","floor":6,"key":"SMITH"},{"data":"animator:Kaijin","floor":8,"key":"SMITH"},{"data":"animator:GazelDwargon","floor":11,"key":"SMITH"},{"data":"animator:HiiragiShinya","floor":15,"key":"SMITH"},{"floor":23,"key":"REST"},{"floor":29,"key":"REST"},{"floor":32,"key":"REST"},{"floor":40,"key":"REST"},{"floor":49,"key":"REST"}],"circlet_count":0,"master_deck":["animator:Strike_GoblinSlayer","animator:Defend_GoblinSlayer+1","animator:LizardPriest","animator:DwarfShaman+1","animator:Cocytus","animator:Strike_FullmetalAlchemist+1","animator:Strike_TenSura","animator:Strike_OwariNoSeraph","animator:Defend_Fate","animator:Defend_HitsugiNoChaika+1","animator:Defend_GoblinSlayer+1","animator:HiiragiShinya+1","animator:Kaijin+1","animator:GazelDwargon+1","animator:Witch+1","animator:Eris","animator:Mitsurugi","animator:Albedo","animator:Shion","Necronomicurse","animator:Priestess","animator:Shuna","animator:Mikaela","animator:ElricAlphonse","animator:Megumin+9","animator:KrulTepes","animator:Greed+1","animator:MaesHughes+1","animator:WinryRockbell+1","animator:HigakiRinne","animator:MaesHughes+1","animator:Arpeggio+1","animator:Aqua+1","animator:Shizu","animator:NarberalGamma+1"],"relics":["animator:LivingPicture","animator:TheMissingPiece","NeowsBlessing","animator:Buoy","Letter Opener","Fusion Hammer","Necronomicon","War Paint","Frozen Egg 2","HollowMod:PaleOreRelic","Blood Vial","Mark of Pain","Bronze Scales","theSleuth:Tectrixcalibur","Strawberry","Toxic Egg 2","Eternal Feather","Red Skull"],"acts_visited":["Exordium","TheCity","TheBeyond"],"potions_floor_usage":[13,13,13,33,33,35,42,50,50],"damage_taken":[{"damage":0,"enemies":"Small Slimes","floor":1,"turns":1},{"damage":0,"enemies":"Jaw Worm","floor":4,"turns":1},{"damage":0,"enemies":"Cultist","floor":7,"turns":1},{"damage":0,"enemies":"Large Slime","floor":12,"turns":7},{"damage":5,"enemies":"Lagavulin","floor":13,"turns":7},{"damage":8,"enemies":"Exordium Thugs","floor":14,"turns":6},{"damage":26,"enemies":"Hexaghost","floor":16,"turns":11},{"damage":6,"enemies":"2 Thieves","floor":18,"turns":4},{"damage":14,"enemies":"Spheric Guardian","floor":20,"turns":4},{"damage":0,"enemies":"Snake Plant","floor":25,"turns":5},{"damage":6,"enemies":"Shelled Parasite and Fungi","floor":27,"turns":4},{"damage":4,"enemies":"Sentry and Sphere","floor":28,"turns":4},{"damage":26,"enemies":"Slavers","floor":31,"turns":4},{"damage":1,"enemies":"Champ","floor":33,"turns":10},{"damage":0,"enemies":"3 Shapes","floor":35,"turns":5},{"damage":0,"enemies":"Orb Walker","floor":41,"turns":2},{"damage":0,"enemies":"Nemesis","floor":42,"turns":8},{"damage":2,"enemies":"beaked:SuperParasite","floor":44,"turns":7},{"damage":12,"enemies":"Nemesis","floor":46,"turns":5},{"damage":6,"enemies":"Sphere and 2 Shapes","floor":48,"turns":2},{"damage":35,"enemies":"Time Eater","floor":50,"turns":10}],"seed_played":"1831238802062432091","potions_obtained":[{"floor":1,"key":"SpeedPotion"},{"floor":4,"key":"Swift Potion"},{"floor":7,"key":"ColorlessPotion"},{"floor":12,"key":"Weak Potion"},{"floor":20,"key":"Explosive Potion"},{"floor":25,"key":"BlessingOfTheForge"},{"floor":28,"key":"DistilledChaos"},{"floor":35,"key":"SpeedPotion"},{"floor":46,"key":"Block Potion"},{"floor":48,"key":"DuplicationPotion"}],"is_trial":false,"path_per_floor":["M","?","?","M","?","R","M","R","T","$","R","M","E","M","R","B",null,"M","?","M","$","?","R","$","M","T","M","M","R","?","E","R","B",null,"M","$","?","?","?","R","M","E","T","E","$","E","$","M","R","B",null],"character_chosen":"THE_ANIMATOR","items_purchased":["animator:GazelDwargon","War Paint","animator:Shuna","animator:Mikaela","Bronze Scales","animator:WinryRockbell+1","animator:Megumin"],"campfire_rested":5,"item_purchase_floors":[10,21,21,24,36,36,47],"current_hp_per_floor":[66,66,53,53,53,53,53,53,53,53,53,53,48,44,44,22,68,62,46,33,33,27,47,47,50,50,47,46,66,66,43,63,65,69,69,69,60,60,60,69,69,76,76,75,75,68,68,64,77,42],"gold":103,"neow_bonus":"THREE_ENEMY_KILL","is_daily":false,"chose_seed":false,"campfire_upgraded":4,"win_rate":0.0,"timestamp":1611394597,"path_taken":["M","?","?","M","?","R","M","R","T","$","R","M","E","M","R","BOSS","M","?","M","$","?","R","$","M","T","?","M","R","?","E","R","BOSS","M","$","?","?","?","R","?","E","T","E","?","E","$","M","R","BOSS"],"items_purchased_type":["Card","Relic","Card","Card","Relic","Card","Card"],"build_version":"2020-12-22","purchased_purges":0,"victory":true,"max_hp_per_floor":[66,66,66,66,66,66,66,66,66,66,66,66,66,67,67,68,68,68,68,69,69,69,69,69,69,69,69,69,69,69,69,69,69,69,69,69,69,69,69,69,69,76,76,77,77,77,77,77,77,77],"card_choices":[{"not_picked":["animator:Evileye","animator:WinryRockbell"],"picked":"animator:Cocytus","floor":1},{"not_picked":["animator:GazelDwargon","animator:Verdia"],"picked":"animator:HiiragiShinya","floor":4},{"not_picked":["animator:Chris","animator:Aqua"],"picked":"animator:Kaijin","floor":7},{"not_picked":["animator:GuildGirl","animator:DwarfShaman"],"picked":"animator:Witch","floor":12},{"not_picked":["animator:Shigure","animator:Tyuule"],"picked":"animator:Eris","floor":13},{"not_picked":["animator:GazelDwargon","animator:Millim"],"picked":"animator:Mitsurugi","floor":14},{"not_picked":["animator:Guren","animator:Father"],"picked":"animator:Albedo","floor":16},{"not_picked":["animator:Chris","animator:Pride"],"picked":"animator:Shion","floor":18},{"not_picked":["animator:LizardPriest","animator:Witch"],"picked":"animator:Priestess","floor":20},{"not_picked":["animator:Pride","animator:KrulTepes"],"picked":"animator:ElricAlphonse","floor":25},{"not_picked":["animator:LizardPriest","animator:Chris"],"picked":"animator:Megumin","floor":27},{"not_picked":["animator:Vanir","animator:Scar"],"picked":"animator:KrulTepes","floor":28},{"not_picked":["animator:Vanir","animator:Darkness+1"],"picked":"animator:Megumin","floor":31},{"not_picked":["animator:Rimuru","animator:Hans+1"],"picked":"animator:Greed+1","floor":33},{"not_picked":["animator:Millim","animator:Arpeggio+1"],"picked":"animator:MaesHughes+1","floor":35},{"not_picked":["animator:YunYun","animator:Mitsurugi+1"],"picked":"animator:MaesHughes+1","floor":41},{"not_picked":["animator:Benimaru+1","animator:Shinoa+1"],"picked":"animator:Arpeggio+1","floor":42},{"not_picked":["animator:YunYun","animator:Vanir"],"picked":"animator:Aqua+1","floor":44},{"not_picked":["animator:WinryRockbell+1","animator:Witch+1"],"picked":"animator:Shizu","floor":46},{"not_picked":["animator:Verdia+1","animator:Kaijin+1"],"picked":"animator:NarberalGamma+1","floor":48}],"player_experience":621152,"relics_obtained":[{"floor":9,"key":"animator:Buoy"},{"floor":13,"key":"Letter Opener"},{"floor":19,"key":"Necronomicon"},{"floor":26,"key":"Frozen Egg 2"},{"floor":31,"key":"HollowMod:PaleOreRelic"},{"floor":33,"key":"Blood Vial"},{"floor":42,"key":"Strawberry"},{"floor":43,"key":"Toxic Egg 2"},{"floor":44,"key":"Eternal Feather"},{"floor":46,"key":"Red Skull"}],"event_choices":[{"damage_healed":0,"gold_gain":0,"player_choice":"Entered Light","damage_taken":13,"max_hp_gain":0,"max_hp_loss":0,"event_name":"Shining Light","floor":3,"gold_loss":0,"cards_upgraded":["animator:Strike_FullmetalAlchemist","animator:Defend_GoblinSlayer"]},{"damage_healed":0,"gold_gain":0,"player_choice":"Leave","damage_taken":0,"max_hp_gain":0,"max_hp_loss":0,"event_name":"The Cleric","floor":5,"gold_loss":0},{"damage_healed":0,"gold_gain":0,"player_choice":"Obtained Book","damage_taken":16,"max_hp_gain":0,"max_hp_loss":0,"event_name":"Cursed Tome","floor":19,"gold_loss":0},{"damage_healed":0,"gold_gain":75,"player_choice":"Touch","damage_taken":6,"max_hp_gain":0,"max_hp_loss":0,"event_name":"FaceTrader","floor":22,"gold_loss":0},{"damage_healed":0,"gold_gain":0,"player_choice":"Ignored","damage_taken":0,"max_hp_gain":0,"max_hp_loss":0,"event_name":"Purifier","floor":30,"gold_loss":0},{"damage_healed":0,"gold_gain":0,"player_choice":"Embrace Madness","damage_taken":9,"max_hp_gain":0,"max_hp_loss":0,"event_name":"Winding Halls","floor":37,"gold_loss":0,"cards_obtained":["animator:HigakiRinne"]},{"damage_healed":0,"gold_gain":0,"player_choice":"Ignored","damage_taken":0,"max_hp_gain":0,"max_hp_loss":0,"event_name":"Purifier","floor":39,"gold_loss":0}],"is_beta":false,"boss_relics":[{"not_picked":["Astrolabe","Empty Cage"],"picked":"Fusion Hammer"},{"not_picked":["Busted Crown","Philosopher\u0027s Stone"],"picked":"Mark of Pain"}],"items_purged_floors":[],"is_endless":false,"potions_floor_spawned":[1,4,7,12,20,25,28,35,46,48],"ascension_level":1}}