{"host":"dl909bjyolgrn2uw","time":1611362495,"event":{"mods":["2.2 Compatiblity","AlwaysNeverKeys","BaseMod","Bestiary","Better Altar","Better Note","Better Sensory Stone","Better Skull","Better Vampires","Better-Laid Plans","BetterRewards","Colored Powertips","Curses Come First","Disable Question Mark Monsters","Displayed Cursed Tome","Emptier Cage","Evolution","Minty Spire (QoL Compilation)","Permanent Neow","Quick Restart","Rare Cards Sparkle","Relic Stats","Shop Mod","Spicy Shops","StSLib","SuperFastMode","Transform Curses"],"gold_per_floor":[118,118,118,118,132,166,1,1,1,11,30,30,62,76,76,181,181,199,213,229,229,99,99,132,132,159,177,252,263,282,153,153,251,251,262,34,34,49,68,68,100,110,133,0,0,0,16,16,16,16],"floor_reached":51,"language":"ENG","playtime":2441,"items_purged":["Defend_B","Defend_B","Strike_B"],"score":1040,"play_id":"8b07aec5-ef54-4de9-a126-7bbd9744cafe","local_time":"20210122184135","is_ascension_mode":true,"campfire_choices":[{"data":"Buffer","floor":12,"key":"SMITH"},{"data":"Loop","floor":15,"key":"SMITH"},{"data":"Coolheaded","floor":23,"key":"SMITH"},{"data":"Echo Form","floor":32,"key":"SMITH"},{"data":"1","floor":40,"key":"LIFT"},{"data":"2","floor":45,"key":"LIFT"},{"floor":49,"key":"REST"}],"circlet_count":0,"master_deck":["Strike_B","Strike_B","Defend_B+1","Zap","Dualcast+1","Conserve Battery","BootSequence","Buffer+1","Capacitor","Hyperbeam","Zap","Conserve Battery","Conserve Battery","Loop+1","Rip and Tear","Echo Form+1","Undo","Coolheaded+1","Cold Snap+1","Barrage+1","Coolheaded+1","Barrage+1","Seek","Barrage+1","Echo Form"],"relics":["Cracked Core","EVO:Axolotl","NeowsBlessing","WarpedTongs","The Courier","Membership Card","MealTicket","Bottled Lightning","Meat on the Bone","SlaversCollar","Girya","War Paint","Molten Egg 2","DataDisk","Centennial Puzzle","DollysMirror","Fusion Hammer","Runic Capacitor","White Beast Statue","Bronze Scales","Blood Vial","Red Mask"],"acts_visited":["Exordium","TheCity","TheBeyond"],"potions_floor_usage":[16,16,19,30,33,35,50,50],"damage_taken":[{"damage":0,"enemies":"2 Louse","floor":1,"turns":1},{"damage":0,"enemies":"Cultist","floor":5,"turns":1},{"damage":0,"enemies":"3 Sentries","floor":6,"turns":1},{"damage":7,"enemies":"Small Slimes","floor":10,"turns":3},{"damage":0,"enemies":"Red Slaver","floor":11,"turns":3},{"damage":27,"enemies":"Lagavulin","floor":13,"turns":7},{"damage":3,"enemies":"Exordium Thugs","floor":14,"turns":5},{"damage":21,"enemies":"Hexaghost","floor":16,"turns":8},{"damage":9,"enemies":"Chosen","floor":18,"turns":6},{"damage":11,"enemies":"2 Thieves","floor":19,"turns":4},{"damage":17,"enemies":"Centurion and Healer","floor":20,"turns":7},{"damage":0,"enemies":"Book of Stabbing","floor":24,"turns":6},{"damage":8,"enemies":"Snake Plant","floor":27,"turns":5},{"damage":0,"enemies":"Snecko","floor":29,"turns":6},{"damage":0,"enemies":"Chosen and Byrds","floor":30,"turns":4},{"damage":7,"enemies":"Automaton","floor":33,"turns":7},{"damage":29,"enemies":"3 Darklings","floor":35,"turns":4},{"damage":0,"enemies":"Orb Walker","floor":38,"turns":3},{"damage":2,"enemies":"3 Darklings","floor":39,"turns":3},{"damage":26,"enemies":"Reptomancer","floor":41,"turns":7},{"damage":3,"enemies":"Sphere and 2 Shapes","floor":42,"turns":5},{"damage":19,"enemies":"Maw","floor":47,"turns":5},{"damage":27,"enemies":"Awakened One","floor":50,"turns":7}],"seed_played":"8161087525031163514","potions_obtained":[{"floor":1,"key":"FairyPotion"},{"floor":6,"key":"FearPotion"},{"floor":13,"key":"AttackPotion"},{"floor":14,"key":"ColorlessPotion"},{"floor":18,"key":"ColorlessPotion"},{"floor":24,"key":"Explosive Potion"},{"floor":30,"key":"SteroidPotion"},{"floor":33,"key":"EssenceOfSteel"},{"floor":38,"key":"Fire Potion"},{"floor":39,"key":"Explosive Potion"}],"is_trial":false,"path_per_floor":["M","?","?","?","M","E","$","?","T","M","M","R","E","M","R","B",null,"M","M","M","T","$","R","E","?","T","M","?","M","M","$","R","B",null,"M","$","?","M","M","R","E","M","T","?","R","$","M","?","R","B",null],"character_chosen":"DEFECT","items_purchased":["Membership Card","MealTicket","Capacitor","War Paint","Coolheaded","DollysMirror","Barrage+1","Runic Capacitor","White Beast Statue"],"campfire_rested":1,"item_purchase_floors":[7,7,7,22,22,31,31,36,36],"current_hp_per_floor":[68,68,68,61,61,61,61,61,61,54,54,54,27,36,36,27,63,54,43,38,38,53,53,53,53,53,45,38,38,38,53,53,46,68,39,54,54,54,52,52,38,47,47,47,47,62,45,45,67,42],"gold":16,"neow_bonus":"THREE_ENEMY_KILL","is_daily":false,"chose_seed":false,"campfire_upgraded":4,"win_rate":0.0,"timestamp":1611362495,"path_taken":["M","?","?","?","M","E","$","?","T","?","M","R","E","M","R","BOSS","M","M","M","?","$","R","E","?","T","M","?","?","M","$","R","BOSS","M","$","?","M","M","R","E","M","T","?","R","?","M","?","R","BOSS"],"items_purchased_type":["Relic","Relic","Card","Relic","Card","Relic","Card","Relic","Relic"],"build_version":"2020-12-22","purchased_purges":3,"victory":true,"max_hp_per_floor":[75,75,75,75,75,75,75,75,75,75,75,75,75,75,75,75,75,75,75,75,75,75,75,75,75,75,75,75,75,75,75,75,75,75,75,75,75,75,75,75,75,75,75,75,75,75,75,75,75,75],"relic_stats":{"Blood Vial":4,"Centennial Puzzle":[24],"counters":[23,108],"Bronze Scales":[51],"MealTicket":60,"War Paint":["Defend_B","Dualcast"],"obtain_stats":[{"Girya":21,"NeowsBlessing":0,"The Courier":6,"Runic Capacitor":36,"EVO:Axolotl":0,"War Paint":22,"White Beast Statue":36,"WarpedTongs":2,"Blood Vial":43,"SlaversCollar":17,"DataDisk":25,"Centennial Puzzle":26,"DollysMirror":31,"Bronze Scales":41,"MealTicket":7,"Molten Egg 2":24,"Fusion Hammer":34,"Red Mask":44,"Membership Card":7,"Bottled Lightning":9,"Cracked Core":0,"Meat on the Bone":13},{"Girya":11,"NeowsBlessing":0,"The Courier":3,"Runic Capacitor":17,"EVO:Axolotl":0,"War Paint":11,"White Beast Statue":17,"WarpedTongs":1,"Blood Vial":21,"SlaversCollar":8,"DataDisk":12,"Centennial Puzzle":12,"DollysMirror":15,"Bronze Scales":20,"MealTicket":3,"Molten Egg 2":12,"Fusion Hammer":16,"Red Mask":21,"Membership Card":3,"Bottled Lightning":3,"Cracked Core":0,"Meat on the Bone":6},{"Girya":46,"NeowsBlessing":0,"The Courier":3,"Runic Capacitor":78,"EVO:Axolotl":0,"War Paint":46,"White Beast Statue":78,"WarpedTongs":1,"Blood Vial":96,"SlaversCollar":29,"DataDisk":52,"Centennial Puzzle":52,"DollysMirror":67,"Bronze Scales":91,"MealTicket":3,"Molten Egg 2":52,"Fusion Hammer":74,"Red Mask":96,"Membership Card":3,"Bottled Lightning":3,"Cracked Core":0,"Meat on the Bone":16}],"WarpedTongs":[106],"Meat on the Bone":60},"card_choices":[{"not_picked":["Turbo","Gash"],"picked":"Conserve Battery","floor":1},{"not_picked":["FTL","Hologram"],"picked":"BootSequence","floor":5},{"not_picked":["Loop","Fission"],"picked":"Buffer","floor":6},{"not_picked":["Ball Lightning","Scrape"],"picked":"Conserve Battery","floor":10},{"not_picked":["Rebound","Stack"],"picked":"Conserve Battery","floor":11},{"not_picked":["FTL","Auto Shields"],"picked":"Loop","floor":13},{"not_picked":["Tempest","Self Repair"],"picked":"Rip and Tear","floor":14},{"not_picked":["Biased Cognition","Thunder Strike"],"picked":"Echo Form","floor":16},{"not_picked":["Streamline","BootSequence"],"picked":"Undo","floor":18},{"not_picked":["Storm","Redo","Gash"],"picked":"SKIP","floor":19},{"not_picked":["Aggregate","Beam Cell","Hello World"],"picked":"SKIP","floor":20},{"not_picked":["Chaos","Heatsinks+1"],"picked":"Cold Snap+1","floor":24},{"not_picked":["Reinforced Body+1","Self Repair+1"],"picked":"Barrage+1","floor":27},{"not_picked":["Sweeping Beam+1","Melter+1","Steam"],"picked":"SKIP","floor":29},{"not_picked":["Creative AI","Turbo","BootSequence"],"picked":"SKIP","floor":30},{"not_picked":["Machine Learning","Reboot"],"picked":"Seek","floor":33},{"not_picked":["Tempest+1","Ball Lightning+1"],"picked":"Barrage+1","floor":35},{"not_picked":["Lockon+1","Gash+1","Hologram"],"picked":"SKIP","floor":38},{"not_picked":["Gash+1","Cold Snap+1"],"picked":"Echo Form","floor":39},{"not_picked":["Rip and Tear+1","Scrape+1","Gash+1"],"picked":"SKIP","floor":41},{"not_picked":["Barrage+1","Chaos","Redo+1"],"picked":"SKIP","floor":42},{"not_picked":["Hologram+1","Steam","Barrage+1"],"picked":"SKIP","floor":47}],"player_experience":305933,"relics_obtained":[{"floor":6,"key":"The Courier"},{"floor":9,"key":"Bottled Lightning"},{"floor":13,"key":"Meat on the Bone"},{"floor":21,"key":"Girya"},{"floor":24,"key":"Molten Egg 2"},{"floor":26,"key":"Centennial Puzzle"},{"floor":41,"key":"Bronze Scales"},{"floor":43,"key":"Blood Vial"}],"event_choices":[{"damage_healed":0,"gold_gain":0,"player_choice":"Rummage","damage_taken":0,"relics_obtained":["WarpedTongs"],"max_hp_gain":0,"max_hp_loss":0,"event_name":"Accursed Blacksmith","floor":2,"gold_loss":0,"cards_obtained":["Pain"]},{"cards_removed":["Pain"],"damage_healed":0,"gold_gain":0,"player_choice":"Forget","damage_taken":0,"max_hp_gain":0,"max_hp_loss":0,"event_name":"Living Wall","floor":3,"gold_loss":0},{"cards_removed":["Defend_B"],"damage_healed":0,"gold_gain":0,"player_choice":"Card Removal","damage_taken":7,"max_hp_gain":0,"max_hp_loss":0,"event_name":"Golden Wing","floor":4,"gold_loss":0},{"damage_healed":0,"gold_gain":0,"player_choice":"2 cards matched","damage_taken":0,"max_hp_gain":0,"max_hp_loss":0,"event_name":"Match and Keep!","floor":8,"gold_loss":0,"cards_obtained":["Hyperbeam","Zap"]},{"damage_healed":0,"gold_gain":0,"player_choice":"Opened","damage_taken":0,"relics_obtained":["DataDisk"],"max_hp_gain":0,"max_hp_loss":0,"event_name":"The Mausoleum","floor":25,"gold_loss":0},{"damage_healed":0,"gold_gain":75,"player_choice":"Touch","damage_taken":7,"max_hp_gain":0,"max_hp_loss":0,"event_name":"FaceTrader","floor":28,"gold_loss":0},{"cards_removed":["Strike_B"],"damage_healed":0,"gold_gain":0,"player_choice":"Removed Attack","damage_taken":0,"max_hp_gain":0,"max_hp_loss":0,"event_name":"Falling","floor":37,"gold_loss":0},{"damage_healed":0,"gold_gain":0,"player_choice":"Paid","damage_taken":0,"relics_obtained":["Red Mask"],"max_hp_gain":0,"max_hp_loss":0,"event_name":"Tomb of Lord Red Mask","floor":44,"gold_loss":133},{"damage_healed":0,"gold_gain":0,"player_choice":"Ignored","damage_taken":0,"max_hp_gain":0,"max_hp_loss":0,"event_name":"Mysterious Sphere","floor":48,"gold_loss":0}],"is_beta":false,"boss_relics":[{"not_picked":["Runic Dome","Philosopher\u0027s Stone"],"picked":"SlaversCollar"},{"not_picked":["Pandora\u0027s Box","Velvet Choker"],"picked":"Fusion Hammer"}],"items_purged_floors":[22,31,36],"is_endless":false,"potions_floor_spawned":[1,6,13,14,18,24,30,33,38,39,41,42,47],"ascension_level":8}}