{"host":"ftwnpa9ceeptmrn1","time":1611376114,"event":{"mods":["Aspiration","BaseMod","Colored Map","Colored Powertips","Conspire","Downfall","Hubris","Infinite Spire","Minty Spire (QoL Compilation)","Relic Stats","StSLib","vexMod"],"gold_per_floor":[15,15,30,45,56,82,99,132,179,179,194,210,210,229,229,324,324,335,335,335],"floor_reached":19,"language":"ENG","playtime":1992,"items_purged":[],"score":201,"play_id":"313c6c18-859f-4bfb-b0d7-1a96adf2551c","local_time":"20210122222834","is_ascension_mode":true,"campfire_choices":[{"floor":10,"key":"REST"},{"data":"Entrench","floor":13,"key":"SMITH"},{"floor":15,"key":"REST"}],"circlet_count":0,"master_deck":["Strike_R","Strike_R","Strike_R","Defend_R","Defend_R","Defend_R","Defend_R","Bash","Burning Pact","Perfected Strike","Body Slam","Fire Breathing","Intimidate","Entrench+1","hubris:ReadiedAction","Thunderclap","Shrug It Off","Anger","Warcry","Exhume","Clothesline"],"relics":["Burning Blood","Centennial Puzzle","Strawberry","hubris:ToyBattleship","Bag of Preparation","vexMod:MysteryBossChallenge","Mark of Pain"],"acts_visited":["Exordium","TheCity"],"potions_floor_usage":[5,6,6,8,16],"damage_taken":[{"damage":4,"enemies":"conspire:RoseBush","floor":1,"turns":3},{"damage":1,"enemies":"Cultist","floor":3,"turns":3},{"damage":3,"enemies":"Small Slimes","floor":4,"turns":4},{"damage":17,"enemies":"Gremlin Gang","floor":5,"turns":5},{"damage":13,"enemies":"3 Sentries","floor":6,"turns":4},{"damage":8,"enemies":"Exordium Wildlife","floor":7,"turns":4},{"damage":64,"enemies":"Gremlin Nob","floor":8,"turns":7},{"damage":8,"enemies":"Looter","floor":11,"turns":2},{"damage":19,"enemies":"Exordium Thugs","floor":12,"turns":6},{"damage":3,"enemies":"Lots of Slimes","floor":14,"turns":3},{"damage":23,"enemies":"Slime Boss","floor":16,"turns":9},{"damage":23,"enemies":"Spheric Guardian","floor":18,"turns":6},{"damage":0,"enemies":"3 Byrds","floor":19,"turns":2}],"seed_played":"213224362326119208","potions_obtained":[{"floor":1,"key":"champ:CounterPotion"},{"floor":3,"key":"CultistPotion"},{"floor":5,"key":"AttackPotion"},{"floor":7,"key":"AttackPotion"},{"floor":12,"key":"DuplicationPotion"},{"floor":16,"key":"bronze:BurnAndBuffPotion"}],"is_trial":false,"path_per_floor":["M","?","M","M","M","E","M","E","T","R","M","M","R","M","R","B",null,"M","M"],"character_chosen":"IRONCLAD","items_purchased":[],"campfire_rested":2,"item_purchase_floors":[],"current_hp_per_floor":[80,80,80,80,69,69,67,9,9,35,33,20,20,23,49,32,87,70,70,70],"gold":335,"neow_bonus":"TRANSFORM_TWO_CARDS","is_daily":false,"chose_seed":false,"campfire_upgraded":1,"win_rate":0.0,"timestamp":1611376114,"path_taken":["M","?","M","M","M","E","M","E","T","R","M","?","R","M","R","BOSS","M","M"],"items_purchased_type":[],"build_version":"2020-12-22","purchased_purges":0,"victory":false,"max_hp_per_floor":[80,80,80,80,80,87,87,87,87,87,87,87,87,87,87,87,87,87,87,87],"relic_stats":{"Centennial Puzzle":[33],"counters":[13,58],"Bag of Preparation":[12],"obtain_stats":[{"Centennial Puzzle":2,"Strawberry":6,"vexMod:MysteryBossChallenge":17,"Mark of Pain":17,"hubris:ToyBattleship":8,"Bag of Preparation":9,"Burning Blood":0},{"Centennial Puzzle":1,"Strawberry":5,"vexMod:MysteryBossChallenge":11,"Mark of Pain":11,"hubris:ToyBattleship":7,"Bag of Preparation":7,"Burning Blood":0},{"Centennial Puzzle":3,"Strawberry":19,"vexMod:MysteryBossChallenge":50,"Mark of Pain":50,"hubris:ToyBattleship":30,"Bag of Preparation":30,"Burning Blood":0}],"Burning Blood":62},"card_choices":[{"not_picked":["Armaments","Pommel Strike"],"picked":"Body Slam","floor":1},{"not_picked":["Warcry","Twin Strike"],"picked":"Fire Breathing","floor":3},{"not_picked":["Offering","Cleave"],"picked":"Intimidate","floor":4},{"not_picked":["Whirlwind","conspire:ExplosiveBarrier"],"picked":"Entrench","floor":5},{"not_picked":["Pommel Strike","Perfected Strike"],"picked":"hubris:ReadiedAction","floor":6},{"not_picked":["Clash","Whirlwind","Twin Strike"],"picked":"SKIP","floor":7},{"not_picked":["Sword Boomerang","Limit Break"],"picked":"Thunderclap","floor":8},{"not_picked":["Thunderclap","Clash"],"picked":"Shrug It Off","floor":11},{"not_picked":["hubris:ReadiedAction","Ghostly Armor"],"picked":"Anger","floor":12},{"not_picked":["Searing Blow","Twin Strike"],"picked":"Warcry","floor":14},{"not_picked":["Fiend Fire","Juggernaut"],"picked":"Exhume","floor":16},{"not_picked":["Cleave","Clash"],"picked":"Clothesline","floor":18}],"player_experience":311952,"relics_obtained":[{"floor":2,"key":"Centennial Puzzle"},{"floor":6,"key":"Strawberry"},{"floor":8,"key":"hubris:ToyBattleship"},{"floor":9,"key":"Bag of Preparation"}],"event_choices":[{"damage_healed":0,"gold_gain":0,"player_choice":"Relic","damage_taken":0,"max_hp_gain":0,"max_hp_loss":0,"event_name":"Wheel of Change","floor":2,"gold_loss":0}],"is_beta":false,"boss_relics":[{"not_picked":["vexMod:CursedCompass","Astrolabe"],"picked":"vexMod:MysteryBossChallenge"}],"items_purged_floors":[],"is_endless":false,"potions_floor_spawned":[1,3,5,7,12,16],"killed_by":"3 Byrds","ascension_level":2}}