{"host":"blqtz7f1wyqlnbm9","time":1611376471,"event":{"mods":["Arknights The Spire","BaseMod","Minty Spire (QoL Compilation)","StSLib"],"gold_per_floor":[115,115,135,210,385,385,50,82,82,135,176,200,200,234,234,346,346,361,361,51,51,51,51,120,149,149,179,179,197,197,219,219,323,323,342,280,300,319,333,362,113,124,124,124,174,174,199,224,224,224],"floor_reached":51,"language":"ZHS","playtime":3012,"items_purged":["Doubt"],"score":811,"play_id":"871bea2f-21ec-4cc6-8105-cb753585c700","local_time":"20210123123431","is_ascension_mode":false,"campfire_choices":[{"data":"ats:Blood Oath","floor":6.0,"key":"SMITH"},{"data":"ats:Echo Reverb","floor":13.0,"key":"SMITH"},{"data":"ats:Emotion Absorption","floor":15.0,"key":"SMITH"},{"data":"ats:Part Time Job","floor":23.0,"key":"SMITH"},{"data":"ats:Disruption Kick","floor":28.0,"key":"SMITH"},{"data":"ats:Soul Rend","floor":30,"key":"SMITH"},{"data":"ats:Apocalypse","floor":32,"key":"SMITH"},{"data":"ats:Composite Medical Shells","floor":44,"key":"SMITH"},{"floor":49,"key":"DIG"}],"circlet_count":0,"master_deck":["ats:Strike C","ats:Strike G","ats:Strike S","ats:Armor Crushing Shot","ats:Defend","ats:Defend","ats:Defend","ats:Defend","ats:Emotion Absorption+1","ats:Blood Oath+1","ats:Sword Rain","ats:Echo Reverb+1","ats:Directed Diagnosis","ats:Disruption Kick+1","ats:Part Time Job+1","ats:Apocalypse+1","ats:Mental Burst+1","ats:Soul Rend+1","ats:Dogmatic Field","ats:Composite Medical Shells+1","ats:Apocalypse","ats:Shell Defense+1"],"relics":["ats:Sanity","NeowsBlessing","FaceOfCleric","Blue Candle","ats:Originium","Matryoshka","Centennial Puzzle","Ice Cream","HornCleat","Bag of Marbles","CeramicFish","Potion Belt","Black Star","ats:Lavender","Molten Egg 2","Nilry\u0027s Codex","Mummified Hand","Pantograph","Shovel","Incense Burner","Busted Crown","MawBank","Anchor","ats:Military Tradition","Mercury Hourglass","Peace Pipe","PreservedInsect"],"acts_visited":["Exordium","TheCity","TheBeyond"],"potions_floor_usage":[33,39],"damage_taken":[{"damage":0.0,"enemies":"Jaw Worm","floor":1.0,"turns":1.0},{"damage":0.0,"enemies":"Cultist","floor":3.0,"turns":1.0},{"damage":0.0,"enemies":"Gremlin Nob","floor":8.0,"turns":2.0},{"damage":17.0,"enemies":"3 Sentries","floor":11.0,"turns":6.0},{"damage":0.0,"enemies":"Small Slimes","floor":12.0,"turns":2.0},{"damage":12.0,"enemies":"Lagavulin","floor":14.0,"turns":5.0},{"damage":95.0,"enemies":"The Guardian","floor":16.0,"turns":16.0},{"damage":10.0,"enemies":"3 Byrds","floor":18.0,"turns":4.0},{"damage":23.0,"enemies":"Chosen","floor":25.0,"turns":6.0},{"damage":78.0,"enemies":"Book of Stabbing","floor":27.0,"turns":7.0},{"damage":30,"enemies":"Snake Plant","floor":31,"turns":6},{"damage":92,"enemies":"Automaton","floor":33,"turns":13},{"damage":33,"enemies":"3 Shapes","floor":35,"turns":4},{"damage":0,"enemies":"Orb Walker","floor":37,"turns":3},{"damage":22,"enemies":"Maw","floor":38,"turns":8},{"damage":32,"enemies":"Transient","floor":39,"turns":5},{"damage":150,"enemies":"Giant Head","floor":40,"turns":11},{"damage":22,"enemies":"3 Darklings","floor":42,"turns":5},{"damage":14,"enemies":"Mind Bloom Boss Battle","floor":45,"turns":4},{"damage":32,"enemies":"Writhing Mass","floor":47,"turns":5},{"damage":40,"enemies":"Transient","floor":48,"turns":5},{"damage":75,"enemies":"Time Eater","floor":50,"turns":11}],"seed_played":"-5475924583697488472","potions_obtained":[{"floor":11.0,"key":"Strength Potion"},{"floor":16.0,"key":"LiquidBronze"},{"floor":18.0,"key":"Explosive Potion"},{"floor":27.0,"key":"LiquidMemories"},{"floor":33,"key":"Strength Potion"},{"floor":37,"key":"Fire Potion"},{"floor":39,"key":"DuplicationPotion"},{"floor":40,"key":"Fire Potion"},{"floor":42,"key":"LiquidBronze"}],"is_trial":false,"path_per_floor":["M","?","M","?","?","R","$","E","T","T","E","M","R","E","R","B",null,"M","?","$","?","?","R","T","M","T","E","R","?","R","M","R","B",null,"M","$","M","M","M","E","$","M","T","R","?","?","M","M","R","B",null],"character_chosen":"DOCTOR_CLASS","items_purchased":["Blue Candle","ats:Part Time Job","ats:Lavender","ats:Composite Medical Shells","ats:Military Tradition"],"campfire_rested":0,"item_purchase_floors":[7,20,20,36,41],"current_hp_per_floor":[72,72,73,62,62,62,62,63,63,63,62,68,68,72,72,18,78,76,76,76,76,60,60,60,79,79,47,47,47,47,48,48,83,83,78,78,85,75,83,46,46,72,72,72,84,84,88,77,77,86],"gold":224,"neow_bonus":"THREE_ENEMY_KILL","is_daily":false,"chose_seed":false,"campfire_upgraded":8,"win_rate":0.0,"timestamp":1611376471,"path_taken":["M","?","?","?","?","R","$","E","T","?","E","M","R","E","R","BOSS","M","?","$","?","?","R","?","M","T","E","R","?","R","M","R","BOSS","M","$","M","M","?","E","$","M","T","R","?","?","M","M","R","BOSS"],"items_purchased_type":["Relic","Card","Relic","Card","Relic"],"build_version":"2020-12-22","purchased_purges":1,"victory":true,"max_hp_per_floor":[72,72,73,73,73,73,73,74,74,74,75,76,76,77,77,78,78,79,79,79,79,79,79,79,80,80,81,81,81,81,82,82,83,83,84,84,85,86,87,88,88,89,89,89,90,90,91,92,92,93],"card_choices":[{"not_picked":["ats:Phantom","ats:Poison Spread"],"picked":"ats:Blood Oath","floor":1.0},{"not_picked":["ats:Poison Spread","ats:Magnetic Hammer"],"picked":"ats:Sword Rain","floor":3.0},{"not_picked":["ats:Flame Of Heaven","ats:Poison Spread","ats:Explosion Area Strengthen"],"picked":"SKIP","floor":8.0},{"not_picked":["ats:Consecutive Shot Auto","ats:Blood Oath"],"picked":"ats:Echo Reverb","floor":11.0},{"not_picked":["ats:Beaten Up","ats:Charging Defense"],"picked":"ats:Directed Diagnosis","floor":12.0},{"not_picked":["ats:Cat Scratch","ats:Curse Doll","ats:Hammer On"],"picked":"SKIP","floor":14.0},{"not_picked":["ats:Durian","ats:Fractured Body"],"picked":"ats:Disruption Kick","floor":16.0},{"not_picked":["ats:Leaping Hammer+1","ats:Automatic Cover","ats:Shell Defense"],"picked":"SKIP","floor":18.0},{"not_picked":["ats:Consecutive Shot Auto+1","ats:Explosion Area Strengthen+1"],"picked":"ats:Apocalypse","floor":25.0},{"not_picked":["ats:Very Hot Blade+1","ats:Explosion Area Strengthen+1","ats:Hammer On+1"],"picked":"SKIP","floor":27.0},{"not_picked":["ats:Shell Defense","ats:Red Shift+1"],"picked":"ats:Revitalization+1","floor":31},{"not_picked":["ats:Rat Pack","ats:Echo Reverb"],"picked":"ats:Dogmatic Field","floor":33},{"not_picked":["ats:Encircling Forest"],"picked":"SKIP","floor":35},{"not_picked":["ats:Poison Spread+1"],"picked":"SKIP","floor":37},{"not_picked":["ats:Cat Scratch+1"],"picked":"SKIP","floor":38},{"not_picked":["ats:Explosion Area Strengthen+1"],"picked":"SKIP","floor":39},{"not_picked":["ats:Assault Order"],"picked":"SKIP","floor":40},{"not_picked":["ats:Neurotoxin"],"picked":"SKIP","floor":42},{"not_picked":[],"picked":"ats:Apocalypse","floor":47},{"not_picked":[],"picked":"ats:Shell Defense+1","floor":48}],"player_experience":240675,"relics_obtained":[{"floor":8.0,"key":"ats:Originium"},{"floor":8.0,"key":"Matryoshka"},{"floor":9.0,"key":"Centennial Puzzle"},{"floor":9.0,"key":"Ice Cream"},{"floor":10.0,"key":"HornCleat"},{"floor":10.0,"key":"Bag of Marbles"},{"floor":11.0,"key":"ats:Originium"},{"floor":11.0,"key":"CeramicFish"},{"floor":14.0,"key":"ats:Originium"},{"floor":14.0,"key":"Potion Belt"},{"floor":22.0,"key":"Nilry\u0027s Codex"},{"floor":24.0,"key":"Mummified Hand"},{"floor":26.0,"key":"Pantograph"},{"floor":27.0,"key":"ats:Originium"},{"floor":27.0,"key":"Shovel"},{"floor":27.0,"key":"Incense Burner"},{"floor":40,"key":"MawBank"},{"floor":40,"key":"Anchor"},{"floor":43,"key":"Mercury Hourglass"},{"floor":45,"key":"Peace Pipe"},{"floor":49,"key":"PreservedInsect"}],"event_choices":[{"damage_healed":0.0,"max_hp_gain":0.0,"max_hp_loss":0.0,"gold_gain":0.0,"event_name":"FaceTrader","player_choice":"Trade","floor":2.0,"gold_loss":0.0,"damage_taken":0.0,"relics_obtained":["FaceOfCleric"]},{"damage_healed":0.0,"max_hp_gain":0.0,"max_hp_loss":0.0,"gold_gain":75.0,"event_name":"World of Goop","player_choice":"Gather Gold","floor":4.0,"gold_loss":0.0,"damage_taken":11.0},{"damage_healed":0.0,"max_hp_gain":0.0,"max_hp_loss":0.0,"gold_gain":175.0,"event_name":"Liars Game","player_choice":"AGREE","floor":5.0,"gold_loss":0.0,"damage_taken":0.0,"cards_obtained":["Doubt"]},{"cards_removed":["ats:Strike V"],"damage_healed":0.0,"max_hp_gain":0.0,"max_hp_loss":0.0,"gold_gain":0.0,"event_name":"Back to Basics","player_choice":"Elegance","floor":19.0,"gold_loss":0.0,"damage_taken":0.0},{"damage_healed":0.0,"max_hp_gain":0.0,"max_hp_loss":0.0,"gold_gain":0.0,"event_name":"The Mausoleum","player_choice":"Opened","floor":21.0,"gold_loss":0.0,"damage_taken":0.0,"relics_obtained":["Molten Egg 2"]},{"damage_healed":0.0,"max_hp_gain":0.0,"max_hp_loss":0.0,"gold_gain":0.0,"event_name":"Cursed Tome","player_choice":"Obtained Book","floor":22.0,"gold_loss":0.0,"damage_taken":16.0},{"damage_healed":0,"gold_gain":0,"player_choice":"2 cards matched","damage_taken":0,"max_hp_gain":0,"max_hp_loss":0,"event_name":"Match and Keep!","floor":29,"gold_loss":0,"cards_obtained":["ats:Mental Burst","ats:Soul Rend"]},{"damage_healed":0,"gold_gain":0,"player_choice":"Fight","damage_taken":0,"max_hp_gain":0,"max_hp_loss":0,"event_name":"MindBloom","floor":45,"gold_loss":0},{"cards_removed":["ats:Revitalization"],"damage_healed":0,"gold_gain":0,"player_choice":"Removed Skill","damage_taken":0,"max_hp_gain":0,"max_hp_loss":0,"event_name":"Falling","floor":46,"gold_loss":0}],"is_beta":false,"boss_relics":[{"not_picked":["Runic Pyramid","Cursed Key"],"picked":"Black Star"},{"not_picked":["Fusion Hammer","Velvet Choker"],"picked":"Busted Crown"}],"items_purged_floors":[7],"is_endless":false,"potions_floor_spawned":[11,16,18,27,33,37,39,40,42],"ascension_level":0}}