{"host":"takgv9cv6xf64vhq","time":1611388829,"event":{"mods":["BaseMod","Colored Powertips","Downfall","Marisa£®ÏF”Í°°ƒß¿Ì…≥£©","Minty Spire (QoL Compilation)","Replay The Spire","StSLib","The Cursed"],"gold_per_floor":[112,112,129,139,64,77,93,105,105,105,105,123,23,57,129,224,224,236,236,111,111,210,242,242,291,367,390,428,428,478,513,513,513,605,713,713,741,772,794,794,824,867,867,867,867,244,244,265,299,330,364,387,387,403],"floor_reached":55,"language":"ZHS","playtime":4880,"items_purged":["Pain","Looming Evil"],"score":797,"play_id":"f891d48d-3747-4d6d-892b-c431d36d229d","local_time":"20210123160029","is_ascension_mode":false,"campfire_choices":[{"data":"Armaments","floor":11.0,"key":"SMITH"},{"data":"Apotheosis","floor":24.0,"key":"SMITH"},{"floor":43.0,"key":"REST"},{"floor":53.0,"key":"DIG"}],"circlet_count":0,"master_deck":["Strike_R+1","Strike_R+1","Strike_R+1","Defend_R+1","Defend_R+1","Defend_R+1","Defend_R+1","Bash","Replay:Undeath\u0027s Touch","Metallicize","Flex","ReplayTheSpireMod:LeadingStrike","Entrench","Armaments+1","Entrench","Headbutt","Limit Break","Run Through","Headbutt","Replay:Undeath\u0027s Touch","Apotheosis+1","Replay:Parry","Replay:Sssssssssshield","ReplayReversal+1","Body Slam+1","Disarm","Metallicize+1","Cleave","Seeing Red+1","Impervious","Second Wind","Intimidate","Shockwave+1","Flame Barrier+1","Flex","ReplayUltimateDefense","Sever Soul+1","Parasite","Life Link+1","Heavy Blade+1"],"relics":["Runic Pyramid","WarpedTongs","Centennial Puzzle","Ring of Peace","ReplayTheSpireMod:Ring of Addiction","Toy Ornithopter","White Beast Statue","Dream Catcher","bronze:MakeshiftBattery","ReplayTheSpireMod:ShopPack","Enchiridion","Replay:Bandana","ReplayTheSpireMod:Shallot","Paper Frog","Ooze Armor","Snack Pack","Red Skull","StoneCalendar","Kunai","Vajra"],"acts_visited":["Exordium","TheCity","TheBeyond"],"potions_floor_usage":[54],"damage_taken":[{"damage":0.0,"enemies":"2 Louse","floor":1.0,"turns":3.0},{"damage":2.0,"enemies":"Cultist","floor":3.0,"turns":3.0},{"damage":8.0,"enemies":"Small Slimes","floor":4.0,"turns":4.0},{"damage":3.0,"enemies":"Exordium Thugs","floor":6.0,"turns":5.0},{"damage":9.0,"enemies":"3 Louse","floor":7.0,"turns":4.0},{"damage":5.0,"enemies":"Blue Slaver","floor":8.0,"turns":4.0},{"damage":0.0,"enemies":"2 Fungi Beasts","floor":12.0,"turns":2.0},{"damage":0.0,"enemies":"Gremlin Nob","floor":14.0,"turns":4.0},{"damage":2.0,"enemies":"Slime Boss","floor":16.0,"turns":15.0},{"damage":1.0,"enemies":"3 Byrds","floor":18.0,"turns":8.0},{"damage":10.0,"enemies":"Book of Stabbing","floor":23.0,"turns":5.0},{"damage":22.0,"enemies":"Slavers","floor":25.0,"turns":5.0},{"damage":0.0,"enemies":"Shell Parasite","floor":27.0,"turns":6.0},{"damage":0.0,"enemies":"Shelled Parasite and Fungi","floor":28.0,"turns":5.0},{"damage":0.0,"enemies":"Centurion and Healer","floor":30.0,"turns":7.0},{"damage":0.0,"enemies":"Snake Plant","floor":31.0,"turns":5.0},{"damage":10.0,"enemies":"Pondfish","floor":35.0,"turns":16.0},{"damage":16.0,"enemies":"Orb Walker","floor":37.0,"turns":5.0},{"damage":1.0,"enemies":"3 Shapes","floor":38.0,"turns":9.0},{"damage":24.0,"enemies":"Transient","floor":39.0,"turns":5.0},{"damage":0.0,"enemies":"Sphere and 2 Shapes","floor":41.0,"turns":8.0},{"damage":11.0,"enemies":"Reptomancer","floor":42.0,"turns":7.0},{"damage":0.0,"enemies":"3 Darklings","floor":48.0,"turns":5.0},{"damage":0.0,"enemies":"Jaw Worm Horde","floor":49.0,"turns":5.0},{"damage":2.0,"enemies":"Transient","floor":50.0,"turns":5.0},{"damage":0.0,"enemies":"Writhing Mass","floor":51.0,"turns":6.0},{"damage":0.0,"enemies":"Maw","floor":52.0,"turns":9.0},{"damage":0,"enemies":"Replay:Hell Engine","floor":54,"turns":12}],"seed_played":"-6105399411503598743","potions_obtained":[{"floor":3.0,"key":"Toxic Potion"},{"floor":6.0,"key":"AttackPotion"},{"floor":8.0,"key":"Fire Potion"},{"floor":10.0,"key":"PowerPotion"},{"floor":12.0,"key":"SteroidPotion"},{"floor":14.0,"key":"Reflective Coating"},{"floor":16.0,"key":"PowerPotion"},{"floor":18.0,"key":"Fire Potion"},{"floor":23.0,"key":"BloodPotion"},{"floor":25.0,"key":"Venom Potion"},{"floor":27.0,"key":"Dexterity Potion"},{"floor":28.0,"key":"Swift Potion"},{"floor":30.0,"key":"champ:CounterPotion"},{"floor":31.0,"key":"Ancient Potion"},{"floor":35.0,"key":"Venom Potion"},{"floor":37.0,"key":"FearPotion"},{"floor":38.0,"key":"GamblersBrew"},{"floor":39.0,"key":"BloodPotion"},{"floor":41.0,"key":"Guardian:BlockOnCardUsePotion"},{"floor":42.0,"key":"Milkshake"},{"floor":48.0,"key":"Fire Potion"},{"floor":49.0,"key":"Venom Potion"},{"floor":50.0,"key":"Weak Potion"},{"floor":51.0,"key":"champ:CounterPotion"},{"floor":52.0,"key":"Block Potion"}],"is_trial":false,"path_per_floor":["M","?","M","M","$","M","M","M","T","?","R","M","$","E","R","B",null,"M","?","$","?","?","E","R","E","T","M","M","?","M","M","PTL","PTL","R","B",null,"M","M","M","?","M","E","R","PTL","PTL","$","T","M","M","M","M","M","R","B",null],"character_chosen":"IRONCLAD","items_purchased":["ReplayTheSpireMod:ShopPack","ReplayUltimateDefense","Red Skull","StoneCalendar"],"campfire_rested":1,"item_purchase_floors":[20,46,46,46],"current_hp_per_floor":[80,80,78,70,70,67,58,53,53,53,53,58,58,68,68,76,80,79,79,78,62,62,57,57,60,60,65,65,65,70,70,70,70,70,64,74,58,62,43,43,62,61,74,74,74,72,72,72,72,70,72,72,72,72],"gold":403,"neow_bonus":"BOSS_RELIC","is_daily":false,"chose_seed":false,"campfire_upgraded":2,"win_rate":0.0,"timestamp":1611388829,"path_taken":["M","?","?","M","$","M","M","M","T","?","R","M","?","E","R","BOSS","M","?","$","?","?","E","R","E","T","?","M","?","M","M","PTL","PTL","R","BOSS","M","M","M","?","M","E","R","PTL","PTL","?","T","M","M","M","M","M","R","BOSS"],"items_purchased_type":["Relic","Card","Relic","Relic"],"build_version":"2020-12-22","purchased_purges":2,"victory":true,"max_hp_per_floor":[80,80,80,80,80,80,80,80,80,80,80,80,80,80,80,80,80,80,80,78,78,78,76,76,76,76,76,76,76,76,76,76,76,74,74,74,74,74,74,74,74,74,74,74,74,72,72,72,72,72,72,72,72,72],"card_choices":[{"not_picked":["Shrug It Off","True Grit"],"picked":"Replay:Undeath\u0027s Touch","floor":1.0},{"not_picked":["ReplayTheSpireMod:Strike From Hell","Sword Boomerang"],"picked":"Metallicize","floor":3.0},{"not_picked":["Thunderclap","Dropkick"],"picked":"Flex","floor":4.0},{"not_picked":["Abandon","Intimidate"],"picked":"ReplayTheSpireMod:LeadingStrike","floor":6.0},{"not_picked":["Pommel Strike","Armaments"],"picked":"Entrench","floor":7.0},{"not_picked":["Flex","Warcry"],"picked":"Armaments","floor":8.0},{"not_picked":["Iron Wave","Run Through"],"picked":"Entrench","floor":12.0},{"not_picked":["Clash","Carnage"],"picked":"Headbutt","floor":14.0},{"not_picked":["Demonic Infusion","Bludgeon"],"picked":"Limit Break","floor":16.0},{"not_picked":["Iron Wave","Warcry+1"],"picked":"Run Through","floor":18.0},{"not_picked":["Sadistic Nature","Magnetism"],"picked":"Apotheosis","floor":20.0},{"not_picked":["PanicButton","Trip"],"picked":"Replay:Parry","floor":20.0},{"not_picked":["Purity","Discovery"],"picked":"Replay:Sssssssssshield","floor":20.0},{"not_picked":["Searing Blow+1","Entrench+1"],"picked":"ReplayReversal+1","floor":23.0},{"not_picked":["Flex","Searing Blow"],"picked":"Body Slam+1","floor":25.0},{"not_picked":["Warcry","Perfected Strike+1"],"picked":"Disarm","floor":27.0},{"not_picked":["Inflame","Rupture"],"picked":"Metallicize+1","floor":28.0},{"not_picked":["Battle Trance+1","Massacre"],"picked":"Cleave","floor":30.0},{"not_picked":["Body Slam","Heavy Blade"],"picked":"Seeing Red+1","floor":31.0},{"not_picked":["Offering","Bludgeon"],"picked":"Impervious","floor":35.0},{"not_picked":["Burning Pact+1","Flex"],"picked":"Second Wind","floor":37.0},{"not_picked":["Carnage+1","Clash+1"],"picked":"Intimidate","floor":38.0},{"not_picked":["Twin Strike","Bloodletting","Thunderclap"],"picked":"SKIP","floor":39.0},{"not_picked":["Abandon+1","Bloodletting+1"],"picked":"Shockwave+1","floor":41.0},{"not_picked":["Uppercut","Heavy Blade+1"],"picked":"Flame Barrier+1","floor":42.0},{"not_picked":["Intimidate+1","Anger+1"],"picked":"Flex","floor":43.0},{"not_picked":["Pummel+1","Headbutt+1","Bloodletting"],"picked":"SKIP","floor":48.0},{"not_picked":["Clothesline","Reckless Charge+1","Searing Blow+1"],"picked":"SKIP","floor":49.0},{"not_picked":["Headbutt","Sword Boomerang+1"],"picked":"Sever Soul+1","floor":50.0},{"not_picked":["Run Through","Replay:Many Hands"],"picked":"Life Link+1","floor":51.0},{"not_picked":["Life Link","Armaments"],"picked":"Heavy Blade+1","floor":52.0}],"player_experience":3532,"relics_obtained":[{"floor":9.0,"key":"Centennial Puzzle"},{"floor":10.0,"key":"Ring of Peace"},{"floor":10.0,"key":"ReplayTheSpireMod:Ring of Addiction"},{"floor":10.0,"key":"Toy Ornithopter"},{"floor":10.0,"key":"White Beast Statue"},{"floor":14.0,"key":"Dream Catcher"},{"floor":21.0,"key":"Enchiridion"},{"floor":23.0,"key":"Replay:Bandana"},{"floor":25.0,"key":"ReplayTheSpireMod:Shallot"},{"floor":26.0,"key":"Paper Frog"},{"floor":42.0,"key":"Snack Pack"},{"floor":47.0,"key":"Kunai"},{"floor":53.0,"key":"Vajra"}],"event_choices":[{"damage_healed":0.0,"max_hp_gain":0.0,"max_hp_loss":0.0,"gold_gain":0.0,"event_name":"Accursed Blacksmith","player_choice":"Rummage","floor":2.0,"gold_loss":0.0,"damage_taken":0.0,"relics_obtained":["WarpedTongs"],"cards_obtained":["Pain"]},{"damage_healed":0.0,"max_hp_gain":0.0,"max_hp_loss":0.0,"gold_gain":0.0,"cards_transformed":["Strike_R","Strike_R"],"event_name":"Drug Dealer","player_choice":"Became Test Subject","floor":19.0,"gold_loss":0.0,"damage_taken":0.0,"cards_obtained":["Headbutt","Replay:Undeath\u0027s Touch"]},{"damage_healed":0.0,"max_hp_gain":0.0,"max_hp_loss":0.0,"gold_gain":0.0,"event_name":"Cursed Tome","player_choice":"Obtained Book","floor":21.0,"gold_loss":0.0,"damage_taken":16.0},{"damage_healed":0.0,"max_hp_gain":0.0,"max_hp_loss":0.0,"gold_gain":99.0,"event_name":"Nest","player_choice":"Stole From Cult","floor":22.0,"gold_loss":0.0,"damage_taken":0.0},{"damage_healed":0.0,"max_hp_gain":0.0,"max_hp_loss":0.0,"gold_gain":0.0,"event_name":"Back to Basics","player_choice":"Simplicity","floor":29.0,"gold_loss":0.0,"damage_taken":0.0,"cards_upgraded":["Strike_R","Strike_R","Strike_R","Defend_R","Defend_R","Defend_R","Defend_R"]},{"damage_healed":0.0,"max_hp_gain":0.0,"max_hp_loss":0.0,"gold_gain":0.0,"event_name":"The Woman in Blue","player_choice":"Bought 0 Potions","floor":40.0,"gold_loss":0.0,"damage_taken":0.0}],"is_beta":false,"boss_relics":[{"not_picked":["Calling Bell","Cursed Key"],"picked":"bronze:MakeshiftBattery"},{"not_picked":["Painkiller Herb","SlaversCollar"],"picked":"Ooze Armor"}],"items_purged_floors":[5,13],"is_endless":false,"potions_floor_spawned":[3,6,8,12,14,16,18,23,25,27,28,30,31,35,37,38,39,41,42,48,49,50,51,52],"ascension_level":0}}