{"host":"w4b7hmige5bnqipq","time":1611407234,"event":{"mods":["2.2 Compatiblity","BaseMod","Colored Map","DeckTracker","Keyboard Shortcuts","Minty Spire (QoL Compilation)","Permanent Neow","Rare Cards Sparkle","SuperFastMode","everything is the same but u backflip on backflip","slay the spire mod where everything is the same but ironclad has a cowboy hat"],"gold_per_floor":[119,131,144,69,69,98,98,108,108,127,127,277,14,32,32,106,106,76,95,95,109,22,22,41,59,82,94,117,129,129],"floor_reached":29,"language":"KOR","playtime":860,"items_purged":["Strike_R","Doubt"],"score":458,"play_id":"72ba4d6f-71cc-419e-ae54-5c9e25738629","local_time":"20210123220714","is_ascension_mode":true,"campfire_choices":[{"floor":7,"key":"REST"},{"data":"Body Slam","floor":11,"key":"SMITH"},{"data":"Dark Embrace","floor":15,"key":"SMITH"},{"data":"Shockwave","floor":23,"key":"SMITH"},{"floor":27,"key":"REST"}],"circlet_count":0,"master_deck":["AscendersBane","Strike_R","Strike_R","Defend_R","Defend_R","Defend_R","Defend_R","Bash+1","Shockwave+1","Cleave+1","Body Slam+1","Power Through","Feed","Second Wind","Dark Embrace+1","Exhume","Feel No Pain","Shrug It Off"],"relics":["Burning Blood","HornCleat","Question Card","Whetstone","Busted Crown","MawBank"],"acts_visited":["Exordium","TheCity"],"potions_floor_usage":[8,14,24,28],"damage_taken":[{"damage":2.0,"enemies":"2 Louse","floor":1.0,"turns":4.0},{"damage":1.0,"enemies":"Small Slimes","floor":2.0,"turns":4.0},{"damage":9.0,"enemies":"Jaw Worm","floor":3.0,"turns":6.0},{"damage":55,"enemies":"3 Sentries","floor":6,"turns":11},{"damage":37,"enemies":"Exordium Thugs","floor":8,"turns":7},{"damage":0,"enemies":"Looter","floor":10,"turns":3},{"damage":0,"enemies":"2 Fungi Beasts","floor":14,"turns":3},{"damage":17,"enemies":"Slime Boss","floor":16,"turns":9},{"damage":6,"enemies":"2 Thieves","floor":18,"turns":4},{"damage":19,"enemies":"3 Byrds","floor":19,"turns":8},{"damage":3,"enemies":"Snecko","floor":21,"turns":4},{"damage":22,"enemies":"Shelled Parasite and Fungi","floor":24,"turns":4},{"damage":11,"enemies":"Centurion and Healer","floor":25,"turns":9},{"damage":2,"enemies":"3 Cultists","floor":28,"turns":6},{"damage":129,"enemies":"Gremlin Leader","floor":29,"turns":9}],"seed_played":"-1478122538735725328","potions_obtained":[{"floor":3,"key":"BloodPotion"},{"floor":6,"key":"BlessingOfTheForge"},{"floor":10,"key":"Ancient Potion"},{"floor":14,"key":"FairyPotion"},{"floor":24,"key":"Dexterity Potion"}],"is_trial":false,"path_per_floor":["M","M","M","$","?","E","R","M","T","M","R","?","$","M","R","B",null,"M","M","?","M","$","R","M","M","T","R","M","E"],"character_chosen":"IRONCLAD","items_purchased":["Whetstone","Feel No Pain"],"campfire_rested":2,"item_purchase_floors":[13,22],"current_hp_per_floor":[54,59,56,56,56,7,29,13,13,19,19,19,19,29,29,18,64,64,57,45,48,48,48,32,27,27,52,59,0,0],"gold":129,"neow_bonus":"REMOVE_TWO","is_daily":false,"chose_seed":false,"campfire_upgraded":3,"win_rate":0.0,"timestamp":1611407234,"path_taken":["M","M","M","$","?","E","R","M","T","M","R","?","$","M","R","BOSS","M","M","?","M","?","R","M","M","T","R","M","E"],"items_purchased_type":["Relic","Card"],"build_version":"2020-12-22","purchased_purges":2,"victory":false,"max_hp_per_floor":[75,75,75,75,75,75,75,75,75,75,75,75,75,79,79,79,79,79,85,85,85,85,85,85,85,85,85,88,88,88],"card_choices":[{"not_picked":["Headbutt","Heavy Blade"],"picked":"Shockwave","floor":1.0},{"not_picked":["Sword Boomerang","Dark Embrace"],"picked":"Cleave","floor":2.0},{"not_picked":["Anger","Sword Boomerang"],"picked":"Body Slam","floor":3},{"not_picked":["Armaments","Pommel Strike"],"picked":"Power Through","floor":6},{"not_picked":["True Grit","Clash"],"picked":"Feed","floor":8},{"not_picked":["Armaments","Pummel","Twin Strike"],"picked":"Second Wind","floor":10},{"not_picked":["Clash","Thunderclap","Entrench"],"picked":"Dark Embrace","floor":14},{"not_picked":["Demon Form","Bludgeon","Berserk"],"picked":"Exhume","floor":16},{"not_picked":["Metallicize","Intimidate"],"picked":"SKIP","floor":18},{"not_picked":["Clothesline","Clash"],"picked":"SKIP","floor":19},{"not_picked":["Anger+1","Carnage"],"picked":"SKIP","floor":21},{"not_picked":["Anger+1","Carnage"],"picked":"SKIP","floor":21},{"not_picked":["Heavy Blade","Warcry"],"picked":"SKIP","floor":24},{"not_picked":["Armaments"],"picked":"Shrug It Off","floor":25},{"not_picked":["Sword Boomerang","Clash"],"picked":"SKIP","floor":28}],"player_experience":576947,"relics_obtained":[{"floor":6,"key":"HornCleat"},{"floor":9,"key":"Question Card"},{"floor":26,"key":"MawBank"}],"event_choices":[{"damage_healed":0,"gold_gain":0,"player_choice":"Leave","damage_taken":0,"max_hp_gain":0,"max_hp_loss":0,"event_name":"The Cleric","floor":5,"gold_loss":0},{"damage_healed":0,"gold_gain":150,"player_choice":"AGREE","damage_taken":0,"max_hp_gain":0,"max_hp_loss":0,"event_name":"Liars Game","floor":12,"gold_loss":0,"cards_obtained":["Doubt"]},{"damage_healed":0,"gold_gain":0,"player_choice":"Damaged","damage_taken":12,"max_hp_gain":0,"max_hp_loss":0,"event_name":"Wheel of Change","floor":20,"gold_loss":0}],"is_beta":false,"boss_relics":[{"not_picked":["Snecko Eye","Runic Cube"],"picked":"Busted Crown"}],"items_purged_floors":[4,13],"is_endless":false,"potions_floor_spawned":[3,6,10,14,19,24,25],"killed_by":"Gremlin Leader","ascension_level":20}}