{"host":"njo8qgvy2a57fcny","time":1611406933,"event":{"mods":["Ascension Unlocker","Aspiration","BaseMod","BetterRewards","CCEM","Colored Map","Colored Powertips","Conspire","Custom Start","Downfall","GifTheSpireLib","Halation","Hermit","Hubris","Infinite Spire","Jedi Mod","Mimic Mod","Minty Spire (QoL Compilation)","Quick Restart","Random Character Button","Random Character Mod","Rare Cards Sparkle","Relic Sorter","Replay The Spire","Shop Mod","StSLib","Stuff the Spire","The Animator","The Jungle","The Runesmith","The Servant 0.9.4","vexMod"],"gold_per_floor":[109,126,126,161,12,32,32,44,44,76,76,76,76,96,96,96,96],"floor_reached":16,"language":"ENG","playtime":840,"items_purged":[],"score":200,"play_id":"411a6b0e-36c8-4f1e-b54f-38afdf3208a2","local_time":"20210124000213","is_ascension_mode":true,"campfire_choices":[{"data":"SurpressingFire","floor":11,"key":"SMITH"},{"data":"SurpressingFire","floor":13,"key":"SMITH"}],"circlet_count":0,"master_deck":["AscendersBane","Strike_S","Strike_S","Strike_S","Defend_S","Defend_S","Defend_S","Defend_S","KidneyShot","Exchange","Misdirection","SurpressingFire+1","SurpressingFire+1","MurderousAura","ShatteredReality","Alleviate","ShatteredReality","Potential","Initiator"],"relics":["Uniform","NeowsBlessing","infinitespire:Lychee Nut","Mummified Hand","Toy Ornithopter","hubris:Towel"],"acts_visited":["Exordium"],"potions_floor_usage":[8,10,14,16],"damage_taken":[{"damage":0,"enemies":"Small Slimes","floor":1,"turns":1},{"damage":0,"enemies":"2 Louse","floor":2,"turns":1},{"damage":0,"enemies":"conspire:MimicChest","floor":4,"turns":1},{"damage":1,"enemies":"Jaw Worm","floor":6,"turns":4},{"damage":11,"enemies":"Red Slaver","floor":8,"turns":5},{"damage":11,"enemies":"Lagavulin","floor":10,"turns":7},{"damage":8,"enemies":"Exordium Thugs","floor":14,"turns":4},{"damage":63,"enemies":"Fading Forest","floor":16,"turns":13}],"seed_played":"1455249917075894279","potions_obtained":[{"floor":1,"key":"Guardian:BlockOnCardUsePotion"},{"floor":2,"key":"DuplicationPotion"},{"floor":10,"key":"Fire Potion"},{"floor":14,"key":"sneckomod:MuddlingPotion"}],"is_trial":false,"path_per_floor":["M","M","?","?","$","M","$","M","T","E","R","?","R","M","R_BF","B"],"character_chosen":"THE_SERVANT","items_purchased":["MurderousAura"],"campfire_rested":0,"item_purchase_floors":[5],"current_hp_per_floor":[54,54,51,45,45,44,44,35,35,30,30,30,30,33,33,0,0],"gold":96,"neow_bonus":"THREE_ENEMY_KILL","is_daily":false,"chose_seed":false,"campfire_upgraded":2,"win_rate":0.0,"timestamp":1611406933,"path_taken":["M","M","?","?","$","?","?","M","T","E","R","?","R","M","R_BF","BOSS"],"items_purchased_type":["Card"],"build_version":"2020-12-22","purchased_purges":0,"victory":false,"max_hp_per_floor":[60,60,60,45,45,45,45,45,45,45,45,45,45,45,45,45,45],"card_choices":[{"not_picked":["FanOfKnives","Rewind"],"picked":"Misdirection","floor":1},{"not_picked":["Foresight","FanOfKnives"],"picked":"SurpressingFire","floor":2},{"not_picked":["Defy","Misdirection"],"picked":"SurpressingFire","floor":4},{"not_picked":["FastForward","DualDimension"],"picked":"ShatteredReality","floor":6},{"not_picked":["StarChef","Collapse"],"picked":"Alleviate","floor":8},{"not_picked":["Spin","TimeWarp"],"picked":"ShatteredReality","floor":10},{"not_picked":["BottledTime","Unruled"],"picked":"Potential","floor":14}],"player_experience":674001,"relics_obtained":[{"floor":4,"key":"infinitespire:Lychee Nut"},{"floor":9,"key":"Mummified Hand"},{"floor":10,"key":"Toy Ornithopter"}],"event_choices":[{"damage_healed":0,"gold_gain":0,"player_choice":"Leave","damage_taken":0,"max_hp_gain":0,"max_hp_loss":0,"event_name":"conspire:Investor","floor":3,"gold_loss":0}],"is_beta":false,"boss_relics":[],"items_purged_floors":[],"is_endless":false,"potions_floor_spawned":[1,2,6,10,14],"killed_by":"Fading Forest","ascension_level":20}}