{"host":"kerxro2ytzukjey9","time":1611377877,"event":{"mods":["BaseMod","Colored Map","Downfall","Minty Spire (QoL Compilation)","Permanent Neow","StSLib"],"gold_per_floor":[349,360,82,98,114,214,214,224,124,151,151,186,186,32,46,146,146,146,158,258,270,287,303,303,317,350,299,333,333,333,333,345,447,447,447,463,475,549,152,52,52,52,79,96,106,6,6,33,53,53,53,87,61,61,61,61],"floor_reached":57,"language":"ENG","playtime":3595,"items_purged":["bronze:Defend","bronze:Strike","bronze:Strike"],"score":1616,"play_id":"cc396a57-abd8-4e1a-8f2b-39c133c544bf","local_time":"20210122235757","is_ascension_mode":true,"campfire_choices":[{"floor":1.0,"key":"RECALL"},{"data":"bronze:Iterate","floor":9.0,"key":"SMITH"},{"data":"bronze:Goto","floor":13.0,"key":"SMITH"},{"data":"bronze:CutThrough","floor":18.0,"key":"SMITH"},{"data":"bronze:Iterate","floor":29,"key":"SMITH"},{"data":"bronze:Iterate","floor":35,"key":"SMITH"},{"data":"bronze:Iterate","floor":40,"key":"SMITH"},{"floor":46,"key":"REST"},{"data":"bronze:CutThrough","floor":54,"key":"SMITH"}],"circlet_count":0,"master_deck":["bronze:Defend","bronze:Replicate","bronze:Goto+1","bronze:ClassDefault","bronze:Iterate+1","bronze:Boost","bronze:InfiniteBeams","bronze:Repair","downfall:Haunted","downfall:Haunted","downfall:Aged","Parasite","bronze:AlphaBuild","downfall:Aged","bronze:Branch","bronze:Shield","bronze:Overload","bronze:CutThrough+1","bronze:Iterate+1","bronze:Terminator","bronze:Verify","bronze:Turbo+1","bronze:CutThrough+1","bronze:Iterate+1","bronze:Iterate+1","bronze:ForLoop+1","bronze:BitShift","bronze:Invalidate","bronze:Virus","bronze:Iterate+1","bronze:Format","bronze:BuggyMess+1","expansioncontent:DashGenerateEvil","bronze:Frontload","Decay","bronze:FineTuning+1","bronze:Format","bronze:MaxOutput+1"],"relics":["bronze:PlatinumCore","Membership Card","Vajra","Du-Vu Doll","Shuriken","downfall:HeartBlessingRed","TungstenRod","DollysMirror","SacredBark","Mango","Boot","FossilizedHelix","Pen Nib","OrangePellets","Sundial","Centennial Puzzle","Meat on the Bone","downfall:HeartBlessingBlue","InkBottle","Art of War","downfall:HeartBlessingGreen","Ice Cream","Strawberry"],"acts_visited":["Exordium","TheCity","TheBeyond","TheEnding"],"potions_floor_usage":[28,33,48,48,55,56,56,56,56,56],"damage_taken":[{"damage":5.0,"enemies":"Small Slimes","floor":2.0,"turns":5.0},{"damage":0.0,"enemies":"downfall:FleeingMerchant","floor":3.0,"turns":4.0},{"damage":0.0,"enemies":"2 Louse","floor":4.0,"turns":2.0},{"damage":1.0,"enemies":"Jaw Worm","floor":5.0,"turns":3.0},{"damage":9.0,"enemies":"Red Slaver","floor":8.0,"turns":3.0},{"damage":4.0,"enemies":"Gremlin Nob","floor":10.0,"turns":3.0},{"damage":9.0,"enemies":"3 Sentries","floor":12.0,"turns":3.0},{"damage":1.0,"enemies":"downfall:FleeingMerchant","floor":14.0,"turns":4.0},{"damage":0.0,"enemies":"3 Louse","floor":15.0,"turns":2.0},{"damage":20.0,"enemies":"IC_STATUS_ARCHETYPE","floor":16.0,"turns":3.0},{"damage":0.0,"enemies":"Shell Parasite","floor":19.0,"turns":2.0},{"damage":0.0,"enemies":"Spheric Guardian","floor":21.0,"turns":2.0},{"damage":4.0,"enemies":"Chosen and Byrds","floor":22.0,"turns":3.0},{"damage":22.0,"enemies":"Shelled Parasite and Fungi","floor":23.0,"turns":6.0},{"damage":5.0,"enemies":"Snake Plant","floor":25.0,"turns":4.0},{"damage":2.0,"enemies":"Slavers","floor":26.0,"turns":4.0},{"damage":0.0,"enemies":"downfall:FleeingMerchant","floor":27.0,"turns":4.0},{"damage":27,"enemies":"Gremlin Leader","floor":28,"turns":6},{"damage":0,"enemies":"Cultist and Chosen","floor":32,"turns":2},{"damage":0,"enemies":"SI_MIRROR_ARCHETYPE","floor":33,"turns":2},{"damage":13,"enemies":"3 Darklings","floor":36,"turns":6},{"damage":0,"enemies":"3 Shapes","floor":37,"turns":3},{"damage":38,"enemies":"Nemesis","floor":43,"turns":3},{"damage":0,"enemies":"3 Darklings","floor":44,"turns":3},{"damage":4,"enemies":"4 Shapes","floor":45,"turns":4},{"damage":0,"enemies":"Reptomancer","floor":48,"turns":2},{"damage":4,"enemies":"Sphere and 2 Shapes","floor":49,"turns":1},{"damage":30,"enemies":"DF_ARCHETYPE_ORBS","floor":50,"turns":3},{"damage":0,"enemies":"downfall:CharBossMerchant","floor":52,"turns":4},{"damage":17,"enemies":"downfall:NeowBoss","floor":55,"turns":7},{"damage":0,"enemies":"downfall:NeowBossFinal","floor":56,"turns":4}],"seed_played":"-2109068192066975838","potions_obtained":[{"floor":2.0,"key":"SteroidPotion"},{"floor":4.0,"key":"EssenceOfSteel"},{"floor":8.0,"key":"Explosive Potion"},{"floor":15.0,"key":"EntropicBrew"},{"floor":19.0,"key":"Weak Potion"},{"floor":23.0,"key":"Strength Potion"},{"floor":26.0,"key":"Guardian:BlockOnCardUsePotion"},{"floor":28,"key":"sneckomod:MuddlingPotion"},{"floor":33,"key":"EntropicBrew"},{"floor":48,"key":"Swift Potion"}],"is_trial":false,"path_per_floor":["R","M","$","M","M","?","T","M","R","E","?","E","R","$","M","B",null,"R","M","?","M","M","M","T","M","E","$","E","R","?","?","M","B",null,"R","M","M","?","$","R","T","?","E","M","M","R","$","E","M","B",null,"E","$","R","B","B",null],"character_chosen":"THE_AUTOMATON","items_purchased":["Membership Card","Vajra","bronze:Boost","bronze:CutThrough","DollysMirror","FossilizedHelix","Pen Nib","bronze:Invalidate","OrangePellets","Centennial Puzzle","Meat on the Bone","Strength Potion","expansioncontent:DashGenerateEvil","bronze:Frontload","bronze:FreeFunctionsPotion"],"campfire_rested":1,"item_purchase_floors":[3,3,3,14,14,27,27,27,27,39,39,39,39,39,53],"current_hp_per_floor":[63,58,58,58,57,62,62,60,60,63,63,54,54,60,67,47,68,68,68,68,68,64,42,56,51,56,63,36,36,36,25,32,32,82,82,69,69,69,69,79,79,79,53,60,56,83,83,83,79,49,92,99,99,99,89,96],"gold":61,"neow_bonus":"TWO_FIFTY_GOLD","is_daily":false,"chose_seed":false,"campfire_upgraded":7,"win_rate":0.0,"timestamp":1611377877,"path_taken":["R","M","$","M","M","?","T","M","R","E","?","E","R","$","M","BOSS","R","M","?","M","M","M","T","M","E","$","E","R","?","?","M","BOSS","R","M","M","?","$","R","T","?","E","M","M","R","$","E","M","BOSS","E","$","R","BOSS","BOSS"],"items_purchased_type":["Relic","Relic","Card","Card","Relic","Relic","Relic","Card","Relic","Relic","Relic","Potion","Card","Card","Potion"],"build_version":"2020-12-22","purchased_purges":3,"victory":true,"max_hp_per_floor":[63,63,63,63,63,68,68,68,68,68,68,68,68,68,68,68,68,68,68,68,68,68,68,82,82,82,82,82,82,82,82,82,82,82,82,82,82,82,82,92,92,92,92,92,92,92,92,92,92,92,92,99,99,99,99,99],"card_choices":[{"not_picked":["bronze:Separator","bronze:BugBarrage"],"picked":"bronze:ClassDefault","floor":2.0},{"not_picked":["bronze:Branch","bronze:BugBarrage"],"picked":"bronze:Iterate","floor":3.0},{"not_picked":["bronze:Deprecate","bronze:CutThrough"],"picked":"bronze:InfiniteBeams","floor":4.0},{"not_picked":["bronze:Safeguard","bronze:Invalidate"],"picked":"bronze:Repair","floor":5.0},{"not_picked":["bronze:Overload","bronze:BuggyMess"],"picked":"bronze:Branch","floor":8.0},{"not_picked":["bronze:DelayedGuard","bronze:Separator"],"picked":"bronze:Shield","floor":10.0},{"not_picked":["bronze:Branch","bronze:BuggyMess"],"picked":"bronze:Overload","floor":12.0},{"not_picked":["bronze:DelayedSlice","bronze:Constructor","bronze:Break"],"picked":"SKIP","floor":14.0},{"not_picked":["bronze:Invalidate","bronze:Shield"],"picked":"bronze:Terminator","floor":15.0},{"not_picked":["bronze:Hardcode","bronze:AlphaBuild"],"picked":"bronze:Verify","floor":16.0},{"not_picked":["bronze:InfiniteBeams","bronze:Overload+1"],"picked":"bronze:Turbo+1","floor":19.0},{"not_picked":["bronze:DelayedGuard","bronze:BuggyMess"],"picked":"bronze:CutThrough","floor":21.0},{"not_picked":["bronze:Turbo","bronze:DelayedGuard","bronze:CutThrough"],"picked":"SKIP","floor":22.0},{"not_picked":["bronze:Shell","bronze:Constructor"],"picked":"bronze:Iterate","floor":23.0},{"not_picked":["bronze:Invalidate","bronze:WildBeam+1"],"picked":"bronze:Iterate","floor":25.0},{"not_picked":["bronze:DelayedGuard+1","bronze:Fortify"],"picked":"bronze:ForLoop+1","floor":26.0},{"not_picked":["bronze:Philosophize","bronze:CloningBeam"],"picked":"bronze:BitShift","floor":27.0},{"not_picked":["bronze:ForLoop+1","bronze:ChosenStrike+1"],"picked":"bronze:Virus","floor":28},{"not_picked":["bronze:OilSpill","bronze:CutThrough"],"picked":"bronze:Iterate","floor":32},{"not_picked":["bronze:SpaghettiCode","bronze:Break"],"picked":"bronze:Format","floor":33},{"not_picked":["bronze:Separator+1","bronze:Terminator+1"],"picked":"bronze:BuggyMess+1","floor":36},{"not_picked":["bronze:BitShift","bronze:Flail","bronze:BronzeOrb+1"],"picked":"SKIP","floor":37},{"not_picked":["bronze:Shell","bronze:BuggyMess","bronze:Allocate+1"],"picked":"SKIP","floor":43},{"not_picked":["bronze:NullPointer","bronze:ForLoop","bronze:Separator+1"],"picked":"SKIP","floor":44},{"not_picked":["bronze:DelayedSlice+1","bronze:OilSpill"],"picked":"bronze:FineTuning+1","floor":45},{"not_picked":["bronze:Invalidate+1","bronze:Philosophize"],"picked":"bronze:Format","floor":48},{"not_picked":["bronze:CutThrough","bronze:FineTuning+1"],"picked":"bronze:MaxOutput+1","floor":49},{"not_picked":["bronze:BurnOut","bronze:WildBeam","bronze:Shield"],"picked":"SKIP","floor":52}],"player_experience":775660,"relics_obtained":[{"floor":7.0,"key":"Shuriken"},{"floor":12.0,"key":"TungstenRod"},{"floor":24.0,"key":"Mango"},{"floor":26.0,"key":"Boot"},{"floor":28,"key":"Sundial"},{"floor":41,"key":"InkBottle"},{"floor":43,"key":"Art of War"},{"floor":48,"key":"Ice Cream"},{"floor":52,"key":"Strawberry"}],"event_choices":[],"is_beta":false,"boss_relics":[{"not_picked":["Fusion Hammer","expansioncontent:StudyCardRelic"],"picked":"SacredBark"},{"not_picked":["Snecko Eye","bronze:MakeshiftBattery"],"picked":"bronze:PlatinumCore"}],"items_purged_floors":[14,27,39],"is_endless":false,"potions_floor_spawned":[2,4,8,15,19,23,26,28,32,33,43,44,48,52],"ascension_level":1}}