{"host":"szzymzkf8nw8othj","time":1611441587,"event":{"mods":["AchievementEnabler","BaseMod","Downfall","Minty Spire (QoL Compilation)","Replay The Spire","StSLib","The Animator"],"gold_per_floor":[99,99,99,199,211,238,265,283,301,315,315,249,49,69,88,193,193,93,93,110,129,129,40,64,64,49,49,66,80,80,135,151,255,255,255,275,294,294,294,39,91,117,117,117,127,146,146,185,200,200,200,200],"floor_reached":50,"language":"ENG","playtime":4223,"items_purged":["champ:Strike"],"score":492,"play_id":"4897f520-5679-4ee4-a4f2-88549e9ecafa","local_time":"20210123173947","is_ascension_mode":false,"campfire_choices":[{"data":"champ:Taunt","floor":1.0,"key":"SMITH"},{"floor":13,"key":"RECALL"},{"data":"champ:GladiatorForm","floor":18,"key":"SMITH"},{"data":"champ:FanOfKnives","floor":27,"key":"SMITH"},{"data":"champ:Backstep","floor":35,"key":"SMITH"},{"floor":44,"key":"REST"}],"circlet_count":0,"master_deck":["champ:Strike","champ:Strike","champ:Strike","champ:Defend","champ:Defend","champ:Execute","champ:Taunt+1","champ:Duel","champ:ShieldSigil","champ:BerserkersShout","champ:Lariat","champ:IronFortress","champ:FlashCut","champ:FocusedBerserking+1","champ:Backstep+1","champ:FanOfKnives+1","champ:Encircle","champ:GladiatorForm+1","champ:CrookedStrike+1","champ:HeartStrike+1","champ:DefensiveStyle+1","champ:EnragedBash+1","champ:IgnorePain","champ:SwordThrow","champ:CalledShot+1"],"relics":["champ:ChampionCrown","downfall:HeartsMalice","CloakClasp","MealTicket","downfall:HeartBlessingGreen","downfall:HeartBlessingBlue","downfall:HeartBlessingRed","Tiny Chest","Replay:Bottled Flurry","Bag of Marbles","SacredBark","White Beast Statue","ReplayFunnel","Bronze Scales","Pear","HandDrill"],"acts_visited":["Exordium","TheCity","TheBeyond"],"potions_floor_usage":[9,9,9,16,16,23,26,29,32,33,40,46,48,49,49],"damage_taken":[{"damage":0.0,"enemies":"Cultist","floor":2.0,"turns":1.0},{"damage":0.0,"enemies":"Small Slimes","floor":3.0,"turns":1.0},{"damage":0.0,"enemies":"Small Slimes","floor":4.0,"turns":1.0},{"damage":5.0,"enemies":"2 Louse","floor":5.0,"turns":4.0},{"damage":0.0,"enemies":"Lagavulin","floor":6.0,"turns":5.0},{"damage":51.0,"enemies":"2 Fungi Beasts","floor":8.0,"turns":3.0},{"damage":54,"enemies":"Exordium Thugs","floor":9,"turns":7},{"damage":37,"enemies":"3 Louse","floor":10,"turns":4},{"damage":60,"enemies":"downfall:FleeingMerchant","floor":12,"turns":4},{"damage":30,"enemies":"2 Fungi Beasts","floor":14,"turns":4},{"damage":52,"enemies":"Large Slime","floor":15,"turns":5},{"damage":60,"enemies":"IC_STATUS_ARCHETYPE","floor":16,"turns":4},{"damage":41,"enemies":"3 Byrds","floor":20,"turns":5},{"damage":7,"enemies":"Chosen","floor":21,"turns":6},{"damage":74,"enemies":"downfall:FleeingMerchant","floor":23,"turns":4},{"damage":15,"enemies":"downfall:FleeingMerchant","floor":26,"turns":4},{"damage":32,"enemies":"Snake Plant","floor":28,"turns":4},{"damage":29,"enemies":"3 Cultists","floor":29,"turns":5},{"damage":36,"enemies":"Sentry and Sphere","floor":32,"turns":5},{"damage":96,"enemies":"WA_ARCHETYPE_CALM","floor":33,"turns":9},{"damage":119,"enemies":"3 Darklings","floor":36,"turns":8},{"damage":12,"enemies":"3 Shapes","floor":37,"turns":2},{"damage":35,"enemies":"downfall:FleeingMerchant","floor":40,"turns":4},{"damage":43,"enemies":"Jaw Worm Horde","floor":45,"turns":4},{"damage":85,"enemies":"Spire Growth","floor":46,"turns":6},{"damage":40,"enemies":"downfall:FleeingMerchant","floor":48,"turns":4},{"damage":64,"enemies":"Maw","floor":49,"turns":5},{"damage":150,"enemies":"DF_ARCHETYPE_ORBS","floor":50,"turns":9}],"seed_played":"2581472005645954156","potions_obtained":[{"floor":4.0,"key":"Elixir"},{"floor":5.0,"key":"Reflective Coating"},{"floor":6.0,"key":"FearPotion"},{"floor":8.0,"key":"Dexterity Potion"},{"floor":9,"key":"Strength Potion"},{"floor":20,"key":"champ:TechniquePotion"},{"floor":28,"key":"Energy Potion"},{"floor":29,"key":"DistilledChaos"},{"floor":32,"key":"FearPotion"},{"floor":37,"key":"Block Potion"},{"floor":45,"key":"SpeedPotion"},{"floor":46,"key":"SpeedPotion"},{"floor":48,"key":"CultistPotion"},{"floor":49,"key":"Elixir"}],"is_trial":false,"path_per_floor":["R","M","M","?","M","E","T","M","M","M","?","$","R","M","M","B",null,"R","?","M","M","?","$","T","?","$","R","M","M","T","T","M","B",null,"R","M","M","?","?","$","T","?","T","R","M","M","?","$","M","B"],"character_chosen":"THE_CHAMP","items_purchased":["PowerPotion","EssenceOfSteel","White Beast Statue","Energy Potion","HandDrill","ColorlessPotion"],"campfire_rested":1,"item_purchase_floors":[12,23,40,48,48,48],"current_hp_per_floor":[90,90,90,90,90,90,90,79,70,68,68,83,93,93,86,81,100,100,100,94,92,92,91,91,91,100,100,88,79,79,79,73,27,100,100,46,34,34,34,49,49,49,59,92,79,39,96,96,82,0,0,0],"gold":200,"neow_bonus":"THREE_ENEMY_KILL","is_daily":false,"chose_seed":false,"campfire_upgraded":4,"win_rate":0.0,"timestamp":1611441587,"path_taken":["R","?","M","?","M","E","T","M","M","M","?","$","R","M","M","BOSS","R","?","M","M","?","$","T","?","$","R","?","M","?","?","M","BOSS","R","M","M","?","?","$","T","?","?","R","M","M","?","$","M","BOSS"],"items_purchased_type":["Potion","Potion","Relic","Potion","Relic","Potion"],"build_version":"2020-12-22","purchased_purges":1,"victory":false,"max_hp_per_floor":[90,90,90,90,90,90,90,90,90,90,90,90,100,100,100,100,100,100,100,100,100,100,100,100,100,100,100,100,100,100,100,100,100,100,100,100,100,100,100,100,100,100,110,110,110,110,96,96,96,96,96,96],"card_choices":[{"not_picked":["champ:CrownThrow","champ:CalledShot"],"picked":"champ:Duel","floor":2.0},{"not_picked":["champ:FaceSlap","champ:FocusedBerserking"],"picked":"champ:ShieldSigil","floor":3.0},{"not_picked":["champ:FalseCounter","champ:Endure"],"picked":"champ:BerserkersShout","floor":4.0},{"not_picked":["champ:CrookedStrike","champ:EnGarde"],"picked":"champ:IronFortress","floor":5.0},{"not_picked":["champ:BerserkerStyle","champ:TornadoPunch"],"picked":"champ:Lariat","floor":6.0},{"not_picked":["champ:EnGarde","champ:ShieldSigil"],"picked":"champ:IronFortress","floor":8.0},{"not_picked":["champ:PreemptiveStrike","champ:BladeFlurry"],"picked":"champ:FlashCut","floor":9},{"not_picked":["champ:DancingMaster","champ:BladeFlurry","champ:ShieldSigil"],"picked":"SKIP","floor":10},{"not_picked":["champ:HeavySlash","champ:Endure"],"picked":"champ:Backstep","floor":12},{"not_picked":["champ:CalledShot","champ:ShieldSigil"],"picked":"champ:FanOfKnives","floor":14},{"not_picked":["champ:Parry","champ:EndlessRage"],"picked":"champ:Encircle","floor":15},{"not_picked":["champ:UltimateStance","champ:ShieldThrow"],"picked":"champ:GladiatorForm","floor":16},{"not_picked":["champ:GutPunch","champ:EnGarde+1"],"picked":"champ:CrookedStrike+1","floor":20},{"not_picked":["champ:Endure","champ:Parry"],"picked":"champ:HeartStrike+1","floor":21},{"not_picked":["champ:FlashCut","champ:Backstep","champ:FancyFootwork"],"picked":"SKIP","floor":23},{"not_picked":["champ:Backstep","champ:GladiatorStyle","champ:BringItOn"],"picked":"SKIP","floor":26},{"not_picked":["champ:EnGarde","champ:ShieldSigil"],"picked":"champ:DefensiveStyle+1","floor":28},{"not_picked":["champ:Duel+1","champ:ShieldSigil+1","champ:BladeFlurry+1"],"picked":"SKIP","floor":29},{"not_picked":["champ:FanOfKnives","champ:FocusedBerserking"],"picked":"champ:EnragedBash+1","floor":32},{"not_picked":["champ:CheapShot","champ:GladiatorForm"],"picked":"champ:IgnorePain","floor":33},{"not_picked":["champ:BerserkersShout+1","champ:Haymaker","champ:Lariat+1"],"picked":"SKIP","floor":36},{"not_picked":["champ:FalseCounter","champ:EnGarde+1","champ:HeartStrike"],"picked":"SKIP","floor":37},{"not_picked":["champ:FancyFootwork+1","champ:ArenaPreparation+1","champ:FlashCut"],"picked":"SKIP","floor":40},{"not_picked":["champ:CrownThrow","champ:AdrenalArmor+1","champ:TornadoPunch+1"],"picked":"SKIP","floor":45},{"not_picked":["champ:BerserkersShout+1","champ:EnragedBash","champ:PerfectedStrike+1"],"picked":"SKIP","floor":46},{"not_picked":["champ:FanOfKnives+1","champ:CrownThrow"],"picked":"champ:SwordThrow","floor":48},{"not_picked":["champ:Circumvent","champ:Haymaker+1"],"picked":"champ:CalledShot+1","floor":49}],"player_experience":771696,"relics_obtained":[{"floor":4.0,"key":"CloakClasp"},{"floor":6.0,"key":"MealTicket"},{"floor":24,"key":"Tiny Chest"},{"floor":30,"key":"Replay:Bottled Flurry"},{"floor":31,"key":"Bag of Marbles"},{"floor":41,"key":"ReplayFunnel"},{"floor":42,"key":"Bronze Scales"},{"floor":43,"key":"Pear"}],"event_choices":[{"damage_healed":0,"gold_gain":0,"player_choice":"Ignored","damage_taken":0,"max_hp_gain":0,"max_hp_loss":0,"event_name":"Vampires","floor":19,"gold_loss":0},{"damage_healed":0,"gold_gain":0,"player_choice":"Ignored","damage_taken":0,"max_hp_gain":0,"max_hp_loss":0,"event_name":"Mysterious Sphere","floor":38,"gold_loss":0},{"cards_removed":["champ:Defend"],"damage_healed":0,"gold_gain":0,"player_choice":"Removed Skill","damage_taken":0,"max_hp_gain":0,"max_hp_loss":0,"event_name":"Falling","floor":39,"gold_loss":0}],"is_beta":false,"boss_relics":[{"not_picked":["Ring of Chaos","ReplayTheSpireMod:DimensionalGlitch","Snecko Eye"]},{"not_picked":["Velvet Choker","Abe\u0027s Treasure"],"picked":"SacredBark"}],"items_purged_floors":[48],"is_endless":false,"potions_floor_spawned":[4,5,6,8,9,16,20,28,29,32,37,45,46,48,49],"killed_by":"DF_ARCHETYPE_ORBS","ascension_level":0}}