{"host":"7sni158j623xchr2","time":1611382584,"event":{"mods":["BaseMod","Colored Map","Highlight Path","Minty Spire (QoL Compilation)","Permanent Neow","Potion Indicator Mod","Rare Cards Sparkle","Relic Sorter","Relic Stats","StSLib","everything is the same but u backflip on backflip"],"gold_per_floor":[111,111,286,307,307,346,67,85,85,13,27,67,88,129,129,248,248,261,161,184,184,40,74,74,105,154,197,197,56,56,56,56,180,180,205,205,230,253,586,586,619,619,619,653,653,669,669,699,699,699,699,699,87,114,114],"floor_reached":56,"language":"ENG","playtime":1570,"items_purged":["Doubt","Strike_G","Strike_G","Strike_G"],"score":1940,"play_id":"56274959-748a-49cc-a97e-c71d3798a847","local_time":"20210123001624","is_ascension_mode":true,"campfire_choices":[{"data":"Bouncing Flask","floor":15,"key":"SMITH"},{"data":"Catalyst","floor":24,"key":"SMITH"},{"data":"Catalyst","floor":28,"key":"SMITH"},{"floor":32,"key":"REST"},{"data":"Adrenaline","floor":40,"key":"SMITH"},{"floor":42,"key":"REST"},{"floor":49,"key":"RECALL"},{"data":"Adrenaline","floor":52,"key":"SMITH"}],"circlet_count":0,"master_deck":["Strike_G","Defend_G","Defend_G","Defend_G","Defend_G","Survivor","Neutralize","PiercingWail","Blade Dance","Bouncing Flask+1","Venomology","Deadly Poison","Catalyst+1","Catalyst+1","Backstab","Dagger Spray","Adrenaline+1","CurseOfTheBell","Poisoned Stab+1","Deflect","Adrenaline+1","Corpse Explosion","Calculated Gamble+1","PiercingWail+1","Cloak And Dagger+1","Bouncing Flask+1","Dash+1","Thinking Ahead","Quick Slash+1","Night Terror+1","Secret Technique+1","Acrobatics+1"],"relics":["Ring of the Snake","NeowsBlessing","Dead Branch","Bag of Marbles","Unceasing Top","Bronze Scales","StrikeDummy","Calling Bell","Dream Catcher","Ninja Scroll","Calipers","Membership Card","Oddly Smooth Stone","Matryoshka","Kunai","Letter Opener","Omamori","Cursed Key","FossilizedHelix","Mango","Toxic Egg 2","Paper Crane","Vajra","Sling","Orichalcum"],"acts_visited":["Exordium","TheCity","TheBeyond","TheEnding"],"potions_floor_usage":[12,14,14,18,23,27,33,33,33,38,41,44,46,46,48,50,53,54,55,55],"damage_taken":[{"damage":0,"enemies":"Jaw Worm","floor":1,"turns":1},{"damage":0,"enemies":"Small Slimes","floor":4,"turns":1},{"damage":0,"enemies":"Gremlin Nob","floor":6,"turns":1},{"damage":1,"enemies":"2 Louse","floor":8,"turns":4},{"damage":1,"enemies":"Exordium Thugs","floor":11,"turns":4},{"damage":7,"enemies":"Lagavulin","floor":12,"turns":3},{"damage":0,"enemies":"Looter","floor":13,"turns":1},{"damage":0,"enemies":"Gremlin Nob","floor":14,"turns":2},{"damage":16,"enemies":"Hexaghost","floor":16,"turns":6},{"damage":0,"enemies":"2 Thieves","floor":18,"turns":3},{"damage":6,"enemies":"Shell Parasite","floor":20,"turns":1},{"damage":24,"enemies":"Book of Stabbing","floor":23,"turns":3},{"damage":0,"enemies":"Gremlin Leader","floor":25,"turns":3},{"damage":0,"enemies":"Slavers","floor":27,"turns":4},{"damage":37,"enemies":"Champ","floor":33,"turns":6},{"damage":0,"enemies":"3 Shapes","floor":35,"turns":2},{"damage":1,"enemies":"Orb Walker","floor":37,"turns":2},{"damage":6,"enemies":"Sphere and 2 Shapes","floor":38,"turns":2},{"damage":15,"enemies":"Nemesis","floor":41,"turns":3},{"damage":0,"enemies":"Reptomancer","floor":44,"turns":3},{"damage":0,"enemies":"Jaw Worm Horde","floor":46,"turns":3},{"damage":0,"enemies":"Nemesis","floor":48,"turns":3},{"damage":34,"enemies":"Donu and Deca","floor":50,"turns":3},{"damage":0,"enemies":"Shield and Spear","floor":54,"turns":2},{"damage":0,"enemies":"The Heart","floor":55,"turns":5}],"seed_played":"1612232958472570540","potions_obtained":[{"floor":6,"key":"AttackPotion"},{"floor":12,"key":"Energy Potion"},{"floor":18,"key":"FearPotion"},{"floor":20,"key":"GhostInAJar"},{"floor":25,"key":"Energy Potion"},{"floor":35,"key":"SkillPotion"},{"floor":46,"key":"Energy Potion"},{"floor":54,"key":"DistilledChaos"}],"is_trial":false,"path_per_floor":["M","?","?","M","?","E","$","M","T","$","M","E","M","E","R","B",null,"M","$","M","?","$","E","R","E","T","E","R","$","?","$","R","B",null,"M","?","M","M","?","R","E","R","T","E","?","M","?","E","R","B",null,"R","$","E","B",null],"character_chosen":"THE_SILENT","items_purchased":["Bag of Marbles","Poison Potion","Catalyst","Membership Card","Omamori","Paper Crane","Vajra","Sling","Night Terror+1","Fruit Juice","Ancient Potion","Secret Technique+1"],"campfire_rested":2,"item_purchase_floors":[7,7,10,22,29,53,53,53,53,53,53,53],"current_hp_per_floor":[70,53,53,53,53,53,53,52,52,52,51,44,44,44,44,28,60,60,60,54,54,54,30,30,30,30,30,30,30,30,30,51,14,56,56,56,55,49,49,49,34,55,55,69,84,84,74,74,74,40,73,73,78,78,78],"gold":114,"neow_bonus":"THREE_ENEMY_KILL","is_daily":false,"chose_seed":false,"campfire_upgraded":5,"win_rate":0.0,"timestamp":1611382584,"path_taken":["M","?","?","M","?","E","$","M","T","$","M","E","M","E","R","BOSS","M","$","M","?","$","E","R","E","T","E","R","?","?","$","R","BOSS","M","?","M","M","?","R","E","R","T","E","?","M","?","E","R","BOSS","R","$","E","BOSS"],"items_purchased_type":["Relic","Potion","Card","Relic","Relic","Relic","Relic","Relic","Card","Potion","Potion","Card"],"build_version":"2020-12-22","purchased_purges":4,"victory":true,"max_hp_per_floor":[70,70,70,70,70,70,70,70,70,70,70,70,70,70,70,70,70,70,70,70,70,70,70,70,70,70,70,70,70,70,70,70,70,70,70,70,70,70,70,70,70,70,70,84,84,84,84,84,84,84,84,84,89,89,89],"relic_stats":{"Dream Catcher":2,"counters":[25,71],"Dead Branch":[204],"Bronze Scales":[167],"Kunai":[35],"Letter Opener":[197],"Orichalcum":[6],"Cursed Key":0,"obtain_stats":[{"Calipers":17,"Vajra":53,"Mango":44,"Cursed Key":34,"Sling":53,"Dream Catcher":17,"Matryoshka":25,"Ninja Scroll":17,"Kunai":26,"Toxic Egg 2":48,"Ring of the Snake":0,"NeowsBlessing":0,"Golden Idol":2,"Dead Branch":6,"Oddly Smooth Stone":23,"Omamori":29,"Letter Opener":27,"Paper Crane":53,"Orichalcum":54,"Calling Bell":17,"Bronze Scales":12,"Bag of Marbles":7,"Membership Card":22,"StrikeDummy":14,"Unceasing Top":9,"FossilizedHelix":41},{"Calipers":9,"Vajra":23,"Mango":20,"Cursed Key":15,"Sling":23,"Dream Catcher":9,"Matryoshka":13,"Ninja Scroll":9,"Kunai":13,"Toxic Egg 2":22,"Ring of the Snake":0,"NeowsBlessing":0,"Golden Idol":1,"Dead Branch":3,"Oddly Smooth Stone":12,"Omamori":14,"Letter Opener":14,"Paper Crane":23,"Orichalcum":24,"Calling Bell":9,"Bronze Scales":6,"Bag of Marbles":3,"Membership Card":11,"StrikeDummy":8,"Unceasing Top":4,"FossilizedHelix":19},{"Calipers":23,"Vajra":64,"Mango":55,"Cursed Key":43,"Sling":64,"Dream Catcher":23,"Matryoshka":33,"Ninja Scroll":23,"Kunai":33,"Toxic Egg 2":61,"Ring of the Snake":0,"NeowsBlessing":0,"Golden Idol":1,"Dead Branch":3,"Oddly Smooth Stone":30,"Omamori":37,"Letter Opener":37,"Paper Crane":64,"Orichalcum":66,"Calling Bell":23,"Bronze Scales":14,"Bag of Marbles":3,"Membership Card":27,"StrikeDummy":17,"Unceasing Top":7,"FossilizedHelix":52}],"Unceasing Top":[1],"Ring of the Snake":[50]},"card_choices":[{"not_picked":["Acrobatics","Flying Knee"],"picked":"PiercingWail","floor":1},{"not_picked":["Underhanded Strike","Prepared"],"picked":"Blade Dance","floor":4},{"not_picked":["Eviscerate","Cloak And Dagger"],"picked":"Venomology","floor":6},{"not_picked":["Backflip","Choke"],"picked":"Deadly Poison","floor":8},{"not_picked":["Flying Knee","Accuracy"],"picked":"Bane","floor":11},{"not_picked":["Endless Agony","Dash"],"picked":"Catalyst","floor":12},{"not_picked":["Deflect","Outmaneuver"],"picked":"Backstab","floor":13},{"not_picked":["Dagger Throw","Slice"],"picked":"Dagger Spray","floor":14},{"not_picked":["Night Terror","Envenom"],"picked":"Adrenaline","floor":16},{"not_picked":["Blade Dance+1","Dagger Spray+1"],"picked":"Poisoned Stab+1","floor":18},{"not_picked":["Prepared+1","Riddle With Holes+1","Terror"],"picked":"SKIP","floor":20},{"not_picked":["Die Die Die","Endless Agony"],"picked":"Deflect","floor":23},{"not_picked":["Deflect","Choke","Bouncing Flask"],"picked":"SKIP","floor":25},{"not_picked":["Masterful Stab","Riddle With Holes"],"picked":"Adrenaline","floor":27},{"not_picked":["Storm of Steel","Adrenaline"],"picked":"Corpse Explosion","floor":33},{"not_picked":["Cloak And Dagger","Blade Dance"],"picked":"Calculated Gamble+1","floor":35},{"not_picked":["Choke+1","Concentrate","Dagger Spray"],"picked":"SKIP","floor":37},{"not_picked":["Dodge and Roll+1","Outmaneuver+1"],"picked":"PiercingWail+1","floor":38},{"not_picked":["Prepared","Night Terror"],"picked":"Cloak And Dagger+1","floor":41},{"not_picked":["Choke","Backflip"],"picked":"Bouncing Flask+1","floor":44},{"not_picked":["Bouncing Flask+1","Leg Sweep"],"picked":"Dash+1","floor":46},{"not_picked":["Magnetism","Good Instincts"],"picked":"Thinking Ahead","floor":47},{"not_picked":["Endless Agony","Slice"],"picked":"Quick Slash+1","floor":48},{"not_picked":["Underhanded Strike+1","Wraith Form v2"],"picked":"Acrobatics+1","floor":54}],"player_experience":1683593,"relics_obtained":[{"floor":6,"key":"Dead Branch"},{"floor":9,"key":"Unceasing Top"},{"floor":12,"key":"Bronze Scales"},{"floor":14,"key":"StrikeDummy"},{"floor":17,"key":"Dream Catcher"},{"floor":17,"key":"Ninja Scroll"},{"floor":17,"key":"Calipers"},{"floor":23,"key":"Oddly Smooth Stone"},{"floor":25,"key":"Matryoshka"},{"floor":26,"key":"Kunai"},{"floor":27,"key":"Letter Opener"},{"floor":41,"key":"FossilizedHelix"},{"floor":44,"key":"Mango"},{"floor":48,"key":"Toxic Egg 2"},{"floor":54,"key":"Orichalcum"}],"event_choices":[{"damage_healed":0,"gold_gain":0,"player_choice":"Take Damage","damage_taken":17,"relics_obtained":["Golden Idol"],"max_hp_gain":0,"max_hp_loss":0,"event_name":"Golden Idol","floor":2,"gold_loss":0},{"damage_healed":0,"gold_gain":175,"player_choice":"AGREE","damage_taken":0,"max_hp_gain":0,"max_hp_loss":0,"event_name":"Liars Game","floor":3,"gold_loss":0,"cards_obtained":["Doubt"]},{"damage_healed":0,"gold_gain":0,"cards_transformed":["Defend_G"],"player_choice":"Change","damage_taken":0,"max_hp_gain":0,"max_hp_loss":0,"event_name":"Living Wall","floor":5,"gold_loss":0,"cards_obtained":["Bouncing Flask"]},{"cards_removed":["Strike_G"],"damage_healed":0,"gold_gain":0,"player_choice":"Offered Basic","damage_taken":0,"max_hp_gain":0,"max_hp_loss":0,"event_name":"Bonfire Elementals","floor":21,"gold_loss":0},{"damage_healed":0,"gold_gain":0,"player_choice":"Ignored","damage_taken":0,"max_hp_gain":0,"max_hp_loss":0,"event_name":"Vampires","floor":30,"gold_loss":0},{"cards_removed":["Bane"],"damage_healed":0,"gold_gain":0,"player_choice":"Removed Attack","damage_taken":0,"max_hp_gain":0,"max_hp_loss":0,"event_name":"Falling","floor":36,"gold_loss":0},{"damage_healed":0,"gold_gain":333,"player_choice":"Gave Idol","damage_taken":0,"max_hp_gain":0,"max_hp_loss":0,"event_name":"The Moai Head","floor":39,"relics_lost":["Golden Idol"],"gold_loss":0},{"damage_healed":21,"gold_gain":0,"player_choice":"Writhe","damage_taken":0,"max_hp_gain":0,"max_hp_loss":0,"event_name":"Winding Halls","floor":45,"gold_loss":0,"cards_obtained":["Writhe"]},{"damage_healed":0,"gold_gain":0,"player_choice":"Memory 3","damage_taken":10,"max_hp_gain":0,"max_hp_loss":0,"event_name":"SensoryStone","floor":47,"gold_loss":0}],"is_beta":false,"boss_relics":[{"not_picked":["Snecko Eye","Runic Dome"],"picked":"Calling Bell"},{"not_picked":["Black Star","Ring of the Serpent"],"picked":"Cursed Key"}],"items_purged_floors":[7,19,29,53],"is_endless":false,"potions_floor_spawned":[6,8,12,18,20,25,35,44,46,48,54],"ascension_level":5}}