{"host":"kabf61oc9jgfwufg","time":1611416492,"event":{"mods":["AchievementEnabler","Aspiration","BaseMod","Conspire","Defuse TimeMaze Blight","Energized Spire","GifTheSpireLib","Halation","HexUI Lib","Hubris","Hyrulean Relics","Infinite Spire","Melee Mod","Minty Spire (QoL Compilation)","Poor People Problems","Quick Restart","Rare Cards Sparkle","Replay The Spire","Shop Mod","Small Relic Pack","StSLib","Transform Curses"],"gold_per_floor":[119,177,177,177,191,191,223,237,237,259,295,295,315,329,329,425,425,462,480,495,495,507,507,524,538,538,538,538,557,593,604,604,604,604,615,715,715,729,729,759,773,809,834,853,853,863,894,919,919,919],"floor_reached":51,"language":"ENG","playtime":1180,"items_purged":["Strike_R"],"score":1103,"play_id":"9726a548-5a50-4ad4-93fc-68bf6b6aee28","local_time":"20210123154132","is_ascension_mode":true,"campfire_choices":[{"data":"Burning Pact","floor":6.0,"key":"SMITH"},{"data":"Havoc","floor":12,"key":"SMITH"},{"floor":23,"key":"REST"},{"data":"Bash","floor":27,"key":"SMITH"},{"floor":32,"key":"DIG"},{"data":"Burning Pact","floor":49,"key":"SMITH"}],"circlet_count":0,"master_deck":["Strike_R","Strike_R","Strike_R","Strike_R","Defend_R","Defend_R","Defend_R","Defend_R","Bash+1","ReplayTheSpireMod:Strike From Hell+1","Burning Pact+1","Havoc+1","infinitespire:OneForAll+1","Demon Form","infinitespire:OneForAll","hubris:InfiniteBlow+79","Burning Pact+1","Burning Pact+1","Dual Wield+1"],"relics":["Burning Blood","NeowsBlessing","ReplayTheSpireMod:Ninjato","relicPack:AllForOne","Pen Nib","halation:IllGainedPizza","Vajra","Runic Dome","Replay:Towering Pillar of Hats","Ring of Chaos","halation:QuantumPhysicsTextbook","MealTicket","ReplayTheSpireMod:Spearhead","hubris:ScarierMask","Black Blood","Nunchaku","Shuriken","hubris:MysteriousPyramids","infinitespire:Lucky Rock"],"acts_visited":["Exordium","TheCity","TheBeyond"],"potions_floor_usage":[16,28],"damage_taken":[{"damage":0.0,"enemies":"Small Slimes","floor":1.0,"turns":1.0},{"damage":0.0,"enemies":"2 Louse","floor":5.0,"turns":1.0},{"damage":0.0,"enemies":"3 Sentries","floor":7.0,"turns":1.0},{"damage":6.0,"enemies":"conspire:RoseBush","floor":8.0,"turns":3.0},{"damage":26.0,"enemies":"Exordium Thugs","floor":10.0,"turns":5.0},{"damage":6,"enemies":"Gremlin Nob","floor":11,"turns":3},{"damage":3,"enemies":"Gremlin Gang","floor":13,"turns":2},{"damage":12,"enemies":"3 Louse","floor":14,"turns":3},{"damage":13,"enemies":"Slime Boss","floor":16,"turns":8},{"damage":42,"enemies":"3 Byrds","floor":18,"turns":4},{"damage":0,"enemies":"Spheric Guardian","floor":19,"turns":3},{"damage":25,"enemies":"Centurion and Healer","floor":20,"turns":5},{"damage":0,"enemies":"conspire:HollyBat","floor":22,"turns":4},{"damage":0,"enemies":"Snecko","floor":24,"turns":2},{"damage":0,"enemies":"Centurion and Healer","floor":25,"turns":2},{"damage":21,"enemies":"Snake Plant","floor":29,"turns":2},{"damage":7,"enemies":"conspire:Head Lice","floor":30,"turns":2},{"damage":0,"enemies":"Snecko","floor":31,"turns":2},{"damage":0,"enemies":"Champ","floor":33,"turns":1},{"damage":0,"enemies":"Orb Walker","floor":35,"turns":2},{"damage":0,"enemies":"3 Darklings","floor":38,"turns":1},{"damage":0,"enemies":"Nemesis","floor":40,"turns":1},{"damage":14,"enemies":"4 Shapes","floor":41,"turns":4},{"damage":0,"enemies":"R_Hoarder","floor":42,"turns":4},{"damage":0,"enemies":"Maw","floor":44,"turns":1},{"damage":0,"enemies":"3 Darklings","floor":46,"turns":1},{"damage":0,"enemies":"Reptomancer","floor":47,"turns":2},{"damage":0,"enemies":"Nemesis","floor":48,"turns":1},{"damage":0,"enemies":"conspire:OrnateMirror","floor":50,"turns":2}],"seed_played":"342246301445727871","potions_obtained":[{"floor":11,"key":"PowerPotion"},{"floor":13,"key":"Block Potion"},{"floor":20,"key":"ColorlessPotion"},{"floor":25,"key":"Reflective Coating"},{"floor":28,"key":"Fruit Juice"},{"floor":28,"key":"Energy Potion"},{"floor":28,"key":"Dexterity Potion"}],"is_trial":false,"path_per_floor":["M","?","?","?","M","R","E","M","T","M","E","R","M","M","R","B",null,"M","M","M","AVR","M","R","M","M","T","R","?","M","E","M","R","B",null,"M","?","AVR","M","?","E","M","E","T","M","?","M","E","E","R","B",null],"character_chosen":"IRONCLAD","items_purchased":[],"campfire_rested":1,"item_purchase_floors":[],"current_hp_per_floor":[80,48,48,48,54,54,60,60,60,40,40,40,43,37,61,54,80,44,50,31,31,37,61,67,73,73,73,78,63,62,68,68,74,85,85,85,85,85,81,81,81,81,81,81,81,81,81,81,81,81],"gold":919,"neow_bonus":"THREE_ENEMY_KILL","is_daily":false,"chose_seed":false,"campfire_upgraded":4,"win_rate":0.0,"timestamp":1611416492,"path_taken":["M","?","?","?","M","R","E","?","T","M","E","R","M","M","R","BOSS","M","M","M","AVR","M","R","M","?","T","R","?","M","E","M","R","BOSS","M","?","AVR","?","?","E","M","E","T","M","?","M","E","E","R","BOSS"],"items_purchased_type":[],"build_version":"2020-12-22","purchased_purges":1,"victory":true,"max_hp_per_floor":[80,80,80,80,80,80,80,80,80,80,80,80,80,80,80,80,80,80,80,80,80,80,80,80,80,80,80,85,85,85,85,85,85,85,85,85,85,85,81,81,81,81,81,81,81,81,81,81,81,81],"card_choices":[{"not_picked":["Heavy Blade","Armaments","Anger"],"picked":"SKIP","floor":1.0},{"not_picked":["hubris:ReadiedAction","ReplayTheSpireMod:LeadingStrike"],"picked":"ReplayTheSpireMod:Strike From Hell","floor":2.0},{"not_picked":["Defy Death","Anger"],"picked":"Burning Pact","floor":5.0},{"not_picked":["Combust","Shockwave","Iron Wave"],"picked":"SKIP","floor":7.0},{"not_picked":["Metallicize","Clothesline"],"picked":"Havoc","floor":8.0},{"not_picked":["Shockwave","Perfected Strike","Anger"],"picked":"SKIP","floor":10.0},{"not_picked":["Replay:Undeath\u0027s Touch","Warcry","hubris:ReadiedAction"],"picked":"SKIP","floor":11},{"not_picked":["Dropkick","Seeing Red"],"picked":"infinitespire:OneForAll","floor":13},{"not_picked":["Clothesline","Pummel","Headbutt"],"picked":"SKIP","floor":14},{"not_picked":["Impervious","conspire:HitWhereItHurts"],"picked":"Demon Form","floor":16},{"not_picked":["Searing Blow","Metallicize+1","Combust+1"],"picked":"SKIP","floor":18},{"not_picked":["True Grit+1","Wild Strike"],"picked":"infinitespire:OneForAll","floor":19},{"not_picked":["Seeing Red+1","Heavy Blade+1","Clash"],"picked":"SKIP","floor":20},{"not_picked":["Pommel Strike+1","Perfected Strike+1","Impervious"],"picked":"SKIP","floor":22},{"not_picked":["True Grit+1","Anger","Perfected Strike"],"picked":"SKIP","floor":24},{"not_picked":["Havoc","Twin Strike+1","Body Slam"],"picked":"SKIP","floor":25},{"not_picked":["Burning Pact","Sentinel+1","infinitespire:OneForAll"],"picked":"SKIP","floor":29},{"not_picked":["Sentinel+1","infinitespire:OneForAll"],"picked":"Burning Pact","floor":29},{"not_picked":["Twin Strike","Second Wind","Massacre"],"picked":"SKIP","floor":30},{"not_picked":["ReplayTheSpireMod:LeadingStrike+1","Sever Soul","Perfected Strike"],"picked":"SKIP","floor":31},{"not_picked":["Armaments+1","Sentinel"],"picked":"Burning Pact+1","floor":35},{"not_picked":["Replay:Undeath\u0027s Touch+1","Defy Death+1","Second Wind"],"picked":"SKIP","floor":38},{"not_picked":["Warcry","ReplayTheSpireMod:Stacked+1"],"picked":"Dual Wield+1","floor":40},{"not_picked":["Warcry","Rage","Clothesline"],"picked":"SKIP","floor":41},{"not_picked":["Havoc","Clash","Hemokinesis"],"picked":"SKIP","floor":42},{"not_picked":["Run Through+1","Wild Strike","Twin Strike+1"],"picked":"SKIP","floor":44},{"not_picked":["Dual Wield+1","Whirlwind+1","Battle Trance"],"picked":"SKIP","floor":46},{"not_picked":["Body Slam","Clash+1","ReplayTheSpireMod:Muscle Training"],"picked":"SKIP","floor":47},{"not_picked":["Perfected Strike+1","Juggernaut","Disarm"],"picked":"SKIP","floor":48}],"player_experience":179374,"relics_obtained":[{"floor":2.0,"key":"ReplayTheSpireMod:Ninjato"},{"floor":7.0,"key":"Pen Nib"},{"floor":9.0,"key":"halation:IllGainedPizza"},{"floor":11,"key":"Vajra"},{"floor":26,"key":"halation:QuantumPhysicsTextbook"},{"floor":30,"key":"MealTicket"},{"floor":32,"key":"ReplayTheSpireMod:Spearhead"},{"floor":40,"key":"Nunchaku"},{"floor":42,"key":"Shuriken"},{"floor":47,"key":"hubris:MysteriousPyramids"},{"floor":48,"key":"infinitespire:Lucky Rock"}],"event_choices":[{"damage_healed":0,"gold_gain":0,"player_choice":"Got Potions","damage_taken":0,"max_hp_gain":0,"max_hp_loss":0,"event_name":"Lab","floor":28,"gold_loss":0},{"damage_healed":0,"gold_gain":100,"player_choice":"Pray","damage_taken":0,"max_hp_gain":0,"max_hp_loss":0,"event_name":"Golden Shrine","floor":36,"gold_loss":0},{"damage_healed":0,"gold_gain":0,"player_choice":"Max HP","damage_taken":0,"max_hp_gain":0,"max_hp_loss":4,"event_name":"Winding Halls","floor":39,"gold_loss":0}],"is_beta":false,"boss_relics":[{"not_picked":["Coffee Dripper","halation:HeavySnake"],"picked":"Runic Dome"},{"not_picked":["relicPack:ShieldShield","Cursed Key"],"picked":"hubris:ScarierMask"}],"items_purged_floors":[37],"is_endless":false,"potions_floor_spawned":[7,11,13,19,20,22,25,31,38,40,41,47],"ascension_level":1}}