{"host":"8inpc3yxphy2r27y","time":1611376606,"event":{"mods":["Astrologer","Bard","BaseMod","Conspire","Gremlin Mod","GungeonMod","KinomotoSakuraMod(木之本樱)","Lobotomy","LobotomyExtend","Minty Spire (QoL Compilation)","Relic Stats","Replay The Spire","Shop Mod","Spicy Shops","StSLib","TestMod","The Animator","The Bladedancer","The Construct","The Cursed","The Gatherer","The Hierophant","[IsaacMod]以撒尖塔","noobMod","【遗物卡牌】REMEMod","篝火指南"],"gold_per_floor":[114,114,127,142,157,187,202,52,52,1,31,46,61,375,337,449,461,488,515,542,569,581,593,620,662,674,701,352,367,397,412,315,418,418,433,433,448,464,126,158,308,342,342,267,83,121,159,199,74,81],"floor_reached":51,"language":"ZHS","playtime":3503,"items_purged":["Gremlin:Strike","Gremlin:Strike"],"score":1576,"play_id":"1803cded-4919-4fb3-8f96-af5a0ec268cc","local_time":"20210123123646","daily_mods":["Cursed Run","Diverse","DeadlyEvents"],"is_ascension_mode":false,"campfire_choices":[{"data":"Pray","floor":23,"key":"SMITH"}],"circlet_count":0,"master_deck":["Gremlin:Strike","Gremlin:Strike","Gremlin:Defend","Gremlin:Defend","Gremlin:Defend","Gremlin:Defend","Gremlin:TagTeam","Gremlin:GremlinDance","Pride","testmod-Lust","testmod-Wrath","testmod-Sloth","testmod-Envy","testmod-Greed","testmod-Gluttony","testmod-Gluttony","construct:Disrupt","testmod-Gluttony","testmod-Gluttony","Gremlin:AggressiveDefense","testmod-Gluttony","testmod-Gluttony","testmod-Gluttony","Gremlin:Rhythm","testmod-Gluttony","testmod-Gluttony","testmod-Gluttony","DemoMod:BoxingGlove","testmod-Gluttony","testmod-Gluttony","testmod-Gluttony","testmod-Gluttony","testmod-Gluttony","testmod-Gluttony","testmod-Gluttony","testmod-Gluttony","testmod-Gluttony","testmod-Gluttony","testmod-Gluttony","testmod-Gluttony","testmod-Gluttony","Exhume","testmod-Gluttony","conspire:PoisonWeapons","testmod-Gluttony","Pray+1","Protect","Amita","Gatherer:AromaProtection","ReplayTheSpireMod:Corrosion Curse","testmod-Gluttony","testmod-Gluttony","testmod-Gluttony","testmod-Gluttony","testmod-Gluttony","testmod-Gluttony","Pain","testmod-Gluttony","REME_TheLastStrike","construct:Backfire","bard:Greatness","TheCursedMod:Wield+1","testmod-Gluttony","testmod-Gluttony","testmod-Gluttony","Gremlin:GremlinToss","Hologram","testmod-Gluttony","testmod-Gluttony","Gatherer:WitheringStrike","Regret","testmod-Gluttony","Replay:AtTheReady","testmod-Gluttony","Prostrate","Gremlin:Tadah+1","REME_Fury","DemoMod:Unmoved+1","testmod-RepeatForm","testmod-Gluttony","testmod-Gluttony","Regret","testmod-Gluttony","Judgement","testmod-Gluttony","construct:FocusedBeam+1","ClearTheMind+1","testmod-Gluttony","construct:Accumulate","testmod-PulseDistributor","testmod-PocketStoneCalender","Midas Touch","testmod-Gluttony","SandsOfTime","bard:Balestra","conspire:Blindness","testmod-Gluttony","hierophant:CursedGold","hierophant:Doubloon","Evaluate+1","Capacitor","Gremlin:Irritability","Pride","testmod-Gluttony","testmod-Gluttony","Normality","testmod-Gluttony","testmod-Gluttony","testmod-Gluttony","testmod-Gluttony","testmod-Gluttony","testmod-Gluttony","testmod-Gluttony","testmod-Gluttony","testmod-Gluttony","testmod-Gluttony","testmod-Gluttony","testmod-Gluttony","testmod-Gluttony","testmod-Gluttony","testmod-Gluttony","testmod-Gluttony","testmod-Gluttony"],"relics":["Cursed Key","Darkstone Periapt","Du-Vu Doll","HushsDoor","REME_ComplimentaryCards","testmod-TestBox","ice","GuppysHead","testmod-SevenDeadlySins","LetterFromLob","testmod-Alchemist","testmod-BlackFramedGlasses","MerchantsRug","Quantum Egg","conspire:TreasureMap","GuppysPaw","WingedGreaves","DemoMod:AgedBell","ReplayFunnel","construct:BoolHorns","REME_ChargedStone","testmod-DeterminationOfClimber","DemoMod:GlassGuonStoneRelic","LaetitiaHeart","MagicBullet_r","DemoMod:Metronome","conspire:BottledYoYo","SteamSale","DemoMod:PinkGuonStone","NineVolt","Simple Rune","testmod-Prudence","MagicMushroom","GuppysCollar","BargainBundle","DemoMod:ClearGuonStone","ReplayTheSpireMod:ShopPack","testmod-IndustrialRevolution","Replay:WaspNest","RedMistMask","Bottled Flame","testmod-LifeArmor","Question Card","DeadEye","Pen Nib","HornCleat","Membership Card","White Beast Statue","Replay:Bottled Eggs"],"acts_visited":["Exordium","TheCity","TheBeyond"],"potions_floor_usage":[7,11,11,51,51,51],"damage_taken":[{"damage":22,"enemies":"2 Louse","floor":1,"turns":5},{"damage":42,"enemies":"conspire:MimicChest","floor":3,"turns":6},{"damage":7,"enemies":"Jaw Worm","floor":4,"turns":5},{"damage":0,"enemies":"Small Slimes","floor":5,"turns":2},{"damage":68,"enemies":"Replay:BlueRogue","floor":6,"turns":15},{"damage":8,"enemies":"Exordium Wildlife","floor":7,"turns":3},{"damage":0,"enemies":"Lagavulin","floor":11,"turns":3},{"damage":9,"enemies":"Looter","floor":12,"turns":3},{"damage":43,"enemies":"Blue Slaver","floor":13,"turns":9},{"damage":61,"enemies":"Lots of Slimes","floor":14,"turns":5},{"damage":0,"enemies":"Fading Forest","floor":16,"turns":10},{"damage":0,"enemies":"2 Thieves","floor":18,"turns":4},{"damage":0,"enemies":"Chosen","floor":19,"turns":5},{"damage":3,"enemies":"Snake Plant","floor":20,"turns":3},{"damage":0,"enemies":"conspire:HollyBat","floor":21,"turns":6},{"damage":0,"enemies":"Sentry and Sphere","floor":22,"turns":3},{"damage":9,"enemies":"Sentry and Sphere","floor":22,"turns":1},{"damage":0,"enemies":"Sentry and Sphere","floor":22,"turns":1},{"damage":0,"enemies":"Sentry and Sphere","floor":24,"turns":2},{"damage":0,"enemies":"Book of Stabbing","floor":25,"turns":2},{"damage":0,"enemies":"3 Cultists","floor":27,"turns":2},{"damage":0,"enemies":"Shelled Parasite and Fungi","floor":29,"turns":3},{"damage":0,"enemies":"conspire:Head Lice","floor":30,"turns":2},{"damage":22,"enemies":"Centurion and Healer","floor":31,"turns":3},{"damage":3,"enemies":"Collector","floor":33,"turns":4},{"damage":0,"enemies":"Orb Walker","floor":35,"turns":2},{"damage":0,"enemies":"3 Shapes","floor":37,"turns":1},{"damage":0,"enemies":"Maw","floor":38,"turns":3},{"damage":0,"enemies":"Giant Head","floor":40,"turns":2},{"damage":0,"enemies":"Nemesis","floor":42,"turns":1},{"damage":0,"enemies":"Reptomancer","floor":46,"turns":1},{"damage":0,"enemies":"Nemesis","floor":47,"turns":1},{"damage":0,"enemies":"Giant Head","floor":48,"turns":1},{"damage":0,"enemies":"Awakened One","floor":50,"turns":3},{"damage":0,"enemies":"Malkuth","floor":51,"turns":1},{"damage":0,"enemies":"Netzach","floor":51,"turns":2},{"damage":0,"enemies":"Chesed","floor":51,"turns":3},{"damage":29,"enemies":"Binah","floor":51,"turns":6},{"damage":0,"enemies":"Angela","floor":51,"turns":3}],"seed_played":"-4692305807027556167","potions_obtained":[{"floor":4,"key":"GamblersBrew"},{"floor":5,"key":"LiquidBronze"},{"floor":6,"key":"Block Potion"},{"floor":7,"key":"PowerPotion"},{"floor":13,"key":"Milkshake"},{"floor":14,"key":"Adrenaline Potion"},{"floor":14,"key":"Languid Potion"},{"floor":14,"key":"PowerPotion"},{"floor":16,"key":"ColorlessPotion"},{"floor":21,"key":"PowerPotion"},{"floor":33,"key":"Elixir"},{"floor":42,"key":"LiquidBronze"}],"is_trial":false,"path_per_floor":["M","?","?","M","M","E","M","R","T","$","E","M","M","M","R","B",null,"M","M","M","M","M","R","M","E","T","M","$","M","E","M","R","B",null,"M","?","M","M","$","E","?","E","T","$","R","E","E","E","R","B",null],"character_chosen":"GREMLIN","items_purchased":["MerchantsRug","conspire:TreasureMap","SteamSale","DemoMod:PinkGuonStone","Prostrate","NineVolt","testmod-RepeatForm","GuppysCollar","BargainBundle","DemoMod:ClearGuonStone","ReplayTheSpireMod:ShopPack","testmod-LifeArmor","hierophant:CursedGold","Question Card","Membership Card","White Beast Statue","Replay:Bottled Eggs"],"campfire_rested":0,"item_purchase_floors":[8,10,28,28,28,28,32,34,39,39,39,44,45,45,49,49,49],"current_hp_per_floor":[14,9,22,34,40,10,7,7,11,11,42,52,84,93,93,100,165,165,165,165,174,134,134,152,177,181,184,188,188,188,188,188,200,201,201,186,201,206,206,213,213,213,217,217,217,217,217,217,221,230],"gold":120,"neow_bonus":"","is_daily":true,"chose_seed":false,"campfire_upgraded":1,"win_rate":0.0,"timestamp":1611376606,"path_taken":["M","?","?","M","M","E","M","R","T","$","E","?","M","M","R","BOSS","M","M","M","M","M","R","M","E","T","M","?","?","?","?","R","BOSS","M","?","M","M","$","E","?","E","T","$","R","E","?","E","R","BOSS"],"items_purchased_type":["Relic","Relic","Relic","Relic","Card","Relic","Card","Relic","Relic","Relic","Relic","Relic","Card","Relic","Relic","Relic","Relic"],"build_version":"2020-12-22","purchased_purges":2,"victory":true,"max_hp_per_floor":[36,36,42,51,60,99,102,102,106,106,106,106,106,106,106,165,165,165,165,165,174,174,174,174,180,184,184,188,188,188,188,188,200,201,201,201,201,206,206,213,213,213,217,217,217,217,217,217,221,230],"relic_stats":{"Darkstone Periapt":468,"counters":[39,137],"Pen Nib":[4],"Cursed Key":3,"Question Card":16,"obtain_stats":[{"DemoMod:AgedBell":14,"NineVolt":28,"testmod-SevenDeadlySins":0,"DemoMod:GlassGuonStoneRelic":11,"testmod-LifeArmor":44,"ice":0,"DeadEye":46,"testmod-BlackFramedGlasses":6,"testmod-Prudence":34,"HornCleat":48,"LaetitiaHeart":22,"DemoMod:Metronome":25,"DemoMod:ClearGuonStone":39,"KeepersGift":0,"MerchantsRug":8,"conspire:TreasureMap":10,"testmod-TestBox":0,"MagicBullet_r":22,"Blue Candle":0,"Pen Nib":47,"SteamSale":28,"Question Card":45,"Du-Vu Doll":0,"Bottled Flame":43,"Simple Rune":30,"conspire:BottledYoYo":26,"HushsDoor":0,"GuppysCollar":34,"Darkstone Periapt":0,"ReplayFunnel":14,"construct:BoolHorns":14,"GuppysPaw":42,"REME_ChargedStone":17,"Cursed Key":0,"testmod-Alchemist":2,"WingedGreaves":14,"testmod-DeterminationOfClimber":17,"Replay:Bottled Eggs":49,"BargainBundle":39,"HowToJump":3,"Quantum Egg":9,"DemoMod:WeirdEgg":11,"DemoMod:PinkGuonStone":28,"Replay:WaspNest":42,"MawBank":14,"testmod-IndustrialRevolution":40,"White Beast Statue":49,"MagicMushroom":34,"RedMistMask":42,"LetterFromLob":1,"GuppysHead":0,"Membership Card":49,"REME_ComplimentaryCards":0,"ReplayTheSpireMod:ShopPack":39},{"DemoMod:AgedBell":10,"NineVolt":21,"testmod-SevenDeadlySins":0,"DemoMod:GlassGuonStoneRelic":7,"testmod-LifeArmor":30,"ice":0,"DeadEye":31,"testmod-BlackFramedGlasses":5,"testmod-Prudence":25,"HornCleat":33,"LaetitiaHeart":15,"DemoMod:Metronome":20,"DemoMod:ClearGuonStone":28,"KeepersGift":0,"MerchantsRug":6,"conspire:TreasureMap":6,"testmod-TestBox":0,"MagicBullet_r":17,"Blue Candle":0,"Pen Nib":32,"SteamSale":21,"Question Card":30,"Du-Vu Doll":0,"Bottled Flame":30,"Simple Rune":23,"conspire:BottledYoYo":20,"HushsDoor":0,"GuppysCollar":25,"Darkstone Periapt":0,"ReplayFunnel":10,"construct:BoolHorns":10,"GuppysPaw":30,"REME_ChargedStone":11,"Cursed Key":0,"testmod-Alchemist":1,"WingedGreaves":10,"testmod-DeterminationOfClimber":11,"Replay:Bottled Eggs":33,"BargainBundle":28,"HowToJump":2,"Quantum Egg":6,"DemoMod:WeirdEgg":7,"DemoMod:PinkGuonStone":21,"Replay:WaspNest":30,"MawBank":10,"testmod-IndustrialRevolution":29,"White Beast Statue":33,"MagicMushroom":25,"RedMistMask":30,"LetterFromLob":1,"GuppysHead":0,"Membership Card":33,"REME_ComplimentaryCards":0,"ReplayTheSpireMod:ShopPack":28},{"DemoMod:AgedBell":56,"NineVolt":95,"testmod-SevenDeadlySins":0,"DemoMod:GlassGuonStoneRelic":39,"testmod-LifeArmor":116,"ice":0,"DeadEye":117,"testmod-BlackFramedGlasses":33,"testmod-Prudence":107,"HornCleat":119,"LaetitiaHeart":84,"DemoMod:Metronome":93,"DemoMod:ClearGuonStone":113,"KeepersGift":0,"MerchantsRug":36,"conspire:TreasureMap":36,"testmod-TestBox":0,"MagicBullet_r":88,"Blue Candle":0,"Pen Nib":118,"SteamSale":95,"Question Card":116,"Du-Vu Doll":0,"Bottled Flame":116,"Simple Rune":100,"conspire:BottledYoYo":93,"HushsDoor":0,"GuppysCollar":107,"Darkstone Periapt":0,"ReplayFunnel":56,"construct:BoolHorns":56,"GuppysPaw":116,"REME_ChargedStone":66,"Cursed Key":0,"testmod-Alchemist":5,"WingedGreaves":56,"testmod-DeterminationOfClimber":66,"Replay:Bottled Eggs":119,"BargainBundle":113,"HowToJump":11,"Quantum Egg":36,"DemoMod:WeirdEgg":39,"DemoMod:PinkGuonStone":95,"Replay:WaspNest":116,"MawBank":56,"testmod-IndustrialRevolution":115,"White Beast Statue":119,"MagicMushroom":107,"RedMistMask":116,"LetterFromLob":5,"GuppysHead":0,"Membership Card":119,"REME_ComplimentaryCards":0,"ReplayTheSpireMod:ShopPack":113}]},"card_choices":[{"not_picked":[],"picked":"ChaosCard","floor":0},{"not_picked":["animator:Layla","blademaster:BrainBloom"],"picked":"construct:Disrupt","floor":1},{"not_picked":["ClowCardTheMirror","FrostShard"],"picked":"Gremlin:AggressiveDefense","floor":3},{"not_picked":["animator:Yoichi","Leg Sweep"],"picked":"Gremlin:Rhythm","floor":4},{"not_picked":["Compile Driver","blademaster:AwakeningDefend"],"picked":"DemoMod:BoxingGlove","floor":5},{"not_picked":["animator:Berserker","Consume"],"picked":"Exhume","floor":6},{"not_picked":["Gatherer:CarefulStrike","Thunderclap"],"picked":"conspire:PoisonWeapons","floor":7},{"not_picked":["construct:Dampening","Acrobatics"],"picked":"Pray","floor":11},{"not_picked":["Heel Hook","Gatherer:ScherryThrow"],"picked":"Protect","floor":12},{"not_picked":["TheCursedMod:Grudge","hierophant:Blessing"],"picked":"Amita","floor":13},{"not_picked":["Gatherer:ScherryThrow","Ball Lightning"],"picked":"Gatherer:AromaProtection","floor":14},{"not_picked":["animator:Ara","Conserve Battery"],"picked":"ReplayTheSpireMod:Corrosion Curse","floor":14},{"not_picked":["REME_SpectralBlade","TheCursedMod:OutForBlood"],"picked":"REME_TheLastStrike","floor":16},{"not_picked":["Hyperbeam","Evolve"],"picked":"construct:Backfire","floor":18},{"not_picked":["Gatherer:WitheringStrike","Gremlin:Changeo"],"picked":"bard:Greatness","floor":19},{"not_picked":["ClowCardTheCloud","animator:Laby"],"picked":"TheCursedMod:Wield+1","floor":20},{"not_picked":["blademaster:OneTrickPony","ClowCardTheFreeze"],"picked":"Gremlin:GremlinToss","floor":21},{"not_picked":["Compile Driver","Spot Weakness+1"],"picked":"Hologram","floor":24},{"not_picked":["Gatherer:AromaProtection","blademaster:SlyStabs"],"picked":"Gatherer:WitheringStrike","floor":25},{"not_picked":["animator:Demiurge+1","FlurryOfBlows"],"picked":"Replay:AtTheReady","floor":27},{"not_picked":["Blade Dance+1","Clash"],"picked":"Gremlin:Tadah+1","floor":29},{"not_picked":["Poisoned Stab","Turbo"],"picked":"REME_Fury","floor":30},{"not_picked":["ClowCardTheLock","hierophant:Refuge"],"picked":"DemoMod:Unmoved+1","floor":31},{"not_picked":["construct:GoldenBullet","CENSORED_ego"],"picked":"Judgement","floor":33},{"not_picked":["bard:Aphasia","Compile Driver+1"],"picked":"construct:FocusedBeam+1","floor":35},{"not_picked":["animator:KyokoSakura","animator:Mitsuba+1"],"picked":"ClearTheMind+1","floor":37},{"not_picked":["blademaster:Breeze+1","Cleave+1"],"picked":"construct:Accumulate","floor":38},{"not_picked":["REME_AllRoundStrike","REME_WheelOfFate"],"picked":"testmod-PulseDistributor","floor":39},{"not_picked":["Battery","testmod-DisillusionmentEcho"],"picked":"testmod-PocketStoneCalender","floor":39},{"not_picked":["testmod-RepeatForm","testmod-EternalityOfKhronos"],"picked":"Midas Touch","floor":39},{"not_picked":["Dash+1","ClowCardTheWood"],"picked":"SandsOfTime","floor":40},{"not_picked":["FTL+1","hierophant:TollTheBells+1"],"picked":"bard:Balestra","floor":42},{"not_picked":["DemoMod:StickyCrossBow","animator:Millim+1","ReplayTheSpireMod:Muscle Training"],"picked":"Evaluate+1","floor":46},{"not_picked":["blademaster:LightningDraw","Infernal Blade","TheCursedMod:TroublousMinions"],"picked":"Capacitor","floor":47},{"not_picked":["DemoMod:DoubleSwitch","hierophant:AuricBeam+1","ClowCardTheSilent"],"picked":"Gremlin:Irritability","floor":48}],"player_experience":25980,"relics_obtained":[{"floor":1,"key":"LetterFromLob"},{"floor":3,"key":"HowToJump"},{"floor":6,"key":"testmod-BlackFramedGlasses"},{"floor":9,"key":"Quantum Egg"},{"floor":11,"key":"DemoMod:WeirdEgg"},{"floor":14,"key":"WingedGreaves"},{"floor":14,"key":"DemoMod:AgedBell"},{"floor":14,"key":"ReplayFunnel"},{"floor":14,"key":"construct:BoolHorns"},{"floor":14,"key":"MawBank"},{"floor":25,"key":"DemoMod:Metronome"},{"floor":26,"key":"conspire:BottledYoYo"},{"floor":30,"key":"Simple Rune"},{"floor":40,"key":"testmod-IndustrialRevolution"},{"floor":42,"key":"Replay:WaspNest"},{"floor":42,"key":"RedMistMask"},{"floor":43,"key":"Bottled Flame"},{"floor":46,"key":"DeadEye"},{"floor":47,"key":"Pen Nib"},{"floor":48,"key":"HornCleat"}],"event_choices":[{"damage_healed":0,"gold_gain":0,"player_choice":"Success","damage_taken":5,"relics_obtained":["testmod-Alchemist"],"max_hp_gain":0,"max_hp_loss":0,"event_name":"Scrap Ooze","floor":2,"gold_loss":0},{"cards_removed":["Shame"],"damage_healed":0,"gold_gain":0,"player_choice":"Card Removal","damage_taken":0,"max_hp_gain":0,"max_hp_loss":0,"event_name":"The Cleric","floor":15,"gold_loss":50},{"damage_healed":0,"gold_gain":150,"player_choice":"Sell","damage_taken":0,"max_hp_gain":0,"max_hp_loss":0,"event_name":"恩洛斯的盘子","floor":41,"relics_lost":["MawBank"],"gold_loss":0}],"is_beta":false,"boss_relics":[{"not_picked":["Replay:Wanted Poster","testmod-DreamHouse"],"picked":"testmod-DeterminationOfClimber"},{"not_picked":[]},{"not_picked":["Painkiller Herb","testmod-TimeTraveler"],"picked":"MagicMushroom"},{"not_picked":[]}],"items_purged_floors":[39,39],"is_endless":false,"potions_floor_spawned":[4,5,6,7,13,16,20,21,22,24,25,30,33,40,42,46,51,51,51,51,51],"ascension_level":0}}