{"host":"39i3emxub3h8uyq3","time":1611388015,"event":{"mods":["BaseMod","Clockwork Mod","Colored Map","Downfall","Glutton Mod","Gold Saver","Minty Spire (QoL Compilation)","StSLib","TheHeartMod"],"gold_per_floor":[712,712,728,221,153,153,167,167,219,19,38,73,73,89,89,89,89],"floor_reached":16,"language":"ENG","playtime":921,"items_purged":["Injury"],"score":100,"play_id":"0c84e5b7-5f70-498a-950c-cf1571ca348a","local_time":"20210123024655","is_ascension_mode":false,"campfire_choices":[{"floor":6,"key":"REST"},{"floor":15,"key":"REST"}],"circlet_count":0,"master_deck":["Strike_B","Strike_B","Strike_B","Strike_B","Defend_B","Defend_B","Defend_B","Defend_B","Zap","Dualcast","Chaos","Compile Driver","Capacitor","Streamline","Rip and Tear","Rip and Tear","hexamod:HeatMetal","Capacitor","Ball Lightning","Dagger Spray","Slimebound:SplitMire","sneckomod:UnknownClassGREEN"],"relics":["Cracked Core","PrismaticShard","Anchor","Golden Idol","Nunchaku","Regal Pillow"],"acts_visited":["Exordium"],"potions_floor_usage":[],"damage_taken":[{"damage":11,"enemies":"2 Louse","floor":1,"turns":3},{"damage":6,"enemies":"Jaw Worm","floor":3,"turns":4},{"damage":0,"enemies":"Cultist","floor":7,"turns":2},{"damage":16,"enemies":"Exordium Wildlife","floor":11,"turns":5},{"damage":37,"enemies":"Lagavulin","floor":12,"turns":6},{"damage":22,"enemies":"Exordium Thugs","floor":14,"turns":4},{"damage":48,"enemies":"The Guardian","floor":16,"turns":5}],"seed_played":"-4375372501170623429","potions_obtained":[{"floor":1,"key":"Ancient Potion"},{"floor":14,"key":"Dexterity Potion"}],"is_trial":false,"path_per_floor":["M","?","M","$","$","R","M","?","T","$","M","E","?","M","R","B"],"character_chosen":"DEFECT","items_purchased":["PrismaticShard","Capacitor","Streamline","Anchor","Rip and Tear","Rip and Tear","Capacitor","Ball Lightning"],"campfire_rested":2,"item_purchase_floors":[4,4,4,4,4,5,10,10],"current_hp_per_floor":[71,71,65,65,65,82,82,82,82,82,66,29,29,7,46,0,0],"gold":89,"neow_bonus":"TEN_PERCENT_HP_BONUS","is_daily":false,"chose_seed":false,"campfire_upgraded":0,"win_rate":0.0,"timestamp":1611388015,"path_taken":["M","?","M","?","$","R","M","?","T","$","M","E","?","M","R","BOSS"],"items_purchased_type":["Relic","Card","Card","Relic","Card","Card","Card","Card"],"build_version":"2020-12-22","purchased_purges":1,"victory":false,"max_hp_per_floor":[82,82,82,82,82,82,82,82,82,82,82,82,82,82,82,82,82],"card_choices":[{"not_picked":["Skim","Leap"],"picked":"Chaos","floor":1},{"not_picked":["Go for the Eyes","Steam"],"picked":"Compile Driver","floor":3},{"not_picked":["Coolheaded","Glutton:Bite"],"picked":"hexamod:HeatMetal","floor":7},{"not_picked":["hexamod:HeatCrush","Slimebound:SlimeBarrage"],"picked":"Dagger Spray","floor":11},{"not_picked":["Guardian:TemporalShield","theHeart:HeartBurn"],"picked":"Slimebound:SplitMire","floor":12},{"not_picked":["Dual Wield","Double Energy"],"picked":"sneckomod:UnknownClassGREEN","floor":14}],"player_experience":23637,"relics_obtained":[{"floor":9,"key":"Nunchaku"},{"floor":12,"key":"Regal Pillow"}],"event_choices":[{"damage_healed":0,"gold_gain":0,"player_choice":"Ignored","damage_taken":0,"max_hp_gain":0,"max_hp_loss":0,"event_name":"Golden Wing","floor":2,"gold_loss":0},{"damage_healed":0,"gold_gain":0,"player_choice":"Take Wound","damage_taken":0,"relics_obtained":["Golden Idol"],"max_hp_gain":0,"max_hp_loss":0,"event_name":"Golden Idol","floor":8,"gold_loss":0,"cards_obtained":["Injury"]},{"damage_healed":0,"gold_gain":0,"player_choice":"Ignored","damage_taken":0,"max_hp_gain":0,"max_hp_loss":0,"event_name":"Liars Game","floor":13,"gold_loss":0}],"is_beta":false,"boss_relics":[],"items_purged_floors":[10],"is_endless":false,"potions_floor_spawned":[1,14],"killed_by":"The Guardian","ascension_level":0}}