{"host":"7lqra3rfanasaqnt","time":1611435391,"event":{"mods":["AchievementEnabler","Act Like it!","BaseMod","Colored Powertips","Downfall","Friendly Minions","Minty Spire (QoL Compilation)","StSLib"],"gold_per_floor":[99,99,99,99,62,88,88,88,120,20,36,36,36,55,70,166,166,166,166,183,93,108,108,135,135,135,120,149,251,279,289,307,409,409,409,423,423,423,423,423,423,223,249,249,249,269,269,302,319,319,319,347,109,109,109,109,109],"floor_reached":55,"language":"ENG","playtime":3086,"items_purged":["Slimebound:Strike_Slimebound"],"score":1176,"play_id":"322362f8-e286-484e-bc0e-64635ad56b34","local_time":"20210123135631","is_ascension_mode":true,"campfire_choices":[{"data":"Slimebound:CorrosiveSpit","floor":1.0,"key":"SMITH"},{"data":"Slimebound:SplitSpecialist","floor":8.0,"key":"SMITH"},{"data":"Slimebound:GoopSpray","floor":10.0,"key":"SMITH"},{"data":"Slimebound:Repurpose","floor":13.0,"key":"SMITH"},{"data":"Slimebound:OneTwoCombo","floor":18.0,"key":"SMITH"},{"data":"Slimebound:ServeAndProtect","floor":23.0,"key":"SMITH"},{"data":"1","floor":25.0,"key":"LIFT"},{"floor":35,"key":"RECALL"},{"data":"Slimebound:TagTeam","floor":42,"key":"SMITH"},{"data":"Slimebound:MinionMaster","floor":44,"key":"SMITH"},{"data":"Slimebound:LeadByExample","floor":47,"key":"SMITH"},{"floor":54,"key":"REST"}],"circlet_count":0,"master_deck":["Slimebound:Strike_Slimebound","Slimebound:Tackle","Slimebound:Defend_Slimebound","Slimebound:Defend_Slimebound","Slimebound:Defend_Slimebound","Slimebound:Split","Slimebound:CorrosiveSpit+1","Slimebound:SplitMire","Slimebound:Prepare","Slimebound:SplitBruiser","Slimebound:SplitSpecialist+1","Slimebound:MinionMaster+1","Slimebound:GoopSpray+1","Slimebound:Repurpose+1","Slimebound:Schlurp","Slimebound:SlimeSpikes","Slimebound:OneTwoCombo+1","Slimebound:ServeAndProtect+1","Slimebound:LeechingTouch","Slimebound:ForwardTackle","Slimebound:SamplingLick+1","Slimebound:Recycling","Slimebound:ForwardTackle","Slimebound:TagTeam+1","Slimebound:LeadByExample+1","Slimebound:LeechEnergy+1"],"relics":["Slimebound:AbsorbEndCombatUpgraded","downfall:HeartsMalice","Happy Flower","Slimebound:MaxSlimesRelic","Girya","downfall:HeartBlessingGreen","Busted Crown","Blood Vial","WingedGreaves","PreservedInsect","Membership Card","hexamod:BolsterEngine","Akabeko","downfall:HeartBlessingRed","downfall:HeartBlessingBlue","Ancient Tea Set","Pen Nib","Art of War","Toy Ornithopter","Strange Spoon"],"acts_visited":["Exordium","TheCity","TheBeyond","TheEnding"],"potions_floor_usage":[36,43,46,50,55,55],"damage_taken":[{"damage":0.0,"enemies":"Small Slimes","floor":2.0,"turns":1.0},{"damage":0.0,"enemies":"Cultist","floor":4.0,"turns":1.0},{"damage":0.0,"enemies":"downfall:FleeingMerchant","floor":5.0,"turns":1.0},{"damage":5.0,"enemies":"Gremlin Nob","floor":6.0,"turns":4.0},{"damage":14.0,"enemies":"Lagavulin","floor":9.0,"turns":5.0},{"damage":0.0,"enemies":"2 Louse","floor":11.0,"turns":2.0},{"damage":0.0,"enemies":"Gremlin Gang","floor":14.0,"turns":3.0},{"damage":7.0,"enemies":"Exordium Thugs","floor":15.0,"turns":4.0},{"damage":24.0,"enemies":"DF_ARCHETYPE_STREAMLINE","floor":16.0,"turns":9.0},{"damage":0.0,"enemies":"Spheric Guardian","floor":20.0,"turns":4.0},{"damage":0.0,"enemies":"downfall:FleeingMerchant","floor":21.0,"turns":4.0},{"damage":0.0,"enemies":"Chosen","floor":22.0,"turns":3.0},{"damage":1.0,"enemies":"downfall:FleeingMerchant","floor":27.0,"turns":4.0},{"damage":0.0,"enemies":"Gremlin Leader","floor":28.0,"turns":5.0},{"damage":0.0,"enemies":"downfall:FleeingMerchant","floor":29.0,"turns":4.0},{"damage":19.0,"enemies":"Slavers","floor":30.0,"turns":4.0},{"damage":0.0,"enemies":"Sentry and Sphere","floor":31.0,"turns":3.0},{"damage":25,"enemies":"Snake Plant","floor":32,"turns":3},{"damage":0,"enemies":"IC_MUSHROOM_ARCHETYPE","floor":33,"turns":8},{"damage":17,"enemies":"3 Darklings","floor":36,"turns":5},{"damage":0,"enemies":"3 Darklings","floor":38,"turns":6},{"damage":8,"enemies":"Giant Head","floor":43,"turns":6},{"damage":2,"enemies":"3 Shapes","floor":46,"turns":3},{"damage":5,"enemies":"Nemesis","floor":48,"turns":3},{"damage":1,"enemies":"Spire Growth","floor":49,"turns":4},{"damage":0,"enemies":"WA_ARCHETYPE_DIVINITY","floor":50,"turns":6},{"damage":71,"enemies":"downfall:CharBossMerchant","floor":52,"turns":6},{"damage":82,"enemies":"downfall:NeowBoss","floor":55,"turns":18}],"seed_played":"1572335187552859914","potions_obtained":[{"floor":3.0,"key":"LiquidMemories"},{"floor":3.0,"key":"Ancient Potion"},{"floor":3.0,"key":"BlessingOfTheForge"},{"floor":15.0,"key":"Block Potion"},{"floor":20.0,"key":"CultistPotion"},{"floor":38,"key":"BlessingOfTheForge"},{"floor":43,"key":"AttackPotion"},{"floor":48,"key":"Strength Potion"},{"floor":52,"key":"Regen Potion"}],"is_trial":false,"path_per_floor":["R","M","?","M","$","E","T","R","E","R","M","?","R","M","M","B",null,"R","?","M","$","M","R","T","R","T","$","E","$","E","M","M","B",null,"R","M","?","?","$","?","T","R","E","R","?","M","R","E","M","B",null,"E","$","R","B"],"character_chosen":"SLIMEBOUND","items_purchased":["Slimebound:SplitSpecialist","Slimebound:ForwardTackle","Membership Card","hexamod:BolsterEngine","Toy Ornithopter","Strange Spoon","Slimebound:SpawnSlimePotion"],"campfire_rested":1,"item_purchase_floors":[5,21,29,29,53,53,53],"current_hp_per_floor":[59,59,59,59,59,58,58,58,50,50,54,54,54,60,57,41,59,59,59,63,65,65,65,65,65,65,65,65,65,54,58,35,45,60,60,57,57,65,65,65,65,75,70,70,70,73,73,75,75,75,75,10,10,32,0,0,0],"gold":109,"neow_bonus":"THREE_ENEMY_KILL","is_daily":false,"chose_seed":false,"campfire_upgraded":9,"win_rate":0.0,"timestamp":1611435391,"path_taken":["R","M","?","M","?","E","T","R","E","R","M","?","R","?","M","BOSS","R","?","M","?","?","R","T","R","?","$","E","$","E","M","M","BOSS","R","M","?","?","$","?","T","R","E","R","?","M","R","E","M","BOSS","E","$","R","BOSS"],"items_purchased_type":["Card","Card","Relic","Relic","Relic","Relic","Potion"],"build_version":"2020-12-22","purchased_purges":1,"victory":false,"max_hp_per_floor":[65,65,65,65,65,65,65,65,65,65,65,65,65,65,65,65,65,65,65,65,65,65,65,65,65,65,65,65,65,65,65,65,65,65,65,65,65,65,65,65,65,75,75,75,75,75,75,75,75,75,75,75,75,75,75,75,75],"card_choices":[{"not_picked":["Slimebound:RollThrough","Slimebound:FormOfPuddle"],"picked":"Slimebound:SplitMire","floor":2.0},{"not_picked":["Slimebound:FlameTackle","Slimebound:HungryTackle"],"picked":"Slimebound:Prepare","floor":4.0},{"not_picked":["Slimebound:LeadByExample","Slimebound:HauntingLick"],"picked":"Slimebound:SplitBruiser","floor":5.0},{"not_picked":["Slimebound:SpikyOuterGoop","Slimebound:Dissolve"],"picked":"Slimebound:MinionMaster","floor":6.0},{"not_picked":["Slimebound:GoopTackle","Slimebound:Recycling"],"picked":"Slimebound:GoopSpray","floor":9.0},{"not_picked":["Slimebound:SplitMire","Slimebound:TongueLash"],"picked":"Slimebound:Repurpose","floor":11.0},{"not_picked":["Slimebound:SlimeBrawl","Slimebound:ItLooksTasty"],"picked":"Slimebound:Schlurp","floor":14.0},{"not_picked":["Slimebound:Gluttony","Slimebound:GrowthPunch"],"picked":"Slimebound:SlimeSpikes","floor":15.0},{"not_picked":["Slimebound:MinionMaster","Slimebound:DouseInSlime"],"picked":"Slimebound:OneTwoCombo","floor":16.0},{"not_picked":["Slimebound:FormOfPuddle"],"picked":"SKIP","floor":20.0},{"not_picked":[],"picked":"Slimebound:LeechingTouch","floor":21.0},{"not_picked":[],"picked":"Slimebound:SamplingLick+1","floor":22.0},{"not_picked":["Slimebound:SlimeBrawl"],"picked":"SKIP","floor":27.0},{"not_picked":["Slimebound:SlimeSpikes"],"picked":"SKIP","floor":28.0},{"not_picked":[],"picked":"Slimebound:Recycling","floor":29.0},{"not_picked":[],"picked":"Slimebound:ForwardTackle","floor":30.0},{"not_picked":["Slimebound:FinishingTackle"],"picked":"SKIP","floor":31.0},{"not_picked":["Slimebound:SlimeSpikes"],"picked":"SKIP","floor":32},{"not_picked":[],"picked":"Slimebound:TagTeam","floor":33},{"not_picked":["Slimebound:Replication"],"picked":"SKIP","floor":36},{"not_picked":[],"picked":"Slimebound:LeadByExample","floor":38},{"not_picked":["Slimebound:DisruptingSlam+1"],"picked":"SKIP","floor":43},{"not_picked":[],"picked":"Slimebound:LeechEnergy+1","floor":46},{"not_picked":["Slimebound:ProtectTheBoss"],"picked":"SKIP","floor":48},{"not_picked":["Slimebound:MegaLick"],"picked":"SKIP","floor":49},{"not_picked":["Slimebound:Dissolve+1"],"picked":"SKIP","floor":52}],"player_experience":576361,"relics_obtained":[{"floor":6.0,"key":"Happy Flower"},{"floor":7.0,"key":"Slimebound:MaxSlimesRelic"},{"floor":9.0,"key":"Girya"},{"floor":24.0,"key":"Blood Vial"},{"floor":26.0,"key":"WingedGreaves"},{"floor":28.0,"key":"PreservedInsect"},{"floor":30.0,"key":"Akabeko"},{"floor":43,"key":"Ancient Tea Set"},{"floor":48,"key":"Pen Nib"},{"floor":52,"key":"Art of War"}],"event_choices":[{"damage_healed":0.0,"max_hp_gain":0.0,"max_hp_loss":0.0,"gold_gain":0.0,"event_name":"Lab","player_choice":"Got Potions","floor":3.0,"gold_loss":0.0,"damage_taken":0.0},{"cards_removed":["Slimebound:Defend_Slimebound"],"damage_healed":0,"gold_gain":0,"player_choice":"Removed Skill","damage_taken":0,"max_hp_gain":0,"max_hp_loss":0,"event_name":"Falling","floor":40,"gold_loss":0}],"is_beta":false,"boss_relics":[{"not_picked":["Runic Dome","Velvet Choker"],"picked":"Busted Crown"},{"not_picked":["Sozu","SacredBark"],"picked":"Slimebound:AbsorbEndCombatUpgraded"}],"items_purged_floors":[53],"is_endless":false,"potions_floor_spawned":[9,11,15,20,28,32,33,38,43,48,49,52],"killed_by":"downfall:NeowBoss","ascension_level":8}}