{"host":"skr63qsdfgeey3it","time":1611374971,"event":{"mods":["BaseMod","Colored Map","Hubris","Minty Spire (QoL Compilation)","Replay The Spire","Spicy Shops","StSLib"],"gold_per_floor":[15,15,27,46,46,46,62,62,62],"floor_reached":8,"language":"ENG","playtime":238,"items_purged":[],"score":79,"play_id":"3057a98a-f848-4be7-aab7-e51bfb871d9a","local_time":"20210122220931","is_ascension_mode":true,"campfire_choices":[{"data":"Neutralize","floor":6,"key":"SMITH"}],"circlet_count":0,"master_deck":["AscendersBane","Strike_G","Strike_G","Strike_G","Strike_G","Defend_G","Defend_G","Defend_G","Defend_G","Survivor","Neutralize+1","Heel Hook","Sucker Punch","Catalyst","Delirium","Blur"],"relics":["Ring of the Snake","Ring of Fury","Ring of Panic"],"acts_visited":["Exordium"],"potions_floor_usage":[3],"damage_taken":[{"damage":2,"enemies":"2 Louse","floor":1,"turns":4},{"damage":1,"enemies":"Cultist","floor":3,"turns":4},{"damage":1,"enemies":"Jaw Worm","floor":4,"turns":3},{"damage":5,"enemies":"Looter","floor":7,"turns":3},{"damage":0,"enemies":"3 Sentries","floor":8,"turns":1}],"seed_played":"2276098539332912557","potions_obtained":[{"floor":2,"key":"CunningPotion"},{"floor":2,"key":"LiquidBronze"}],"is_trial":false,"path_per_floor":["M","?","M","M","?","R","M","E"],"character_chosen":"THE_SILENT","items_purchased":[],"campfire_rested":0,"item_purchase_floors":[],"current_hp_per_floor":[61,61,60,59,59,59,54,54,54],"gold":62,"neow_bonus":"REMOVE_TWO","is_daily":false,"chose_seed":false,"campfire_upgraded":1,"win_rate":0.0,"timestamp":1611374971,"path_taken":["M","?","?","M","?","R","M","E"],"items_purchased_type":[],"build_version":"2020-12-22","purchased_purges":0,"victory":false,"max_hp_per_floor":[70,70,70,70,70,70,70,70,70],"card_choices":[{"not_picked":["hubris:SlightOfHand","Prepared"],"picked":"Heel Hook","floor":1},{"not_picked":["ReplayTheSpireMod:Shiv Toss","Deadly Poison"],"picked":"Sucker Punch","floor":3},{"not_picked":["Cloak And Dagger","Backflip"],"picked":"Catalyst","floor":4},{"not_picked":["Outmaneuver","Finisher"],"picked":"Blur","floor":7}],"player_experience":803347,"relics_obtained":[{"floor":5,"key":"Ring of Fury"},{"floor":5,"key":"Ring of Panic"}],"event_choices":[{"damage_healed":0,"gold_gain":0,"player_choice":"Got Potions","damage_taken":0,"max_hp_gain":0,"max_hp_loss":0,"event_name":"Lab","floor":2,"gold_loss":0}],"is_beta":false,"boss_relics":[],"items_purged_floors":[],"is_endless":false,"potions_floor_spawned":[],"killed_by":"3 Sentries","ascension_level":13}}