{"host":"lnt5dzsuhru0aonl","time":1611375112,"event":{"mods":["2.2 Compatiblity","BaseMod","Colored Map","Colored Powertips","DeckTracker","Keyboard Shortcuts","Minty Spire (QoL Compilation)","Permanent Neow","Rare Cards Sparkle","StSLib","SuperFastMode","everything is the same but u backflip on backflip"],"gold_per_floor":[113,113,188,205,7,36,36,61,61,61,61,71,71,97,97,97,97],"floor_reached":16,"language":"KOR","playtime":273,"items_purged":[],"score":232,"play_id":"7a2032bc-de49-46f7-bcbf-60707abcac3e","local_time":"20210123131152","is_ascension_mode":true,"campfire_choices":[{"floor":7.0,"key":"REST"},{"data":"Dualcast","floor":10,"key":"SMITH"},{"data":"Lockon","floor":15,"key":"SMITH"}],"circlet_count":0,"master_deck":["AscendersBane","Strike_B","Strike_B","Strike_B","Strike_B","Defend_B+1","Defend_B","Defend_B","Defend_B","Zap+1","Dualcast+1","Lockon+1","Ball Lightning","Chaos+1","Compile Driver","Hologram","Conserve Battery","Turbo"],"relics":["Cracked Core","Unceasing Top","DataDisk","Regal Pillow","War Paint","Singing Bowl","PreservedInsect"],"acts_visited":["Exordium"],"potions_floor_usage":[16],"damage_taken":[{"damage":6.0,"enemies":"Jaw Worm","floor":1.0,"turns":4.0},{"damage":7.0,"enemies":"2 Louse","floor":4.0,"turns":2.0},{"damage":20.0,"enemies":"Lagavulin","floor":6.0,"turns":6.0},{"damage":17.0,"enemies":"Gremlin Nob","floor":8.0,"turns":3.0},{"damage":0,"enemies":"Small Slimes","floor":12,"turns":2},{"damage":15,"enemies":"Lagavulin","floor":14,"turns":5},{"damage":29,"enemies":"The Guardian","floor":16,"turns":5}],"seed_played":"7593762573032356875","potions_obtained":[{"floor":1.0,"key":"GamblersBrew"},{"floor":8,"key":"DuplicationPotion"}],"is_trial":false,"path_per_floor":["M","?","?","M","$","E","R","E","T","R","?","M","$","E","R","B"],"character_chosen":"DEFECT","items_purchased":["DataDisk","Chaos"],"campfire_rested":1,"item_purchase_floors":[5,5],"current_hp_per_floor":[40,40,29,22,22,2,38,21,21,21,44,44,44,29,29,0,0],"gold":97,"neow_bonus":"ONE_RARE_RELIC","is_daily":false,"chose_seed":false,"campfire_upgraded":2,"win_rate":0.0,"timestamp":1611375112,"path_taken":["M","?","?","M","$","E","R","E","T","R","?","M","$","E","R","BOSS"],"items_purchased_type":["Relic","Card"],"build_version":"2020-12-22","purchased_purges":0,"victory":false,"max_hp_per_floor":[71,71,71,71,71,71,71,71,71,71,71,71,71,71,71,71,71],"card_choices":[{"not_picked":["Rip and Tear","Stack"],"picked":"Lockon","floor":1.0},{"not_picked":["Capacitor","Hologram"],"picked":"Ball Lightning","floor":4.0},{"not_picked":["Darkness","Steam"],"picked":"Compile Driver","floor":6.0},{"not_picked":["Darkness","Barrage"],"picked":"Hologram","floor":8},{"not_picked":["Compile Driver","Sweeping Beam"],"picked":"Conserve Battery","floor":12},{"not_picked":["Rebound","Ball Lightning"],"picked":"Turbo","floor":14}],"player_experience":734311,"relics_obtained":[{"floor":6.0,"key":"Regal Pillow"},{"floor":8,"key":"War Paint"},{"floor":9,"key":"Singing Bowl"},{"floor":14,"key":"PreservedInsect"}],"event_choices":[{"damage_healed":0.0,"max_hp_gain":0.0,"max_hp_loss":0.0,"gold_gain":0.0,"event_name":"Living Wall","player_choice":"Grow","floor":2.0,"gold_loss":0.0,"damage_taken":0.0,"cards_upgraded":["Zap"]},{"damage_healed":0.0,"max_hp_gain":0.0,"max_hp_loss":0.0,"gold_gain":75.0,"event_name":"World of Goop","player_choice":"Gather Gold","floor":3.0,"gold_loss":0.0,"damage_taken":11.0},{"damage_healed":23,"gold_gain":0,"player_choice":"Banana","damage_taken":0,"max_hp_gain":0,"max_hp_loss":0,"event_name":"Big Fish","floor":11,"gold_loss":0}],"is_beta":false,"boss_relics":[],"items_purged_floors":[],"is_endless":false,"potions_floor_spawned":[1,8],"killed_by":"The Guardian","ascension_level":20}}