{"host":"gobyjzz6xbwq9f9i","time":1611436393,"event":{"mods":["AchievementEnabler","BaseMod","Bestiary","Colored Map","Minty Spire (QoL Compilation)"],"gold_per_floor":[210,55,75,93,93,93,43,77,77,77,96,96,127,47,47,143,143,157,168,16,0,15,15,15],"floor_reached":23,"language":"ENG","playtime":961,"items_purged":[],"score":299,"play_id":"b9acf217-8014-4e99-a72b-38df1026cb6a","local_time":"20210123131313","is_ascension_mode":true,"campfire_choices":[{"data":"Noxious Fumes","floor":6,"key":"SMITH"},{"data":"Poisoned Stab","floor":12,"key":"SMITH"},{"data":"Neutralize","floor":15,"key":"SMITH"}],"circlet_count":0,"master_deck":["AscendersBane","Strike_G","Strike_G","Strike_G","Defend_G","Defend_G","Defend_G","Defend_G","Defend_G","Survivor","Neutralize+1","Quick Slash","Poisoned Stab+1","Noxious Fumes+1","Dagger Throw","Well Laid Plans","Burst","Footwork"],"relics":["Ring of the Snake","Snake Skull","Turnip","HornCleat","Calipers","MealTicket","SlaversCollar","Membership Card"],"acts_visited":["Exordium","TheCity"],"potions_floor_usage":[8,16,23],"damage_taken":[{"damage":2,"enemies":"Cultist","floor":1,"turns":5},{"damage":1,"enemies":"2 Louse","floor":3,"turns":4},{"damage":6,"enemies":"Small Slimes","floor":4,"turns":6},{"damage":23,"enemies":"Gremlin Nob","floor":8,"turns":4},{"damage":5,"enemies":"Gremlin Gang","floor":11,"turns":4},{"damage":7,"enemies":"3 Sentries","floor":13,"turns":6},{"damage":8,"enemies":"Slime Boss","floor":16,"turns":9},{"damage":27,"enemies":"2 Thieves","floor":18,"turns":5},{"damage":12,"enemies":"3 Byrds","floor":19,"turns":6},{"damage":18,"enemies":"Snecko","floor":22,"turns":7},{"damage":17,"enemies":"Gremlin Leader","floor":23,"turns":3}],"seed_played":"6177081988720998073","potions_obtained":[{"floor":4,"key":"CunningPotion"},{"floor":8,"key":"SpeedPotion"},{"floor":11,"key":"CunningPotion"},{"floor":19,"key":"EssenceOfSteel"}],"is_trial":false,"path_per_floor":["M","$","M","M","?","R","?","E","T","?","M","R","E","$","R","B",null,"M","M","$","?","M","E"],"character_chosen":"THE_SILENT","items_purchased":["Snake Skull","Well Laid Plans","Membership Card"],"campfire_rested":0,"item_purchase_floors":[2,14,20],"current_hp_per_floor":[61,61,60,54,47,47,47,24,24,24,19,19,12,27,27,19,57,30,18,33,33,15,0,0],"gold":15,"neow_bonus":"HUNDRED_GOLD","is_daily":false,"chose_seed":false,"campfire_upgraded":3,"win_rate":0.0,"timestamp":1611436393,"path_taken":["M","$","M","M","?","R","?","E","T","?","?","R","E","?","R","BOSS","M","M","$","?","M","E"],"items_purchased_type":["Relic","Card","Relic"],"build_version":"2020-12-22","purchased_purges":0,"victory":false,"max_hp_per_floor":[70,70,70,70,70,70,70,70,70,70,70,70,70,70,70,70,70,70,70,70,70,70,70,70],"card_choices":[{"not_picked":["Acrobatics","Well Laid Plans"],"picked":"Quick Slash","floor":1},{"not_picked":["Outmaneuver","Deflect"],"picked":"Poisoned Stab","floor":3},{"not_picked":["Quick Slash","Distraction"],"picked":"Noxious Fumes","floor":4},{"not_picked":["Tactician","Choke"],"picked":"Dagger Throw","floor":8},{"not_picked":["Flying Knee","Tactician","Prepared"],"picked":"SKIP","floor":11},{"not_picked":["Concentrate","After Image","Sucker Punch"],"picked":"SKIP","floor":13},{"not_picked":["Glass Knife","Envenom"],"picked":"Burst","floor":16},{"not_picked":["Outmaneuver","All Out Attack","Skewer"],"picked":"SKIP","floor":18},{"not_picked":["Flechettes","Leg Sweep"],"picked":"Footwork","floor":19},{"not_picked":["Blade Dance","Skewer","Terror"],"picked":"SKIP","floor":22}],"player_experience":1138214,"relics_obtained":[{"floor":8,"key":"Turnip"},{"floor":9,"key":"HornCleat"},{"floor":13,"key":"MealTicket"}],"event_choices":[{"cards_removed":["Strike_G"],"damage_healed":0,"gold_gain":0,"player_choice":"Card Removal","damage_taken":7,"max_hp_gain":0,"max_hp_loss":0,"event_name":"Golden Wing","floor":5,"gold_loss":0},{"cards_removed":["Strike_G"],"damage_healed":0,"gold_gain":0,"player_choice":"Card Removal","damage_taken":0,"max_hp_gain":0,"max_hp_loss":0,"event_name":"The Cleric","floor":7,"gold_loss":50},{"damage_healed":0,"gold_gain":0,"player_choice":"Gave Potion","damage_taken":0,"relics_obtained":["Calipers"],"max_hp_gain":0,"max_hp_loss":0,"event_name":"WeMeetAgain","floor":10,"gold_loss":0},{"damage_healed":0,"gold_gain":0,"player_choice":"Paid Fearfully","damage_taken":0,"max_hp_gain":0,"max_hp_loss":0,"event_name":"Masked Bandits","floor":21,"gold_loss":16}],"is_beta":false,"boss_relics":[{"not_picked":["Ring of the Serpent","SacredBark"],"picked":"SlaversCollar"}],"items_purged_floors":[],"is_endless":false,"potions_floor_spawned":[4,8,11,19],"killed_by":"Gremlin Leader","ascension_level":10}}