{"host":"2l3i55whvwk76mom","time":1611445420,"event":{"mods":["BaseMod","Googly Eyes","Hermit","Hubris","Minty Spire (QoL Compilation)","Replay The Spire","StSLib","The Cursed","The Disciple","The Hierophant","The Jungle","The Necromancer"],"gold_per_floor":[119,119,132,132,307,340,358,370,370,370,380,414,489,112,112,211,211,221,236,111,121,138,138,164,164,164],"floor_reached":25,"language":"ENG","playtime":1150,"items_purged":["Doubt","Strike_G"],"score":310,"play_id":"8638b32f-e65c-4468-bd59-2ef36477b2c6","local_time":"20210123154340","is_ascension_mode":true,"campfire_choices":[{"data":"hubris:DuctTapeCard","floor":10,"key":"SMITH"},{"floor":15,"key":"REST"},{"data":"Deadly Poison","floor":23,"key":"SMITH"}],"circlet_count":0,"master_deck":["Strike_G","Strike_G","Strike_G","Strike_G","Defend_G","Defend_G","Defend_G","Defend_G","Defend_G","Survivor","Blade Dance","hubris:DuctTapeCard+2","Caltrops","Cloak And Dagger","Deadly Poison+1","Deflect","Footwork","Blade Dance+1","PiercingWail+1","Footwork","Apotheosis+1","Blind+1","Good Instincts+1","Corpse Explosion+1","CurseOfTheBell","Backflip+1","Blade Dance+1","Acrobatics+1","Caltrops"],"relics":["Ring of the Snake","NeowsBlessing","hubris:Towel","hubris:DuctTape","Meat on the Bone","Toxic Egg 2","ReplayTheSpireMod:ShopPack","Calling Bell","Centennial Puzzle","hubris:PeanutButter","Calipers","Eternal Feather"],"acts_visited":["Exordium","TheCity"],"potions_floor_usage":[8,12,16,24],"damage_taken":[{"damage":0,"enemies":"Small Slimes","floor":1,"turns":1},{"damage":0,"enemies":"Jaw Worm","floor":3,"turns":1},{"damage":0,"enemies":"Lagavulin","floor":6,"turns":1},{"damage":0,"enemies":"2 Louse","floor":7,"turns":3},{"damage":8,"enemies":"Large Slime","floor":8,"turns":6},{"damage":0,"enemies":"Exordium Wildlife","floor":11,"turns":3},{"damage":22,"enemies":"3 Sentries","floor":12,"turns":9},{"damage":26,"enemies":"Fading Forest","floor":16,"turns":11},{"damage":0,"enemies":"Spheric Guardian","floor":18,"turns":3},{"damage":10,"enemies":"3 Byrds","floor":19,"turns":2},{"damage":7,"enemies":"Sentry and Sphere","floor":21,"turns":4},{"damage":6,"enemies":"Centurion and Healer","floor":22,"turns":3},{"damage":10,"enemies":"Book of Stabbing","floor":24,"turns":5},{"damage":42,"enemies":"Cultist and Chosen","floor":25,"turns":4}],"seed_played":"-4397629930534739495","potions_obtained":[{"floor":1,"key":"Fire Potion"},{"floor":8,"key":"Venom Potion"},{"floor":12,"key":"CultistPotion"},{"floor":22,"key":"AttackPotion"}],"is_trial":false,"path_per_floor":["M","?","M","?","?","E","M","M","T","R","M","E","?","$","R","B",null,"M","M","$","M","M","R","E","M"],"character_chosen":"THE_SILENT","items_purchased":["ReplayTheSpireMod:ShopPack","Blade Dance+1","PiercingWail+1","Footwork","Blade Dance+1"],"campfire_rested":1,"item_purchase_floors":[14,14,14,14,20],"current_hp_per_floor":[70,70,70,70,70,70,70,62,62,62,62,40,29,29,50,42,70,70,60,60,53,47,47,37,0,0],"gold":164,"neow_bonus":"THREE_ENEMY_KILL","is_daily":false,"chose_seed":false,"campfire_upgraded":2,"win_rate":0.0,"timestamp":1611445420,"path_taken":["M","?","M","?","?","E","M","M","T","R","M","E","?","$","R","BOSS","M","M","$","M","M","R","E","M"],"items_purchased_type":["Relic","Card","Card","Card","Card"],"build_version":"2020-12-22","purchased_purges":2,"victory":false,"max_hp_per_floor":[70,70,70,70,70,70,70,70,70,70,70,70,70,70,70,70,70,70,70,70,70,70,70,70,70,70],"card_choices":[{"not_picked":["Quick Slash","Sneak Up"],"picked":"Terror","floor":1},{"not_picked":["Toxin Wave","Prepared"],"picked":"Blade Dance","floor":3},{"not_picked":["Deflect","ReplayTheSpireMod:Necrosis"],"picked":"Caltrops","floor":6},{"not_picked":["Replay:Poison Smokescreen","PiercingWail"],"picked":"Cloak And Dagger","floor":7},{"not_picked":["Masterful Stab","Flying Knee"],"picked":"Deadly Poison","floor":8},{"not_picked":["Dagger Throw","hubris:TrickCloak"],"picked":"Deflect","floor":11},{"not_picked":["Poisoned Stab","Prepared+1"],"picked":"Footwork","floor":12},{"not_picked":["Secret Technique","Midas Touch"],"picked":"Apotheosis","floor":14},{"not_picked":["Madness","Survey Options"],"picked":"Blind","floor":14},{"not_picked":["Swift Strike","ReplayTheSpireMod:Necrogeddon"],"picked":"Good Instincts","floor":14},{"not_picked":["Glass Knife","Bullet Time+1"],"picked":"Corpse Explosion+1","floor":16},{"not_picked":["Skewer","Eviscerate+1","Concentrate+1"],"picked":"SKIP","floor":18},{"not_picked":["Outmaneuver+1","Footwork"],"picked":"Backflip+1","floor":19},{"not_picked":["hubris:SlightOfHand+1","PiercingWail+1","ReplayTheSpireMod:From All Sides"],"picked":"SKIP","floor":21},{"not_picked":["Sucker Punch","ReplayTheSpireMod:Scrap Shanks+1"],"picked":"Acrobatics+1","floor":22},{"not_picked":["Backflip+1","Sucker Punch"],"picked":"Caltrops","floor":24}],"player_experience":313071,"relics_obtained":[{"floor":6,"key":"hubris:DuctTape"},{"floor":9,"key":"Meat on the Bone"},{"floor":12,"key":"Toxic Egg 2"},{"floor":17,"key":"Centennial Puzzle"},{"floor":17,"key":"hubris:PeanutButter"},{"floor":17,"key":"Calipers"},{"floor":24,"key":"Eternal Feather"}],"event_choices":[{"damage_healed":0,"gold_gain":0,"player_choice":"Ignored","damage_taken":0,"max_hp_gain":0,"max_hp_loss":0,"event_name":"Golden Wing","floor":2,"gold_loss":0},{"damage_healed":0,"gold_gain":175,"player_choice":"AGREE","damage_taken":0,"max_hp_gain":0,"max_hp_loss":0,"event_name":"Liars Game","floor":5,"gold_loss":0,"cards_obtained":["Doubt"]},{"damage_healed":0,"gold_gain":75,"player_choice":"Gather Gold","damage_taken":11,"max_hp_gain":0,"max_hp_loss":0,"event_name":"World of Goop","floor":13,"gold_loss":0}],"is_beta":false,"boss_relics":[{"not_picked":["hubris:RunicObelisk","Ring of the Serpent"],"picked":"Calling Bell"}],"items_purged_floors":[14,20],"is_endless":false,"potions_floor_spawned":[1,8,12,22],"killed_by":"Cultist and Chosen","ascension_level":4}}