{"host":"7qoz5gmva6til3yp","time":1611424527,"event":{"mods":["AchievementEnabler","BaseMod","Minty Spire (QoL Compilation)","StSLib","SuperFastMode"],"gold_per_floor":[14,14,32,52,72,72,91,125,176,33,51,82,82,110,110,193,193,208,208,208,258,16,16,53,69,93,117,151,59,59,83,83,160,160,180,197,206,206,221,249,261,307,397,419,112,112,146,146,146,146,146,146,32,64,64],"floor_reached":56,"language":"KOR","playtime":1522,"items_purged":["Strike_R","Bash","Defend_R"],"score":2392,"play_id":"1964cfab-49ee-41c0-b6f0-b7715e76ada3","local_time":"20210124025527","is_ascension_mode":true,"campfire_choices":[{"data":"Dark Embrace","floor":6.0,"key":"SMITH"},{"data":"Immolate","floor":11.0,"key":"SMITH"},{"data":"Battle Trance","floor":13.0,"key":"SMITH"},{"floor":15.0,"key":"REST"},{"data":"Power Through","floor":23,"key":"SMITH"},{"floor":30,"key":"REST"},{"floor":32,"key":"REST"},{"data":"Burning Pact","floor":41,"key":"SMITH"},{"data":"Shockwave","floor":46,"key":"SMITH"},{"data":"Fire Breathing","floor":49,"key":"SMITH"},{"floor":52,"key":"REST"}],"circlet_count":0,"master_deck":["AscendersBane","Strike_R+1","Strike_R+1","Defend_R","Immolate+1","Dark Embrace+1","Battle Trance+1","Carnage+1","Fire Breathing+1","Shockwave+1","Impervious","Power Through+1","Bludgeon+1","Wild Strike+1","Corruption","Burning Pact+1","Fire Breathing+1","Flash of Steel+1","Fire Breathing"],"relics":["Burning Blood","Matryoshka","Molten Egg 2","CeramicFish","Omamori","Dead Branch","Snecko Eye","Nilry\u0027s Codex","Potion Belt","Whetstone","Bronze Scales","Nunchaku","Pen Nib","Oddly Smooth Stone","Calling Bell","Ancient Tea Set","Mummified Hand","Lizard Tail","MawBank","Red Skull","Meat on the Bone","Calipers","Boot","Incense Burner"],"acts_visited":["Exordium","TheCity","TheBeyond","TheEnding"],"potions_floor_usage":[27,28,28,48,50,55,55,55,55],"damage_taken":[{"damage":7.0,"enemies":"Jaw Worm","floor":1.0,"turns":3.0},{"damage":0.0,"enemies":"Cultist","floor":3.0,"turns":2.0},{"damage":0.0,"enemies":"2 Louse","floor":4.0,"turns":1.0},{"damage":7.0,"enemies":"Looter","floor":5.0,"turns":4.0},{"damage":0.0,"enemies":"Lots of Slimes","floor":7.0,"turns":1.0},{"damage":32.0,"enemies":"Gremlin Nob","floor":8.0,"turns":4.0},{"damage":15.0,"enemies":"3 Sentries","floor":12.0,"turns":4.0},{"damage":13.0,"enemies":"Red Slaver","floor":14.0,"turns":3.0},{"damage":32.0,"enemies":"The Guardian","floor":16.0,"turns":5.0},{"damage":26.0,"enemies":"Shell Parasite","floor":18.0,"turns":4.0},{"damage":0,"enemies":"Gremlin Leader","floor":24,"turns":3},{"damage":11,"enemies":"2 Thieves","floor":25,"turns":3},{"damage":6,"enemies":"Chosen and Byrds","floor":27,"turns":2},{"damage":22,"enemies":"Slavers","floor":28,"turns":3},{"damage":0,"enemies":"Centurion and Healer","floor":31,"turns":1},{"damage":10,"enemies":"Champ","floor":33,"turns":4},{"damage":0,"enemies":"Orb Walker","floor":35,"turns":1},{"damage":0,"enemies":"3 Darklings","floor":36,"turns":2},{"damage":9,"enemies":"Spire Growth","floor":39,"turns":3},{"damage":3,"enemies":"Reptomancer","floor":40,"turns":2},{"damage":15,"enemies":"Nemesis","floor":42,"turns":3},{"damage":2,"enemies":"Transient","floor":44,"turns":6},{"damage":3,"enemies":"Giant Head","floor":47,"turns":3},{"damage":0,"enemies":"Jaw Worm Horde","floor":48,"turns":1},{"damage":48,"enemies":"Time Eater","floor":50,"turns":4},{"damage":0,"enemies":"Shield and Spear","floor":54,"turns":3},{"damage":97,"enemies":"The Heart","floor":55,"turns":6}],"seed_played":"-8617977720647884497","potions_obtained":[{"floor":3.0,"key":"Swift Potion"},{"floor":5.0,"key":"Ancient Potion"},{"floor":8.0,"key":"Energy Potion"},{"floor":16.0,"key":"Fire Potion"},{"floor":24,"key":"Swift Potion"},{"floor":25,"key":"SkillPotion"},{"floor":28,"key":"Weak Potion"},{"floor":33,"key":"BloodPotion"},{"floor":36,"key":"SmokeBomb"},{"floor":54,"key":"Swift Potion"}],"is_trial":false,"path_per_floor":["M","?","M","M","M","R","M","E","T","$","R","E","R","M","R","B",null,"M","?","?","?","$","R","E","M","T","M","E","$","R","M","R","B",null,"M","M","?","?","M","E","R","E","T","M","$","R","E","M","R","B",null,"R","$","E","B",null],"character_chosen":"IRONCLAD","items_purchased":["Carnage+1","Power Through","Whetstone","Burning Pact","Calipers","LiquidMemories","Fire Breathing"],"campfire_rested":4,"item_purchase_floors":[10,22,22,29,45,53,53],"current_hp_per_floor":[67,67,73,75,74,74,75,49,49,49,49,40,40,33,55,29,64,44,23,23,23,23,23,29,24,24,24,8,8,30,36,58,54,70,75,75,65,65,62,65,65,56,56,60,60,60,63,69,69,39,66,75,75,75,49],"gold":64,"neow_bonus":"THREE_RARE_CARDS","is_daily":false,"chose_seed":false,"campfire_upgraded":7,"win_rate":0.0,"timestamp":1611424527,"path_taken":["M","?","M","M","M","R","M","E","T","$","R","E","R","M","R","BOSS","M","?","?","?","$","R","E","?","T","M","E","?","R","M","R","BOSS","M","M","?","?","M","E","R","E","T","M","$","R","E","M","R","BOSS","R","$","E","BOSS"],"items_purchased_type":["Card","Card","Relic","Card","Relic","Potion","Card"],"build_version":"2020-12-22","purchased_purges":3,"victory":true,"max_hp_per_floor":[75,75,75,75,75,75,75,75,75,75,75,75,75,75,75,75,75,75,75,75,75,75,75,75,75,75,75,75,75,75,75,75,75,75,75,75,75,75,75,75,75,75,75,75,75,75,75,75,75,75,75,75,75,75,75],"card_choices":[{"not_picked":["Double Tap","Bludgeon"],"picked":"Immolate","floor":0.0},{"not_picked":["Dual Wield","True Grit"],"picked":"Thunderclap","floor":1.0},{"not_picked":["Wild Strike","Anger"],"picked":"Reckless Charge","floor":3.0},{"not_picked":["Infernal Blade","Seeing Red"],"picked":"Dark Embrace","floor":4.0},{"not_picked":["Iron Wave","Reckless Charge","Havoc"],"picked":"SKIP","floor":5.0},{"not_picked":["Flex","Perfected Strike"],"picked":"Battle Trance","floor":7.0},{"not_picked":["Whirlwind+1","Dark Embrace","Double Tap"],"picked":"SKIP","floor":8.0},{"not_picked":["Perfected Strike+1","Armaments","Dual Wield"],"picked":"SKIP","floor":12.0},{"not_picked":["Iron Wave+1","Perfected Strike+1"],"picked":"Shockwave","floor":14.0},{"not_picked":["Juggernaut","Double Tap"],"picked":"Impervious","floor":16.0},{"not_picked":["Havoc+1","Bloodletting","Entrench"],"picked":"SKIP","floor":18.0},{"not_picked":["Pommel Strike+1","Disarm"],"picked":"Bludgeon+1","floor":24},{"not_picked":["Entrench","Hemokinesis+1","Intimidate"],"picked":"SKIP","floor":25},{"not_picked":["Heavy Blade+1","Headbutt+1"],"picked":"Wild Strike+1","floor":27},{"not_picked":["Sentinel","Anger+1"],"picked":"Corruption","floor":28},{"not_picked":["Pummel+1","Heavy Blade+1"],"picked":"Fire Breathing","floor":31},{"not_picked":["Reckless Charge+1","Havoc","Anger+1"],"picked":"SKIP","floor":35},{"not_picked":["Blood for Blood+1","Wild Strike+1","Sword Boomerang+1"],"picked":"SKIP","floor":36},{"not_picked":["Secret Weapon","Mayhem"],"picked":"Flash of Steel+1","floor":37},{"not_picked":["Twin Strike+1","Shockwave","Pummel+1"],"picked":"SKIP","floor":39},{"not_picked":["Perfected Strike+1","Anger+1","Flex"],"picked":"SKIP","floor":40},{"not_picked":["Dropkick+1","Thunderclap+1","Warcry"],"picked":"SKIP","floor":42},{"not_picked":["Heavy Blade+1","Ghostly Armor","Perfected Strike+1"],"picked":"SKIP","floor":44},{"not_picked":["Wild Strike+1","Entrench","Iron Wave+1"],"picked":"SKIP","floor":47},{"not_picked":["Iron Wave+1","Blood for Blood+1","Pummel+1"],"picked":"SKIP","floor":54}],"player_experience":417925,"relics_obtained":[{"floor":8.0,"key":"Molten Egg 2"},{"floor":9.0,"key":"CeramicFish"},{"floor":9.0,"key":"Omamori"},{"floor":12.0,"key":"Dead Branch"},{"floor":19.0,"key":"Nilry\u0027s Codex"},{"floor":24,"key":"Bronze Scales"},{"floor":26,"key":"Nunchaku"},{"floor":26,"key":"Pen Nib"},{"floor":28,"key":"Oddly Smooth Stone"},{"floor":34,"key":"Ancient Tea Set"},{"floor":34,"key":"Mummified Hand"},{"floor":34,"key":"Lizard Tail"},{"floor":40,"key":"MawBank"},{"floor":42,"key":"Red Skull"},{"floor":43,"key":"Meat on the Bone"},{"floor":47,"key":"Boot"},{"floor":54,"key":"Incense Burner"}],"event_choices":[{"cards_removed":["Thunderclap"],"damage_healed":0.0,"max_hp_gain":0.0,"max_hp_loss":0.0,"gold_gain":0.0,"event_name":"WeMeetAgain","player_choice":"Gave Card","floor":2.0,"gold_loss":0.0,"damage_taken":0.0,"relics_obtained":["Matryoshka"]},{"damage_healed":0.0,"max_hp_gain":0.0,"max_hp_loss":0.0,"gold_gain":0.0,"event_name":"Cursed Tome","player_choice":"Obtained Book","floor":19.0,"gold_loss":0.0,"damage_taken":21.0},{"damage_healed":0.0,"max_hp_gain":0.0,"max_hp_loss":0.0,"gold_gain":0.0,"event_name":"The Mausoleum","player_choice":"Opened","floor":20.0,"gold_loss":0.0,"damage_taken":0.0,"relics_obtained":["Potion Belt"],"cards_obtained":["Writhe"]},{"damage_healed":0.0,"max_hp_gain":0.0,"max_hp_loss":0.0,"gold_gain":100.0,"event_name":"The Joust","player_choice":"Bet on Murderer","floor":21.0,"gold_loss":50.0,"damage_taken":0.0},{"damage_healed":0,"gold_gain":0,"player_choice":"Memory 3","damage_taken":10,"max_hp_gain":0,"max_hp_loss":0,"event_name":"SensoryStone","floor":37,"gold_loss":0},{"cards_removed":["Reckless Charge"],"damage_healed":0,"gold_gain":0,"player_choice":"Removed Attack","damage_taken":0,"max_hp_gain":0,"max_hp_loss":0,"event_name":"Falling","floor":38,"gold_loss":0}],"is_beta":false,"boss_relics":[{"not_picked":["Runic Dome","SlaversCollar"],"picked":"Snecko Eye"},{"not_picked":["Tiny House","Sozu"],"picked":"Calling Bell"}],"items_purged_floors":[10,22,29],"is_endless":false,"potions_floor_spawned":[3,5,7,8,16,24,25,28,33,36,39,47,48,54],"ascension_level":19}}