{"host":"1v3mnj67s3trvm6y","time":1611393951,"event":{"mods":["BaseMod","Challenge The Spire","Downfall","Minty Spire (QoL Compilation)","StSLib"],"gold_per_floor":[99,111,129,139,139,151,230,262,62,72,104,14,25,25,38,134,134,134,152,167,167,179,191,191,191,220,220,220,220],"floor_reached":27,"language":"ENG","playtime":2005,"items_purged":["champ:Strike"],"score":272,"play_id":"24e32e21-fe9a-4a75-8371-9946b2ea3476","local_time":"20210123182551","is_ascension_mode":false,"campfire_choices":[{"floor":1,"key":"RECALL"},{"data":"champ:Taunt","floor":9,"key":"SMITH"},{"data":"champ:GladiatorForm","floor":18,"key":"SMITH"}],"circlet_count":0,"master_deck":["champ:Strike","champ:Strike","champ:Strike","champ:Defend","champ:Defend","champ:Defend","champ:Defend","champ:Execute","champ:Taunt+1","champ:CrookedStrike","champ:Lariat","champ:GutPunch","champ:Duel","champ:BringItOn","champ:StanceDance","champ:SteelEdge","champ:VampiricStrike","champ:DefensiveShout","champ:GladiatorForm+1","CurseOfTheBell","champ:EnragedBash","champ:FanOfKnives","champ:ShieldWall","champ:Endure","champ:IronFortress"],"relics":["champ:ChampionCrown","Matryoshka","Bronze Scales","downfall:HeartBlessingRed","downfall:HeartBlessingGreen","Slimebound:PreparedRelic","PreservedInsect","Ginger","Question Card","Nloth\u0027s Gift","The Courier","Juzu Bracelet"],"acts_visited":["Exordium","TheCity"],"potions_floor_usage":[8,11,20,23,26,27],"damage_taken":[{"damage":15,"enemies":"2 Louse","floor":2,"turns":3},{"damage":11,"enemies":"Cultist","floor":3,"turns":3},{"damage":2,"enemies":"Small Slimes","floor":4,"turns":5},{"damage":10,"enemies":"3 Louse","floor":6,"turns":3},{"damage":46,"enemies":"Gremlin Nob","floor":8,"turns":4},{"damage":10,"enemies":"Red Slaver","floor":10,"turns":2},{"damage":30,"enemies":"Lagavulin","floor":11,"turns":4},{"damage":20,"enemies":"downfall:FleeingMerchant","floor":12,"turns":4},{"damage":11,"enemies":"2 Fungi Beasts","floor":13,"turns":3},{"damage":0,"enemies":"Exordium Thugs","floor":15,"turns":4},{"damage":44,"enemies":"IC_STATUS_ARCHETYPE","floor":16,"turns":9},{"damage":15,"enemies":"Chosen","floor":19,"turns":5},{"damage":30,"enemies":"Spheric Guardian","floor":20,"turns":4},{"damage":39,"enemies":"Centurion and Healer","floor":22,"turns":8},{"damage":51,"enemies":"Snake Plant","floor":23,"turns":4},{"damage":65,"enemies":"Gremlin Leader","floor":26,"turns":7},{"damage":34,"enemies":"Chosen and Byrds","floor":27,"turns":4}],"seed_played":"3159752523069313381","potions_obtained":[{"floor":2,"key":"Fire Potion"},{"floor":8,"key":"FearPotion"},{"floor":11,"key":"PowerPotion"},{"floor":15,"key":"Block Potion"},{"floor":19,"key":"Ancient Potion"},{"floor":20,"key":"LiquidBronze"},{"floor":23,"key":"GamblersBrew"}],"is_trial":false,"path_per_floor":["R","M","M","M","?","M","T","E","R","M","E","$","M","?","M","B",null,"R","M","M","?","M","M","T","?","E","M"],"character_chosen":"THE_CHAMP","items_purchased":[],"campfire_rested":0,"item_purchase_floors":[],"current_hp_per_floor":[99,94,93,91,91,91,91,65,65,65,65,65,64,59,59,50,99,99,99,99,99,95,59,59,59,14,0,0,0],"gold":220,"neow_bonus":"TEN_PERCENT_HP_BONUS","is_daily":false,"chose_seed":false,"campfire_upgraded":2,"win_rate":0.0,"timestamp":1611393951,"path_taken":["R","M","M","M","?","M","T","E","R","?","E","$","M","?","M","BOSS","R","M","?","?","?","M","T","?","E","M"],"items_purchased_type":[],"build_version":"2020-12-22","purchased_purges":1,"victory":false,"max_hp_per_floor":[99,99,99,99,99,99,99,99,99,99,99,99,99,99,99,99,99,99,99,99,99,99,99,99,99,99,99,99,99],"card_choices":[{"not_picked":["champ:PreciseThrust","champ:FlashCut"],"picked":"champ:CrookedStrike","floor":2},{"not_picked":["champ:PerfectedStrike","champ:Encircle"],"picked":"champ:Lariat","floor":3},{"not_picked":["champ:BringItOn","champ:SkillfulDodge"],"picked":"champ:GutPunch","floor":4},{"not_picked":["champ:FlashCut","champ:ShieldSlam"],"picked":"champ:Duel","floor":6},{"not_picked":["champ:GutPunch","champ:Circumvent"],"picked":"champ:BringItOn","floor":8},{"not_picked":["champ:RecklessLeap","champ:Haymaker"],"picked":"champ:StanceDance","floor":10},{"not_picked":["champ:GladiatorStyle","champ:SetATrap"],"picked":"champ:SteelEdge","floor":11},{"not_picked":["champ:CrookedStrike","champ:RisingSlash"],"picked":"champ:VampiricStrike","floor":12},{"not_picked":["champ:PreemptiveStrike","champ:CrookedStrike"],"picked":"champ:DefensiveShout","floor":13},{"not_picked":["champ:CrownThrow","champ:PreemptiveStrike","champ:EndlessRage"],"picked":"SKIP","floor":15},{"not_picked":["champ:StrikeOfGenius","champ:LastStand"],"picked":"champ:GladiatorForm","floor":16},{"not_picked":["champ:ShieldSlam","champ:FlashCut+1","champ:BringItOn"],"picked":"champ:EnragedBash","floor":19},{"not_picked":["champ:StanceDance","champ:Haymaker","champ:Backstep"],"picked":"champ:FanOfKnives","floor":20},{"not_picked":["champ:StrikeOfGenius","champ:Circumvent+1","champ:TornadoPunch+1"],"picked":"champ:ShieldWall","floor":22},{"not_picked":["champ:EndlessRage","champ:FancyFootwork","champ:Haymaker"],"picked":"champ:Endure","floor":23},{"not_picked":["champ:UltimateStance","champ:Devastate","champ:HeartStrike"],"picked":"champ:IronFortress","floor":26}],"player_experience":1633748,"relics_obtained":[{"floor":7,"key":"Matryoshka"},{"floor":8,"key":"Bronze Scales"},{"floor":11,"key":"Slimebound:PreparedRelic"},{"floor":17,"key":"PreservedInsect"},{"floor":17,"key":"Ginger"},{"floor":17,"key":"Question Card"},{"floor":24,"key":"The Courier"},{"floor":26,"key":"Juzu Bracelet"}],"event_choices":[{"damage_healed":0,"gold_gain":0,"player_choice":"Ignored","damage_taken":0,"max_hp_gain":0,"max_hp_loss":0,"event_name":"NoteForYourself","floor":5,"gold_loss":0},{"damage_healed":0,"gold_gain":0,"player_choice":"Ignored","damage_taken":0,"max_hp_gain":0,"max_hp_loss":0,"event_name":"Ghosts","floor":25,"gold_loss":0}],"is_beta":false,"boss_relics":[{"not_picked":["Pandora\u0027s Box","Runic Pyramid"],"picked":"Calling Bell"}],"items_purged_floors":[12],"is_endless":false,"potions_floor_spawned":[2,8,11,15,19,20,23],"killed_by":"Chosen and Byrds","ascension_level":0}}