{"host":"p8f0otjoacyb9giz","time":1611413197,"event":{"mods":["AchievementEnabler","BaseMod","Downfall","Minty Spire (QoL Compilation)","StSLib"],"gold_per_floor":[99,117,136,136,286,33,60,45,45,79,79,107,92,121,132,236,236,136,155,255,205,89,89,89,89,116,130,30,65,84,4,28,140,140,140,164,215,238,92,111,182,126,138,138,177,196,96,135,151,151,151,192,125,125,125,125,125,125],"floor_reached":56,"language":"ENG","playtime":3042,"items_purged":["downfall:Icky","hexamod:Strike"],"score":940,"play_id":"c246750a-5bb0-4564-858c-ad04c337a2c5","local_time":"20210123174637","is_ascension_mode":true,"campfire_choices":[{"data":"hexamod:Float","floor":1.0,"key":"SMITH"},{"data":"Apotheosis","floor":9.0,"key":"SMITH"},{"floor":18.0,"key":"RECALL"},{"data":"hexamod:NecessarySacrifice","floor":25.0,"key":"SMITH"},{"data":"hexamod:WildfireWeapon","floor":28.0,"key":"SMITH"},{"floor":35.0,"key":"REST"},{"floor":47.0,"key":"REST"},{"floor":54,"key":"REST"}],"circlet_count":0,"master_deck":["hexamod:Strike","hexamod:Strike","hexamod:Strike","hexamod:Defend","hexamod:Defend","hexamod:Defend","hexamod:Defend","hexamod:Sear","hexamod:Float+1","hexamod:NecessarySacrifice+1","hexamod:HeatMetal+1","hexamod:FlamesFromBeyond","Apotheosis+1","hexamod:TimeWarp+1","hexamod:Incineration","hexamod:SuperheatedStrike","hexamod:PhantomFireball","hexamod:WildfireWeapon+1","hexamod:WildfireWeapon","hexamod:SecondSeal","hexamod:FastForward+1","hexamod:VolcanoVisage+1","hexamod:ExtraCrispy+1","hexamod:FirstSeal","hexamod:EmpoweredFlame+1","hexamod:ExtraCrispy+1","expansioncontent:LastStand+1","hexamod:SoulSteal","hexamod:HeatCrush","hexamod:ThermalTransfer"],"relics":["hexamod:SpiritBrand","Turnip","Lizard Tail","Bronze Scales","Bag of Preparation","bronze:BronzeIdol","The Courier","SlaversCollar","downfall:HeartBlessingGreen","Thread and Needle","Blue Candle","hexamod:MatchstickCase","Blood Vial","Bird Faced Urn","Bottled Tornado","Guardian:PocketSentry","downfall:HeartBlessingRed","Frozen Egg 2","Fusion Hammer","Pocketwatch","bronze:DonusWashers","hexamod:InflammatoryLetter","downfall:HeartBlessingBlue","Vajra","Whetstone"],"acts_visited":["Exordium","TheCity","TheBeyond","TheEnding"],"potions_floor_usage":[52,56],"damage_taken":[{"damage":0.0,"enemies":"Small Slimes","floor":2.0,"turns":3.0},{"damage":2.0,"enemies":"Jaw Worm","floor":3.0,"turns":3.0},{"damage":0.0,"enemies":"downfall:FleeingMerchant","floor":6.0,"turns":4.0},{"damage":2.0,"enemies":"downfall:FleeingMerchant","floor":8.0,"turns":4.0},{"damage":0.0,"enemies":"Lagavulin","floor":10.0,"turns":4.0},{"damage":10.0,"enemies":"Gremlin Nob","floor":12.0,"turns":3.0},{"damage":10.0,"enemies":"downfall:FleeingMerchant","floor":13.0,"turns":4.0},{"damage":14.0,"enemies":"3 Sentries","floor":14.0,"turns":4.0},{"damage":0.0,"enemies":"2 Louse","floor":15.0,"turns":2.0},{"damage":3.0,"enemies":"SI_SHIV_ARCHETYPE","floor":16.0,"turns":5.0},{"damage":14.0,"enemies":"Chosen","floor":19.0,"turns":4.0},{"damage":7.0,"enemies":"WA_ARCHETYPE_RETAIN","floor":20.0,"turns":5.0},{"damage":12.0,"enemies":"downfall:FleeingMerchant","floor":22.0,"turns":3.0},{"damage":9.0,"enemies":"Book of Stabbing","floor":26.0,"turns":3.0},{"damage":12.0,"enemies":"Sentry and Sphere","floor":27.0,"turns":4.0},{"damage":2.0,"enemies":"Slavers","floor":29.0,"turns":5.0},{"damage":0.0,"enemies":"Centurion and Healer","floor":30.0,"turns":5.0},{"damage":20.0,"enemies":"Shelled Parasite and Fungi","floor":32.0,"turns":4.0},{"damage":5.0,"enemies":"DF_ARCHETYPE_CLAW","floor":33.0,"turns":6.0},{"damage":9.0,"enemies":"3 Darklings","floor":36.0,"turns":4.0},{"damage":28.0,"enemies":"2 Orb Walkers","floor":37.0,"turns":4.0},{"damage":0.0,"enemies":"3 Shapes","floor":38.0,"turns":4.0},{"damage":2.0,"enemies":"Sphere and 2 Shapes","floor":40.0,"turns":5.0},{"damage":3.0,"enemies":"3 Darklings","floor":43.0,"turns":4.0},{"damage":22.0,"enemies":"Reptomancer","floor":45.0,"turns":6.0},{"damage":9.0,"enemies":"Spire Growth","floor":46.0,"turns":3.0},{"damage":3.0,"enemies":"Nemesis","floor":48.0,"turns":6.0},{"damage":9.0,"enemies":"Writhing Mass","floor":49.0,"turns":4.0},{"damage":25,"enemies":"WA_ARCHETYPE_DIVINITY","floor":50,"turns":7},{"damage":103,"enemies":"downfall:CharBossMerchant","floor":52,"turns":7},{"damage":43,"enemies":"downfall:NeowBoss","floor":55,"turns":14},{"damage":79,"enemies":"downfall:NeowBossFinal","floor":56,"turns":9}],"seed_played":"-7692274429273405474","potions_obtained":[{"floor":3.0,"key":"PowerPotion"},{"floor":12.0,"key":"EssenceOfSteel"},{"floor":14.0,"key":"hexamod:SoulburnPotion"},{"floor":15.0,"key":"champ:CounterPotion"},{"floor":16.0,"key":"GamblersBrew"},{"floor":26.0,"key":"SteroidPotion"},{"floor":36.0,"key":"PowerPotion"}],"is_trial":false,"path_per_floor":["R","M","M","?","?","$","T","$","R","E","?","E","$","E","M","B",null,"R","M","?","?","$","?","T","R","E","M","R","E","M","$","M","B",null,"R","M","?","M","$","M","T","$","M","?","E","M","R","E","M","B",null,"E","$","R","B","B"],"character_chosen":"THE_SPIRIT","items_purchased":["Apotheosis","hexamod:MatchstickCase","Blood Vial","Bird Faced Urn","hexamod:EmpoweredFlame+1","bronze:DonusWashers","hexamod:ExtraCrispy+1","hexamod:HeatCrush","hexamod:ThermalTransfer"],"campfire_rested":3,"item_purchase_floors":[6,22,22,22,39,39,42,53,53],"current_hp_per_floor":[49,49,47,40,40,40,40,38,38,38,38,28,18,4,4,1,70,70,56,49,70,58,58,58,58,55,49,49,55,63,63,51,54,70,70,65,44,54,54,70,70,70,70,70,63,63,80,80,80,72,80,47,47,71,47,0,0,0],"gold":125,"neow_bonus":"ONE_RARE_RELIC","is_daily":false,"chose_seed":false,"campfire_upgraded":4,"win_rate":0.0,"timestamp":1611413197,"path_taken":["R","M","M","?","?","$","T","?","R","E","?","E","$","E","M","BOSS","R","M","?","?","$","?","T","R","E","M","R","E","M","$","M","BOSS","R","M","?","M","$","M","T","$","M","?","E","M","R","E","M","BOSS","E","$","R","BOSS","BOSS"],"items_purchased_type":["Card","Relic","Relic","Relic","Card","Relic","Card","Card","Card"],"build_version":"2020-12-22","purchased_purges":2,"victory":false,"max_hp_per_floor":[70,70,70,70,70,70,70,70,70,70,70,70,70,70,70,70,70,70,70,70,70,70,70,70,70,70,70,70,70,70,70,70,70,70,70,70,70,70,70,70,70,70,70,70,70,70,80,80,80,80,80,80,80,80,80,80,80,80],"card_choices":[{"not_picked":["hexamod:SpectersWail","hexamod:ThirdSeal"],"picked":"hexamod:NecessarySacrifice","floor":2.0},{"not_picked":["hexamod:ChargedBarrage","hexamod:GhostShield"],"picked":"hexamod:HeatMetal","floor":3.0},{"not_picked":["hexamod:NightmareStrike","hexamod:SkipABeat"],"picked":"hexamod:FlamesFromBeyond","floor":6.0},{"not_picked":["hexamod:BacktrackSmack","hexamod:HauntingEcho"],"picked":"hexamod:TimeWarp","floor":8.0},{"not_picked":["hexamod:PhantomCloak","hexamod:SwordOfDarkness"],"picked":"hexamod:Incineration","floor":10.0},{"not_picked":["hexamod:SpectersWail","hexamod:SkipABeat"],"picked":"hexamod:SuperheatedStrike","floor":12.0},{"not_picked":["hexamod:BurningTouch","hexamod:BacktrackSmack"],"picked":"hexamod:PhantomFireball","floor":13.0},{"not_picked":["hexamod:GhostShield","hexamod:SoulSteal","hexamod:SwordOfDarkness"],"picked":"SKIP","floor":14.0},{"not_picked":["hexamod:RadiantFlame","hexamod:GhostLash","hexamod:BacktrackSmack"],"picked":"SKIP","floor":15.0},{"not_picked":["hexamod:UnleashSpirits","hexamod:TurnItUp"],"picked":"hexamod:WildfireWeapon","floor":16.0},{"not_picked":["hexamod:HauntingEcho","hexamod:SuperheatedStrike","hexamod:SpectersWail"],"picked":"SKIP","floor":19.0},{"not_picked":["hexamod:BacktrackSmack","hexamod:Incineration","hexamod:InspiringFlames"],"picked":"SKIP","floor":26.0},{"not_picked":["hexamod:RadiantFlame","hexamod:BacktrackSmack"],"picked":"hexamod:SecondSeal","floor":27.0},{"not_picked":["hexamod:SpectralSpark+1","hexamod:Hexaguard","hexamod:Haunt"],"picked":"SKIP","floor":29.0},{"not_picked":["hexamod:HeatShield","hexamod:SpectersWail"],"picked":"hexamod:FastForward+1","floor":30.0},{"not_picked":["hexamod:Firestarter","hexamod:NightmareStrike"],"picked":"hexamod:VolcanoVisage+1","floor":32.0},{"not_picked":["hexamod:HeatMetal","hexamod:SecondSeal","hexamod:SuperheatedStrike+1"],"picked":"SKIP","floor":36.0},{"not_picked":["hexamod:SwordOfDarkness","hexamod:BurningTouch"],"picked":"hexamod:ExtraCrispy+1","floor":37.0},{"not_picked":["hexamod:HauntingEcho","hexamod:ThirdSeal"],"picked":"hexamod:FirstSeal","floor":38.0},{"not_picked":["hexamod:Haunt","hexamod:GhostOfSpireFuture+1","hexamod:GhostflameBarrier+1"],"picked":"SKIP","floor":40.0},{"not_picked":["hexamod:SpectralAdrenaline","hexamod:BacktrackSmack","hexamod:InspiringFlames+1"],"picked":"SKIP","floor":43.0},{"not_picked":["expansioncontent:PolyBeam","expansioncontent:AwakenDeath+1"],"picked":"expansioncontent:LastStand+1","floor":44.0},{"not_picked":["hexamod:HauntingEcho","hexamod:InspiringFlames","hexamod:ThermalTransfer"],"picked":"SKIP","floor":45.0},{"not_picked":["hexamod:Incineration+1","hexamod:SwordOfDarkness"],"picked":"hexamod:SoulSteal","floor":46.0},{"not_picked":["hexamod:NightmareGuise","hexamod:ForkedFlame","hexamod:InspiringFlames"],"picked":"SKIP","floor":48.0},{"not_picked":["hexamod:HauntingEcho","hexamod:HeatMetal","hexamod:SwordOfDarkness"],"picked":"SKIP","floor":49.0},{"not_picked":["hexamod:GhostShield+1","hexamod:InspiringFlames","hexamod:FifthSeal"],"picked":"SKIP","floor":52}],"player_experience":391942,"relics_obtained":[{"floor":7.0,"key":"Bronze Scales"},{"floor":10.0,"key":"Bag of Preparation"},{"floor":12.0,"key":"bronze:BronzeIdol"},{"floor":14.0,"key":"The Courier"},{"floor":20.0,"key":"Thread and Needle"},{"floor":20.0,"key":"Blue Candle"},{"floor":24.0,"key":"Bottled Tornado"},{"floor":26.0,"key":"Guardian:PocketSentry"},{"floor":29.0,"key":"Frozen Egg 2"},{"floor":37.0,"key":"Pocketwatch"},{"floor":45.0,"key":"hexamod:InflammatoryLetter"},{"floor":48.0,"key":"Vajra"},{"floor":52,"key":"Whetstone"}],"event_choices":[{"damage_healed":0.0,"max_hp_gain":0.0,"max_hp_loss":0.0,"gold_gain":0.0,"event_name":"Scrap Ooze","player_choice":"Success","floor":4.0,"gold_loss":0.0,"damage_taken":7.0,"relics_obtained":["Lizard Tail"]},{"damage_healed":0.0,"max_hp_gain":0.0,"max_hp_loss":0.0,"gold_gain":0.0,"event_name":"Mysterious Sphere","player_choice":"Fight","floor":37.0,"gold_loss":0.0,"damage_taken":0.0}],"is_beta":false,"boss_relics":[{"not_picked":["Snecko Eye","Runic Pyramid"],"picked":"SlaversCollar"},{"not_picked":["Calling Bell","expansioncontent:StudyCardRelic"],"picked":"Fusion Hammer"}],"items_purged_floors":[6,31],"is_endless":false,"potions_floor_spawned":[3,12,14,15,16,26,30,32,36,37,43,45],"killed_by":"downfall:NeowBossFinal","ascension_level":2}}