{"host":"o98f72bjn8jxgroo","time":1611424497,"event":{"mods":["Act Like it!","BaseMod","ChefMod","Dio Mod","Fox Events","GifTheSpireLib","Jedi Mod","Minty Spire (QoL Compilation)","Relic Stats","Spicy Shops","StSLib","The Blackbeard","The Saiyan","??????REMEMod"],"gold_per_floor":[109,124,124,149,165,197,197,197,197,197,207,221,246,246,246,341,341,358,328,328],"floor_reached":19,"language":"PTB","playtime":1583,"items_purged":[],"score":167,"play_id":"32e3c62e-d627-4bf2-9ec6-66f2f6d98339","local_time":"20210123155457","is_ascension_mode":false,"campfire_choices":[{"data":"chefmod:NewMenu","floor":7.0,"key":"SMITH"},{"data":"REME_MawOfCthun","floor":10.0,"key":"SMITH"},{"data":"chefmod:NoSoupForYou","floor":15,"key":"SMITH"}],"circlet_count":0,"master_deck":["chefmod:Strike","chefmod:Strike","chefmod:Strike","chefmod:Strike","chefmod:QuickThaw","chefmod:Defend","chefmod:Defend","chefmod:Defend","chefmod:Defend","chefmod:TodaysSpecial","REME_MawOfCthun+1","chefmod:NoSoupForYou+1","chefmod:NewMenu+1","REME_MawOfCthun+1","chefmod:FullBurn","chefmod:CapreseSalad","chefmod:QuickThaw","Panacea","chefmod:TwoForOne"],"relics":["chefmod:TrustyPot","REME_ComplimentaryCards","MealTicket","Lantern","jedi:heavyjacket","Odd Mushroom","Philosopher\u0027s Stone"],"acts_visited":["Exordium","TheCity"],"potions_floor_usage":[12,12],"damage_taken":[{"damage":0.0,"enemies":"Cultist","floor":1.0,"turns":5.0},{"damage":4.0,"enemies":"Jaw Worm","floor":2.0,"turns":4.0},{"damage":4.0,"enemies":"2 Louse","floor":5.0,"turns":3.0},{"damage":13.0,"enemies":"Lagavulin","floor":6.0,"turns":10.0},{"damage":1.0,"enemies":"Looter","floor":11.0,"turns":3.0},{"damage":2,"enemies":"Gremlin Gang","floor":12,"turns":5},{"damage":2,"enemies":"The Mushroom Lair","floor":13,"turns":5},{"damage":17,"enemies":"Slime Boss","floor":16,"turns":9},{"damage":0,"enemies":"Shell Parasite","floor":18,"turns":7},{"damage":0,"enemies":"2 Thieves","floor":19,"turns":2}],"seed_played":"-5415964808547425589","potions_obtained":[{"floor":2.0,"key":"Block Potion"},{"floor":5.0,"key":"chefmod:PotionOfPlenty"},{"floor":6.0,"key":"ColorlessPotion"},{"floor":12,"key":"jedi:holywater"}],"is_trial":false,"path_per_floor":["M","M","$","T","M","E","R","?","T","R","M","M","?","?","R","B",null,"M","M"],"character_chosen":"THE_CHEF","items_purchased":[],"campfire_rested":0,"item_purchase_floors":[],"current_hp_per_floor":[69,65,65,65,61,48,48,48,48,48,47,45,43,43,43,26,69,69,69,69],"gold":328,"neow_bonus":"RANDOM_COLORLESS_2","is_daily":false,"chose_seed":false,"campfire_upgraded":3,"win_rate":0.0,"timestamp":1611424497,"path_taken":["M","?","$","?","?","E","R","?","T","R","M","M","?","?","R","BOSS","M","?"],"items_purchased_type":[],"build_version":"2020-12-22","purchased_purges":0,"victory":false,"max_hp_per_floor":[69,69,69,69,69,69,69,69,69,69,69,69,69,69,69,69,69,69,69,69],"relic_stats":{"counters":[10,53],"MealTicket":0,"obtain_stats":[{"chefmod:TrustyPot":0,"jedi:heavyjacket":9,"Lantern":6,"MealTicket":4,"Philosopher\u0027s Stone":17,"Odd Mushroom":13,"REME_ComplimentaryCards":0},{"chefmod:TrustyPot":0,"jedi:heavyjacket":4,"Lantern":4,"MealTicket":2,"Philosopher\u0027s Stone":8,"Odd Mushroom":7,"REME_ComplimentaryCards":0},{"chefmod:TrustyPot":0,"jedi:heavyjacket":22,"Lantern":22,"MealTicket":9,"Philosopher\u0027s Stone":44,"Odd Mushroom":35,"REME_ComplimentaryCards":0}]},"card_choices":[{"not_picked":["Thinking Ahead","jedi:RedIncense"],"picked":"REME_MawOfCthun","floor":0.0},{"not_picked":["chefmod:SearedScallops","chefmod:Julienne"],"picked":"chefmod:NoSoupForYou","floor":1.0},{"not_picked":["chefmod:Defrost","chefmod:ZaruSoba","chefmod:DimSum"],"picked":"SKIP","floor":2.0},{"not_picked":["chefmod:DinoKale","chefmod:Granita","chefmod:PotatoGratin"],"picked":"SKIP","floor":5.0},{"not_picked":["chefmod:DoubleChop","chefmod:IcePick"],"picked":"chefmod:NewMenu","floor":6.0},{"not_picked":["chefmod:ZaruSoba","chefmod:HotSoup","chefmod:QuickChop"],"picked":"SKIP","floor":11},{"not_picked":["chefmod:BaoBuns","chefmod:FryPan"],"picked":"chefmod:FullBurn","floor":12},{"not_picked":["chefmod:Chop","chefmod:Gelato"],"picked":"chefmod:CapreseSalad","floor":13},{"not_picked":["chefmod:Tenderizer","chefmod:Canape"],"picked":"chefmod:TwoForOne","floor":16},{"not_picked":["chefmod:HotSoup+1","chefmod:ColdSteel","chefmod:LiquidNitrogen"],"picked":"SKIP","floor":18}],"player_experience":366949,"relics_obtained":[{"floor":4.0,"key":"MealTicket"},{"floor":6.0,"key":"Lantern"},{"floor":9.0,"key":"jedi:heavyjacket"},{"floor":13,"key":"Odd Mushroom"}],"event_choices":[{"damage_healed":0,"gold_gain":0,"player_choice":"Fought Mushrooms","damage_taken":0,"max_hp_gain":0,"max_hp_loss":0,"event_name":"Mushrooms","floor":13,"gold_loss":0},{"damage_healed":0,"gold_gain":0,"player_choice":"2 cards matched","damage_taken":0,"max_hp_gain":0,"max_hp_loss":0,"event_name":"Match and Keep!","floor":14,"gold_loss":0,"cards_obtained":["chefmod:QuickThaw","Panacea"]}],"is_beta":false,"boss_relics":[{"not_picked":["Snecko Eye","chefmod:PepperMill"],"picked":"Philosopher\u0027s Stone"}],"items_purged_floors":[],"is_endless":false,"potions_floor_spawned":[2,5,6,12],"killed_by":"2 Thieves","ascension_level":0}}