{"host":"n91w9dq5l8qws978","time":1611431103,"event":{"mods":["BaseMod","Bestiary","Challenge The Spire","Custom Start","Defuse TimeMaze Blight","Keyboard Shortcuts","Minty Spire (QoL Compilation)","MonsterHotkey","Relic Stats","StSLib","Uncapped"],"gold_per_floor":[109,126,139,151,167,167,167,167,217,232,273,297,46,90,90,179,179,204,223,19,19,19,19,43,81,107,148,148,167,167,195,195,195,195],"floor_reached":33,"language":"ENG","playtime":1345,"items_purged":[],"score":616,"play_id":"d458ee55-c749-4f9c-bae0-42f6f25eb6a4","local_time":"20210123194503","is_ascension_mode":true,"campfire_choices":[{"data":"Footwork","floor":6.0,"key":"SMITH"},{"data":"Neutralize","floor":8.0,"key":"SMITH"},{"data":"Dash","floor":15.0,"key":"SMITH"},{"data":"Apotheosis","floor":23.0,"key":"SMITH"},{"floor":28.0,"key":"REST"},{"data":"Noxious Fumes","floor":32.0,"key":"SMITH"}],"circlet_count":0,"master_deck":["AscendersBane","Strike_G","Strike_G","Strike_G","Defend_G","Defend_G+1","Defend_G+1","Defend_G","Survivor","Neutralize+1","Footwork+1","Dagger Spray","Quick Slash","Tactician","Dash+1","Dagger Throw","Poisoned Stab","Noxious Fumes+1","Glass Knife","Terror+1","Adrenaline+1","Deflect+1","Blade Dance","Noxious Fumes+1","Apotheosis+1","Bane+1","After Image","Blade Dance+1"],"relics":["Ring of the Snake","Bloody Idol","Pen Nib","Darkstone Periapt","TwistedFunnel","War Paint","Astrolabe","Nilry\u0027s Codex","Akabeko","Potion Belt","Juzu Bracelet","TungstenRod","Ninja Scroll"],"acts_visited":["Exordium","TheCity"],"potions_floor_usage":[],"damage_taken":[{"damage":0.0,"enemies":"Small Slimes","floor":1.0,"turns":3.0},{"damage":0.0,"enemies":"2 Louse","floor":2.0,"turns":4.0},{"damage":0.0,"enemies":"Cultist","floor":3.0,"turns":4.0},{"damage":0.0,"enemies":"2 Fungi Beasts","floor":4.0,"turns":5.0},{"damage":3.0,"enemies":"3 Louse","floor":5.0,"turns":4.0},{"damage":0.0,"enemies":"Blue Slaver","floor":10.0,"turns":5.0},{"damage":26.0,"enemies":"3 Sentries","floor":11.0,"turns":9.0},{"damage":1.0,"enemies":"Looter","floor":12.0,"turns":4.0},{"damage":11.0,"enemies":"Gremlin Nob","floor":14.0,"turns":4.0},{"damage":4.0,"enemies":"Hexaghost","floor":16.0,"turns":9.0},{"damage":1.0,"enemies":"2 Thieves","floor":18.0,"turns":4.0},{"damage":11.0,"enemies":"Spheric Guardian","floor":19.0,"turns":4.0},{"damage":0.0,"enemies":"Snake Plant","floor":24.0,"turns":2.0},{"damage":0.0,"enemies":"Book of Stabbing","floor":25.0,"turns":2.0},{"damage":13.0,"enemies":"Slavers","floor":27.0,"turns":3.0},{"damage":23.0,"enemies":"Snecko","floor":29.0,"turns":4.0},{"damage":16.0,"enemies":"Book of Stabbing","floor":31.0,"turns":2.0},{"damage":44,"enemies":"Automaton","floor":33,"turns":6}],"seed_played":"3188825205625548766","potions_obtained":[{"floor":1.0,"key":"Block Potion"},{"floor":2.0,"key":"FearPotion"},{"floor":11.0,"key":"LiquidBronze"},{"floor":19.0,"key":"Weak Potion"},{"floor":25.0,"key":"Ancient Potion"},{"floor":31.0,"key":"SneckoOil"}],"is_trial":false,"path_per_floor":["M","M","M","M","M","R","?","R","T","M","E","M","$","E","R","B",null,"M","M","$","?","?","R","M","E","T","E","R","M","?","E","R","B"],"character_chosen":"THE_SILENT","items_purchased":["TwistedFunnel","Dagger Throw","Poisoned Stab","Apotheosis"],"campfire_rested":1,"item_purchase_floors":[13,13,13,20],"current_hp_per_floor":[65,65,65,65,62,62,62,62,62,62,36,35,35,24,24,20,54,53,42,42,21,21,21,21,21,21,8,27,4,4,13,13,0,0],"gold":195,"neow_bonus":"TEN_PERCENT_HP_BONUS","is_daily":false,"chose_seed":false,"campfire_upgraded":5,"win_rate":0.0,"timestamp":1611431103,"path_taken":["M","M","M","M","M","R","?","R","T","M","E","M","$","E","R","BOSS","M","M","$","?","?","R","?","E","T","E","R","M","?","E","R","BOSS"],"items_purchased_type":["Relic","Card","Card","Card"],"build_version":"2020-12-22","purchased_purges":0,"victory":false,"max_hp_per_floor":[72,72,72,72,72,72,65,65,65,65,65,65,65,65,65,65,65,65,65,65,65,65,65,65,65,65,65,65,65,65,65,65,65,65],"relic_stats":{"Darkstone Periapt":0,"counters":[18,78],"Bloody Idol":5,"Astrolabe":["Terror","Adrenaline","Deflect"],"Pen Nib":[12],"Juzu Bracelet":0,"War Paint":["Defend_G","Defend_G"],"obtain_stats":[{"Darkstone Periapt":11,"TwistedFunnel":13,"Potion Belt":25,"Golden Idol":7,"Nilry\u0027s Codex":21,"Astrolabe":17,"Pen Nib":9,"Juzu Bracelet":26,"War Paint":14,"Akabeko":22,"Ninja Scroll":31,"Bloody Idol":30,"TungstenRod":27,"Ring of the Snake":0},{"Darkstone Periapt":7,"TwistedFunnel":8,"Potion Belt":14,"Golden Idol":5,"Nilry\u0027s Codex":12,"Astrolabe":10,"Pen Nib":5,"Juzu Bracelet":14,"War Paint":9,"Akabeko":12,"Ninja Scroll":17,"Bloody Idol":16,"TungstenRod":15,"Ring of the Snake":0},{"Darkstone Periapt":34,"TwistedFunnel":38,"Potion Belt":63,"Golden Idol":20,"Nilry\u0027s Codex":59,"Astrolabe":51,"Pen Nib":20,"Juzu Bracelet":63,"War Paint":42,"Akabeko":59,"Ninja Scroll":72,"Bloody Idol":70,"TungstenRod":66,"Ring of the Snake":0}],"TungstenRod":6,"Ring of the Snake":[36]},"card_choices":[{"not_picked":["Deflect","Slice"],"picked":"Footwork","floor":1.0},{"not_picked":["Cloak And Dagger","Deflect"],"picked":"Dagger Spray","floor":2.0},{"not_picked":["Prepared","Underhanded Strike"],"picked":"Quick Slash","floor":3.0},{"not_picked":["Escape Plan","Doppelganger","Concentrate"],"picked":"SKIP","floor":4.0},{"not_picked":["Dodge and Roll","Catalyst"],"picked":"Tactician","floor":5.0},{"not_picked":["Calculated Gamble","Deflect","Outmaneuver"],"picked":"SKIP","floor":10.0},{"not_picked":["Reflex","Underhanded Strike"],"picked":"Dash","floor":11.0},{"not_picked":["Expertise","Outmaneuver","Crippling Poison"],"picked":"SKIP","floor":12.0},{"not_picked":["Flechettes","Heel Hook"],"picked":"Noxious Fumes","floor":14.0},{"not_picked":["After Image","Bullet Time"],"picked":"Glass Knife","floor":16.0},{"not_picked":["Riddle With Holes","Dagger Throw"],"picked":"Blade Dance","floor":18.0},{"not_picked":["Underhanded Strike+1","Reflex"],"picked":"Noxious Fumes+1","floor":19.0},{"not_picked":["Finisher","Sucker Punch"],"picked":"Bane+1","floor":24.0},{"not_picked":["Quick Slash","Prepared"],"picked":"After Image","floor":25.0},{"not_picked":["Night Terror","Dagger Spray"],"picked":"Blade Dance+1","floor":27.0},{"not_picked":["Acrobatics","Dodge and Roll","Bane"],"picked":"SKIP","floor":29.0},{"not_picked":["All Out Attack","Finisher+1","Acrobatics"],"picked":"SKIP","floor":31.0}],"player_experience":412785,"relics_obtained":[{"floor":9.0,"key":"Pen Nib"},{"floor":11.0,"key":"Darkstone Periapt"},{"floor":14.0,"key":"War Paint"},{"floor":21.0,"key":"Nilry\u0027s Codex"},{"floor":25.0,"key":"Potion Belt"},{"floor":26.0,"key":"Juzu Bracelet"},{"floor":27.0,"key":"TungstenRod"},{"floor":31.0,"key":"Ninja Scroll"}],"event_choices":[{"damage_healed":0.0,"max_hp_gain":0.0,"max_hp_loss":7.0,"gold_gain":0.0,"event_name":"Golden Idol","player_choice":"Lose Max HP","floor":7.0,"gold_loss":0.0,"damage_taken":0.0,"relics_obtained":["Golden Idol"]},{"damage_healed":0.0,"max_hp_gain":0.0,"max_hp_loss":0.0,"gold_gain":0.0,"event_name":"Cursed Tome","player_choice":"Obtained Book","floor":21.0,"gold_loss":0.0,"damage_taken":21.0},{"damage_healed":0.0,"max_hp_gain":0.0,"max_hp_loss":0.0,"gold_gain":0.0,"event_name":"WeMeetAgain","player_choice":"Gave Potion","floor":22.0,"gold_loss":0.0,"damage_taken":0.0,"relics_obtained":["Akabeko"]},{"damage_healed":0.0,"max_hp_gain":0.0,"max_hp_loss":0.0,"gold_gain":0.0,"event_name":"Forgotten Altar","player_choice":"Gave Idol","floor":30.0,"relics_lost":["Golden Idol"],"gold_loss":0.0,"damage_taken":0.0,"relics_obtained":["Bloody Idol"]}],"is_beta":false,"boss_relics":[{"not_picked":["Tiny House","Ectoplasm"],"picked":"Astrolabe"}],"items_purged_floors":[],"is_endless":false,"potions_floor_spawned":[1,2,3,11,19,25,31],"killed_by":"Automaton","ascension_level":16}}