{"host":"6jrnojxwearbrjzo","time":1611410936,"event":{"mods":["BaseMod","Conspire","Downfall","Highlight Path","Marisa（F雨　魔理沙）","Minty Spire (QoL Compilation)","MostiFishMod","Quick Restart","Random Character Button","Shop Mod","Spicy Shops","StSLib","The Construct","The Servant 0.9.4","Yuyuko","[功能]功能增强和修复MOD","vexMod"],"gold_per_floor":[110,2,0,0,0,18,49,49,49,80,9,9,9,9,9,109,109,121,138,36,69,10,46,46,80,80,80,115,115,132,132,132,229,229,245,245,180,194,416,416,416,467,491,503,289,289,230,230,230,230,230,230,227,262,262],"floor_reached":56,"language":"ZHS","playtime":1714,"items_purged":["Defend_B","Defend_B","Strike_B","Defend_B","Strike_B","conspire:GhostlyStrike","conspire:GhostlyStrike","Dualcast","Zap","Writhe","Gash+1","Beam Cell+1","Defragment+1","Skim","MostiFishMod:WinterMarkForm+1","MostiFishMod:FrostNova+1","MostiFishMod:Hijack+1","Coolheaded+1"],"score":1966,"play_id":"18e78715-6115-48c4-b2ff-7b2cb0bace91","local_time":"20210123220856","is_ascension_mode":true,"campfire_choices":[{"data":"MostiFishMod:WinterMarkForm","floor":8.0,"key":"SMITH"},{"data":"Double Energy","floor":13.0,"key":"SMITH"},{"data":"Gash","floor":15.0,"key":"SMITH"},{"data":"MostiFishMod:ATRI","floor":27.0,"key":"SMITH"},{"data":"Defragment","floor":32.0,"key":"SMITH"},{"floor":41.0,"key":"RECALL"},{"floor":49.0,"key":"REST"},{"floor":52.0,"key":"REST"}],"circlet_count":0,"master_deck":["MostiFishMod:ATRI+1","MostiFishMod:ReadyAimFire+1","CurseOfTheBell","MostiFishMod:DeathFromBelow+1","vexMod:StairwayStrike+1","Finesse+1","Double Energy+1"],"relics":["DaveBox","ThornShield","FrostBlade","SynthV:TestCard","Nunchaku","Blue Candle","Strange Spoon","Emotion Chip","StrikeDummy","Anchor","Art of War","NightmareShop","Toxic Egg 2","Red Mask","Pocketwatch","DataDisk","Dream Catcher","Singing Bowl","Molten Egg 2","vexMod:MemoryStick","Ancient Tea Set","Calling Bell","Pen Nib","Sundial","Thread and Needle","SynthV","Mango","Bronze Scales","Civilization","Gremlin Horn","conspire:DeflatedDodgeball","HandDrill","White Beast Statue","Vajra","DiscerningMonocle","Whetstone","Pear","conspire:TreasureMap","vexMod:RetaliationKit","downfall:ExtraCursedKey","Runic Capacitor","Blood Vial","Akabeko","Toy Ornithopter","vexMod:FocusSash","Membership Card","Orichalcum"],"acts_visited":["Exordium","TheCity","TheBeyond","TheEnding"],"potions_floor_usage":[55,55,55],"damage_taken":[{"damage":7.0,"enemies":"Small Slimes","floor":1.0,"turns":3.0},{"damage":0.0,"enemies":"2 Louse","floor":6.0,"turns":3.0},{"damage":0.0,"enemies":"Lagavulin","floor":7.0,"turns":4.0},{"damage":18.0,"enemies":"3 Sentries","floor":10.0,"turns":3.0},{"damage":0.0,"enemies":"Hexaghost","floor":16.0,"turns":3.0},{"damage":0.0,"enemies":"Spheric Guardian","floor":18.0,"turns":2.0},{"damage":0.0,"enemies":"Chosen","floor":19.0,"turns":2.0},{"damage":5.0,"enemies":"Masked Bandits","floor":21.0,"turns":2.0},{"damage":1.0,"enemies":"Slavers","floor":23.0,"turns":3.0},{"damage":0.0,"enemies":"Book of Stabbing","floor":25.0,"turns":2.0},{"damage":0.0,"enemies":"Gremlin Leader","floor":28.0,"turns":2.0},{"damage":0.0,"enemies":"Centurion and Healer","floor":30.0,"turns":1.0},{"damage":4.0,"enemies":"Collector","floor":33.0,"turns":3.0},{"damage":0.0,"enemies":"3 Darklings","floor":35.0,"turns":1.0},{"damage":0.0,"enemies":"3 Shapes","floor":38.0,"turns":1.0},{"damage":0.0,"enemies":"2 Orb Walkers","floor":42.0,"turns":1.0},{"damage":0.0,"enemies":"3 Darklings","floor":44.0,"turns":1.0},{"damage":2.0,"enemies":"Time Eater","floor":50.0,"turns":2.0},{"damage":0.0,"enemies":"Shield and Spear","floor":54.0,"turns":1.0},{"damage":41,"enemies":"The Heart","floor":55,"turns":5}],"seed_played":"4878762811474254868","potions_obtained":[{"floor":7.0,"key":"GamblersBrew"},{"floor":7.0,"key":"bronze:BurnAndBuffPotion"},{"floor":10.0,"key":"EssenceOfSteel"},{"floor":16.0,"key":"FearPotion"},{"floor":19.0,"key":"Fire Potion"},{"floor":23.0,"key":"Fire Potion"},{"floor":23.0,"key":"BlessingOfTheForge"},{"floor":25.0,"key":"PotionOfCapacity"},{"floor":28.0,"key":"LiquidMemories"},{"floor":35.0,"key":"PowerPotion"}],"is_trial":false,"path_per_floor":["M","$","?","?","?","M","E","R","T","E","$","?","R","?","R","B",null,"M","M","$","?","$","E","?","E","T","R","E","?","M","?","R","B",null,"M","?","$","M","?","?","R","?","T","M","$","?","$","?","R","B",null,"R","$","E","B",null],"character_chosen":"DEFECT","items_purchased":["Nunchaku","Blue Candle","Strange Spoon","Anchor","Art of War","Toxic Egg 2","Defragment","Pocketwatch","DataDisk","SynthV","Civilization","Gremlin Horn","conspire:DeflatedDodgeball","HandDrill","White Beast Statue","Vajra","DiscerningMonocle","Whetstone","Pear","conspire:TreasureMap","vexMod:RetaliationKit","vexMod:StairwayStrike+1","Finesse+1","Runic Capacitor","Blood Vial","Akabeko","Toy Ornithopter","vexMod:FocusSash","Membership Card","Double Energy+1"],"campfire_rested":2,"item_purchase_floors":[2,2,2,11,11,20,20,22,22,37,45,45,45,45,45,47,47,47,47,47,47,47,47,53,53,53,53,53,53,53],"current_hp_per_floor":[68,68,68,68,68,68,68,68,68,50,50,50,50,50,50,50,75,75,75,75,70,70,69,55,57,57,57,59,59,61,61,61,57,86,88,80,80,82,82,82,82,98,98,98,98,98,108,108,113,112,114,116,116,121,84],"gold":262,"neow_bonus":"BOSS_RELIC","is_daily":false,"chose_seed":false,"campfire_upgraded":5,"win_rate":0.0,"timestamp":1611410936,"path_taken":["M","$","?","?","?","?","E","R","T","E","?","?","R","?","R","BOSS","M","?","$","?","$","E","?","E","T","R","E","?","?","?","R","BOSS","M","?","$","?","?","?","R","?","T","?","$","?","$","?","R","BOSS","R","$","E","BOSS"],"items_purchased_type":["Relic","Relic","Relic","Relic","Relic","Relic","Card","Relic","Relic","Relic","Relic","Relic","Relic","Relic","Relic","Relic","Relic","Relic","Relic","Relic","Relic","Card","Card","Relic","Relic","Relic","Relic","Relic","Relic","Card"],"build_version":"2020-12-22","purchased_purges":18,"victory":true,"max_hp_per_floor":[75,75,75,75,75,75,75,75,75,75,75,75,75,75,75,75,75,75,75,75,75,75,75,80,82,82,82,84,84,86,86,86,86,86,88,88,88,90,90,85,85,101,101,101,101,101,111,111,113,114,114,116,116,121,125],"card_choices":[{"not_picked":["Stack","Defragment"],"picked":"Beam Cell","floor":1.0},{"not_picked":["Self Repair","Leap","Compile Driver","Stack"],"picked":"Gash","floor":6.0},{"not_picked":["Coolheaded","Chaos","MostiFishMod:IntelligentEquipment","MostiFishMod:TalkingToTheRain"],"picked":"Double Energy","floor":7.0},{"not_picked":["MostiFishMod:Prepare","conspire:Rain","MostiFishMod:GatherIntelligence","Steam","Streamline"],"picked":"SKIP","floor":10.0},{"not_picked":["MostiFishMod:InterfaceCompatibility","MostiFishMod:Exploitation","Reboot","Thunder Strike"],"picked":"MostiFishMod:ATRI","floor":16.0},{"not_picked":["Stack+1","Go for the Eyes","Hologram","Sweeping Beam+1","Genetic Algorithm+1"],"picked":"SKIP","floor":18.0},{"not_picked":["Force Field","Compile Driver+1","Darkness+1","Lockon"],"picked":"Skim","floor":19.0},{"not_picked":["Gash","Conserve Battery+1","Go for the Eyes","Barrage"],"picked":"Coolheaded+1","floor":21.0},{"not_picked":["Coolheaded+1","Redo+1","Consume+1","conspire:SharedLibrary"],"picked":"MostiFishMod:ReadyAimFire+1","floor":23.0},{"not_picked":["Steam+1","MostiFishMod:PushDownKick","Lockon+1","Compile Driver","Go for the Eyes+1"],"picked":"Singing Bowl","floor":25.0},{"not_picked":["Melter+1","Sweeping Beam+1","Tempest+1","Cold Snap+1","Barrage+1"],"picked":"Singing Bowl","floor":28.0},{"not_picked":["Ball Lightning+1","Aggregate+1","BootSequence+1","Genetic Algorithm+1","Auto Shields+1"],"picked":"Singing Bowl","floor":30.0},{"not_picked":["MostiFishMod:StrandedSiren","Fission+1","Echo Form","MostiFishMod:Nova+1"],"picked":"MostiFishMod:Hijack+1","floor":33.0},{"not_picked":["Gash+1","Fusion+1","conspire:SharedLibrary+1","Skim+1","Conserve Battery+1"],"picked":"Singing Bowl","floor":35.0},{"not_picked":["Hologram+1","Skim+1","Redo+1","Lockon+1","Ball Lightning+1"],"picked":"Singing Bowl","floor":38.0},{"not_picked":["Coolheaded+1","Conserve Battery+1","Redo+1","Go for the Eyes+1","Steam Power+1"],"picked":"Singing Bowl","floor":42.0},{"not_picked":["Doom and Gloom+1","Stack+1","Sunder+1","Gash+1"],"picked":"MostiFishMod:DeathFromBelow+1","floor":44.0},{"not_picked":["Barrage+1","Stack+1","Redo+1","Doom and Gloom+1","Echo Form"],"picked":"Singing Bowl","floor":49.0},{"not_picked":["Ball Lightning+1","Compile Driver+1","Go for the Eyes+1","Skim+1","Leap+1"],"picked":"Singing Bowl","floor":52.0},{"not_picked":["Consume+1","Turbo+1","Doom and Gloom+1","FTL+1","MostiFishMod:Nova+1"],"picked":"Singing Bowl","floor":54.0}],"player_experience":104584,"relics_obtained":[{"floor":1.0,"key":"SynthV:TestCard"},{"floor":7.0,"key":"Emotion Chip"},{"floor":10.0,"key":"StrikeDummy"},{"floor":21.0,"key":"Red Mask"},{"floor":23.0,"key":"Dream Catcher"},{"floor":25.0,"key":"Singing Bowl"},{"floor":26.0,"key":"Molten Egg 2"},{"floor":28.0,"key":"vexMod:MemoryStick"},{"floor":34.0,"key":"Pen Nib"},{"floor":34.0,"key":"Sundial"},{"floor":34.0,"key":"Thread and Needle"},{"floor":42.0,"key":"Mango"},{"floor":43.0,"key":"Bronze Scales"},{"floor":54.0,"key":"Orichalcum"}],"event_choices":[{"damage_healed":0.0,"max_hp_gain":0.0,"max_hp_loss":0.0,"gold_gain":0.0,"event_name":"Living Wall","player_choice":"Grow","floor":4.0,"gold_loss":0.0,"damage_taken":0.0,"cards_upgraded":["Beam Cell"]},{"cards_removed":["Defend_B"],"damage_healed":0.0,"max_hp_gain":0.0,"max_hp_loss":0.0,"gold_gain":0.0,"event_name":"Purifier","player_choice":"Purged","floor":5.0,"gold_loss":0.0,"damage_taken":0.0},{"damage_healed":0.0,"max_hp_gain":0.0,"max_hp_loss":0.0,"gold_gain":0.0,"event_name":"conspire:LoneGhost","player_choice":"Agree","floor":12.0,"gold_loss":0.0,"damage_taken":0.0},{"damage_healed":0.0,"max_hp_gain":0.0,"max_hp_loss":0.0,"gold_gain":0.0,"event_name":"Accursed Blacksmith","player_choice":"Forge","floor":14.0,"gold_loss":0.0,"damage_taken":0.0,"cards_upgraded":["MostiFishMod:FrostNova"]},{"damage_healed":0.0,"max_hp_gain":0.0,"max_hp_loss":0.0,"gold_gain":0.0,"event_name":"Masked Bandits","player_choice":"Fought Bandits","floor":21.0,"gold_loss":0.0,"damage_taken":0.0},{"damage_healed":0.0,"max_hp_gain":5.0,"max_hp_loss":0.0,"gold_gain":0.0,"event_name":"Forgotten Altar","player_choice":"Shed Blood","floor":24.0,"gold_loss":0.0,"damage_taken":19.0},{"damage_healed":0.0,"max_hp_gain":0.0,"max_hp_loss":0.0,"gold_gain":0.0,"event_name":"Vampires","player_choice":"Ignored","floor":29.0,"gold_loss":0.0,"damage_taken":0.0},{"damage_healed":0.0,"max_hp_gain":0.0,"max_hp_loss":0.0,"gold_gain":0.0,"event_name":"The Mausoleum","player_choice":"Opened","floor":31.0,"gold_loss":0.0,"damage_taken":0.0,"relics_obtained":["Ancient Tea Set"],"cards_obtained":["Writhe"]},{"damage_healed":0.0,"max_hp_gain":0.0,"max_hp_loss":0.0,"gold_gain":0.0,"event_name":"Wheel of Change","player_choice":"Damaged","floor":36.0,"gold_loss":0.0,"damage_taken":8.0},{"damage_healed":0.0,"max_hp_gain":0.0,"max_hp_loss":0.0,"gold_gain":222.0,"event_name":"Tomb of Lord Red Mask","player_choice":"Wore Mask","floor":39.0,"gold_loss":0.0,"damage_taken":0.0},{"damage_healed":0.0,"max_hp_gain":0.0,"max_hp_loss":5.0,"gold_gain":0.0,"event_name":"Winding Halls","player_choice":"Max HP","floor":40.0,"gold_loss":0.0,"damage_taken":0.0},{"damage_healed":0.0,"max_hp_gain":0.0,"max_hp_loss":0.0,"gold_gain":0.0,"event_name":"Mysterious Sphere","player_choice":"Fight","floor":42.0,"gold_loss":0.0,"damage_taken":0.0},{"cards_removed":["Double Energy"],"damage_healed":0.0,"max_hp_gain":0.0,"max_hp_loss":0.0,"gold_gain":0.0,"event_name":"Falling","player_choice":"Removed Skill","floor":46.0,"gold_loss":0.0,"damage_taken":0.0}],"is_beta":false,"boss_relics":[{"not_picked":["vexMod:CursedCompass","vexMod:FluxCapacitor"],"picked":"NightmareShop"},{"not_picked":["conspire:SpecialSausage","conspire:RunicOctahedron"],"picked":"Calling Bell"}],"items_purged_floors":[11,11,11,11,11,20,20,20,20,37,37,37,37,37,37,37,45,53],"is_endless":false,"potions_floor_spawned":[7,7,7,7,10,16,16,19,23,23,25,25,28,33,33,35,35,44,44,54,54,54,54],"ascension_level":4}}