{"host":"eaiphzh066bwqdh7","time":1611420197,"event":{"mods":["BaseMod","Hubris","Minty Spire (QoL Compilation)","Replay The Spire","StSLib"],"gold_per_floor":[118,43,43,59,70,103,103,135,135,151,151,151,151,183,183,279,279,297,28,28,40,140,140,158,168,168,118,118,118],"floor_reached":28,"language":"ENG","playtime":954,"items_purged":["Defend_R","Strike_R","Parasite"],"score":260,"play_id":"a17fb87c-0024-41fd-b39b-1f85d5658369","local_time":"20210123114317","is_ascension_mode":true,"campfire_choices":[{"floor":7.0,"key":"REST"},{"floor":11.0,"key":"REST"},{"floor":13.0,"key":"REST"},{"floor":15.0,"key":"REST"},{"floor":23.0,"key":"REST"}],"circlet_count":0,"master_deck":["Strike_R","Strike_R","Strike_R","Defend_R","Defend_R","Bash","ReplayTheSpireMod:LeadingStrike","ReplayTheSpireMod:Muscle Training","Pommel Strike","Rupture","Limit Break","Defy Death","Combust","Bludgeon","ReplayTheSpireMod:Limb From Limb","Combust","Flex+1","Flex","Flame Barrier"],"relics":["Burning Blood","NeowsBlessing","Replay:Towering Pillar of Hats","Chameleon Ring","Bag of Marbles","Smiling Mask","Runic Cube","Orichalcum","hubris:Icosahedron","ReplayTheSpireMod:CursedCoin","Bronze Scales"],"acts_visited":["Exordium","TheCity"],"potions_floor_usage":[28],"damage_taken":[{"damage":0.0,"enemies":"Cultist","floor":1.0,"turns":1.0},{"damage":0.0,"enemies":"Jaw Worm","floor":4.0,"turns":1.0},{"damage":0.0,"enemies":"2 Louse","floor":5.0,"turns":1.0},{"damage":33.0,"enemies":"Lagavulin","floor":6.0,"turns":5.0},{"damage":51.0,"enemies":"3 Sentries","floor":8.0,"turns":7.0},{"damage":13.0,"enemies":"Looter","floor":10.0,"turns":3.0},{"damage":33.0,"enemies":"Lagavulin","floor":14.0,"turns":5.0},{"damage":52.0,"enemies":"Fading Forest","floor":16.0,"turns":11.0},{"damage":32.0,"enemies":"Spheric Guardian","floor":18.0,"turns":4.0},{"damage":16.0,"enemies":"Chosen","floor":21.0,"turns":4.0},{"damage":51.0,"enemies":"Centurion and Healer","floor":24.0,"turns":6.0},{"damage":19.0,"enemies":"3 Cultists","floor":25.0,"turns":4.0},{"damage":24,"enemies":"Book of Stabbing","floor":28,"turns":3}],"seed_played":"1798549764579233680","potions_obtained":[{"floor":1.0,"key":"FearPotion"},{"floor":6.0,"key":"SpeedPotion"},{"floor":8.0,"key":"Regen Potion"},{"floor":21.0,"key":"LiquidBronze"},{"floor":24.0,"key":"Dexterity Potion"}],"is_trial":false,"path_per_floor":["M","$","?","M","M","E","R","E","T","M","R","?","R","E","R","B",null,"M","$","?","M","$","R","M","M","T","?","E"],"character_chosen":"IRONCLAD","items_purchased":["Orichalcum","Combust","ReplayTheSpireMod:CursedCoin"],"campfire_rested":5,"item_purchase_floors":[19,19,22],"current_hp_per_floor":[80,80,80,80,80,53,77,32,32,25,49,49,73,55,79,43,80,54,54,54,44,44,67,22,9,9,9,0,0],"gold":118,"neow_bonus":"THREE_ENEMY_KILL","is_daily":false,"chose_seed":false,"campfire_upgraded":0,"win_rate":0.0,"timestamp":1611420197,"path_taken":["M","?","?","M","M","E","R","E","T","M","R","?","R","E","R","BOSS","M","$","?","M","$","R","M","M","T","?","E"],"items_purchased_type":["Relic","Card","Relic"],"build_version":"2020-12-22","purchased_purges":3,"victory":false,"max_hp_per_floor":[80,80,80,80,80,80,80,80,80,80,80,80,80,80,80,80,80,80,80,80,80,77,77,77,77,77,77,77,77],"card_choices":[{"not_picked":["hubris:CleavingFinish","Ghostly Armor"],"picked":"ReplayTheSpireMod:LeadingStrike","floor":1.0},{"not_picked":["Havoc","Clash"],"picked":"ReplayTheSpireMod:Muscle Training","floor":4.0},{"not_picked":["Replay:Undeath\u0027s Touch","Whirlwind"],"picked":"Pommel Strike","floor":5.0},{"not_picked":["ReplayReversal","Iron Wave"],"picked":"Rupture","floor":6.0},{"not_picked":["Abandon","hubris:CleavingFinish","Sword Boomerang"],"picked":"SKIP","floor":8.0},{"not_picked":["Feel No Pain","hubris:ReadiedAction"],"picked":"Limit Break","floor":10.0},{"not_picked":["Havoc","Second Wind"],"picked":"Combust","floor":14.0},{"not_picked":["Hemogenesis","Limit Break"],"picked":"Bludgeon","floor":16.0},{"not_picked":["Warcry","Iron Wave+1"],"picked":"ReplayTheSpireMod:Limb From Limb","floor":18.0},{"not_picked":["Wild Strike","Heavy Blade"],"picked":"Flex+1","floor":21.0},{"not_picked":["Twin Strike+1","Body Slam"],"picked":"Flex","floor":24.0},{"not_picked":["True Grit","Offering"],"picked":"Flame Barrier","floor":25}],"player_experience":178042,"relics_obtained":[{"floor":6.0,"key":"Replay:Towering Pillar of Hats"},{"floor":8.0,"key":"Chameleon Ring"},{"floor":9.0,"key":"Bag of Marbles"},{"floor":14.0,"key":"Smiling Mask"},{"floor":26,"key":"Bronze Scales"}],"event_choices":[{"cards_removed":["Defend_R"],"damage_healed":0.0,"max_hp_gain":0.0,"max_hp_loss":0.0,"gold_gain":0.0,"event_name":"Living Wall","player_choice":"Forget","floor":3.0,"gold_loss":0.0,"damage_taken":0.0},{"damage_healed":0.0,"max_hp_gain":0.0,"max_hp_loss":0.0,"gold_gain":0.0,"cards_transformed":["Strike_R"],"event_name":"Transmorgrifier","player_choice":"Transformed","floor":12.0,"gold_loss":0.0,"damage_taken":0.0,"cards_obtained":["Defy Death"]},{"damage_healed":0,"gold_gain":0,"player_choice":"Bet on Owner","damage_taken":0,"max_hp_gain":0,"max_hp_loss":0,"event_name":"The Joust","floor":27,"gold_loss":50}],"is_beta":false,"boss_relics":[{"not_picked":["Empty Cage","Busted Crown"],"picked":"Runic Cube"}],"items_purged_floors":[2,19,22],"is_endless":false,"potions_floor_spawned":[1,6,8,21,24],"killed_by":"Book of Stabbing","ascension_level":2}}