{"host":"qekv59dthhdg54sz","time":1611375306,"event":{"mods":["AchievementEnabler","BaseMod","Colored Map","DeckTracker","KOR Keyword Fix","Minty Spire (QoL Compilation)","Rare Cards Sparkle","StSLib","SuperFastMode"],"gold_per_floor":[11,11,11,21,21,59,59,59,108,127,127,140,140,175,187,199,199],"floor_reached":16,"language":"KOR","playtime":296,"items_purged":[],"score":216,"play_id":"2904e36f-3403-4b19-89e0-4a25f5b268ee","local_time":"20210123131506","is_ascension_mode":true,"campfire_choices":[{"data":"Masterful Stab","floor":7,"key":"SMITH"},{"data":"Backflip","floor":11,"key":"SMITH"},{"floor":15,"key":"REST"}],"circlet_count":0,"master_deck":["AscendersBane","Strike_G","Strike_G","Strike_G","Strike_G","Defend_G","Defend_G","Defend_G","Defend_G","Defend_G","Survivor","Neutralize","Apotheosis+1","Masterful Stab+1","Flying Knee","Backflip+1","Tactician","Dagger Spray"],"relics":["Ring of the Snake","Golden Idol","Oddly Smooth Stone","Tiny Chest","MawBank"],"acts_visited":["Exordium"],"potions_floor_usage":[6,16],"damage_taken":[{"damage":4,"enemies":"Small Slimes","floor":1,"turns":4},{"damage":0,"enemies":"2 Louse","floor":4,"turns":2},{"damage":11,"enemies":"Lagavulin","floor":6,"turns":9},{"damage":0,"enemies":"Cultist","floor":10,"turns":3},{"damage":0,"enemies":"Blue Slaver","floor":12,"turns":3},{"damage":6,"enemies":"3 Sentries","floor":14,"turns":10},{"damage":51,"enemies":"Slime Boss","floor":16,"turns":8}],"seed_played":"2497566446112162432","potions_obtained":[{"floor":4,"key":"SteroidPotion"},{"floor":12,"key":"PowerPotion"}],"is_trial":false,"path_per_floor":["M","?","$","M","?","E","R","$","T","M","R","M","?","E","R","B"],"character_chosen":"THE_SILENT","items_purchased":[],"campfire_rested":1,"item_purchase_floors":[],"current_hp_per_floor":[55,55,55,55,55,44,44,44,44,44,44,44,37,31,49,0,0],"gold":199,"neow_bonus":"RANDOM_COLORLESS_2","is_daily":false,"chose_seed":false,"campfire_upgraded":2,"win_rate":0.0,"timestamp":1611375306,"path_taken":["M","?","$","M","?","E","R","$","T","M","R","M","?","E","R","BOSS"],"items_purchased_type":[],"build_version":"2020-12-22","purchased_purges":0,"victory":false,"max_hp_per_floor":[66,66,66,66,60,60,60,60,60,60,60,60,60,60,60,60,60],"card_choices":[{"not_picked":["Violence","Chrysalis"],"picked":"Apotheosis","floor":0},{"not_picked":["Cloak And Dagger","Dagger Throw"],"picked":"Masterful Stab","floor":1},{"not_picked":["Dodge and Roll","Sucker Punch"],"picked":"Flying Knee","floor":4},{"not_picked":["Doppelganger","PiercingWail","Leg Sweep"],"picked":"SKIP","floor":6},{"not_picked":["Reflex","Finisher"],"picked":"Backflip","floor":10},{"not_picked":["All Out Attack","Poisoned Stab"],"picked":"Tactician","floor":12},{"not_picked":["Tactician","Dagger Throw"],"picked":"Dagger Spray","floor":14}],"player_experience":811076,"relics_obtained":[{"floor":6,"key":"Oddly Smooth Stone"},{"floor":9,"key":"Tiny Chest"},{"floor":14,"key":"MawBank"}],"event_choices":[{"damage_healed":0,"gold_gain":0,"player_choice":"Grow","damage_taken":0,"max_hp_gain":0,"max_hp_loss":0,"event_name":"Living Wall","floor":2,"gold_loss":0,"cards_upgraded":["Apotheosis"]},{"damage_healed":0,"gold_gain":0,"player_choice":"Lose Max HP","damage_taken":0,"relics_obtained":["Golden Idol"],"max_hp_gain":0,"max_hp_loss":6,"event_name":"Golden Idol","floor":5,"gold_loss":0},{"cards_removed":["Strike_G"],"damage_healed":0,"gold_gain":0,"player_choice":"Card Removal","damage_taken":7,"max_hp_gain":0,"max_hp_loss":0,"event_name":"Golden Wing","floor":13,"gold_loss":0}],"is_beta":false,"boss_relics":[],"items_purged_floors":[],"is_endless":false,"potions_floor_spawned":[4,12],"killed_by":"Slime Boss","ascension_level":20}}