{"host":"opyh6vr790e42ffe","time":1611360331,"event":{"mods":["BaseMod","Bestiary","Colored Map","Highlight Path","Minty Spire (QoL Compilation)","Relic Stats","StSLib"],"gold_per_floor":[19,19,19,33,58,89,89,113,139,163,10,29,29,43,43,168,168,192,211,232,147,170,170,206,206,206,237,253,278,278,301,301,426,426,450,450,218,239,252,290,94,129,155,155,186,205,224,257,257,257,257,257,50,93,93],"floor_reached":56,"language":"ENG","playtime":3395,"items_purged":["Strike_G","Strike_G","Strike_G"],"score":1444,"play_id":"3d98384c-4944-4f64-ae5d-8b19f1290c39","local_time":"20210122160531","is_ascension_mode":true,"campfire_choices":[{"floor":7.0,"key":"REST"},{"data":"Skewer","floor":13.0,"key":"SMITH"},{"data":"Accuracy","floor":15.0,"key":"SMITH"},{"data":"After Image","floor":23.0,"key":"SMITH"},{"data":"Cloak And Dagger","floor":25.0,"key":"SMITH"},{"data":"Noxious Fumes","floor":32.0,"key":"SMITH"},{"floor":44.0,"key":"RECALL"},{"data":"Calculated Gamble","floor":49.0,"key":"SMITH"},{"data":"Night Terror","floor":52.0,"key":"SMITH"}],"circlet_count":0,"master_deck":["Strike_G","Strike_G","Defend_G","Defend_G","Defend_G+1","Survivor","Neutralize","Blade Dance+1","Reflex","Dagger Throw","Calculated Gamble+1","Dagger Spray","Blade Dance+1","Skewer+1","Cloak And Dagger+1","Cloak And Dagger","Accuracy+1","After Image+1","Escape Plan","Expertise+1","Dagger Spray+1","Venomology+1","Prepared+1","Blade Dance","Skewer+1","Noxious Fumes+1","Corpse Explosion","Night Terror+1","Crippling Poison+1","Tools of the Trade","Well Laid Plans","Blur","Acrobatics+1","Caltrops"],"relics":["Ring of the Snake","Golden Idol","Centennial Puzzle","War Paint","Chemical X","Coffee Dripper","Potion Belt","The Specimen","Pen Nib","Singing Bowl","WristBlade","Boot","Smiling Mask","TungstenRod","Calipers","PreservedInsect","TwistedFunnel","Art of War"],"acts_visited":["Exordium","TheCity","TheBeyond","TheEnding"],"potions_floor_usage":[55,55,55],"damage_taken":[{"damage":2.0,"enemies":"Small Slimes","floor":1.0,"turns":4.0},{"damage":1.0,"enemies":"Cultist","floor":4.0,"turns":3.0},{"damage":2.0,"enemies":"Jaw Worm","floor":5.0,"turns":4.0},{"damage":33.0,"enemies":"Lagavulin","floor":6.0,"turns":8.0},{"damage":8.0,"enemies":"3 Louse","floor":8.0,"turns":2.0},{"damage":8.0,"enemies":"Exordium Thugs","floor":10.0,"turns":3.0},{"damage":0.0,"enemies":"Large Slime","floor":12.0,"turns":4.0},{"damage":0.0,"enemies":"Gremlin Gang","floor":14.0,"turns":3.0},{"damage":8.0,"enemies":"Hexaghost","floor":16.0,"turns":6.0},{"damage":0.0,"enemies":"Shell Parasite","floor":18.0,"turns":3.0},{"damage":2.0,"enemies":"Chosen","floor":19.0,"turns":2.0},{"damage":6.0,"enemies":"3 Cultists","floor":20.0,"turns":3.0},{"damage":1.0,"enemies":"Cultist and Chosen","floor":22.0,"turns":4.0},{"damage":11.0,"enemies":"Book of Stabbing","floor":24.0,"turns":4.0},{"damage":6.0,"enemies":"Slavers","floor":27.0,"turns":3.0},{"damage":1.0,"enemies":"Snake Plant","floor":28.0,"turns":3.0},{"damage":0.0,"enemies":"Shelled Parasite and Fungi","floor":29.0,"turns":6.0},{"damage":0.0,"enemies":"3 Cultists","floor":31.0,"turns":2.0},{"damage":0.0,"enemies":"Champ","floor":33.0,"turns":6.0},{"damage":6.0,"enemies":"3 Shapes","floor":35.0,"turns":2.0},{"damage":0.0,"enemies":"3 Darklings","floor":38.0,"turns":2.0},{"damage":6.0,"enemies":"Maw","floor":39.0,"turns":5.0},{"damage":0.0,"enemies":"Reptomancer","floor":40.0,"turns":4.0},{"damage":2.0,"enemies":"Nemesis","floor":42.0,"turns":6.0},{"damage":15.0,"enemies":"Reptomancer","floor":45.0,"turns":5.0},{"damage":0.0,"enemies":"Jaw Worm Horde","floor":46.0,"turns":2.0},{"damage":0.0,"enemies":"Sphere and 2 Shapes","floor":47.0,"turns":3.0},{"damage":5.0,"enemies":"Nemesis","floor":48.0,"turns":3.0},{"damage":67.0,"enemies":"Awakened One","floor":50.0,"turns":10.0},{"damage":4.0,"enemies":"Shield and Spear","floor":54.0,"turns":3.0},{"damage":27,"enemies":"The Heart","floor":55,"turns":9}],"seed_played":"-8401922661076254220","potions_obtained":[{"floor":4.0,"key":"SmokeBomb"},{"floor":6.0,"key":"Regen Potion"},{"floor":10.0,"key":"SteroidPotion"},{"floor":14.0,"key":"CultistPotion"},{"floor":16.0,"key":"GamblersBrew"},{"floor":20.0,"key":"Strength Potion"},{"floor":24.0,"key":"SpeedPotion"},{"floor":35.0,"key":"AttackPotion"},{"floor":40.0,"key":"FearPotion"},{"floor":47.0,"key":"Dexterity Potion"}],"is_trial":false,"path_per_floor":["M","?","?","M","M","E","R","M","T","M","$","M","R","M","R","B",null,"M","M","M","?","M","R","E","R","T","E","M","M","?","M","R","B",null,"M","?","$","M","M","E","$","E","T","R","E","M","M","E","R","B",null,"R","$","E","B",null],"character_chosen":"THE_SILENT","items_purchased":["Chemical X","Tools of the Trade","Well Laid Plans","Blur","TwistedFunnel"],"campfire_rested":1,"item_purchase_floors":[11,37,41,41,53],"current_hp_per_floor":[68,51,51,50,48,15,36,28,28,20,20,20,20,20,20,26,70,70,68,62,62,61,61,50,50,50,44,43,43,43,43,43,43,70,64,64,64,66,62,64,64,62,62,62,49,49,51,48,48,24,82,82,82,80,53],"gold":93,"neow_bonus":"TRANSFORM_TWO_CARDS","is_daily":false,"chose_seed":false,"campfire_upgraded":7,"win_rate":0.0,"timestamp":1611360331,"path_taken":["M","?","?","M","?","E","R","M","T","M","$","M","R","M","R","BOSS","M","M","?","?","M","R","E","R","T","E","M","M","?","?","R","BOSS","M","?","$","?","M","E","$","E","T","R","E","M","M","E","R","BOSS","R","$","E","BOSS"],"items_purchased_type":["Relic","Card","Card","Card","Relic"],"build_version":"2020-12-22","purchased_purges":3,"victory":true,"max_hp_per_floor":[70,70,70,70,70,70,70,70,70,70,70,70,70,70,70,70,70,70,70,70,70,70,70,70,70,70,70,70,70,70,70,70,70,70,70,70,70,72,74,76,76,76,76,76,78,78,80,82,82,82,82,82,82,84,84],"relic_stats":{"Singing Bowl":14,"counters":[31,127],"Golden Idol":232,"Pen Nib":[27],"PreservedInsect":68,"War Paint":["Blade Dance","Defend_G"],"Boot":[73],"Smiling Mask":125,"Centennial Puzzle":[51],"Art of War":[1],"Chemical X":[42],"obtain_stats":[{"Potion Belt":21,"TwistedFunnel":53,"Calipers":45,"The Specimen":24,"Singing Bowl":27,"Golden Idol":2,"Pen Nib":26,"PreservedInsect":48,"War Paint":9,"Boot":36,"Smiling Mask":40,"Centennial Puzzle":6,"WristBlade":34,"Coffee Dripper":17,"Art of War":54,"Chemical X":11,"TungstenRod":42,"Ring of the Snake":0},{"Potion Belt":12,"TwistedFunnel":29,"Calipers":25,"The Specimen":14,"Singing Bowl":15,"Golden Idol":1,"Pen Nib":14,"PreservedInsect":28,"War Paint":5,"Boot":20,"Smiling Mask":23,"Centennial Puzzle":4,"WristBlade":19,"Coffee Dripper":9,"Art of War":30,"Chemical X":6,"TungstenRod":24,"Ring of the Snake":0},{"Potion Belt":45,"TwistedFunnel":115,"Calipers":97,"The Specimen":53,"Singing Bowl":56,"Golden Idol":4,"Pen Nib":53,"PreservedInsect":105,"War Paint":21,"Boot":75,"Smiling Mask":86,"Centennial Puzzle":19,"WristBlade":73,"Coffee Dripper":37,"Art of War":118,"Chemical X":24,"TungstenRod":92,"Ring of the Snake":0}],"TungstenRod":22,"Ring of the Snake":[62]},"card_choices":[{"not_picked":["Backflip","Deflect"],"picked":"Dagger Throw","floor":1.0},{"not_picked":["Bane","Setup"],"picked":"Calculated Gamble","floor":4.0},{"not_picked":["Quick Slash","Bane"],"picked":"Dagger Spray","floor":5.0},{"not_picked":["Bullet Time","Skewer"],"picked":"Blade Dance","floor":6.0},{"not_picked":["Outmaneuver","Sucker Punch"],"picked":"Skewer","floor":8.0},{"not_picked":["Escape Plan","Dagger Spray"],"picked":"Cloak And Dagger","floor":10.0},{"not_picked":["Bane","Blade Dance"],"picked":"Cloak And Dagger","floor":12.0},{"not_picked":["Terror","Blade Dance"],"picked":"Accuracy","floor":14.0},{"not_picked":["Venomology","Envenom"],"picked":"After Image","floor":16.0},{"not_picked":["Deflect","Slice"],"picked":"Escape Plan","floor":18.0},{"not_picked":["Riddle With Holes","Dagger Spray+1"],"picked":"Expertise+1","floor":19.0},{"not_picked":["Slice+1","Poisoned Stab"],"picked":"Dagger Spray+1","floor":20.0},{"not_picked":["Quick Slash+1","Setup"],"picked":"Venomology","floor":22.0},{"not_picked":["Deadly Poison","Poisoned Stab+1"],"picked":"Prepared+1","floor":24.0},{"not_picked":["Escape Plan","Dodge and Roll"],"picked":"Blade Dance","floor":27.0},{"not_picked":["All Out Attack+1","Infinite Blades"],"picked":"Skewer+1","floor":28.0},{"not_picked":["Prepared","Dash+1"],"picked":"Noxious Fumes","floor":29.0},{"not_picked":["Quick Slash","Outmaneuver"],"picked":"Corpse Explosion","floor":31.0},{"not_picked":["Unload","Die Die Die"],"picked":"Night Terror","floor":33.0},{"not_picked":["Finisher","Deflect"],"picked":"Crippling Poison+1","floor":35.0},{"not_picked":["Poisoned Stab+1","Endless Agony","Flying Knee"],"picked":"Singing Bowl","floor":38.0},{"not_picked":["Underhanded Strike+1","Slice","Blade Dance"],"picked":"Singing Bowl","floor":39.0},{"not_picked":["Noxious Fumes","Masterful Stab+1","Quick Slash+1"],"picked":"Singing Bowl","floor":40.0},{"not_picked":["Blur","Well Laid Plans"],"picked":"Acrobatics+1","floor":42.0},{"not_picked":["Dodge and Roll+1","Grand Finale","Expertise"],"picked":"Singing Bowl","floor":45.0},{"not_picked":["Concentrate+1","Quick Slash"],"picked":"Caltrops","floor":46.0},{"not_picked":["Dagger Throw","Blade Dance","Outmaneuver"],"picked":"Singing Bowl","floor":47.0},{"not_picked":["Deflect+1","Blade Dance","Outmaneuver+1"],"picked":"Singing Bowl","floor":48.0},{"not_picked":["Heel Hook","Dodge and Roll","Dagger Throw"],"picked":"Singing Bowl","floor":54.0}],"player_experience":2429355,"relics_obtained":[{"floor":6.0,"key":"Centennial Puzzle"},{"floor":9.0,"key":"War Paint"},{"floor":24.0,"key":"The Specimen"},{"floor":26.0,"key":"Pen Nib"},{"floor":27.0,"key":"Singing Bowl"},{"floor":40.0,"key":"Smiling Mask"},{"floor":42.0,"key":"TungstenRod"},{"floor":45.0,"key":"Calipers"},{"floor":48.0,"key":"PreservedInsect"},{"floor":54.0,"key":"Art of War"}],"event_choices":[{"damage_healed":0.0,"max_hp_gain":0.0,"max_hp_loss":0.0,"gold_gain":0.0,"event_name":"Golden Idol","player_choice":"Take Damage","floor":2.0,"gold_loss":0.0,"damage_taken":17.0,"relics_obtained":["Golden Idol"]},{"damage_healed":0.0,"max_hp_gain":0.0,"max_hp_loss":0.0,"gold_gain":0.0,"event_name":"Upgrade Shrine","player_choice":"Upgraded","floor":3.0,"gold_loss":0.0,"damage_taken":0.0,"cards_upgraded":["Blade Dance"]},{"damage_healed":0.0,"max_hp_gain":0.0,"max_hp_loss":0.0,"gold_gain":0.0,"event_name":"Addict","player_choice":"Obtained Relic","floor":21.0,"gold_loss":85.0,"damage_taken":0.0,"relics_obtained":["Potion Belt"]},{"damage_healed":0.0,"max_hp_gain":0.0,"max_hp_loss":0.0,"gold_gain":0.0,"event_name":"Upgrade Shrine","player_choice":"Upgraded","floor":30.0,"gold_loss":0.0,"damage_taken":0.0,"cards_upgraded":["Venomology"]},{"damage_healed":0.0,"max_hp_gain":0.0,"max_hp_loss":0.0,"gold_gain":0.0,"event_name":"WeMeetAgain","player_choice":"Gave Potion","floor":36.0,"gold_loss":0.0,"damage_taken":0.0,"relics_obtained":["Boot"]}],"is_beta":false,"boss_relics":[{"not_picked":["Astrolabe","Runic Dome"],"picked":"Coffee Dripper"},{"not_picked":["HoveringKite","Velvet Choker"],"picked":"WristBlade"}],"items_purged_floors":[37,41,53],"is_endless":false,"potions_floor_spawned":[4,6,10,14,16,20,24,29,35,40,47,48],"ascension_level":2}}