{"host":"dt8l0my8qdt1qx2n","time":1611382361,"event":{"mods":["Arknights The Spire","BaseMod","Dota2Spire","Marisa£®ÏF”Í°°ƒß¿Ì…≥£©","Minty Spire (QoL Compilation)","Reimu£®≤©¿ˆ¡È√Œ£©","Remilia£®¿Ÿ√◊¿Ú—«£©","StSLib","The Servant 0.9.4","WarShipGirlsR/’ΩΩ¢…Ÿ≈ÆR mod","Yuyuko","[IsaacMod]“‘»ˆº‚À˛","°æ“≈ŒÔø®≈∆°øREMEMod"],"gold_per_floor":[118,136,61,87,47,47,82,82,82,82,117,181,227,259,259,393,393,428,398,409,434,449,495,410,422,434,476,521,571,625,659,671,806,818,854,866,922,996,315,357,357],"floor_reached":40,"language":"ZHS","playtime":2067,"items_purged":["ats:Strike C","ats:Strike V"],"score":447,"play_id":"47836547-cf57-4806-8fc6-c78380e7bd33","local_time":"20210123141241","is_ascension_mode":false,"campfire_choices":[{"data":"ats:Neurotoxin","floor":6,"key":"SMITH"},{"data":"ats:Soul Absorption","floor":8,"key":"SMITH"},{"data":"ats:Emotion Absorption","floor":10,"key":"SMITH"},{"floor":15,"key":"REST"},{"data":"EpicFetus","floor":25,"key":"SMITH"},{"data":"ats:Healing Strengthening","floor":32,"key":"SMITH"}],"circlet_count":0,"master_deck":["ats:Strike G","ats:Strike S","ats:Armor Crushing Shot","ats:Defend","ats:Defend","ats:Defend","ats:Defend","ats:Emotion Absorption+1","EpicFetus+1","ats:Neurotoxin+1","ats:Powerful Strike","EpicFetus","ats:Soul Absorption+1","ats:Explosion Area Strengthen","ats:Healing Drone+1","ats:Flexible Camouflage+1","ats:Shell Defense+1","ats:Part Time Job+1","ats:Assault Order+1","ats:Healing Strengthening+1","ats:Support Order+1","REME_Flogging","Enlightenment+1","ats:Counter Healing Mode"],"relics":["ats:Sanity","HushsDoor","REME_ComplimentaryCards","SalivaCoin","PaintedHorse:ReiMu","ats:Originium","Dota2Spire:MonkeyKingBar","ats:Lavender","Toxic Egg 2","Ornamental Fan","Dota2Spire:EchoSabre","REME_PuzzleBoxRelic","REME_LowDesire","Dota2Spire:DrumOfEndurance","Blood Vial","D6","MawBank","ats:Ability Aura","Coffee Dripper","Dota2Spire:BattleFury","BelialBook","ClockworkSouvenir"],"acts_visited":["Exordium","TheCity","TheBeyond"],"potions_floor_usage":[7,16,23,33,40,40,40,40,40,40],"damage_taken":[{"damage":1,"enemies":"Cultist","floor":1,"turns":4},{"damage":2,"enemies":"2 Louse","floor":2,"turns":4},{"damage":2,"enemies":"Small Slimes","floor":4,"turns":5},{"damage":14,"enemies":"Gremlin Nob","floor":7,"turns":4},{"damage":10,"enemies":"Hiden Room Battle","floor":12,"turns":4},{"damage":19,"enemies":"Lagavulin","floor":13,"turns":4},{"damage":10,"enemies":"Exordium Thugs","floor":14,"turns":3},{"damage":37,"enemies":"The Guardian","floor":16,"turns":6},{"damage":17,"enemies":"Spheric Guardian","floor":18,"turns":4},{"damage":0,"enemies":"Chosen","floor":20,"turns":4},{"damage":7,"enemies":"Snecko","floor":21,"turns":3},{"damage":0,"enemies":"Snake Plant","floor":22,"turns":4},{"damage":10,"enemies":"Gremlin Leader","floor":23,"turns":5},{"damage":9,"enemies":"Centurion and Healer","floor":27,"turns":3},{"damage":17,"enemies":"Sentry and Sphere","floor":28,"turns":4},{"damage":38,"enemies":"Snecko","floor":29,"turns":4},{"damage":22,"enemies":"Snake Plant","floor":30,"turns":4},{"damage":2,"enemies":"Cultist and Chosen","floor":31,"turns":5},{"damage":46,"enemies":"Champ","floor":33,"turns":8},{"damage":19,"enemies":"Orb Walker","floor":35,"turns":3},{"damage":20,"enemies":"3 Darklings","floor":37,"turns":5},{"damage":69,"enemies":"Spire Growth","floor":38,"turns":6},{"damage":94,"enemies":"Reptomancer","floor":40,"turns":3}],"seed_played":"7872755585632393616","potions_obtained":[{"floor":2,"key":"Weak Potion"},{"floor":12,"key":"Explosive Potion"},{"floor":14,"key":"SkillPotion"},{"floor":19,"key":"Swift Potion"},{"floor":19,"key":"FearPotion"},{"floor":22,"key":"BlessingOfTheForge"},{"floor":27,"key":"ats:Top Emergency Sanity Potion"},{"floor":29,"key":"EntropicBrew"},{"floor":35,"key":"GrandPatriotsElixir:ReiMu"}],"is_trial":false,"path_per_floor":["M","M","$","M","?","R","E","R","T","R","?","?","E","M","R","B",null,"M","?","M","M","M","E","?","R","T","M","M","M","M","M","R","B",null,"M","?","M","M","$","E"],"character_chosen":"DOCTOR_CLASS","items_purchased":["ats:Counter Healing Mode","Dota2Spire:BattleFury","BelialBook","ClockworkSouvenir"],"campfire_rested":1,"item_purchase_floors":[39,39,39,39],"current_hp_per_floor":[78,76,76,74,74,74,60,60,60,60,35,28,12,12,35,27,79,62,62,75,72,79,73,73,73,73,74,62,37,44,68,68,69,79,65,65,79,40,40,0,0],"gold":357,"neow_bonus":"TEN_PERCENT_HP_BONUS","is_daily":false,"chose_seed":false,"campfire_upgraded":5,"win_rate":0.0,"timestamp":1611382361,"path_taken":["M","M","$","M","?","R","E","R","T","R","?","?","E","M","R","BOSS","M","?","M","M","M","E","?","R","T","M","M","M","M","M","R","BOSS","M","?","M","M","$","E"],"items_purchased_type":["Card","Relic","Relic","Relic"],"build_version":"2020-12-22","purchased_purges":2,"victory":false,"max_hp_per_floor":[79,79,79,79,79,79,79,79,79,79,79,79,79,79,79,79,79,79,79,79,79,79,79,79,79,79,79,79,79,79,79,79,79,79,79,79,79,79,79,79,79],"card_choices":[{"not_picked":[],"picked":"EpicFetus","floor":0},{"not_picked":["ats:Wolf Pack","ats:Composite Medical Shells"],"picked":"ats:Neurotoxin","floor":1},{"not_picked":["ats:Consecutive Shot Auto","ats:Composite Medical Shells"],"picked":"ats:Powerful Strike","floor":2},{"not_picked":["ats:Revitalization","ats:Sunburst","Bomb"],"picked":"SKIP","floor":4},{"not_picked":["ats:Shadow Assault","ats:Thermite Blade"],"picked":"ats:Soul Absorption","floor":7},{"not_picked":["ats:Flame Of Heaven+1","ats:Thorns"],"picked":"ats:Explosion Area Strengthen","floor":12},{"not_picked":["ats:Consecutive Shot Auto","ats:Ignite"],"picked":"ats:Healing Drone+1","floor":13},{"not_picked":["ats:Curse Doll+1","ats:Directed Diagnosis+1","ats:Leaping Hammer"],"picked":"SKIP","floor":14},{"not_picked":["ats:Burning Ground","ats:Explosion Area Strengthen","REME_MagicPocketWatch+1"],"picked":"ats:Flexible Camouflage+1","floor":18},{"not_picked":["ats:Ignite","ats:Closed Bolt Burst Fire","REME_Flogging"],"picked":"ats:Shell Defense+1","floor":20},{"not_picked":["ats:Collapsing Strike+1","ats:Red Shift","ats:Counter Healing Mode+1","BettingIsNotGood+1"],"picked":"SKIP","floor":21},{"not_picked":["ats:Burning Ground","ats:Curse Doll+1","Secret Technique+1"],"picked":"ats:Part Time Job+1","floor":22},{"not_picked":["ats:Curse Doll+1","ats:Demon Strength","ats:Mental Burst","REME_HeartOfCthun"],"picked":"SKIP","floor":23},{"not_picked":["ats:Ignite","ats:Closed Bolt Burst Fire","BloodyBrimstone"],"picked":"ats:Assault Order+1","floor":27},{"not_picked":["ats:Thorns","ats:Explosion Area Strengthen+1","ats:Hammer On","REME_TheoryOfElimination+1"],"picked":"SKIP","floor":28},{"not_picked":["ats:Very Hot Blade","ats:Flexible Camouflage+1","ats:Song Of Battle","REME_ShortnessOfBreath+1"],"picked":"SKIP","floor":29},{"not_picked":["ats:Phantom","ats:Echo Reverb+1","Enlightenment+1"],"picked":"ats:Healing Strengthening","floor":30},{"not_picked":["ats:Leaping Hammer","ats:Red Shift","PanicButton+1"],"picked":"ats:Support Order+1","floor":31},{"not_picked":["ats:Very Hot Blade","ats:Thorns","ats:Defend Order"],"picked":"REME_Flogging","floor":35},{"not_picked":["REME_ShortnessOfBreath+1","Deep Breath+1"],"picked":"Enlightenment+1","floor":36},{"not_picked":["ats:Red Shift","ats:Assault Order+1","ats:Closed Bolt Burst Fire","Madness+1"],"picked":"SKIP","floor":37},{"not_picked":["ats:Blood Oath+1","ats:Overload","ats:Roar Of Ursus","REME_MawOfCthun+1"],"picked":"SKIP","floor":38}],"player_experience":139191,"relics_obtained":[{"floor":7,"key":"ats:Originium"},{"floor":7,"key":"Dota2Spire:MonkeyKingBar"},{"floor":9,"key":"ats:Lavender"},{"floor":12,"key":"Ornamental Fan"},{"floor":12,"key":"Dota2Spire:EchoSabre"},{"floor":13,"key":"REME_PuzzleBoxRelic"},{"floor":13,"key":"ats:Originium"},{"floor":17,"key":"Dota2Spire:DrumOfEndurance"},{"floor":17,"key":"Blood Vial"},{"floor":23,"key":"ats:Originium"},{"floor":23,"key":"D6"},{"floor":26,"key":"ats:Ability Aura"}],"event_choices":[{"damage_healed":0,"gold_gain":0,"player_choice":"»˚«Æ","damage_taken":0,"relics_obtained":["PaintedHorse:ReiMu"],"max_hp_gain":0,"max_hp_loss":0,"event_name":"yidonshenshe","floor":5,"gold_loss":40},{"damage_healed":0,"gold_gain":0,"player_choice":"Success","damage_taken":25,"relics_obtained":["Toxic Egg 2"],"max_hp_gain":0,"max_hp_loss":0,"event_name":"Scrap Ooze","floor":11,"gold_loss":0},{"damage_healed":0,"gold_gain":0,"player_choice":"Fight","damage_taken":0,"max_hp_gain":0,"max_hp_loss":0,"event_name":"HidenRoomEvent","floor":12,"gold_loss":0},{"damage_healed":0,"gold_gain":0,"player_choice":"Bought 2 Potions","damage_taken":0,"max_hp_gain":0,"max_hp_loss":0,"event_name":"The Woman in Blue","floor":19,"gold_loss":0},{"damage_healed":0,"gold_gain":0,"player_choice":"Obtained Relic","damage_taken":0,"relics_obtained":["MawBank"],"max_hp_gain":0,"max_hp_loss":0,"event_name":"Addict","floor":24,"gold_loss":85},{"damage_healed":0,"gold_gain":0,"player_choice":"Memory 1","damage_taken":0,"max_hp_gain":0,"max_hp_loss":0,"event_name":"SensoryStone","floor":36,"gold_loss":0}],"is_beta":false,"boss_relics":[{"not_picked":["SacredBark","REME_DuelDisc"],"picked":"REME_LowDesire"},{"not_picked":[]},{"not_picked":["Black Star","Astrolabe"],"picked":"Coffee Dripper"},{"not_picked":[]}],"items_purged_floors":[3,39],"is_endless":false,"potions_floor_spawned":[2,12,14,20,22,27,29,35,37],"killed_by":"Reptomancer","ascension_level":0}}