{"host":"fmb9x04chdot191d","time":1611394334,"event":{"mods":["2.2 Compatiblity","AchievementEnabler","BaseMod","BetterRewards","Colored Map","Downfall","Hermit","Highlight Path","Marisa（霧雨　魔理沙）","Minty Spire (QoL Compilation)","Permanent Neow","Quick Restart","Rare Cards Sparkle","StSLib","The Servant 0.9.4","[IsaacMod]以撒尖塔"],"gold_per_floor":[112,128,185,150,162,189,247,247,271,289,300,300,311,331,331,430,430,446,192,203,219,219,244,244,275,323,238,272,272,51,84,84,183,183,199,249,249,268,268,301,312,167,167,167,212,212,112,131,131,131],"floor_reached":51,"language":"ENG","playtime":2394,"items_purged":["Strike_R","Defend_R"],"score":903,"play_id":"cf6b47ab-fcc6-4da8-a489-9c1e08c9bba4","local_time":"20210123223214","is_ascension_mode":true,"campfire_choices":[{"data":"Body Slam","floor":8.0,"key":"SMITH"},{"floor":12.0,"key":"REST"},{"data":"Flame Barrier","floor":15.0,"key":"SMITH"},{"floor":24.0,"key":"REST"},{"floor":29.0,"key":"REST"},{"data":"Entrench","floor":32.0,"key":"SMITH"},{"floor":44.0,"key":"REST"},{"data":"Flame Barrier","floor":46.0,"key":"SMITH"},{"floor":49.0,"key":"DIG"}],"circlet_count":0,"master_deck":["Strike_R+1","Strike_R+1","Defend_R+1","Defend_R","Bash","Flame Barrier+1","Feed","Body Slam+1","Metallicize","Double Tap","Body Slam+1","Master of Strategy+1","Entrench+1","Whirlwind+1","Infernal Blade+1","Ghostly Armor","Fiend Fire","Shockwave+1","Flame Barrier+1","Inflame","Seeing Red+1","Pommel Strike+1"],"relics":["Burning Blood","HushsDoor","DeadEye","Whetstone","PillsDrop","Bronze Scales","Empty Cage","War Paint","SatanicBible","Orichalcum","Shuriken","Strawberry","Chemical X","Regal Pillow","Black Star","Shovel","Boot","Bottled Tornado","Calipers","CatCart","Void"],"acts_visited":["Exordium","TheCity","TheBeyond"],"potions_floor_usage":[],"damage_taken":[{"damage":0.0,"enemies":"2 Louse","floor":1.0,"turns":2.0},{"damage":2.0,"enemies":"Cultist","floor":2.0,"turns":6.0},{"damage":3.0,"enemies":"Small Slimes","floor":5.0,"turns":4.0},{"damage":24.0,"enemies":"Gremlin Nob","floor":6.0,"turns":5.0},{"damage":28.0,"enemies":"Gremlin Nob","floor":7.0,"turns":4.0},{"damage":6.0,"enemies":"Blue Slaver","floor":10.0,"turns":3.0},{"damage":1.0,"enemies":"Looter","floor":11.0,"turns":3.0},{"damage":12.0,"enemies":"Exordium Wildlife","floor":13.0,"turns":3.0},{"damage":1.0,"enemies":"Blue Slaver","floor":14.0,"turns":3.0},{"damage":29.0,"enemies":"The Guardian","floor":16.0,"turns":12.0},{"damage":0.0,"enemies":"3 Byrds","floor":18.0,"turns":2.0},{"damage":6.0,"enemies":"Shell Parasite","floor":20.0,"turns":4.0},{"damage":39.0,"enemies":"Shelled Parasite and Fungi","floor":21.0,"turns":5.0},{"damage":27.0,"enemies":"Slavers","floor":23.0,"turns":5.0},{"damage":45.0,"enemies":"Gremlin Leader","floor":25.0,"turns":5.0},{"damage":0.0,"enemies":"Book of Stabbing","floor":28.0,"turns":2.0},{"damage":0.0,"enemies":"Gremlin Leader","floor":31.0,"turns":2.0},{"damage":22.0,"enemies":"Automaton","floor":33.0,"turns":6.0},{"damage":20.0,"enemies":"3 Shapes","floor":35.0,"turns":2.0},{"damage":37.0,"enemies":"2 Orb Walkers","floor":36.0,"turns":4.0},{"damage":0.0,"enemies":"Orb Walker","floor":38.0,"turns":2.0},{"damage":37.0,"enemies":"Reptomancer","floor":40.0,"turns":6.0},{"damage":0.0,"enemies":"Jaw Worm Horde","floor":41.0,"turns":1.0},{"damage":18.0,"enemies":"Orin","floor":45.0,"turns":6.0},{"damage":16.0,"enemies":"Sphere and 2 Shapes","floor":48.0,"turns":1.0},{"damage":9,"enemies":"Time Eater","floor":50,"turns":9}],"seed_played":"-3240227312344275379","potions_obtained":[{"floor":1.0,"key":"FairyPotion"},{"floor":2.0,"key":"Weak Potion"},{"floor":5.0,"key":"SpeedPotion"},{"floor":11.0,"key":"SpeedPotion"},{"floor":18.0,"key":"SkillPotion"},{"floor":23.0,"key":"hexamod:SoulburnPotion"},{"floor":36.0,"key":"sneckomod:MuddlingPotion"},{"floor":45.0,"key":"EntropicBrew"}],"is_trial":false,"path_per_floor":["M","M","?","?","M","E","?","R","T","M","M","R","M","M","R","B",null,"M","$","M","M","?","E","R","E","T","?","E","R","$","E","R","B",null,"M","?","?","M","?","E","M","$","T","R","?","R","$","M","R","B",null],"character_chosen":"IRONCLAD","items_purchased":["Master of Strategy","Entrench","Chemical X","Flame Barrier","Inflame"],"campfire_rested":4,"item_purchase_floors":[19,19,30,42,42],"current_hp_per_floor":[80,80,65,80,80,62,40,40,40,40,45,69,63,71,71,48,83,83,83,83,53,53,35,61,22,22,22,35,62,62,68,68,52,91,77,52,52,58,58,27,33,33,33,77,65,65,65,55,55,52],"gold":131,"neow_bonus":"REMOVE_CARD","is_daily":false,"chose_seed":false,"campfire_upgraded":4,"win_rate":0.0,"timestamp":1611394334,"path_taken":["M","M","?","?","M","E","?","R","T","M","?","R","M","M","R","BOSS","M","$","M","?","?","E","R","E","T","?","E","R","?","E","R","BOSS","M","?","?","?","?","E","M","$","T","R","?","R","?","M","R","BOSS"],"items_purchased_type":["Card","Card","Relic","Card","Card"],"build_version":"2020-12-22","purchased_purges":2,"victory":true,"max_hp_per_floor":[80,80,80,80,80,80,80,80,80,80,80,80,80,83,83,83,83,83,83,83,86,86,89,89,84,84,84,91,91,91,91,91,91,91,91,97,97,97,97,97,97,97,97,97,97,97,97,97,97,97],"card_choices":[{"not_picked":[],"picked":"ChaosCard","floor":0.0},{"not_picked":["Warcry","Shrug It Off"],"picked":"Flame Barrier","floor":1.0},{"not_picked":["True Grit","Pommel Strike","Anger"],"picked":"SKIP","floor":2.0},{"not_picked":["Armaments","Sentinel","Pummel"],"picked":"SKIP","floor":5.0},{"not_picked":["Sword Boomerang","Blood for Blood"],"picked":"Feed","floor":6.0},{"not_picked":["Ghostly Armor","Anger"],"picked":"Body Slam","floor":7.0},{"not_picked":["Combust","Warcry","Pommel Strike"],"picked":"SKIP","floor":10.0},{"not_picked":["Heavy Blade","Iron Wave","Anger"],"picked":"SKIP","floor":11.0},{"not_picked":["Uppercut","Headbutt","Perfected Strike"],"picked":"SKIP","floor":13.0},{"not_picked":["Shockwave","Feel No Pain"],"picked":"Metallicize","floor":14.0},{"not_picked":["Brutality","Barricade"],"picked":"Double Tap","floor":16.0},{"not_picked":["Uppercut","Warcry+1"],"picked":"Body Slam+1","floor":18.0},{"not_picked":["Dropkick","Pommel Strike+1","Anger+1"],"picked":"SKIP","floor":20.0},{"not_picked":["Wild Strike","Cleave","Fire Breathing"],"picked":"SKIP","floor":21.0},{"not_picked":["Anger","Burning Pact+1"],"picked":"Whirlwind+1","floor":23.0},{"not_picked":["Clothesline+1","Brutality"],"picked":"Infernal Blade+1","floor":25.0},{"not_picked":["Headbutt","Pommel Strike"],"picked":"Ghostly Armor","floor":28.0},{"not_picked":["Evolve","Sword Boomerang","Feel No Pain"],"picked":"SKIP","floor":31.0},{"not_picked":["Feed","Corruption"],"picked":"Fiend Fire","floor":33.0},{"not_picked":["True Grit+1","Iron Wave+1","Reckless Charge"],"picked":"SKIP","floor":35.0},{"not_picked":["Feel No Pain+1","Warcry+1"],"picked":"Shockwave+1","floor":36.0},{"not_picked":["Burning Pact+1","True Grit+1","Rupture+1"],"picked":"SKIP","floor":38.0},{"not_picked":["Sentinel","Reckless Charge","Shockwave+1"],"picked":"SKIP","floor":40.0},{"not_picked":["Havoc+1","Bludgeon","Sword Boomerang+1"],"picked":"SKIP","floor":41.0},{"not_picked":["Sword Boomerang+1","Headbutt"],"picked":"Seeing Red+1","floor":45.0},{"not_picked":["Entrench","Body Slam"],"picked":"Pommel Strike+1","floor":48.0}],"player_experience":51003,"relics_obtained":[{"floor":6.0,"key":"Whetstone"},{"floor":9.0,"key":"Bronze Scales"},{"floor":23.0,"key":"War Paint"},{"floor":25.0,"key":"SatanicBible"},{"floor":26.0,"key":"Orichalcum"},{"floor":28.0,"key":"Strawberry"},{"floor":31.0,"key":"Regal Pillow"},{"floor":36.0,"key":"Shovel"},{"floor":40.0,"key":"Boot"},{"floor":40.0,"key":"Bottled Tornado"},{"floor":43.0,"key":"Calipers"},{"floor":45.0,"key":"CatCart"},{"floor":49.0,"key":"Void"}],"event_choices":[{"damage_healed":20.0,"max_hp_gain":0.0,"max_hp_loss":0.0,"gold_gain":0.0,"event_name":"The Cleric","player_choice":"Healed","floor":4.0,"gold_loss":35.0,"damage_taken":0.0},{"damage_healed":0.0,"max_hp_gain":0.0,"max_hp_loss":0.0,"gold_gain":0.0,"event_name":"Dead Adventurer","player_choice":"Searched \u00273\u0027 times","floor":7.0,"gold_loss":0.0,"damage_taken":0.0,"relics_obtained":["PillsDrop"]},{"damage_healed":0.0,"max_hp_gain":0.0,"max_hp_loss":0.0,"gold_gain":0.0,"event_name":"Addict","player_choice":"Obtained Relic","floor":27.0,"gold_loss":85.0,"damage_taken":0.0,"relics_obtained":["Shuriken"]},{"damage_healed":0.0,"max_hp_gain":0.0,"max_hp_loss":0.0,"gold_gain":0.0,"event_name":"Mysterious Sphere","player_choice":"Fight","floor":36.0,"gold_loss":0.0,"damage_taken":0.0},{"damage_healed":0.0,"max_hp_gain":0.0,"max_hp_loss":0.0,"gold_gain":0.0,"event_name":"Tomb of Lord Red Mask","player_choice":"Ignored","floor":37.0,"gold_loss":0.0,"damage_taken":0.0},{"damage_healed":0.0,"max_hp_gain":0.0,"max_hp_loss":0.0,"gold_gain":0.0,"event_name":"OrinTheCat","player_choice":"Fight","floor":45.0,"gold_loss":0.0,"damage_taken":0.0}],"is_beta":false,"boss_relics":[{"not_picked":["Calling Bell","Tiny House"],"picked":"Empty Cage"},{"not_picked":[]},{"not_picked":["Cursed Key","Sozu"],"picked":"Black Star"},{"not_picked":[]}],"items_purged_floors":[30,47],"is_endless":false,"potions_floor_spawned":[1,2,5,11,18,23,36,45],"ascension_level":2}}