{"host":"8tgyo6jwzgmjsiz5","time":1611376946,"event":{"mods":["AchievementEnabler","BaseMod","Best Route Mod","Colored Map","Highlight Path","Minty Spire (QoL Compilation)","Permanent Neow","Quick Restart","StSLib","SuperFastMode","everything is the same but u backflip on backflip"],"gold_per_floor":[116,291,291,291,256,256,276,305,378,394,407,407,242,242,242,339,339,379,435,492,527,31,31,62,73,73,73,133,199,199,268,268,268,268],"floor_reached":33,"language":"ENG","playtime":1881,"items_purged":[],"score":488,"play_id":"c5ea1b62-160f-461f-890d-ad027346b32d","local_time":"20210123014226","is_ascension_mode":true,"campfire_choices":[{"data":"Eruption","floor":6.0,"key":"SMITH"},{"data":"CrushJoints","floor":12.0,"key":"SMITH"},{"floor":15.0,"key":"REST"},{"data":"HandOfGreed","floor":23,"key":"SMITH"},{"data":"Wish","floor":27,"key":"SMITH"},{"data":"A Thousand Cuts","floor":32,"key":"SMITH"}],"circlet_count":0,"master_deck":["AscendersBane","Strike_P+1","Strike_P","Strike_P","Defend_P","Defend_P+1","Defend_P","Defend_P","Eruption+1","Vigilance","FollowUp+1","Tantrum+1","Halt","FollowUp+1","CrushJoints+1","HandOfGreed+1","Wish+1","Swivel+1","LessonLearned+1","WindmillStrike+1","Meditate","Ragnarok","Flame Barrier+1","Heavy Blade","A Thousand Cuts+1","Fiend Fire"],"relics":["Runic Dome","Sundial","HornCleat","Juzu Bracelet","Snecko Eye","PrismaticShard","Oddly Smooth Stone","Strawberry","Eternal Feather","Kunai"],"acts_visited":["Exordium","TheCity"],"potions_floor_usage":[24,29],"damage_taken":[{"damage":0.0,"enemies":"2 Louse","floor":1.0,"turns":2.0},{"damage":0.0,"enemies":"Small Slimes","floor":7.0,"turns":1.0},{"damage":37.0,"enemies":"Gremlin Nob","floor":8.0,"turns":4.0},{"damage":0.0,"enemies":"Jaw Worm","floor":10.0,"turns":3.0},{"damage":6.0,"enemies":"Lots of Slimes","floor":11.0,"turns":3.0},{"damage":35,"enemies":"The Guardian","floor":16,"turns":5},{"damage":0,"enemies":"Spheric Guardian","floor":18,"turns":1},{"damage":0,"enemies":"Chosen","floor":19,"turns":4},{"damage":17,"enemies":"Shelled Parasite and Fungi","floor":20,"turns":4},{"damage":3,"enemies":"3 Cultists","floor":21,"turns":5},{"damage":13,"enemies":"Gremlin Leader","floor":24,"turns":5},{"damage":0,"enemies":"Snecko","floor":25,"turns":4},{"damage":7,"enemies":"Book of Stabbing","floor":28,"turns":3},{"damage":0,"enemies":"Cultist and Chosen","floor":29,"turns":3},{"damage":0,"enemies":"Sentry and Sphere","floor":31,"turns":4},{"damage":48,"enemies":"Automaton","floor":33,"turns":4}],"seed_played":"-9019110895916386007","potions_obtained":[{"floor":7.0,"key":"BottledMiracle"},{"floor":10.0,"key":"SpeedPotion"},{"floor":16,"key":"LiquidMemories"},{"floor":25,"key":"LiquidMemories"},{"floor":29,"key":"BlessingOfTheForge"}],"is_trial":false,"path_per_floor":["M","?","?","?","?","R","M","E","T","M","M","R","$","T","R","B",null,"M","M","M","M","$","R","E","M","T","R","E","M","?","M","R","B"],"character_chosen":"WATCHER","items_purchased":["HandOfGreed","Meditate","Ragnarok","PrismaticShard","Oddly Smooth Stone"],"campfire_rested":1,"item_purchase_floors":[13,22,22,22,22],"current_hp_per_floor":[61,61,61,47,64,64,64,27,27,27,21,21,21,21,41,6,53,53,53,36,33,33,33,27,27,27,39,32,32,32,32,47,0,0],"gold":268,"neow_bonus":"BOSS_RELIC","is_daily":false,"chose_seed":false,"campfire_upgraded":5,"win_rate":0.0,"timestamp":1611376946,"path_taken":["M","?","?","?","?","R","M","E","T","M","M","R","$","?","R","BOSS","M","M","M","M","$","R","E","M","T","R","E","M","?","M","R","BOSS"],"items_purchased_type":["Card","Card","Card","Relic","Relic"],"build_version":"2020-12-22","purchased_purges":0,"victory":false,"max_hp_per_floor":[68,68,68,68,68,68,68,68,68,68,68,68,68,68,68,68,68,68,68,68,68,68,68,75,75,75,75,75,75,75,75,75,75,75],"card_choices":[{"not_picked":["Pray","InnerPeace"],"picked":"FollowUp","floor":1.0},{"not_picked":["Evaluate","Swivel"],"picked":"Tantrum","floor":7.0},{"not_picked":["SashWhip","ThirdEye"],"picked":"Halt","floor":8.0},{"not_picked":["EmptyMind","SashWhip"],"picked":"FollowUp","floor":10.0},{"not_picked":["SandsOfTime","DeceiveReality"],"picked":"CrushJoints","floor":11.0},{"not_picked":["Judgement","DeusExMachina"],"picked":"Wish","floor":16},{"not_picked":["CutThroughFate","ReachHeaven"],"picked":"Swivel+1","floor":18},{"not_picked":["SashWhip","CutThroughFate","FlurryOfBlows"],"picked":"SKIP","floor":19},{"not_picked":["CutThroughFate","CrushJoints"],"picked":"LessonLearned","floor":20},{"not_picked":["FlyingSleeves","ThirdEye"],"picked":"WindmillStrike+1","floor":21},{"not_picked":["Wild Strike+1","Dark Embrace","Storm of Steel"],"picked":"SKIP","floor":24},{"not_picked":["Twin Strike","Bane"],"picked":"Flame Barrier+1","floor":25},{"not_picked":["CutThroughFate","Burning Pact"],"picked":"Heavy Blade","floor":28},{"not_picked":["Prepared","Hologram"],"picked":"A Thousand Cuts","floor":29},{"not_picked":["Streamline+1","Dagger Spray"],"picked":"Fiend Fire","floor":31}],"player_experience":1930040,"relics_obtained":[{"floor":8.0,"key":"Sundial"},{"floor":9.0,"key":"HornCleat"},{"floor":14.0,"key":"Juzu Bracelet"},{"floor":24,"key":"Strawberry"},{"floor":26,"key":"Eternal Feather"},{"floor":28,"key":"Kunai"}],"event_choices":[{"damage_healed":0.0,"max_hp_gain":0.0,"max_hp_loss":0.0,"gold_gain":175.0,"event_name":"Liars Game","player_choice":"AGREE","floor":2.0,"gold_loss":0.0,"damage_taken":0.0,"cards_obtained":["Doubt"]},{"cards_removed":["Doubt"],"damage_healed":0.0,"max_hp_gain":0.0,"max_hp_loss":0.0,"gold_gain":0.0,"event_name":"Living Wall","player_choice":"Forget","floor":3.0,"gold_loss":0.0,"damage_taken":0.0},{"damage_healed":0.0,"max_hp_gain":0.0,"max_hp_loss":0.0,"gold_gain":0.0,"event_name":"Shining Light","player_choice":"Entered Light","floor":4.0,"gold_loss":0.0,"damage_taken":14.0,"cards_upgraded":["FollowUp","Strike_P"]},{"damage_healed":17.0,"max_hp_gain":0.0,"max_hp_loss":0.0,"gold_gain":0.0,"event_name":"The Cleric","player_choice":"Healed","floor":5.0,"gold_loss":35.0,"damage_taken":0.0},{"cards_removed":["Strike_P"],"damage_healed":0,"gold_gain":0,"player_choice":"Offered Basic","damage_taken":0,"max_hp_gain":0,"max_hp_loss":0,"event_name":"Bonfire Elementals","floor":30,"gold_loss":0}],"is_beta":false,"boss_relics":[{"not_picked":["Cursed Key","Velvet Choker"],"picked":"Snecko Eye"}],"items_purged_floors":[],"is_endless":false,"potions_floor_spawned":[7,10,16,19,21,25,29,31],"killed_by":"Automaton","ascension_level":14}}