{"host":"5tzvto3beate6p8b","time":1611378877,"event":{"mods":["BaseMod","Colored Map","Colored Powertips","Minty Spire (QoL Compilation)","StSLib","SuperFastMode"],"gold_per_floor":[113,38,55,75,75,75,119,119,119,119,132,167,167,185,185,274,274,288,308,21,42,42,42,57,96,96,96,139,139,139,0,0,0,0],"floor_reached":33,"language":"JPN","playtime":2214,"items_purged":["Doubt"],"score":582,"play_id":"f35dd5c5-6c20-465f-8a4b-d9e9aedff8e3","local_time":"20210123141437","is_ascension_mode":true,"campfire_choices":[{"data":"All Out Attack","floor":6.0,"key":"SMITH"},{"data":"Skewer","floor":8.0,"key":"SMITH"},{"floor":10.0,"key":"REST"},{"floor":13.0,"key":"REST"},{"data":"Venomology","floor":15.0,"key":"SMITH"},{"data":"After Image","floor":23.0,"key":"SMITH"},{"data":"Neutralize","floor":27.0,"key":"SMITH"},{"data":"Burst","floor":30,"key":"SMITH"},{"data":"Leg Sweep","floor":32,"key":"SMITH"}],"circlet_count":0,"master_deck":["AscendersBane","Defend_G","Defend_G","Defend_G","Defend_G","Defend_G","Survivor","Neutralize+1","Venomology+1","PiercingWail","Skewer+1","All Out Attack+1","Acrobatics","Acrobatics","After Image+1","PiercingWail","Burst+1","CurseOfTheBell","Slice","Noxious Fumes+1","Dagger Throw+1","Bite+1","Bite+1","Bite+1","Bite+1","Bite+1","Flechettes+1","Skewer+1","Eviscerate+1","After Image+1","Leg Sweep+1","Backflip"],"relics":["Ring of the Snake","Golden Idol","Mango","Bottled Flame","Bag of Preparation","Calling Bell","Akabeko","HornCleat","CaptainsWheel","Molten Egg 2","Dream Catcher","TungstenRod","Pear"],"acts_visited":["Exordium","TheCity"],"potions_floor_usage":[28,28,28,33],"damage_taken":[{"damage":5.0,"enemies":"Small Slimes","floor":1.0,"turns":5.0},{"damage":0.0,"enemies":"Cultist","floor":3.0,"turns":4.0},{"damage":2.0,"enemies":"2 Louse","floor":4.0,"turns":5.0},{"damage":34.0,"enemies":"Lagavulin","floor":7.0,"turns":6.0},{"damage":0.0,"enemies":"Large Slime","floor":11.0,"turns":4.0},{"damage":20.0,"enemies":"3 Sentries","floor":12.0,"turns":7.0},{"damage":0.0,"enemies":"3 Louse","floor":14.0,"turns":2.0},{"damage":39.0,"enemies":"Slime Boss","floor":16.0,"turns":13.0},{"damage":15.0,"enemies":"Shell Parasite","floor":18.0,"turns":6.0},{"damage":0.0,"enemies":"3 Byrds","floor":19.0,"turns":5.0},{"damage":4.0,"enemies":"Snake Plant","floor":21.0,"turns":3.0},{"damage":15.0,"enemies":"Centurion and Healer","floor":24.0,"turns":13.0},{"damage":20.0,"enemies":"Gremlin Leader","floor":25.0,"turns":8.0},{"damage":24,"enemies":"Slavers","floor":28,"turns":9},{"damage":88,"enemies":"Automaton","floor":33,"turns":14}],"seed_played":"-3203484212203071380","potions_obtained":[{"floor":4.0,"key":"Fire Potion"},{"floor":7.0,"key":"AttackPotion"},{"floor":21.0,"key":"Regen Potion"}],"is_trial":false,"path_per_floor":["M","$","M","M","?","R","E","R","T","R","M","E","R","M","R","B",null,"M","M","$","M","?","R","M","E","T","R","E","?","R","$","R","B"],"character_chosen":"THE_SILENT","items_purchased":["Molten Egg 2","Leg Sweep","Backflip"],"campfire_rested":2,"item_purchase_floors":[20,31,31],"current_hp_per_floor":[54,54,54,52,52,52,32,32,32,54,54,34,56,56,56,17,60,45,45,45,41,41,41,51,51,51,51,51,51,51,51,51,0,0],"gold":0,"neow_bonus":"THREE_RARE_CARDS","is_daily":false,"chose_seed":false,"campfire_upgraded":7,"win_rate":0.0,"timestamp":1611378877,"path_taken":["M","$","M","M","?","R","E","R","T","R","M","E","R","M","R","BOSS","M","M","$","M","?","R","M","E","T","R","E","?","R","$","R","BOSS"],"items_purchased_type":["Relic","Card","Card"],"build_version":"2020-12-22","purchased_purges":1,"victory":false,"max_hp_per_floor":[66,66,66,66,60,60,74,74,74,74,74,74,74,74,74,74,74,74,74,74,74,51,51,51,51,51,51,61,61,61,61,61,61,61],"card_choices":[{"not_picked":["Phantasmal Killer","A Thousand Cuts"],"picked":"Venomology","floor":0.0},{"not_picked":["Deflect","Outmaneuver"],"picked":"PiercingWail","floor":1.0},{"not_picked":["Dagger Throw","Bane"],"picked":"Skewer","floor":3.0},{"not_picked":["Accuracy","Bouncing Flask"],"picked":"All Out Attack","floor":4.0},{"not_picked":["Cloak And Dagger","Dodge and Roll"],"picked":"Acrobatics","floor":7.0},{"not_picked":["Prepared","Dodge and Roll"],"picked":"Acrobatics","floor":11.0},{"not_picked":["Endless Agony","Dagger Throw"],"picked":"After Image","floor":12.0},{"not_picked":["Heel Hook","Outmaneuver"],"picked":"PiercingWail","floor":14.0},{"not_picked":["Envenom","Doppelganger"],"picked":"Burst","floor":16.0},{"not_picked":["Prepared","Expertise"],"picked":"Slice","floor":18.0},{"not_picked":["Dagger Throw","Outmaneuver"],"picked":"Noxious Fumes+1","floor":19.0},{"not_picked":["Tools of the Trade","Tactician"],"picked":"Dagger Throw+1","floor":21.0},{"not_picked":["Underhanded Strike+1","Quick Slash+1"],"picked":"Flechettes+1","floor":24.0},{"not_picked":["Blur","Calculated Gamble"],"picked":"Skewer+1","floor":25.0},{"not_picked":["Wraith Form v2","Cloak And Dagger"],"picked":"Eviscerate+1","floor":28}],"player_experience":607418,"relics_obtained":[{"floor":7.0,"key":"Mango"},{"floor":9.0,"key":"Bottled Flame"},{"floor":12.0,"key":"Bag of Preparation"},{"floor":17.0,"key":"Akabeko"},{"floor":17.0,"key":"HornCleat"},{"floor":17.0,"key":"CaptainsWheel"},{"floor":25.0,"key":"Dream Catcher"},{"floor":26.0,"key":"TungstenRod"},{"floor":28,"key":"Pear"}],"event_choices":[{"damage_healed":0.0,"max_hp_gain":0.0,"max_hp_loss":6.0,"gold_gain":0.0,"event_name":"Golden Idol","player_choice":"Lose Max HP","floor":5.0,"gold_loss":0.0,"damage_taken":0.0,"relics_obtained":["Golden Idol"]},{"damage_healed":0.0,"max_hp_gain":0.0,"max_hp_loss":23.0,"gold_gain":0.0,"event_name":"Vampires","player_choice":"Became a vampire","floor":22.0,"gold_loss":0.0,"damage_taken":0.0,"cards_obtained":["Bite","Bite","Bite","Bite","Bite"]},{"damage_healed":0,"gold_gain":0,"player_choice":"Copied","damage_taken":0,"max_hp_gain":0,"max_hp_loss":0,"event_name":"Duplicator","floor":29,"gold_loss":0,"cards_obtained":["After Image"]}],"is_beta":false,"boss_relics":[{"not_picked":["Empty Cage","Ring of the Serpent"],"picked":"Calling Bell"}],"items_purged_floors":[2],"is_endless":false,"potions_floor_spawned":[4,7,19,21],"killed_by":"Automaton","ascension_level":18}}