{"host":"sdjng9zhqonqi3uc","time":1611365855,"event":{"mods":["2.2 Compatiblity","AchievementEnabler","BaseMod","Better Note","Better Third Choice","BetterRewards","Card Forge","Colored Map","Colored Powertips","Downfall","Hero for Fun","Hubris","Minty Spire (QoL Compilation)","Quick Restart","Relic Stats","Shop Mod","Spicy Shops","StSLib","Td1madao Mod","The Animator","The Cursed","The Servant 0.9.4"],"gold_per_floor":[119,198,163,338,355,355,367,386,386,402,14,48,67,83,83,181,181,211,211,223,323,333,365,365,365,392,407,437,454,454,481,481,585,585,603,613,613,663,700,733,755,787,814,814,271,290,319,419,419,419,419,419,751,801,856,856,187,26,101,181,445,445,540,612,612,132,247,247,247],"floor_reached":70,"language":"ENG","playtime":1347,"items_purged":["Injury"],"score":2480,"play_id":"506ae1c2-0c49-4c86-8050-53b5f1683f57","local_time":"20210123023735","is_ascension_mode":true,"campfire_choices":[{"floor":15,"key":"RECALL"},{"data":"Serious_Punch","floor":25,"key":"SMITH"},{"data":"animator:GoblinSlayer","floor":32,"key":"SMITH"},{"data":"animator:Millim+4","floor":44,"key":"SMITH"},{"data":"animator:Megumin+8","floor":49,"key":"SMITH"},{"data":"animator:Megumin+9","floor":52,"key":"SMITH"},{"data":"animator:Megumin+11","floor":62,"key":"SMITH"},{"data":"animator:Megumin+22","floor":68,"key":"SMITH"}],"circlet_count":0,"master_deck":["RitualDagger+1","animator:Excalibur+1","animator:Rimuru","Serious_Punch+1","Serious_Punch+1","animator:GoblinSlayer+1","animator:Millim+17","animator:Megumin+23"],"relics":["animator:TheWolleyCore","animator:LivingPicture","animator:TheMissingPiece","animator:AncientMedallion"],"acts_visited":["Exordium","TheCity","TheBeyond","TheEnding","EYB:TheUnnamedReign"],"potions_floor_usage":[],"damage_taken":[{"damage":0,"enemies":"Jaw Worm","floor":1,"turns":1},{"damage":0,"enemies":"2 Louse","floor":5,"turns":1},{"damage":0,"enemies":"Small Slimes","floor":7,"turns":1},{"damage":0,"enemies":"Red Slaver","floor":8,"turns":1},{"damage":0,"enemies":"Blue Slaver","floor":10,"turns":1},{"damage":0,"enemies":"Lagavulin","floor":12,"turns":1},{"damage":0,"enemies":"Gremlin Gang","floor":13,"turns":1},{"damage":0,"enemies":"Exordium Thugs","floor":14,"turns":1},{"damage":0,"enemies":"Slime Boss","floor":16,"turns":1},{"damage":0,"enemies":"Shell Parasite","floor":18,"turns":1},{"damage":0,"enemies":"2 Thieves","floor":20,"turns":1},{"damage":0,"enemies":"3 Cultists","floor":22,"turns":1},{"damage":0,"enemies":"Slavers","floor":23,"turns":1},{"damage":0,"enemies":"Centurion and Healer","floor":27,"turns":1},{"damage":0,"enemies":"Shelled Parasite and Fungi","floor":28,"turns":1},{"damage":0,"enemies":"Snake Plant","floor":29,"turns":1},{"damage":0,"enemies":"Centurion and Healer","floor":31,"turns":1},{"damage":0,"enemies":"Automaton","floor":33,"turns":1},{"damage":0,"enemies":"Orb Walker","floor":35,"turns":1},{"damage":0,"enemies":"3 Darklings","floor":36,"turns":1},{"damage":0,"enemies":"Mind Bloom Boss Battle","floor":38,"turns":1},{"damage":0,"enemies":"4 Shapes","floor":39,"turns":1},{"damage":0,"enemies":"Giant Head","floor":40,"turns":1},{"damage":0,"enemies":"Writhing Mass","floor":41,"turns":1},{"damage":0,"enemies":"Reptomancer","floor":42,"turns":1},{"damage":0,"enemies":"Maw","floor":46,"turns":1},{"damage":0,"enemies":"Nemesis","floor":47,"turns":1},{"damage":0,"enemies":"Donu and Deca","floor":50,"turns":1},{"damage":0,"enemies":"animator:TRIPLE_SHAPES_WEAK","floor":54,"turns":1},{"damage":0,"enemies":"animator:UNNAMED_CULTIST_1","floor":55,"turns":1},{"damage":0,"enemies":"animator:TRIPLE_LAGAVULIN","floor":59,"turns":1},{"damage":0,"enemies":"animator:LARGE_CRYSTAL","floor":60,"turns":1},{"damage":0,"enemies":"animator:ULTIMATE_CUBE","floor":63,"turns":1},{"damage":0,"enemies":"animator:ULTIMATE_CRYSTAL","floor":67,"turns":1}],"seed_played":"8364945428200772843","potions_obtained":[{"floor":1,"key":"Explosive Potion"},{"floor":5,"key":"SpeedPotion"},{"floor":16,"key":"SmokeBomb"},{"floor":54,"key":"animator:FalseLifePotion"},{"floor":55,"key":"animator:FalseLifePotion"},{"floor":59,"key":"animator:FalseLifePotion"}],"is_trial":false,"path_per_floor":["M","?","?","?","M","?","M","M","T","M","$","E","M","M","R","B",null,"M","?","M","?","M","E","?","R","T","M","M","M","T","M","R","B",null,"M","M","?","?","M","E","M","E","T","R","$","M","E","?","R","B",null,"R","??","M","M","T","?","$","M","M","?","R","E","T","?","$","E","R","B",null],"character_chosen":"THE_ANIMATOR","items_purchased":["Juzu Bracelet","Pear","PreservedInsect","DataDisk","MerchantsRug","Bag of Preparation","Mummified Hand","Membership Card","CaptainsWheel","Pantograph","TwistedFunnel","Art of War","Blue Candle","animator:AncientMedallion","animator:Megumin","animator:AncientMedallion","animator:AncientMedallion"],"campfire_rested":0,"item_purchase_floors":[0,0,0,0,0,11,11,45,45,45,45,45,45,58,58,66,66],"current_hp_per_floor":[38,38,57,57,57,57,57,57,57,57,57,57,57,57,57,57,71,71,71,71,71,71,72,72,72,72,72,72,72,72,72,72,73,77,77,77,77,78,78,78,78,80,80,80,81,82,82,87,87,87,87,87,86,86,86,86,86,86,86,86,86,86,86,86,86,86,86,86,73],"gold":247,"neow_bonus":"","is_daily":false,"chose_seed":false,"campfire_upgraded":7,"win_rate":0.0,"timestamp":1611365855,"path_taken":["M","?","?","?","M","?","M","M","T","M","?","E","M","M","R","BOSS","M","?","M","?","M","E","?","R","T","M","M","M","?","M","R","BOSS","M","M","?","?","M","E","M","E","T","R","$","M","E","?","R","BOSS","R","??","M","M","T","?","$","M","M","?","R","E","T","?","$","E","R","BOSS"],"items_purchased_type":["Relic","Relic","Relic","Relic","Relic","Relic","Relic","Relic","Relic","Relic","Relic","Relic","Relic","Relic","Card","Relic","Relic"],"build_version":"2020-12-22","purchased_purges":1,"victory":true,"max_hp_per_floor":[76,76,76,76,76,76,76,76,76,76,76,76,76,76,76,76,76,76,76,76,76,76,77,77,77,77,77,77,77,77,77,77,78,78,78,78,78,79,79,79,79,81,81,81,81,82,82,87,87,87,87,87,86,86,86,86,86,86,86,86,86,86,86,86,86,86,86,86,86],"relic_stats":{"counters":[65,225],"obtain_stats":[{"TwistedFunnel":45,"Calipers":0,"hubris:CrystalStatue":48,"Gremlin Horn":6,"Vajra":7,"Hammer of Thor":53,"Whetstone":40,"hubris:MysteriousPyramids":24,"Blood Vial":6,"Sundial":9,"MealTicket":12,"hubris:DeckOfHolding":42,"downfall:ExtraCursedKey":38,"MerchantsRug":0,"Pear":0,"animator:TheWolleyCore":53,"Dead Branch":31,"Blue Candle":45,"hubris:SphereOfDissonance":22,"Eternal Feather":28,"Question Card":36,"Akabeko":48,"WarpedTongs":39,"SlaversCollar":17,"animator:HolyGrailRelic":34,"Anvil of the Gods":53,"Bronze Scales":43,"Mark of Pain":34,"hubris:TenFootPole":9,"bronze:MakeshiftBattery":17,"Singing Bowl":3,"animator:TheMissingPiece":0,"Juzu Bracelet":0,"Bag of Preparation":36,"hubris:Icosahedron":2,"animator:PurgingStone":0,"animator:AncientMedallion":53,"Mummified Hand":11,"Pantograph":45,"downfall:ExtraCursedBell":48,"Paper Frog":44,"PreservedInsect":0,"hubris:MedicalManual":38,"Omamori":40,"Seething Fire":53,"hubris:Towel":57,"Anchor":0,"DataDisk":42,"animator:TheEgnaroPiece":53,"CaptainsWheel":45,"Ornamental Fan":36,"animator:LivingPicture":0,"hubris:BundleOfHerbs":23,"Art of War":45,"Membership Card":36,"hubris:Potato":26,"hubris:BottledRain":31},{"TwistedFunnel":55,"Calipers":0,"hubris:CrystalStatue":57,"Gremlin Horn":3,"Vajra":3,"Hammer of Thor":58,"Whetstone":53,"hubris:MysteriousPyramids":12,"Blood Vial":3,"Sundial":4,"MealTicket":36,"hubris:DeckOfHolding":55,"downfall:ExtraCursedKey":19,"MerchantsRug":0,"Pear":30,"animator:TheWolleyCore":58,"Dead Branch":16,"Blue Candle":55,"hubris:SphereOfDissonance":11,"Eternal Feather":14,"Question Card":18,"Akabeko":57,"WarpedTongs":19,"SlaversCollar":39,"animator:HolyGrailRelic":17,"Anvil of the Gods":58,"Bronze Scales":55,"Mark of Pain":48,"hubris:TenFootPole":34,"bronze:MakeshiftBattery":8,"Singing Bowl":1,"animator:TheMissingPiece":0,"Juzu Bracelet":0,"Bag of Preparation":18,"hubris:Icosahedron":1,"animator:PurgingStone":0,"animator:AncientMedallion":23,"Mummified Hand":35,"Pantograph":55,"downfall:ExtraCursedBell":57,"Paper Frog":21,"PreservedInsect":30,"hubris:MedicalManual":51,"Omamori":20,"Seething Fire":58,"hubris:Towel":25,"Anchor":0,"DataDisk":20,"animator:TheEgnaroPiece":23,"CaptainsWheel":55,"Ornamental Fan":18,"animator:LivingPicture":0,"hubris:BundleOfHerbs":43,"Art of War":55,"Membership Card":18,"hubris:Potato":13,"hubris:BottledRain":16},{"TwistedFunnel":209,"Calipers":0,"hubris:CrystalStatue":211,"Gremlin Horn":12,"Vajra":12,"Hammer of Thor":212,"Whetstone":207,"hubris:MysteriousPyramids":60,"Blood Vial":12,"Sundial":15,"MealTicket":190,"hubris:DeckOfHolding":209,"downfall:ExtraCursedKey":93,"MerchantsRug":0,"Pear":184,"animator:TheWolleyCore":212,"Dead Branch":78,"Blue Candle":209,"hubris:SphereOfDissonance":52,"Eternal Feather":70,"Question Card":89,"Akabeko":211,"WarpedTongs":93,"SlaversCollar":193,"animator:HolyGrailRelic":86,"Anvil of the Gods":212,"Bronze Scales":209,"Mark of Pain":202,"hubris:TenFootPole":188,"bronze:MakeshiftBattery":38,"Singing Bowl":4,"animator:TheMissingPiece":0,"Juzu Bracelet":0,"Bag of Preparation":89,"hubris:Icosahedron":4,"animator:PurgingStone":0,"animator:AncientMedallion":117,"Mummified Hand":189,"Pantograph":209,"downfall:ExtraCursedBell":211,"Paper Frog":104,"PreservedInsect":184,"hubris:MedicalManual":205,"Omamori":98,"Seething Fire":212,"hubris:Towel":139,"Anchor":0,"DataDisk":98,"animator:TheEgnaroPiece":117,"CaptainsWheel":209,"Ornamental Fan":89,"animator:LivingPicture":0,"hubris:BundleOfHerbs":197,"Art of War":209,"Membership Card":89,"hubris:Potato":65,"hubris:BottledRain":78}]},"card_choices":[{"not_picked":["animator:PandorasActor","animator:Witch","animator:HiiragiShinya"],"picked":"SKIP","floor":1},{"not_picked":["animator:RoryMercury","animator:Millim","animator:MetalKnight"],"picked":"SKIP","floor":5},{"not_picked":["animator:Priestess","animator:Chris","animator:Benimaru"],"picked":"SKIP","floor":7},{"not_picked":["animator:Illya","animator:HigakiRinne","animator:Assassin"],"picked":"SKIP","floor":10},{"not_picked":["animator:GuildGirl","animator:Emonzaemon","animator:Tet"],"picked":"SKIP","floor":12},{"not_picked":["animator:Darkness","animator:Alexander","animator:Shichika"],"picked":"SKIP","floor":13},{"not_picked":["animator:Gilgamesh","animator:Shiro"],"picked":"animator:GoblinSlayer","floor":16},{"not_picked":["animator:HiiragiShinya","animator:Tyuule"],"picked":"animator:Mitsurugi+1","floor":18},{"not_picked":["animator:LizardPriest","animator:IzunaHatsuse","animator:Vanir"],"picked":"SKIP","floor":20},{"not_picked":["animator:Priestess","animator:Yuuichirou+1","animator:Berserker"],"picked":"SKIP","floor":22},{"not_picked":["animator:Vanir","animator:Aqua"],"picked":"animator:Megumin","floor":23},{"not_picked":["animator:GuildGirl","animator:SilverFang","animator:Assassin+1"],"picked":"SKIP","floor":27},{"not_picked":["animator:Berserker","animator:Entoma+1"],"picked":"animator:Emonzaemon","floor":28},{"not_picked":["animator:Rider","animator:LizardPriest","animator:FielNirvalen"],"picked":"SKIP","floor":29},{"not_picked":["animator:Mitsurugi","animator:Darkness"],"picked":"animator:Chris","floor":31},{"not_picked":["animator:Biyorigo","animator:Shizu"],"picked":"animator:Eris","floor":33},{"not_picked":["animator:Rider","animator:IzunaHatsuse","animator:Yoichi"],"picked":"SKIP","floor":35},{"not_picked":["animator:Bozes+1","animator:UneriGinkaku"],"picked":"animator:Millim+1","floor":36},{"not_picked":["animator:Azekura","animator:Shigure"],"picked":"animator:TsurugaMeisai","floor":38},{"not_picked":["animator:EmiyaShirou","animator:Mikaela+1"],"picked":"animator:Chris+1","floor":39},{"not_picked":["animator:LizardPriest","animator:DolaRiku+1"],"picked":"animator:Azekura+1","floor":41},{"not_picked":["animator:Yuuichirou+1","animator:DolaSchwi"],"picked":"animator:Megumin+1","floor":42},{"not_picked":["animator:CowGirl","animator:Benimaru"],"picked":"animator:ZankiKiguchi+1","floor":46},{"not_picked":["animator:Spearman","animator:NarberalGamma","animator:UneriGinkaku"],"picked":"SKIP","floor":54},{"not_picked":["animator:Berserker","animator:LizardPriest","animator:RinTohsaka"],"picked":"SKIP","floor":55},{"not_picked":["animator:Cocytus","animator:FielNirvalen","animator:Verdia"],"picked":"SKIP","floor":59},{"not_picked":["animator:Mitsurugi+1","animator:Berserker+1","animator:Rider"],"picked":"SKIP","floor":63},{"not_picked":["animator:DwarfShaman","animator:Aqua","animator:Azekura"],"picked":"SKIP","floor":67}],"player_experience":376167,"relics_obtained":[{"floor":9,"key":"hubris:TenFootPole"},{"floor":12,"key":"MealTicket"},{"floor":23,"key":"hubris:BundleOfHerbs"},{"floor":30,"key":"Paper Frog"},{"floor":38,"key":"hubris:MedicalManual"},{"floor":40,"key":"Whetstone"},{"floor":42,"key":"hubris:DeckOfHolding"},{"floor":43,"key":"Bronze Scales"},{"floor":47,"key":"hubris:SphereOfDissonance"},{"floor":48,"key":"Akabeko"},{"floor":48,"key":"hubris:CrystalStatue"},{"floor":48,"key":"hubris:Potato"},{"floor":53,"key":"animator:TheWolleyCore"},{"floor":56,"key":"animator:AncientMedallion"},{"floor":57,"key":"animator:AncientMedallion"},{"floor":57,"key":"animator:AncientMedallion"},{"floor":57,"key":"animator:AncientMedallion"},{"floor":63,"key":"animator:AncientMedallion"},{"floor":64,"key":"animator:AncientMedallion"},{"floor":67,"key":"animator:AncientMedallion"}],"event_choices":[{"damage_healed":0,"gold_gain":79,"player_choice":"Gained Gold","damage_taken":0,"max_hp_gain":0,"max_hp_loss":0,"event_name":"Golden Wing","floor":2,"gold_loss":0},{"damage_healed":19,"gold_gain":0,"player_choice":"Healed","damage_taken":0,"max_hp_gain":0,"max_hp_loss":0,"event_name":"The Cleric","floor":3,"gold_loss":35},{"damage_healed":0,"gold_gain":175,"player_choice":"AGREE","damage_taken":163,"max_hp_gain":0,"max_hp_loss":0,"event_name":"betterThird:BetterSerpent","floor":4,"gold_loss":0},{"damage_healed":0,"gold_gain":0,"cards_transformed":["Doubt"],"player_choice":"Change","damage_taken":0,"max_hp_gain":0,"max_hp_loss":0,"event_name":"Living Wall","floor":6,"gold_loss":0,"cards_obtained":["Clumsy"]},{"damage_healed":0,"gold_gain":100,"player_choice":"Pray","damage_taken":0,"max_hp_gain":0,"max_hp_loss":0,"event_name":"Golden Shrine","floor":21,"gold_loss":0},{"damage_healed":0,"gold_gain":0,"player_choice":"Ignored","damage_taken":0,"max_hp_gain":0,"max_hp_loss":0,"event_name":"Vampires","floor":24,"gold_loss":0},{"damage_healed":0,"gold_gain":0,"cards_transformed":["animator:Eris"],"player_choice":"Transformed","damage_taken":0,"max_hp_gain":0,"max_hp_loss":0,"event_name":"Transmorgrifier","floor":37,"gold_loss":0,"cards_obtained":["animator:Guren"]},{"damage_healed":0,"gold_gain":0,"player_choice":"Fight","damage_taken":0,"max_hp_gain":0,"max_hp_loss":0,"event_name":"MindBloom","floor":38,"gold_loss":0}],"is_beta":false,"boss_relics":[{"not_picked":["hubris:BlackHole","hubris:RunicObelisk"],"picked":"SlaversCollar"},{"not_picked":["Runic Dome","Empty Cage"],"picked":"Mark of Pain"}],"items_purged_floors":[45],"is_endless":false,"potions_floor_spawned":[1,5,16,22,28,31,33,39,41,42,46,47,54,60],"ascension_level":7}}