{"host":"5p9hybygolzp0efr","time":1611405555,"event":{"mods":["AchievementEnabler","BaseMod","Bestiary","Colored Map","Minty Spire (QoL Compilation)","Permanent Neow","Relic Stats"],"gold_per_floor":[117,129,139,151,161,161,187,187],"floor_reached":7,"language":"ENG","playtime":259,"items_purged":[],"score":58,"play_id":"973b9b25-6a8a-4c6d-a03e-ef18bc8f1897","local_time":"20210123203915","is_ascension_mode":true,"campfire_choices":[{"data":"Bash","floor":6,"key":"SMITH"}],"circlet_count":0,"master_deck":["Strike_R","Strike_R","Strike_R","Strike_R","Strike_R","Defend_R","Defend_R","Defend_R","Defend_R","Bash+1","Pommel Strike","Clothesline"],"relics":["Runic Pyramid","Pen Nib"],"acts_visited":["Exordium"],"potions_floor_usage":[],"damage_taken":[{"damage":10,"enemies":"Cultist","floor":1,"turns":4},{"damage":0,"enemies":"Small Slimes","floor":2,"turns":3},{"damage":4,"enemies":"2 Louse","floor":3,"turns":3},{"damage":18,"enemies":"Exordium Wildlife","floor":4,"turns":4},{"damage":7,"enemies":"Looter","floor":5,"turns":5},{"damage":30,"enemies":"Lagavulin","floor":7,"turns":6}],"seed_played":"-217077120106004485","potions_obtained":[{"floor":2,"key":"DuplicationPotion"},{"floor":4,"key":"ColorlessPotion"},{"floor":7,"key":"SteroidPotion"}],"is_trial":false,"path_per_floor":["M","M","M","M","M","R","E"],"character_chosen":"IRONCLAD","items_purchased":[],"campfire_rested":0,"item_purchase_floors":[],"current_hp_per_floor":[70,70,66,48,41,41,11,11],"gold":187,"neow_bonus":"BOSS_RELIC","is_daily":false,"chose_seed":false,"campfire_upgraded":1,"win_rate":0.0,"timestamp":1611405555,"path_taken":["M","M","M","M","M","R","E"],"items_purchased_type":[],"build_version":"2020-12-22","purchased_purges":0,"victory":false,"max_hp_per_floor":[80,80,80,80,80,80,80,80],"relic_stats":{"counters":[6,25],"Pen Nib":[0],"obtain_stats":[{"Pen Nib":7,"Burning Blood":0,"Runic Pyramid":0},{"Pen Nib":6,"Burning Blood":0,"Runic Pyramid":0},{"Pen Nib":25,"Burning Blood":0,"Runic Pyramid":0}]},"card_choices":[{"not_picked":["Twin Strike","Warcry","Dual Wield"],"picked":"SKIP","floor":1},{"not_picked":["Warcry","True Grit"],"picked":"Pommel Strike","floor":2},{"not_picked":["Warcry","Pommel Strike","Power Through"],"picked":"SKIP","floor":3},{"not_picked":["Offering","Wild Strike","Havoc"],"picked":"SKIP","floor":4},{"not_picked":["Feel No Pain","Anger"],"picked":"Clothesline","floor":5}],"player_experience":520787,"relics_obtained":[{"floor":7,"key":"Pen Nib"}],"event_choices":[],"is_beta":false,"boss_relics":[],"items_purged_floors":[],"is_endless":false,"potions_floor_spawned":[2,4,7],"killed_by":"Lagavulin","ascension_level":1}}