{"host":"sw6p9u0oh417cx03","time":1611411978,"event":{"mods":["AchievementEnabler","Act Like it!","BaseMod","CapriCore","DeckTracker","Highlight Path","Minty Spire (QoL Compilation)","Quick Restart","StSLib"],"gold_per_floor":[109,109,109,34,34,34,69,69,94,19,48,67,67,87,87,162,162,182,198,211,246,246,280,280,299,322,183,183,194,294,294,294,367,367,381,381,393,393,214,214,436,456,528,528,562,575,346,167,167,167,167,167,167,199,199],"floor_reached":56,"language":"ZHS","playtime":2704,"items_purged":["Strike_R","Strike_R","Wild Strike","Flame Barrier+1"],"score":2128,"play_id":"21e71a9c-cba6-4ddd-b5d2-461b3bc3b4a3","local_time":"20210123222618","is_ascension_mode":true,"campfire_choices":[{"data":"Body Slam","floor":8.0,"key":"SMITH"},{"data":"Flame Barrier","floor":13.0,"key":"SMITH"},{"data":"Armaments","floor":15.0,"key":"SMITH"},{"floor":24.0,"key":"RECALL"},{"floor":28.0,"key":"REST"},{"floor":32.0,"key":"REST"},{"floor":40.0,"key":"REST"},{"floor":44.0,"key":"REST"},{"floor":49.0,"key":"REST"},{"floor":52.0,"key":"REST"}],"circlet_count":0,"master_deck":["AscendersBane","Bash","Body Slam+1","Armaments+1","Barricade","Shrug It Off","Shockwave","Second Wind+1","Impervious","Discovery","Entrench+1","Pommel Strike+1","Power Through","Master of Strategy"],"relics":["Burning Blood","NeowsBlessing","Bag of Preparation","Bronze Scales","Centennial Puzzle","Strawberry","Fusion Hammer","Red Mask","Bird Faced Urn","Magic Flower","Meat on the Bone","Enchiridion","Pandora\u0027s Box","StrikeDummy","Kunai","War Paint"],"acts_visited":["Exordium","TheCity","TheBeyond","TheEnding"],"potions_floor_usage":[55,55],"damage_taken":[{"damage":0.0,"enemies":"Small Slimes","floor":1.0,"turns":1.0},{"damage":0.0,"enemies":"Gremlin Nob","floor":7.0,"turns":1.0},{"damage":0.0,"enemies":"3 Sentries","floor":11.0,"turns":2.0},{"damage":9.0,"enemies":"2 Louse","floor":12.0,"turns":2.0},{"damage":0.0,"enemies":"Jaw Worm","floor":14.0,"turns":2.0},{"damage":36.0,"enemies":"The Guardian","floor":16.0,"turns":12.0},{"damage":0.0,"enemies":"Chosen","floor":18.0,"turns":4.0},{"damage":13.0,"enemies":"3 Byrds","floor":19.0,"turns":3.0},{"damage":13.0,"enemies":"Snecko","floor":20.0,"turns":6.0},{"damage":1.0,"enemies":"Masked Bandits","floor":21.0,"turns":4.0},{"damage":20.0,"enemies":"Book of Stabbing","floor":23.0,"turns":7.0},{"damage":19.0,"enemies":"3 Cultists","floor":25.0,"turns":5.0},{"damage":3.0,"enemies":"Cultist and Chosen","floor":29.0,"turns":7.0},{"damage":14.0,"enemies":"Colosseum Slavers","floor":30.0,"turns":5.0},{"damage":23.0,"enemies":"Colosseum Nobs","floor":30.0,"turns":5.0},{"damage":52.0,"enemies":"Collector","floor":33.0,"turns":15.0},{"damage":4.0,"enemies":"3 Shapes","floor":35.0,"turns":5.0},{"damage":3.0,"enemies":"3 Darklings","floor":37.0,"turns":5.0},{"damage":3.0,"enemies":"Maw","floor":42.0,"turns":5.0},{"damage":0.0,"enemies":"Giant Head","floor":45.0,"turns":7.0},{"damage":0.0,"enemies":"Sphere and 2 Shapes","floor":46.0,"turns":2.0},{"damage":13.0,"enemies":"Time Eater","floor":50.0,"turns":5.0},{"damage":34.0,"enemies":"Shield and Spear","floor":54.0,"turns":7.0},{"damage":51,"enemies":"The Heart","floor":55,"turns":8}],"seed_played":"8504280228271986558","potions_obtained":[{"floor":7.0,"key":"PowerPotion"},{"floor":11.0,"key":"BlessingOfTheForge"},{"floor":20.0,"key":"SkillPotion"},{"floor":29.0,"key":"ElixirPotion"},{"floor":30.0,"key":"DuplicationPotion"},{"floor":37.0,"key":"ElixirPotion"}],"is_trial":false,"path_per_floor":["M","?","$","?","$","?","E","R","T","$","E","M","R","M","R","B",null,"M","M","M","?","?","E","R","M","T","$","R","M","?","?","R","B",null,"M","?","M","?","$","R","?","M","T","R","E","M","$","$","R","B",null,"R","$","E","B",null],"character_chosen":"IRONCLAD","items_purchased":["Shockwave","SpeedPotion","Power Through","Master of Strategy"],"campfire_rested":6,"item_purchase_floors":[27,39,47,48],"current_hp_per_floor":[74,74,74,74,74,56,62,62,62,62,75,72,72,78,78,48,74,80,73,66,71,71,57,57,46,46,46,70,75,54,33,57,38,71,82,82,82,78,78,78,78,78,78,78,78,78,78,78,78,77,78,78,78,53,35],"gold":199,"neow_bonus":"THREE_ENEMY_KILL","is_daily":false,"chose_seed":false,"campfire_upgraded":3,"win_rate":0.0,"timestamp":1611411978,"path_taken":["M","?","$","?","$","?","E","R","T","?","E","M","R","M","R","BOSS","M","M","M","?","?","E","R","M","T","?","R","?","?","?","R","BOSS","M","?","M","?","$","R","?","M","T","R","E","M","?","$","R","BOSS","R","$","E","BOSS"],"items_purchased_type":["Card","Potion","Card","Card"],"build_version":"2020-12-22","purchased_purges":4,"victory":true,"max_hp_per_floor":[75,75,75,75,75,75,75,75,75,75,82,82,82,82,82,82,82,82,82,82,82,82,82,82,82,82,82,82,82,82,82,82,82,82,82,82,82,78,78,78,78,78,78,78,78,78,78,78,78,78,78,78,78,78,78],"card_choices":[{"not_picked":["True Grit","Heavy Blade"],"picked":"Body Slam","floor":1.0},{"not_picked":["Cleave","Twin Strike"],"picked":"Flame Barrier","floor":7.0},{"not_picked":["Rupture","Headbutt"],"picked":"Wild Strike","floor":11.0},{"not_picked":["Cleave","Ghostly Armor","Reaper"],"picked":"SKIP","floor":12.0},{"not_picked":["Twin Strike","Sword Boomerang"],"picked":"Armaments","floor":14.0},{"not_picked":["Brutality","Fiend Fire"],"picked":"Barricade","floor":16.0},{"not_picked":["Shockwave","Carnage"],"picked":"Shrug It Off","floor":18.0},{"not_picked":["Cleave","Pummel","Searing Blow+1"],"picked":"SKIP","floor":19.0},{"not_picked":["Perfected Strike+1","Whirlwind","Thunderclap"],"picked":"SKIP","floor":20.0},{"not_picked":["Headbutt","Hemokinesis","Body Slam"],"picked":"SKIP","floor":23.0},{"not_picked":["Clothesline","Armaments","Rage+1"],"picked":"SKIP","floor":25.0},{"not_picked":["Infernal Blade","Uppercut","Sword Boomerang"],"picked":"SKIP","floor":29.0},{"not_picked":["Hemokinesis","Rupture"],"picked":"Second Wind","floor":30.0},{"not_picked":["Fiend Fire","Reaper"],"picked":"Impervious","floor":33.0},{"not_picked":["Shockwave","Rage","Fire Breathing"],"picked":"SKIP","floor":35.0},{"not_picked":["Panacea","Finesse"],"picked":"Discovery","floor":36.0},{"not_picked":["Warcry","Armaments","Perfected Strike+1"],"picked":"SKIP","floor":37.0},{"not_picked":["Headbutt","Thunderclap","Second Wind"],"picked":"SKIP","floor":42.0},{"not_picked":["Intimidate","Cleave"],"picked":"Entrench","floor":45.0},{"not_picked":["Warcry","Ghostly Armor"],"picked":"Pommel Strike+1","floor":46.0},{"not_picked":["Heavy Blade","Sword Boomerang","True Grit"],"picked":"SKIP","floor":54.0}],"player_experience":329268,"relics_obtained":[{"floor":7.0,"key":"Bronze Scales"},{"floor":9.0,"key":"Centennial Puzzle"},{"floor":11.0,"key":"Strawberry"},{"floor":21.0,"key":"Red Mask"},{"floor":23.0,"key":"Bird Faced Urn"},{"floor":30.0,"key":"Magic Flower"},{"floor":30.0,"key":"Meat on the Bone"},{"floor":31.0,"key":"Enchiridion"},{"floor":43.0,"key":"StrikeDummy"},{"floor":45.0,"key":"Kunai"},{"floor":54.0,"key":"War Paint"}],"event_choices":[{"cards_removed":["Strike_R"],"damage_healed":0.0,"max_hp_gain":0.0,"max_hp_loss":0.0,"gold_gain":0.0,"event_name":"Living Wall","player_choice":"Forget","floor":2.0,"gold_loss":0.0,"damage_taken":0.0},{"cards_removed":["Strike_R"],"damage_healed":0.0,"max_hp_gain":0.0,"max_hp_loss":0.0,"gold_gain":0.0,"event_name":"The Cleric","player_choice":"Card Removal","floor":4.0,"gold_loss":75.0,"damage_taken":0.0},{"damage_healed":0.0,"max_hp_gain":0.0,"max_hp_loss":0.0,"gold_gain":0.0,"event_name":"Scrap Ooze","player_choice":"Success","floor":6.0,"gold_loss":0.0,"damage_taken":18.0,"relics_obtained":["Bag of Preparation"]},{"damage_healed":0.0,"max_hp_gain":0.0,"max_hp_loss":0.0,"gold_gain":0.0,"event_name":"Masked Bandits","player_choice":"Fought Bandits","floor":21.0,"gold_loss":0.0,"damage_taken":0.0},{"damage_healed":0.0,"max_hp_gain":0.0,"max_hp_loss":0.0,"gold_gain":0.0,"event_name":"Vampires","player_choice":"Ignored","floor":22.0,"gold_loss":0.0,"damage_taken":0.0},{"damage_healed":0.0,"max_hp_gain":0.0,"max_hp_loss":0.0,"gold_gain":0.0,"event_name":"Colosseum","player_choice":"Fight","floor":30.0,"gold_loss":0.0,"damage_taken":0.0},{"damage_healed":0.0,"max_hp_gain":0.0,"max_hp_loss":0.0,"gold_gain":0.0,"event_name":"Colosseum","player_choice":"Fought Nobs","floor":30.0,"gold_loss":0.0,"damage_taken":0.0},{"damage_healed":0.0,"max_hp_gain":0.0,"max_hp_loss":0.0,"gold_gain":0.0,"event_name":"Cursed Tome","player_choice":"Obtained Book","floor":31.0,"gold_loss":0.0,"damage_taken":21.0},{"damage_healed":0.0,"max_hp_gain":0.0,"max_hp_loss":0.0,"gold_gain":0.0,"event_name":"SensoryStone","player_choice":"Memory 1","floor":36.0,"gold_loss":0.0,"damage_taken":0.0},{"damage_healed":0.0,"max_hp_gain":0.0,"max_hp_loss":4.0,"gold_gain":0.0,"event_name":"Winding Halls","player_choice":"Max HP","floor":38.0,"gold_loss":0.0,"damage_taken":0.0},{"damage_healed":0.0,"max_hp_gain":0.0,"max_hp_loss":0.0,"gold_gain":222.0,"event_name":"Tomb of Lord Red Mask","player_choice":"Wore Mask","floor":41.0,"gold_loss":0.0,"damage_taken":0.0}],"is_beta":false,"boss_relics":[{"not_picked":["Runic Cube","Tiny House"],"picked":"Fusion Hammer"},{"not_picked":["Cursed Key","Philosopher\u0027s Stone"],"picked":"Pandora\u0027s Box"}],"items_purged_floors":[10,27,39,47],"is_endless":false,"potions_floor_spawned":[7,11,12,20,29,30,30,37,45],"ascension_level":16}}