{"host":"takgv9cv6xf64vhq","time":1611403273,"event":{"mods":["BaseMod","Colored Powertips","Downfall","Marisa£®ÏF”Í°°ƒß¿Ì…≥£©","Minty Spire (QoL Compilation)","Replay The Spire","StSLib","The Cursed"],"gold_per_floor":[113,113,113,125,135,135,60,60,83,94,94,106,124,143,143,247,247,265,265,284,284,180,209,209,209,236,236,248,4,4,4,4,24,101,206,206,218,218,268,59,104,104,104],"floor_reached":42,"language":"ZHS","playtime":1590,"items_purged":["Pain","downfall:Bewildered","downfall:Icky"],"score":429,"play_id":"b30659e1-4f94-482b-ac58-21a03e87d902","local_time":"20210123200113","is_ascension_mode":false,"campfire_choices":[{"data":"Zap","floor":6,"key":"SMITH"},{"data":"Dualcast","floor":11,"key":"SMITH"},{"data":"Machine Learning","floor":15,"key":"SMITH"},{"floor":30,"key":"REST"}],"circlet_count":0,"master_deck":["Defend_B+1","Defend_B","Defend_B+1","Zap+1","Dualcast+1","Cold Snap","Ball Lightning","ReplayTheSpireMod:System Scan","Iron Wave","Panic Button","Cold Snap","Defragment","Machine Learning+1","Multi-Cast","Panic Button","Defragment","Electrodynamics","Aggregate","ReplayTheSpireMod:Calculation Training","Storm","Static Discharge","Static Discharge","Aggregate+1","Coolheaded","ReplayTheSpireMod:Omega Cannon","Sweeping Beam+1","Bandage Up","BasicCrystalCard+1","Steam+1","Conserve Battery","Leap+1","Loop","Loop","Panic Button+1"],"relics":["Cracked Core","NeowsBlessing","WarpedTongs","Nunchaku","bronze:MakeshiftBattery","Dream Catcher","Ginger","sneckomod:BabySnecko","Happy Flower","Ornamental Fan","Simple Rune","Cursed Key","Blue Doll","TungstenRod"],"acts_visited":["Exordium","TheCity","TheBeyond"],"potions_floor_usage":[13,16,16,20,28,35,41],"damage_taken":[{"damage":0,"enemies":"2 Louse","floor":1,"turns":1},{"damage":2,"enemies":"Cultist","floor":4,"turns":1},{"damage":1,"enemies":"Small Slimes","floor":5,"turns":1},{"damage":0,"enemies":"2 Fungi Beasts","floor":10,"turns":2},{"damage":0,"enemies":"3 Louse","floor":12,"turns":2},{"damage":0,"enemies":"Exordium Thugs","floor":13,"turns":2},{"damage":0,"enemies":"Large Slime","floor":14,"turns":5},{"damage":24,"enemies":"Hexaghost","floor":16,"turns":8},{"damage":0,"enemies":"Spheric Guardian","floor":18,"turns":4},{"damage":18,"enemies":"2 Thieves","floor":20,"turns":4},{"damage":27,"enemies":"Slavers","floor":23,"turns":3},{"damage":12,"enemies":"Sentry and Sphere","floor":28,"turns":4},{"damage":13,"enemies":"3 Cultists","floor":33,"turns":3},{"damage":31,"enemies":"Pondfish","floor":35,"turns":5},{"damage":12,"enemies":"3 Darklings","floor":37,"turns":3},{"damage":31,"enemies":"2 Orb Walkers","floor":41,"turns":3},{"damage":71,"enemies":"Giant Head","floor":42,"turns":8}],"seed_played":"6021292935827548457","potions_obtained":[{"floor":1,"key":"Strength Potion"},{"floor":10,"key":"Swift Potion"},{"floor":12,"key":"Fire Potion"},{"floor":13,"key":"EssenceOfSteel"},{"floor":23,"key":"ColorlessPotion"},{"floor":28,"key":"FairyPotion"},{"floor":33,"key":"SteroidPotion"},{"floor":35,"key":"Fire Potion"},{"floor":39,"key":"Elixir"}],"is_trial":false,"path_per_floor":["M","?","?","M","M","R","$","?","T","M","R","M","M","M","R","B",null,"M","?","M","?","$","E","?","?","T","T","M","$","R","PTL","PTL","M","R","B",null,"M","?","?","$","?","E"],"character_chosen":"DEFECT","items_purchased":["ReplayTheSpireMod:Calculation Training","Storm","Simple Rune","Conserve Battery","Leap+1","Loop"],"campfire_rested":1,"item_purchase_floors":[22,22,29,40,40,40],"current_hp_per_floor":[75,68,68,66,65,65,65,65,65,65,65,65,65,65,65,41,75,75,75,57,57,57,30,30,30,30,30,18,18,40,40,40,27,27,19,75,63,63,63,63,36,0,0],"gold":104,"neow_bonus":"THREE_ENEMY_KILL","is_daily":false,"chose_seed":false,"campfire_upgraded":3,"win_rate":0.0,"timestamp":1611403273,"path_taken":["M","?","?","M","?","R","?","?","T","M","R","M","?","M","R","BOSS","M","?","M","?","$","E","?","?","T","?","?","?","R","PTL","PTL","M","R","BOSS","M","?","?","?","?","E"],"items_purchased_type":["Card","Card","Relic","Card","Card","Card"],"build_version":"2020-12-22","purchased_purges":3,"victory":false,"max_hp_per_floor":[75,75,75,75,75,75,75,75,75,75,75,75,75,75,75,75,75,75,75,75,75,75,75,75,75,75,75,75,75,75,75,75,75,75,75,75,75,75,75,75,75,75,75],"card_choices":[{"not_picked":["Blizzard","Skim"],"picked":"Cold Snap","floor":1},{"not_picked":["Panic Button","Genetic Algorithm"],"picked":"Ball Lightning","floor":4},{"not_picked":["Steam","Scrape"],"picked":"ReplayTheSpireMod:System Scan","floor":5},{"not_picked":["Ball Lightning","Leap"],"picked":"Panic Button","floor":10},{"not_picked":["Barrage","Hologram"],"picked":"Cold Snap","floor":12},{"not_picked":["Glacier","Streamline"],"picked":"Defragment","floor":13},{"not_picked":["Compile Driver","Storm"],"picked":"Machine Learning","floor":14},{"not_picked":["Reboot","Machine Learning"],"picked":"Multi-Cast","floor":16},{"not_picked":["Go for the Eyes+1","Streamline+1"],"picked":"Panic Button","floor":18},{"not_picked":["ReplayTheSpireMod:Repulse","Scrape+1"],"picked":"Defragment","floor":20},{"not_picked":["ReplayRNGCard","ReplayTheSpireMod:GoodbyeWorld+1"],"picked":"Static Discharge","floor":23},{"not_picked":["Steam","ReplayGash"],"picked":"Static Discharge","floor":28},{"not_picked":["Redo","ReplayTheSpireMod:GoodbyeWorld"],"picked":"Aggregate+1","floor":30},{"not_picked":["Skim","Go for the Eyes"],"picked":"Coolheaded","floor":33},{"not_picked":["Rainbow","Electrodynamics"],"picked":"ReplayTheSpireMod:Omega Cannon","floor":35},{"not_picked":["Lockon","Static Discharge"],"picked":"Sweeping Beam+1","floor":37},{"not_picked":["ReplayTheSpireMod:Trickstab","Survey Options"],"picked":"Bandage Up","floor":38},{"not_picked":["Gash","Coolheaded"],"picked":"BasicCrystalCard+1","floor":39},{"not_picked":["Reboot","ReplayTheSpireMod:Reroute Power"],"picked":"Steam+1","floor":39},{"not_picked":["Ball Lightning","Gash"],"picked":"Panic Button+1","floor":41}],"player_experience":19792,"relics_obtained":[{"floor":9,"key":"Nunchaku"},{"floor":23,"key":"Dream Catcher"},{"floor":26,"key":"Happy Flower"},{"floor":27,"key":"Ornamental Fan"},{"floor":39,"key":"Blue Doll"},{"floor":41,"key":"TungstenRod"}],"event_choices":[{"cards_removed":["Strike_B"],"damage_healed":0,"gold_gain":0,"player_choice":"Card Removal","damage_taken":7,"max_hp_gain":0,"max_hp_loss":0,"event_name":"Golden Wing","floor":2,"gold_loss":0},{"damage_healed":0,"gold_gain":0,"player_choice":"Rummage","damage_taken":0,"relics_obtained":["WarpedTongs"],"max_hp_gain":0,"max_hp_loss":0,"event_name":"Accursed Blacksmith","floor":3,"gold_loss":0,"cards_obtained":["Pain"]},{"cards_removed":["Strike_B"],"damage_healed":0,"gold_gain":0,"player_choice":"Took Card","damage_taken":0,"max_hp_gain":0,"max_hp_loss":0,"event_name":"NoteForYourself","floor":8,"gold_loss":0,"cards_obtained":["Iron Wave"]},{"cards_removed":["Defend_B"],"damage_healed":0,"gold_gain":0,"player_choice":"Elegance","damage_taken":0,"max_hp_gain":0,"max_hp_loss":0,"event_name":"Back to Basics","floor":19,"gold_loss":0},{"damage_healed":0,"gold_gain":0,"cards_transformed":["Strike_B","Strike_B"],"player_choice":"Became Test Subject","damage_taken":0,"max_hp_gain":0,"max_hp_loss":0,"event_name":"Drug Dealer","floor":21,"gold_loss":0,"cards_obtained":["Electrodynamics","Aggregate"]},{"damage_healed":0,"gold_gain":0,"player_choice":"Opened","damage_taken":0,"relics_obtained":["Ginger"],"max_hp_gain":0,"max_hp_loss":0,"event_name":"The Mausoleum","floor":24,"gold_loss":0},{"damage_healed":0,"gold_gain":0,"player_choice":"Memory 1","damage_taken":0,"max_hp_gain":0,"max_hp_loss":0,"event_name":"SensoryStone","floor":38,"gold_loss":0},{"damage_healed":0,"gold_gain":0,"player_choice":"Fight","damage_taken":0,"max_hp_gain":0,"max_hp_loss":0,"event_name":"Mysterious Sphere","floor":41,"gold_loss":0}],"is_beta":false,"boss_relics":[{"not_picked":["Velvet Choker","Ring of Chaos"],"picked":"bronze:MakeshiftBattery"},{"not_picked":["Replay:Wanted Poster","Snecko Eye"],"picked":"Cursed Key"}],"items_purged_floors":[7,29,40],"is_endless":false,"potions_floor_spawned":[1,10,12,13,23,28,33,35],"killed_by":"Giant Head","ascension_level":0}}