{"host":"w8xisjf5mgmfjvmt","time":1611378336,"event":{"mods":["BaseMod","BetterRewards","Challenge The Spire","Conspire","Dota2Spire","Energized Spire","Filter the Spire","Minty Spire (QoL Compilation)","Quarter Circle Forward PUNCH!","Quick Restart","Relic Stats","Replay The Spire","Shop Mod","Spicy Shops","StSLib","Starting Relic: Pandora\u0027s Box","¡¾ÒÅÎï¿¨ÅÆ¡¿REMEMod","óô»ðÖ¸ÄÏ"],"gold_per_floor":[113,157,169,183,183,208,208,242,242,167,187,287,320,340,340,415,415,430,143,187,202,117,117,151,169,169,44,44,56,56,82,82,157,157,170,180,180,55,75,75,106,121,190,219,230,230,241,273,273,273,273],"floor_reached":50,"language":"ZHS","playtime":1973,"items_purged":["Bash","Pain","Wild Strike"],"score":1234,"play_id":"f7ff7316-6684-44f6-b838-b53734ceff57","local_time":"20210123130536","is_ascension_mode":true,"campfire_choices":[{"data":"Armaments","floor":7.0,"key":"SMITH"},{"data":"Uppercut","floor":15.0,"key":"SMITH"},{"data":"Uppercut+1","floor":15.0,"key":"SMITH"},{"data":"Armaments","floor":23.0,"key":"SMITH"},{"data":"Inflame","floor":23.0,"key":"SMITH"},{"data":"Inflame","floor":30.0,"key":"SMITH"},{"data":"Inflame+1","floor":30.0,"key":"SMITH"},{"data":"Inflame+2","floor":32.0,"key":"SMITH"},{"data":"Inflame+3","floor":32.0,"key":"SMITH"},{"data":"Limit Break","floor":40.0,"key":"SMITH"},{"data":"Sword Boomerang","floor":40.0,"key":"SMITH"},{"floor":49,"key":"RECALL"}],"circlet_count":0,"master_deck":["AscendersBane","conspire:ExplosiveBarrier+1","Twin Strike","Warcry","Havoc","Infernal Blade","Havoc","Uppercut+2","Armaments+1","Sword Boomerang+1","Spot Weakness","Second Wind","Burning Pact+1","ReplayTheSpireMod:Stacked","Rampage","Flame Barrier","Fiend Fire+1","Disarm","Armaments+1","Inflame+1","Dazed","Sentinel","Inflame+4","Limit Break+1","Decay"],"relics":["Pandora\u0027s Box","REME_ComplimentaryCards","conspire:InfiniteJournal","Meat on the Bone","Gremlin Horn","conspire:GlowingRock","Replay:Arrowhead","Dota2Spire:PhaseBoots","energizedSpire:DecayingSkull","Guide Book","conspire:Dentures","conspire:Boomerang","Dota2Spire:HeartOfTarrasque","Dota2Spire:Dagon","Cursed Key","Ginger","FossilizedHelix","conspire:Flyswatter"],"acts_visited":["Exordium","TheCity","TheBeyond"],"potions_floor_usage":[50],"damage_taken":[{"damage":0.0,"enemies":"Jaw Worm","floor":1.0,"turns":2.0},{"damage":0.0,"enemies":"2 Louse","floor":3.0,"turns":2.0},{"damage":0.0,"enemies":"Small Slimes","floor":4.0,"turns":2.0},{"damage":11.0,"enemies":"3 Sentries","floor":6.0,"turns":5.0},{"damage":1.0,"enemies":"Lagavulin","floor":8.0,"turns":5.0},{"damage":1.0,"enemies":"Blue Slaver","floor":11.0,"turns":2.0},{"damage":31.0,"enemies":"Gremlin Nob","floor":13.0,"turns":4.0},{"damage":0.0,"enemies":"Looter","floor":14.0,"turns":3.0},{"damage":30.0,"enemies":"Hexaghost","floor":16.0,"turns":8.0},{"damage":6.0,"enemies":"Spheric Guardian","floor":18.0,"turns":3.0},{"damage":6.0,"enemies":"3 Byrds","floor":20.0,"turns":4.0},{"damage":6.0,"enemies":"conspire:HollyBat","floor":21.0,"turns":9.0},{"damage":9.0,"enemies":"Replay:Snechameleon","floor":24.0,"turns":4.0},{"damage":7.0,"enemies":"Snecko","floor":25.0,"turns":4.0},{"damage":14.0,"enemies":"Snake Plant","floor":29.0,"turns":3.0},{"damage":13.0,"enemies":"Book of Stabbing","floor":31.0,"turns":5.0},{"damage":28.0,"enemies":"conspire:MysteriousRune","floor":33.0,"turns":4.0},{"damage":54.0,"enemies":"3 Darklings","floor":35.0,"turns":4.0},{"damage":4.0,"enemies":"Orb Walker","floor":36.0,"turns":3.0},{"damage":0.0,"enemies":"Spire Growth","floor":39.0,"turns":3.0},{"damage":27.0,"enemies":"Nemesis","floor":41.0,"turns":5.0},{"damage":8.0,"enemies":"Transient","floor":42.0,"turns":6.0},{"damage":0.0,"enemies":"Reptomancer","floor":44.0,"turns":2.0},{"damage":0.0,"enemies":"Maw","floor":45.0,"turns":4.0},{"damage":21,"enemies":"Writhing Mass","floor":47,"turns":6},{"damage":35,"enemies":"Nemesis","floor":48,"turns":5},{"damage":41,"enemies":"Donu and Deca","floor":50,"turns":4}],"seed_played":"5011825462835951285","potions_obtained":[{"floor":1.0,"key":"EssenceOfSteel"},{"floor":4.0,"key":"Languid Potion"},{"floor":11.0,"key":"Elixir"},{"floor":13.0,"key":"Dota2Spire:Clarity"},{"floor":18.0,"key":"REME_GoldPotion"},{"floor":21.0,"key":"Swift Potion"},{"floor":28.0,"key":"ColorlessPotion"},{"floor":31.0,"key":"Dota2Spire:Clarity"},{"floor":36.0,"key":"Swift Potion"},{"floor":41.0,"key":"BloodPotion"},{"floor":42.0,"key":"Strength Potion"},{"floor":47,"key":"FearPotion"}],"is_trial":false,"path_per_floor":["M","?","M","M","?","E","R","E","T","$","M","?","E","M","R","B",null,"M","$","M","M","?","R","E","M","T","$","?","M","R","E","R","B",null,"M","M","$","$","M","R","E","M","T","E","M","?","M","E","R","B"],"character_chosen":"IRONCLAD","items_purchased":["Guide Book","Armaments","Inflame","Inflame"],"campfire_rested":0,"item_purchase_floors":[19,19,19,27],"current_hp_per_floor":[50,20,32,44,69,58,58,57,57,57,56,56,37,49,49,31,64,58,58,52,46,46,46,49,42,50,50,50,48,48,47,47,31,70,28,36,36,36,48,48,33,41,41,53,57,57,48,25,25,0,0],"gold":273,"neow_bonus":"ONE_RARE_RELIC","is_daily":false,"chose_seed":false,"campfire_upgraded":11,"win_rate":0.0,"timestamp":1611378336,"path_taken":["M","?","M","M","?","E","R","E","T","?","M","?","E","M","R","BOSS","M","$","M","?","?","R","E","M","T","$","?","M","R","E","R","BOSS","M","M","?","$","?","R","E","M","T","E","M","?","M","E","R","BOSS"],"items_purchased_type":["Relic","Card","Card","Card"],"build_version":"2020-12-22","purchased_purges":3,"victory":false,"max_hp_per_floor":[75,75,75,75,75,75,75,75,75,75,75,75,75,75,75,75,75,75,75,75,75,75,75,75,75,83,83,83,83,83,83,83,83,83,83,83,83,83,83,83,83,83,83,83,83,83,83,83,83,83,83],"relic_stats":{"Gremlin Horn":[6,6],"counters":[27,111],"Pandora\u0027s Box":[],"Ginger":[5],"Cursed Key":1,"obtain_stats":[{"conspire:Dentures":22,"Gremlin Horn":6,"Guide Book":19,"Dota2Spire:Dagon":31,"conspire:Boomerang":24,"Dota2Spire:HeartOfTarrasque":26,"Ginger":41,"Cursed Key":34,"Replay:Arrowhead":9,"conspire:InfiniteJournal":0,"conspire:GlowingRock":8,"Pandora\u0027s Box":0,"energizedSpire:DecayingSkull":17,"FossilizedHelix":44,"REME_ComplimentaryCards":0,"Meat on the Bone":2,"Dota2Spire:PhaseBoots":13,"conspire:Flyswatter":48},{"conspire:Dentures":12,"Gremlin Horn":4,"Guide Book":10,"Dota2Spire:Dagon":16,"conspire:Boomerang":13,"Dota2Spire:HeartOfTarrasque":14,"Ginger":21,"Cursed Key":17,"Replay:Arrowhead":5,"conspire:InfiniteJournal":0,"conspire:GlowingRock":5,"Pandora\u0027s Box":0,"energizedSpire:DecayingSkull":9,"FossilizedHelix":23,"REME_ComplimentaryCards":0,"Meat on the Bone":1,"Dota2Spire:PhaseBoots":7,"conspire:Flyswatter":26},{"conspire:Dentures":49,"Gremlin Horn":11,"Guide Book":36,"Dota2Spire:Dagon":65,"conspire:Boomerang":53,"Dota2Spire:HeartOfTarrasque":57,"Ginger":84,"Cursed Key":69,"Replay:Arrowhead":16,"conspire:InfiniteJournal":0,"conspire:GlowingRock":16,"Pandora\u0027s Box":0,"energizedSpire:DecayingSkull":33,"FossilizedHelix":92,"REME_ComplimentaryCards":0,"Meat on the Bone":2,"Dota2Spire:PhaseBoots":22,"conspire:Flyswatter":107}],"Meat on the Bone":204},"card_choices":[{"not_picked":["Run Through","Havoc"],"picked":"Sword Boomerang","floor":1.0},{"not_picked":["Body Slam","Dual Wield"],"picked":"Spot Weakness","floor":2.0},{"not_picked":["Clothesline","Cleave"],"picked":"Second Wind","floor":2.0},{"not_picked":["Defy Death","ReplayTheSpireMod:Strike From Hell","Cleave"],"picked":"SKIP","floor":3.0},{"not_picked":["Run Through","Life Link"],"picked":"Burning Pact","floor":4.0},{"not_picked":["Sentinel","Metallicize"],"picked":"ReplayTheSpireMod:Stacked","floor":6.0},{"not_picked":["Carnage","ReplayTheSpireMod:Corrosion Curse","Warcry"],"picked":"SKIP","floor":8.0},{"not_picked":["Combust","True Grit","Sword Boomerang"],"picked":"SKIP","floor":11.0},{"not_picked":["Sever Soul","Rupture"],"picked":"Rampage","floor":13.0},{"not_picked":["Perfected Strike","Headbutt"],"picked":"Flame Barrier","floor":14.0},{"not_picked":["REME_TheLastStrike","Immolate"],"picked":"Fiend Fire","floor":16.0},{"not_picked":["Iron Wave","Warcry"],"picked":"Disarm","floor":18.0},{"not_picked":["Heavy Blade","Dual Wield","Blood for Blood+1"],"picked":"SKIP","floor":20.0},{"not_picked":["ReplayTheSpireMod:Strike From Hell","Perfected Strike","ReplayTheSpireMod:Corrosion Curse"],"picked":"SKIP","floor":21.0},{"not_picked":["Spot Weakness","Heavy Blade","Dual Wield"],"picked":"SKIP","floor":24.0},{"not_picked":["Heavy Blade","Cleave"],"picked":"Sentinel","floor":25.0},{"not_picked":["Infernal Blade","Pummel+1","Shrug It Off"],"picked":"SKIP","floor":29.0},{"not_picked":["Replay:Undeath\u0027s Touch","ReplayTheSpireMod:Limb From Limb","Uppercut"],"picked":"SKIP","floor":31.0},{"not_picked":["Barricade","conspire:HitWhereItHurts"],"picked":"Limit Break","floor":33.0},{"not_picked":["Havoc","REME_Cut","Body Slam+1"],"picked":"SKIP","floor":35.0},{"not_picked":["Havoc","Warcry","Anger"],"picked":"SKIP","floor":36.0},{"not_picked":["Headbutt","Clothesline+1","Body Slam"],"picked":"SKIP","floor":39.0},{"not_picked":["Replay:Many Hands","Replay:Undeath\u0027s Touch","Heavy Blade+1"],"picked":"SKIP","floor":41.0},{"not_picked":["Defy Death","Twin Strike","Sword Boomerang"],"picked":"SKIP","floor":42.0},{"not_picked":["Dark Embrace","Cleave","Sword Boomerang+1"],"picked":"SKIP","floor":44.0},{"not_picked":["Twin Strike","Clothesline","Sword Boomerang+1"],"picked":"SKIP","floor":45.0},{"not_picked":["True Grit","Cleave","ReplayTheSpireMod:Corrosion Curse+1"],"picked":"SKIP","floor":47},{"not_picked":["REME_SingleHolding","Perfected Strike","Immolate"],"picked":"SKIP","floor":48}],"player_experience":1218609,"relics_obtained":[{"floor":2.0,"key":"Meat on the Bone"},{"floor":6.0,"key":"Gremlin Horn"},{"floor":8.0,"key":"conspire:GlowingRock"},{"floor":9.0,"key":"Replay:Arrowhead"},{"floor":13.0,"key":"Dota2Spire:PhaseBoots"},{"floor":24.0,"key":"conspire:Boomerang"},{"floor":26.0,"key":"Dota2Spire:HeartOfTarrasque"},{"floor":31.0,"key":"Dota2Spire:Dagon"},{"floor":41.0,"key":"Ginger"},{"floor":44.0,"key":"FossilizedHelix"},{"floor":48,"key":"conspire:Flyswatter"}],"event_choices":[{"damage_healed":25.0,"max_hp_gain":0.0,"max_hp_loss":0.0,"gold_gain":0.0,"event_name":"Big Fish","player_choice":"Banana","floor":5.0,"gold_loss":0.0,"damage_taken":0.0},{"damage_healed":0.0,"max_hp_gain":0.0,"max_hp_loss":0.0,"gold_gain":100.0,"event_name":"Wheel of Change","player_choice":"Gold","floor":12.0,"gold_loss":0.0,"damage_taken":0.0},{"damage_healed":0.0,"max_hp_gain":0.0,"max_hp_loss":0.0,"gold_gain":0.0,"event_name":"Addict","player_choice":"Obtained Relic","floor":22.0,"gold_loss":85.0,"damage_taken":0.0,"relics_obtained":["conspire:Dentures"]},{"damage_healed":0.0,"max_hp_gain":0.0,"max_hp_loss":0.0,"gold_gain":0.0,"event_name":"Lab","player_choice":"Got Potions","floor":28.0,"gold_loss":0.0,"damage_taken":0.0},{"damage_healed":0.0,"max_hp_gain":0.0,"max_hp_loss":0.0,"gold_gain":0.0,"event_name":"Accursed Blacksmith","player_choice":"Forge","floor":46.0,"gold_loss":0.0,"damage_taken":0.0,"cards_upgraded":["Burning Pact"]}],"is_beta":false,"boss_relics":[{"not_picked":["Runic Dome","Replay:Drink Me"],"picked":"energizedSpire:DecayingSkull"},{"not_picked":["energizedSpire:HugeHouse","energizedSpire:MagnifyingGlass"],"picked":"Cursed Key"}],"items_purged_floors":[10,19,38],"is_endless":false,"potions_floor_spawned":[1,4,11,13,14,18,21,31,36,41,42,47],"killed_by":"Donu and Deca","ascension_level":20}}