{"host":"9xv6exvwmlpefxuw","time":1611391321,"event":{"mods":["ATMod(阿瑾Mod)","AchievementEnabler","Act Like it!","Aspiration","BaseMod","Chen","Colored Powertips","Conspire","Downfall","Friendly Minions","Gensokyo","GifTheSpireLib","KinomotoSakuraMod(木之本樱)","Koishi","KomeijiMod","Marisa（F雨　魔理沙）","Minty Spire (QoL Compilation)","Pale of the Ancients","Rare Cards Sparkle","Reimu（博丽灵梦）","Remilia_Scarlet Moed（蕾米莉亚・斯卡雷特）3.3.5","Remilia（蕾米莉亚）","RumiaBox-露米娅的神秘盒子","StSLib","The Administrix","The Animator","The Blackbeard","The Mystic","The Servant 0.9.4","WarShipGirlsR/战舰少女R mod","Yakumo Yukari mod","Youmu（魂魄妖梦）","Yuyuko","【功能Mod】混沌之环修复补丁","【功能Mod】聪明的最终Boss"],"gold_per_floor":[113,327,339,350,208,241,301,301,354,354,354,366,386,399,399,498,498,518,488,488,420,430,430,430,430],"floor_reached":24,"language":"ZHS","playtime":1134,"items_purged":[],"score":248,"play_id":"1151fd60-e021-429f-868f-cf423b3ca558","local_time":"20210123164201","is_ascension_mode":false,"campfire_choices":[{"floor":8,"key":"REST"},{"floor":15,"key":"REST"},{"floor":23,"key":"REST"}],"circlet_count":0,"master_deck":["Strike_R","Strike_R","Strike_R","Strike_R","Defend_R","Defend_R","Defend_R","Defend_R","Bash","AT_FamilyPortrait","Heavy Blade","Pommel Strike","Perfected Strike","Limit Break","Limit Break","Whirlwind","Sever Soul","AT_CaressingTears","Seeing Red","Barricade","Inflame","Ghostly Armor","Heavy Blade","AT_CaressingTears","Seeing Red","Muse","Inflame","Shrug It Off+1"],"relics":["Burning Blood","AT_ATBox","Baka","AddBug","SecretRecord","SecretRecord","SecretRecord"],"acts_visited":["Exordium","TheCity"],"potions_floor_usage":[16,16,16],"damage_taken":[{"damage":9,"enemies":"Jaw Worm","floor":1,"turns":6},{"damage":0,"enemies":"Cultist","floor":2,"turns":2},{"damage":0,"enemies":"Small Slimes","floor":3,"turns":3},{"damage":0,"enemies":"Red Slaver","floor":4,"turns":3},{"damage":34,"enemies":"3 Sentries","floor":6,"turns":9},{"damage":40,"enemies":"3 Sentries","floor":7,"turns":7},{"damage":16,"enemies":"Lots of Slimes","floor":12,"turns":3},{"damage":3,"enemies":"3 Louse","floor":13,"turns":2},{"damage":7,"enemies":"Blue Slaver","floor":14,"turns":2},{"damage":88,"enemies":"Hexaghost","floor":16,"turns":4},{"damage":43,"enemies":"3 Byrds","floor":18,"turns":6},{"damage":44,"enemies":"Chosen","floor":22,"turns":5},{"damage":39,"enemies":"Centurion and Healer","floor":24,"turns":5}],"seed_played":"136126711642330745","potions_obtained":[{"floor":1,"key":"JyouchiReiPotion"},{"floor":4,"key":"Guardian:BlockOnCardUsePotion"},{"floor":6,"key":"CalmPotion"},{"floor":12,"key":"Swift Potion"}],"is_trial":false,"path_per_floor":["M","M","M","M","$","E","?","R","T","$","?","M","M","M","R","B",null,"M","?","?","$","M","R","M"],"character_chosen":"IRONCLAD","items_purchased":["Limit Break","Inflame"],"campfire_rested":3,"item_purchase_floors":[5,21],"current_hp_per_floor":[85,88,88,88,88,69,35,64,64,64,64,54,57,56,85,7,97,60,60,48,48,10,39,0,0],"gold":430,"neow_bonus":"TEN_PERCENT_HP_BONUS","is_daily":false,"chose_seed":false,"campfire_upgraded":0,"win_rate":0.0,"timestamp":1611391321,"path_taken":["M","M","M","M","$","E","?","R","T","$","?","M","M","M","R","BOSS","M","?","?","$","M","R","M"],"items_purchased_type":["Card","Card"],"build_version":"2020-12-22","purchased_purges":0,"victory":false,"max_hp_per_floor":[88,88,88,88,88,97,97,97,97,97,97,97,97,97,97,97,97,97,97,97,97,97,97,97,97],"card_choices":[{"not_picked":["Iron Wave","Hemokinesis"],"picked":"Heavy Blade","floor":1},{"not_picked":["Searing Blow","Armaments"],"picked":"Pommel Strike","floor":2},{"not_picked":["AT_IchimonjiDouble","Power Through"],"picked":"Cleave","floor":3},{"not_picked":["Flame Barrier","Blood for Blood"],"picked":"Perfected Strike","floor":4},{"not_picked":["Body Slam","Shrug It Off"],"picked":"Limit Break","floor":6},{"not_picked":["Shockwave","Blood for Blood"],"picked":"Whirlwind","floor":7},{"not_picked":["Warcry","Headbutt"],"picked":"AT_CaressingTears","floor":12},{"not_picked":["Anger","Fiend Fire"],"picked":"Seeing Red","floor":13},{"not_picked":["True Grit","Clothesline","Sever Soul"],"picked":"SKIP","floor":14},{"not_picked":["conspire:HitWhereItHurts","Impervious"],"picked":"Barricade","floor":16},{"not_picked":["Seeing Red","Whirlwind+1"],"picked":"Inflame","floor":18},{"not_picked":[],"picked":"Ghostly Armor","floor":19},{"not_picked":[],"picked":"Heavy Blade","floor":19},{"not_picked":[],"picked":"AT_CaressingTears","floor":19},{"not_picked":[],"picked":"Seeing Red","floor":19},{"not_picked":["Pommel Strike+1","Power Through"],"picked":"Shrug It Off+1","floor":22}],"player_experience":10380,"relics_obtained":[{"floor":1,"key":"Baka"},{"floor":1,"key":"AddBug"},{"floor":6,"key":"Toy Ornithopter"},{"floor":12,"key":"SecretRecord"},{"floor":16,"key":"SecretRecord"}],"event_choices":[{"damage_healed":0,"gold_gain":30,"player_choice":"Searched \u00273\u0027 times","damage_taken":0,"relics_obtained":["aspiration:DSix"],"max_hp_gain":0,"max_hp_loss":0,"event_name":"Dead Adventurer","floor":7,"gold_loss":0},{"damage_healed":0,"gold_gain":0,"cards_transformed":["Strike_R"],"player_choice":"Transformed","damage_taken":0,"max_hp_gain":0,"max_hp_loss":0,"event_name":"Transmorgrifier","floor":11,"gold_loss":0,"cards_obtained":["Sever Soul"]},{"damage_healed":0,"gold_gain":0,"player_choice":"CARD ","damage_taken":12,"max_hp_gain":0,"max_hp_loss":0,"event_name":"Knowing Skull","floor":20,"potions_obtained":[],"gold_loss":0,"cards_obtained":["Muse"]}],"is_beta":false,"boss_relics":[{"not_picked":["Velvet Choker","Empty Cage"],"picked":"Astrolabe"}],"items_purged_floors":[],"is_endless":false,"potions_floor_spawned":[1,4,6,12],"killed_by":"Centurion and Healer","ascension_level":0}}