{"host":"eemx8njkng76fu5x","time":1611429318,"event":{"mods":["2.2 Compatiblity","BaseMod","Colored Map","Downfall","Minty Spire (QoL Compilation)","Permanent Neow","StSLib","Unceasing Turn Reminder","Unknown Chances"],"gold_per_floor":[99,9,9,9,9,44,44,44,75,75,94,94,194,104,116,116,116,116],"floor_reached":16,"language":"ENG","playtime":695,"items_purged":["bronze:Strike"],"score":143,"play_id":"cf58f3b7-860f-4d7d-9989-996fd1a06d9f","local_time":"20210124031518","is_ascension_mode":true,"campfire_choices":[{"floor":1,"key":"RECALL"},{"floor":8,"key":"REST"},{"data":"bronze:Invalidate","floor":10,"key":"SMITH"},{"data":"bronze:Constructor","floor":12,"key":"SMITH"}],"circlet_count":0,"master_deck":["bronze:Defend","bronze:Defend","bronze:Defend","bronze:Defend","bronze:Replicate","bronze:Goto","bronze:Overheat","bronze:Philosophize","bronze:WildBeam","bronze:Invalidate+1","bronze:DelayedGuard","bronze:Constructor+1","bronze:ClassDefault+1","bronze:DarkDash","bronze:OilSpill"],"relics":["bronze:BronzeCore","Pantograph","Dream Catcher","Kunai","Ornamental Fan"],"acts_visited":["Exordium"],"potions_floor_usage":[4,6,13,16],"damage_taken":[{"damage":0,"enemies":"downfall:FleeingMerchant","floor":2,"turns":4},{"damage":2,"enemies":"Jaw Worm","floor":4,"turns":3},{"damage":24,"enemies":"3 Sentries","floor":6,"turns":7},{"damage":22,"enemies":"Gremlin Nob","floor":9,"turns":4},{"damage":0,"enemies":"Small Slimes","floor":11,"turns":3},{"damage":9,"enemies":"downfall:Heads","floor":13,"turns":7},{"damage":5,"enemies":"downfall:FleeingMerchant","floor":14,"turns":4},{"damage":0,"enemies":"2 Louse","floor":15,"turns":3},{"damage":40,"enemies":"DF_ARCHETYPE_STREAMLINE","floor":16,"turns":4}],"seed_played":"-8441335652615634868","potions_obtained":[{"floor":0,"key":"FearPotion"},{"floor":0,"key":"BlessingOfTheForge"},{"floor":0,"key":"SmokeBomb"},{"floor":11,"key":"Weak Potion"},{"floor":15,"key":"champ:CounterPotion"}],"is_trial":false,"path_per_floor":["R","$","?","M","?","E","T","R","E","R","M","R","?","$","M","B"],"character_chosen":"THE_AUTOMATON","items_purchased":["bronze:Philosophize"],"campfire_rested":1,"item_purchase_floors":[2],"current_hp_per_floor":[63,63,63,61,49,25,25,46,24,24,24,24,15,10,10,0,0,0],"gold":116,"neow_bonus":"THREE_SMALL_POTIONS","is_daily":false,"chose_seed":false,"campfire_upgraded":2,"win_rate":0.0,"timestamp":1611429318,"path_taken":["R","$","?","M","?","E","T","R","E","R","M","R","?","$","M","BOSS"],"items_purchased_type":["Card"],"build_version":"2020-12-22","purchased_purges":1,"victory":false,"max_hp_per_floor":[70,70,70,70,70,70,70,70,70,70,70,70,70,70,70,70,70,70],"card_choices":[{"not_picked":["bronze:Optimize","bronze:Backtrace"],"picked":"bronze:Overheat","floor":2},{"not_picked":["bronze:CloningBeam","bronze:BuggyMess"],"picked":"bronze:WildBeam","floor":6},{"not_picked":["bronze:MaxOutput","bronze:ForLoop"],"picked":"bronze:Invalidate","floor":8},{"not_picked":["bronze:BuggyMess","bronze:Turbo"],"picked":"bronze:DelayedGuard","floor":9},{"not_picked":["bronze:BugBarrage","bronze:WildBeam"],"picked":"bronze:Constructor","floor":11},{"not_picked":["bronze:Overheat","bronze:TinkerersToolbox"],"picked":"bronze:DarkDash","floor":13},{"not_picked":["bronze:ItsAFeature","bronze:WhirlingStrike","bronze:ClassDefault"],"picked":"SKIP","floor":14},{"not_picked":["bronze:BitShift","bronze:InfiniteBeams"],"picked":"bronze:OilSpill","floor":15}],"player_experience":522018,"relics_obtained":[{"floor":6,"key":"Dream Catcher"},{"floor":7,"key":"Kunai"},{"floor":9,"key":"Ornamental Fan"}],"event_choices":[{"damage_healed":0,"gold_gain":0,"player_choice":"Success","damage_taken":12,"relics_obtained":["Pantograph"],"max_hp_gain":0,"max_hp_loss":0,"event_name":"Scrap Ooze","floor":5,"gold_loss":0}],"is_beta":false,"boss_relics":[],"items_purged_floors":[14],"is_endless":false,"potions_floor_spawned":[4,11,15],"killed_by":"DF_ARCHETYPE_STREAMLINE","ascension_level":7}}