{"host":"fmb9x04chdot191d","time":1611364874,"event":{"mods":["2.2 Compatiblity","AchievementEnabler","BaseMod","BetterRewards","Downfall","Hermit","Highlight Path","Marisa（霧雨　魔理沙）","Minty Spire (QoL Compilation)","Permanent Neow","Quick Restart","Rare Cards Sparkle","StSLib","The Cursed","[IsaacMod]以撒尖塔"],"gold_per_floor":[109,127,177,192,212,212,537,537,537,537,547,595,608,615,615,723,723,743,760,781,817,858,858,925,925,925,925,950,865,891,911,911,1034,1034,1081,334,334,352,409,450,450,481,481,531,572,126,155,166,166,201],"floor_reached":51,"language":"ENG","playtime":3623,"items_purged":["Strike_B","Defend_B","Strike_B"],"score":771,"play_id":"a656b316-86e6-48ac-8981-6cbac2c1c306","local_time":"20210123142114","is_ascension_mode":false,"campfire_choices":[{"floor":6.0,"key":"REST"},{"floor":8.0,"key":"REST"},{"data":"Machine Learning","floor":10.0,"key":"SMITH"},{"floor":15.0,"key":"REST"},{"floor":23,"key":"REST"},{"floor":25,"key":"REST"},{"data":"Thunder Strike","floor":32,"key":"SMITH"},{"data":"Double Energy","floor":41,"key":"SMITH"},{"data":"ElectricPowerLearning","floor":49,"key":"SMITH"}],"circlet_count":0,"master_deck":["Defend_B+1","Defend_B","Defend_B","Zap+1","Dualcast","Double Energy+1","Leap","Beam Cell","Machine Learning+1","Leap","Seek","Biased Cognition","Thunder Strike+1","Storm","Self Repair","Ball Lightning+1","Self Repair","ElectricPowerLearning+1","Rainbow","Pulse+1","Stack+1","Electrodynamics+1","Steam+1","Storm","Thunder Strike","Heatsinks+1","Capacitor","Flash of Steel"],"relics":["Cracked Core","HushsDoor","Anchor","Chaos","Thread and Needle","EdensBlessing","Old Coin","SalivaCoin","GnawedLeaf","Bronze Scales","Tough Bandages","Incense Burner","Mercury Hourglass","Bottled Tornado","Incubus","Bird Faced Urn","PokeGo","Astrolabe","Paper Frog","TungstenRod","D6","Strange Spoon","SatanicBible"],"acts_visited":["Exordium","TheCity","TheBeyond"],"potions_floor_usage":[24,33],"damage_taken":[{"damage":0.0,"enemies":"2 Louse","floor":1.0,"turns":3.0},{"damage":0.0,"enemies":"Cultist","floor":2.0,"turns":4.0},{"damage":40.0,"enemies":"Hiden Room Battle","floor":3.0,"turns":6.0},{"damage":0.0,"enemies":"Jaw Worm","floor":4.0,"turns":3.0},{"damage":0.0,"enemies":"Large Slime","floor":5.0,"turns":4.0},{"damage":4.0,"enemies":"Lagavulin","floor":7.0,"turns":6.0},{"damage":0.0,"enemies":"Red Slaver","floor":11.0,"turns":3.0},{"damage":7.0,"enemies":"3 Sentries","floor":12.0,"turns":7.0},{"damage":0.0,"enemies":"Looter","floor":13.0,"turns":3.0},{"damage":18.0,"enemies":"The Guardian","floor":16.0,"turns":16.0},{"damage":0.0,"enemies":"Spheric Guardian","floor":18.0,"turns":3.0},{"damage":6.0,"enemies":"2 Thieves","floor":19.0,"turns":4.0},{"damage":1.0,"enemies":"Centurion and Healer","floor":20.0,"turns":13.0},{"damage":27,"enemies":"Sentry and Sphere","floor":21,"turns":5},{"damage":18,"enemies":"Snake Plant","floor":22,"turns":4},{"damage":37,"enemies":"Slavers","floor":24,"turns":5},{"damage":9,"enemies":"Snecko","floor":28,"turns":4},{"damage":4,"enemies":"Centurion and Healer","floor":30,"turns":6},{"damage":1,"enemies":"Sentry and Sphere","floor":31,"turns":4},{"damage":54,"enemies":"Collector","floor":33,"turns":8},{"damage":25,"enemies":"3 Shapes","floor":35,"turns":3},{"damage":0,"enemies":"3 Darklings","floor":38,"turns":3},{"damage":0,"enemies":"Hiden Room Battle","floor":39,"turns":2},{"damage":21,"enemies":"Nemesis","floor":40,"turns":5},{"damage":0,"enemies":"Giant Head","floor":42,"turns":4},{"damage":0,"enemies":"Mind Bloom Boss Battle","floor":44,"turns":3},{"damage":18,"enemies":"Nemesis","floor":45,"turns":7},{"damage":14,"enemies":"Maw","floor":47,"turns":4},{"damage":0,"enemies":"Sphere and 2 Shapes","floor":48,"turns":2},{"damage":39,"enemies":"Time Eater","floor":50,"turns":5}],"seed_played":"6668254021716183993","potions_obtained":[{"floor":1.0,"key":"Explosive Potion"},{"floor":5.0,"key":"Slimebound:ThreeZeroPotion"},{"floor":12.0,"key":"champ:CounterPotion"},{"floor":16.0,"key":"Guardian:BlockOnCardUsePotion"},{"floor":21,"key":"champ:CounterPotion"},{"floor":30,"key":"Fire Potion"},{"floor":35,"key":"FairyPotion"}],"is_trial":false,"path_per_floor":["M","M","?","M","M","R","E","R","T","R","M","E","M","?","R","B",null,"M","M","M","M","M","R","E","R","T","?","M","?","M","M","R","B",null,"M","$","?","M","?","E","R","E","T","?","E","$","M","M","R","B",null],"character_chosen":"DEFECT","items_purchased":["Thunder Strike","Storm","Rainbow","Incubus","Bird Faced Urn","SatanicBible","Flash of Steel"],"campfire_rested":5,"item_purchase_floors":[17,17,34,36,36,46,46],"current_hp_per_floor":[75,75,20,20,20,42,38,60,60,60,60,53,53,38,60,42,68,68,62,68,48,37,57,27,47,47,47,45,45,48,61,61,14,59,34,34,34,49,36,43,43,59,59,59,59,59,59,59,59,29],"gold":201,"neow_bonus":"RANDOM_COMMON_RELIC","is_daily":false,"chose_seed":false,"campfire_upgraded":4,"win_rate":0.0,"timestamp":1611364874,"path_taken":["M","M","?","M","M","R","E","R","T","R","M","E","M","?","R","BOSS","M","M","M","M","M","R","E","R","T","?","M","?","?","M","R","BOSS","M","$","?","?","?","E","R","E","T","?","E","$","M","M","R","BOSS"],"items_purchased_type":["Card","Card","Card","Relic","Relic","Relic","Card"],"build_version":"2020-12-22","purchased_purges":3,"victory":true,"max_hp_per_floor":[75,75,75,75,75,75,75,75,75,75,75,75,75,75,75,75,68,68,68,68,68,68,68,68,68,68,68,68,68,68,68,68,68,59,59,59,59,59,59,59,59,59,59,59,59,59,59,59,59,59],"card_choices":[{"not_picked":["Rip and Tear","Sweeping Beam"],"picked":"Double Energy","floor":1.0},{"not_picked":["Coolheaded","Cold Snap"],"picked":"Leap","floor":2.0},{"not_picked":["Hologram","Go for the Eyes","Redo"],"picked":"SKIP","floor":4.0},{"not_picked":["Stack","Compile Driver"],"picked":"Beam Cell","floor":5.0},{"not_picked":["Self Repair","Distribution"],"picked":"Machine Learning","floor":7.0},{"not_picked":["Steam","Hologram"],"picked":"Leap","floor":11.0},{"not_picked":["Coolheaded","Barrage"],"picked":"Seek","floor":12.0},{"not_picked":["Compile Driver","Hello World","Gash"],"picked":"SKIP","floor":13.0},{"not_picked":["Machine Learning","All For One"],"picked":"Biased Cognition","floor":16.0},{"not_picked":["Sweeping Beam","Doom and Gloom","Auto Shields"],"picked":"SKIP","floor":18.0},{"not_picked":["Sweeping Beam","Stack+1"],"picked":"Self Repair","floor":19.0},{"not_picked":["Heatsinks","Self Repair"],"picked":"Ball Lightning+1","floor":20.0},{"not_picked":["Hologram","Streamline","Leap"],"picked":"SKIP","floor":21},{"not_picked":["Steam","Streamline","Leap"],"picked":"SKIP","floor":22},{"not_picked":["Stack","Fusion","All For One"],"picked":"SKIP","floor":24},{"not_picked":["Leap+1","Cold Snap"],"picked":"Fan","floor":28},{"not_picked":["Cancel","Leap"],"picked":"Self Repair","floor":30},{"not_picked":["Sweeping Beam","Coolheaded","Beam Cell"],"picked":"SKIP","floor":31},{"not_picked":["Amplify","Fission"],"picked":"ElectricPowerLearning","floor":33},{"not_picked":["Barrage","Doom and Gloom+1"],"picked":"Pulse+1","floor":35},{"not_picked":["Doom and Gloom+1","Coolheaded","Streamline"],"picked":"SKIP","floor":38},{"not_picked":["Fan+1","Pulse+1"],"picked":"Storm","floor":40},{"not_picked":["Doom and Gloom","Force Field"],"picked":"Thunder Strike","floor":42},{"not_picked":["Go for the Eyes+1","Darkness+1"],"picked":"Heatsinks+1","floor":44},{"not_picked":["Conserve Battery","Steam"],"picked":"Capacitor","floor":45},{"not_picked":["Blizzard","Streamline","Beam Cell"],"picked":"SKIP","floor":47},{"not_picked":["Cancel+1","Conserve Battery","Compile Driver+1"],"picked":"SKIP","floor":48}],"player_experience":30143,"relics_obtained":[{"floor":3.0,"key":"Thread and Needle"},{"floor":3.0,"key":"EdensBlessing"},{"floor":7.0,"key":"Old Coin"},{"floor":9.0,"key":"SalivaCoin"},{"floor":12.0,"key":"GnawedLeaf"},{"floor":24,"key":"Tough Bandages"},{"floor":26,"key":"Incense Burner"},{"floor":39,"key":"PokeGo"},{"floor":39,"key":"Astrolabe"},{"floor":40,"key":"Paper Frog"},{"floor":42,"key":"TungstenRod"},{"floor":44,"key":"D6"},{"floor":45,"key":"Strange Spoon"}],"event_choices":[{"damage_healed":0.0,"max_hp_gain":0.0,"max_hp_loss":0.0,"gold_gain":0.0,"event_name":"HidenRoomEvent","player_choice":"Fight","floor":3.0,"gold_loss":0.0,"damage_taken":0.0},{"damage_healed":0.0,"max_hp_gain":0.0,"max_hp_loss":0.0,"gold_gain":0.0,"event_name":"Shining Light","player_choice":"Entered Light","floor":14.0,"gold_loss":0.0,"damage_taken":15.0,"cards_upgraded":["Zap","Defend_B"]},{"damage_healed":0,"gold_gain":0,"player_choice":"Obtained Relic","damage_taken":0,"relics_obtained":["Mercury Hourglass"],"max_hp_gain":0,"max_hp_loss":0,"event_name":"Addict","floor":29,"gold_loss":85},{"damage_healed":0,"gold_gain":0,"player_choice":"Ignored","damage_taken":0,"max_hp_gain":0,"max_hp_loss":0,"event_name":"Tomb of Lord Red Mask","floor":37,"gold_loss":0},{"damage_healed":0,"gold_gain":0,"player_choice":"Fight","damage_taken":0,"max_hp_gain":0,"max_hp_loss":0,"event_name":"HidenRoomEvent","floor":39,"gold_loss":0},{"damage_healed":0,"gold_gain":0,"player_choice":"Fight","damage_taken":0,"max_hp_gain":0,"max_hp_loss":0,"event_name":"MindBloom","floor":44,"gold_loss":0}],"is_beta":false,"boss_relics":[{"not_picked":["UnicornStump","TheBean"],"picked":"Bronze Scales"},{"not_picked":[]},{"not_picked":["Fusion Hammer","MealTicket"],"picked":"Bottled Tornado"},{"not_picked":[]}],"items_purged_floors":[34,36,46],"is_endless":false,"potions_floor_spawned":[1,5,12,16,19,21,30,31,35,40,45,47],"ascension_level":0}}