{"host":"v9ordiuf4xzdpttp","time":1611377170,"event":{"mods":["AchievementEnabler","Act Like it!","AlwaysNeverKeys","Aspiration","Bartender","BaseMod","Better Third Choice","Better Vampires","BetterRewards","CCEM","Colored Map","Conspire","Dio Mod","Downfall","Energized Spire","Filter the Spire","Gold Saver","GungeonMod","Halation","Hero for Fun","Hubris","Hunter ??","Infinite Spire","Ironclad Rager","Jedi Mod","Marked Mod","Melee Mod","Minty Spire (QoL Compilation)","Pale of the Ancients","Poor People Problems","Remove Card Discount Mod","Robot Space Explorer","SOS???????","Shop Mod","Somnambulant","Spicy Shops","StSLib","The Bladedancer","The Bug Knight","The Construct","The Death Knight","The Exalted","The Hayseed","The Hierophant","The Jungle","The Mystic","The Runesmith","The Senshi","The Servant 0.9.4","The Wild Card","TheBandit","vexMod","??????REMEMod"],"gold_per_floor":[112,10,10,22,41,68,68,68,68,68,85,11,30,42,42,147,147,157,157,157,157,157,188,188,206,259,259,259],"floor_reached":27,"language":"ENG","playtime":1524,"items_purged":["Defend_G","Strike_G","sneckomod:UnknownBoss","TheSimpletonMod:Gnats","Normality"],"score":281,"play_id":"80b40b17-c5e4-4ca0-961f-0924b8b10fd1","local_time":"20210122234610","is_ascension_mode":false,"campfire_choices":[{"floor":7.0,"key":"REST"},{"floor":10.0,"key":"REST"},{"floor":15.0,"key":"REST"},{"floor":24,"key":"REST"}],"circlet_count":0,"master_deck":["Strike_G","Strike_G","Strike_G","Strike_G","Defend_G","Defend_G","Defend_G","Defend_G","Survivor","Neutralize","Noxious Fumes","Swift Strike","Flying Knee","REME_GreenPollution","Dagger Throw","Expertise","Acrobatics","infinitespire:Execution","jedi:pocketpoison","Infinite Blades","jedi:collectorvenom","REME_GreenPollution","jedi:studypoison","Defend_G","Poisoned Stab+1"],"relics":["Ring of the Snake","REME_ComplimentaryCards","jedi:kaleidoscope","vexMod:Spyglass","MerchantsRug","Toy Ornithopter","hubris:CuriousFeather","Astrolabe","betterThird:NestCultRelic","MutagenicStrength","vexMod:RedPlottingStone"],"acts_visited":["Exordium","TheCity"],"potions_floor_usage":[23,27],"damage_taken":[{"damage":0.0,"enemies":"Cultist","floor":1.0,"turns":3.0},{"damage":0.0,"enemies":"2 Louse","floor":4.0,"turns":2.0},{"damage":0.0,"enemies":"Jaw Worm","floor":5.0,"turns":2.0},{"damage":28.0,"enemies":"Lagavulin","floor":6.0,"turns":6.0},{"damage":0.0,"enemies":"2 Fungi Beasts","floor":11.0,"turns":2.0},{"damage":0.0,"enemies":"Looter","floor":13.0,"turns":3.0},{"damage":2.0,"enemies":"Large Slime","floor":14.0,"turns":4.0},{"damage":0.0,"enemies":"Slime Boss","floor":16.0,"turns":6.0},{"damage":14.0,"enemies":"Chosen","floor":18.0,"turns":5.0},{"damage":17,"enemies":"conspire:Head Lice","floor":23,"turns":6},{"damage":28,"enemies":"3 Byrds","floor":25,"turns":4},{"damage":45,"enemies":"conspire:SneckoGhost","floor":27,"turns":6}],"seed_played":"-6175983085453172302","potions_obtained":[{"floor":1.0,"key":"SkillPotion"},{"floor":4.0,"key":"SteroidPotion"},{"floor":5.0,"key":"SteroidPotion"},{"floor":14.0,"key":"champ:CounterPotion"},{"floor":16.0,"key":"ColorlessPotion"},{"floor":25,"key":"Ancient Potion"}],"is_trial":false,"path_per_floor":["M","$","?","M","M","E","R","?","T","R","M","$","M","M","R","B",null,"M","?","?","?","?","E","R","M","T","E"],"character_chosen":"THE_SILENT","items_purchased":["Noxious Fumes","jedi:kaleidoscope","vexMod:Spyglass","Swift Strike","MerchantsRug","REME_GreenPollution","Infinite Blades"],"campfire_rested":4,"item_purchase_floors":[0,0,0,0,0,2,12],"current_hp_per_floor":[38,38,38,38,38,10,31,31,31,52,52,52,52,50,70,70,70,56,56,56,56,49,37,58,30,30,0,0],"gold":259,"neow_bonus":"","is_daily":false,"chose_seed":false,"campfire_upgraded":0,"win_rate":0.0,"timestamp":1611377170,"path_taken":["M","?","?","M","M","E","R","?","T","R","M","?","M","M","R","BOSS","M","?","?","?","?","E","R","M","T","E"],"items_purchased_type":["Card","Relic","Relic","Card","Relic","Card","Card"],"build_version":"2020-12-22","purchased_purges":5,"victory":false,"max_hp_per_floor":[70,70,70,70,70,70,70,70,70,70,70,70,70,70,70,70,70,70,70,70,70,70,70,70,70,70,70,70],"card_choices":[{"not_picked":["hubris:SlightOfHand","Dagger Throw"],"picked":"Flying Knee","floor":1.0},{"not_picked":["Bane","Underhanded Strike"],"picked":"Dagger Throw","floor":4.0},{"not_picked":["Riddle With Holes","hubris:Sniper"],"picked":"Expertise","floor":5.0},{"not_picked":["Skewer","Quick Slash"],"picked":"Acrobatics","floor":6.0},{"not_picked":["infinitespire:UltimateForm","infinitespire:Menacing"],"picked":"infinitespire:Execution","floor":8.0},{"not_picked":["Blade Dance","Prepared"],"picked":"jedi:pocketpoison","floor":11.0},{"not_picked":["Slice","Catalyst"],"picked":"jedi:collectorvenom","floor":13.0},{"not_picked":["Dagger Spray","hubris:SlightOfHand"],"picked":"REME_GreenPollution","floor":14.0},{"not_picked":["REME_GrazeFinale","Doppelganger"],"picked":"jedi:studypoison","floor":16.0},{"not_picked":["Poisoned Stab+1","Deflect"],"picked":"jedi:collectorvenom","floor":18.0},{"not_picked":["Reflex","Flying Knee"],"picked":"jedi:collectorvenom","floor":23},{"not_picked":["jedi:collectorvenom","Distraction"],"picked":"Poisoned Stab+1","floor":25}],"player_experience":272683,"relics_obtained":[{"floor":6.0,"key":"Toy Ornithopter"},{"floor":9.0,"key":"hubris:CuriousFeather"},{"floor":23,"key":"vexMod:RedPlottingStone"}],"event_choices":[{"damage_healed":0.0,"max_hp_gain":0.0,"max_hp_loss":0.0,"gold_gain":0.0,"event_name":"conspire:Investor","player_choice":"Leave","floor":3.0,"gold_loss":0.0,"damage_taken":0.0},{"damage_healed":0.0,"max_hp_gain":0.0,"max_hp_loss":0.0,"gold_gain":0.0,"event_name":"Ghosts","player_choice":"Ignored","floor":19.0,"gold_loss":0.0,"damage_taken":0.0},{"damage_healed":0.0,"max_hp_gain":0.0,"max_hp_loss":0.0,"gold_gain":0.0,"event_name":"betterThird:BetterNest","player_choice":"Madness","floor":20.0,"gold_loss":0.0,"damage_taken":0.0,"relics_obtained":["betterThird:NestCultRelic"]},{"damage_healed":0.0,"max_hp_gain":0.0,"max_hp_loss":0.0,"gold_gain":0.0,"event_name":"Drug Dealer","player_choice":"Inject Mutagens","floor":21.0,"gold_loss":0.0,"damage_taken":0.0,"relics_obtained":["MutagenicStrength"]},{"damage_healed":0,"gold_gain":0,"player_choice":"Damaged","damage_taken":7,"max_hp_gain":0,"max_hp_loss":0,"event_name":"Wheel of Change","floor":22,"gold_loss":0}],"is_beta":false,"boss_relics":[{"not_picked":["halation:CatFaceCupcake","hubris:Stopwatch"],"picked":"Astrolabe"}],"items_purged_floors":[0,0,2,12,12],"is_endless":false,"potions_floor_spawned":[1,4,5,14,16,25],"killed_by":"conspire:SneckoGhost","ascension_level":0}}