{"host":"8dhn6p16jorj0i1s","time":1611414259,"event":{"mods":["BaseMod","Colored Map","DeckTracker","Highlight Path","Minty Spire (QoL Compilation)","Permanent Neow","Quick Restart"],"gold_per_floor":[117,135,149,168,184,219,232,252,252,267,302,302,328,339,339,450,450,469,480,480,506,276,302,314,360,372,384,432,444,485,534,546,558,558],"floor_reached":33,"language":"ENG","playtime":3654,"items_purged":["Strike_G"],"score":514,"play_id":"1a3134b0-583e-42d0-946e-5141413bb4d3","local_time":"20210123160419","is_ascension_mode":true,"campfire_choices":[{"floor":12.0,"key":"DIG"},{"floor":15.0,"key":"DIG"},{"data":"A Thousand Cuts","floor":24.0,"key":"SMITH"},{"floor":32.0,"key":"DIG"}],"circlet_count":0,"master_deck":["Strike_G","Strike_G","Strike_G","Strike_G","Defend_G","Defend_G","Defend_G","Defend_G+1","Defend_G","Survivor","Neutralize","CurseOfTheBell","Reflex","Calculated Gamble+1","Dash","A Thousand Cuts+1","All Out Attack","Crippling Poison","A Thousand Cuts","Blade Dance","Blade Dance","Cloak And Dagger","Bullet Time","Predator"],"relics":["Calling Bell","PreservedInsect","Ninja Scroll","Thread and Needle","Shovel","War Paint","Girya","Meat on the Bone","CeramicFish","Pear","Sozu","Mercury Hourglass","Lee\u0027s Waffle","MawBank","Bird Faced Urn","Gremlin Horn","MealTicket","Pocketwatch","Art of War"],"acts_visited":["Exordium","TheCity"],"potions_floor_usage":[33],"damage_taken":[{"damage":0.0,"enemies":"2 Louse","floor":1.0,"turns":2.0},{"damage":0.0,"enemies":"Jaw Worm","floor":2.0,"turns":4.0},{"damage":0.0,"enemies":"Small Slimes","floor":3.0,"turns":5.0},{"damage":1.0,"enemies":"2 Fungi Beasts","floor":4.0,"turns":5.0},{"damage":3.0,"enemies":"Gremlin Gang","floor":5.0,"turns":7.0},{"damage":11.0,"enemies":"Gremlin Nob","floor":6.0,"turns":5.0},{"damage":2.0,"enemies":"Exordium Wildlife","floor":7.0,"turns":6.0},{"damage":0.0,"enemies":"Large Slime","floor":8.0,"turns":5.0},{"damage":0.0,"enemies":"3 Louse","floor":10.0,"turns":2.0},{"damage":1.0,"enemies":"3 Sentries","floor":11.0,"turns":5.0},{"damage":0.0,"enemies":"Gremlin Nob","floor":13.0,"turns":4.0},{"damage":13.0,"enemies":"Exordium Thugs","floor":14.0,"turns":5.0},{"damage":49.0,"enemies":"Slime Boss","floor":16.0,"turns":11.0},{"damage":8.0,"enemies":"Shell Parasite","floor":18.0,"turns":8.0},{"damage":0.0,"enemies":"3 Byrds","floor":19.0,"turns":5.0},{"damage":26.0,"enemies":"Snake Plant","floor":21.0,"turns":5.0},{"damage":20.0,"enemies":"Slavers","floor":23.0,"turns":3.0},{"damage":21.0,"enemies":"Book of Stabbing","floor":25.0,"turns":5.0},{"damage":12.0,"enemies":"Slavers","floor":28.0,"turns":3.0},{"damage":2.0,"enemies":"Sentry and Sphere","floor":30.0,"turns":3.0},{"damage":23.0,"enemies":"Book of Stabbing","floor":31.0,"turns":4.0},{"damage":69,"enemies":"Collector","floor":33,"turns":7}],"seed_played":"-8592034610704059357","potions_obtained":[{"floor":1.0,"key":"Dexterity Potion"},{"floor":6.0,"key":"AttackPotion"},{"floor":7.0,"key":"GhostInAJar"},{"floor":8.0,"key":"CultistPotion"},{"floor":16.0,"key":"Weak Potion"}],"is_trial":false,"path_per_floor":["M","M","M","M","M","E","M","M","T","M","E","R","E","M","R","B",null,"M","M","?","M","$","E","R","E","T","?","E","?","M","E","R","B"],"character_chosen":"THE_SILENT","items_purchased":["Lee\u0027s Waffle"],"campfire_rested":0,"item_purchase_floors":[22],"current_hp_per_floor":[63,63,63,62,59,48,46,46,46,46,45,45,45,44,54,17,64,56,56,56,42,87,67,67,46,46,46,48,31,43,36,36,0,0],"gold":558,"neow_bonus":"BOSS_RELIC","is_daily":false,"chose_seed":false,"campfire_upgraded":1,"win_rate":0.0,"timestamp":1611414259,"path_taken":["M","M","M","M","M","E","M","M","T","M","E","R","E","M","R","BOSS","M","M","?","M","$","E","R","E","T","?","E","?","M","E","R","BOSS"],"items_purchased_type":["Relic"],"build_version":"2020-12-22","purchased_purges":1,"victory":false,"max_hp_per_floor":[70,70,70,70,70,70,70,70,70,70,70,70,70,70,80,80,80,80,80,80,80,87,87,87,87,87,87,87,92,92,92,92,92,92],"card_choices":[{"not_picked":["Bane","Calculated Gamble"],"picked":"Reflex","floor":1.0},{"not_picked":["Flying Knee","PiercingWail","Backflip"],"picked":"SKIP","floor":2.0},{"not_picked":["Prepared","Slice","Poisoned Stab"],"picked":"SKIP","floor":3.0},{"not_picked":["Bane","Reflex"],"picked":"Calculated Gamble","floor":4.0},{"not_picked":["Poisoned Stab","Dagger Spray"],"picked":"Dash","floor":5.0},{"not_picked":["Escape Plan","Predator"],"picked":"A Thousand Cuts","floor":6.0},{"not_picked":["Flying Knee","Quick Slash"],"picked":"All Out Attack","floor":7.0},{"not_picked":["Backflip","Dagger Throw","Skewer"],"picked":"SKIP","floor":8.0},{"not_picked":["Prepared","Dagger Throw","Outmaneuver"],"picked":"SKIP","floor":10.0},{"not_picked":["Dodge and Roll","Poisoned Stab"],"picked":"Crippling Poison","floor":11.0},{"not_picked":["Slice","Phantasmal Killer","Acrobatics"],"picked":"SKIP","floor":13.0},{"not_picked":["Prepared","Flying Knee","All Out Attack"],"picked":"SKIP","floor":14.0},{"not_picked":["Tools of the Trade","Die Die Die"],"picked":"A Thousand Cuts","floor":16.0},{"not_picked":["Sucker Punch+1","Dash","Acrobatics"],"picked":"SKIP","floor":18.0},{"not_picked":["Quick Slash","Footwork","Sucker Punch+1"],"picked":"SKIP","floor":19.0},{"not_picked":["Dagger Spray","Acrobatics"],"picked":"Blade Dance","floor":21.0},{"not_picked":["Underhanded Strike","Dodge and Roll","Deadly Poison"],"picked":"SKIP","floor":23.0},{"not_picked":["Dagger Spray+1","Dodge and Roll"],"picked":"Blade Dance","floor":25.0},{"not_picked":["Deflect","Heel Hook"],"picked":"Cloak And Dagger","floor":28.0},{"not_picked":["Bouncing Flask","Outmaneuver"],"picked":"Bullet Time","floor":30.0},{"not_picked":["Concentrate","Caltrops+1"],"picked":"Predator","floor":31.0}],"player_experience":451250,"relics_obtained":[{"floor":0.0,"key":"PreservedInsect"},{"floor":0.0,"key":"Ninja Scroll"},{"floor":0.0,"key":"Thread and Needle"},{"floor":6.0,"key":"Shovel"},{"floor":9.0,"key":"War Paint"},{"floor":11.0,"key":"Girya"},{"floor":12.0,"key":"Meat on the Bone"},{"floor":13.0,"key":"CeramicFish"},{"floor":15.0,"key":"Pear"},{"floor":23.0,"key":"MawBank"},{"floor":25.0,"key":"Bird Faced Urn"},{"floor":26.0,"key":"Gremlin Horn"},{"floor":28.0,"key":"MealTicket"},{"floor":31.0,"key":"Pocketwatch"},{"floor":32.0,"key":"Art of War"}],"event_choices":[{"damage_healed":0.0,"max_hp_gain":0.0,"max_hp_loss":0.0,"gold_gain":0.0,"event_name":"The Mausoleum","player_choice":"Opened","floor":20.0,"gold_loss":0.0,"damage_taken":0.0,"relics_obtained":["Mercury Hourglass"]},{"damage_healed":0.0,"max_hp_gain":0.0,"max_hp_loss":0.0,"gold_gain":0.0,"event_name":"Ghosts","player_choice":"Ignored","floor":27.0,"gold_loss":0.0,"damage_taken":0.0},{"damage_healed":0.0,"max_hp_gain":5.0,"max_hp_loss":0.0,"gold_gain":0.0,"event_name":"Forgotten Altar","player_choice":"Shed Blood","floor":29.0,"gold_loss":0.0,"damage_taken":22.0}],"is_beta":false,"boss_relics":[{"not_picked":["Fusion Hammer","Runic Dome"],"picked":"Sozu"}],"items_purged_floors":[22],"is_endless":false,"potions_floor_spawned":[1,6,7,8,16,23,28,30],"killed_by":"Collector","ascension_level":6}}