{"host":"nii9k1idymerq4qj","time":1611410342,"event":{"mods":["Act Like it!","BaseMod","Colored Powertips","Gensokyo","Minty Spire (QoL Compilation)","Prisma Mod","Remilia£®¿Ÿ√◊¿Ú—«£©","Replay The Spire","StSLib","Waifu the Spire"],"gold_per_floor":[112,315,360,395,94,152,194,274,274,274,274,274],"floor_reached":11,"language":"ZHS","playtime":807,"items_purged":["PrismaMod:MiyuCommonDefend"],"score":73,"play_id":"034de692-e996-40fc-b423-8986270ed3b3","local_time":"20210123215902","is_ascension_mode":false,"campfire_choices":[],"circlet_count":0,"master_deck":["PrismaMod:MiyuCommonDefend","PrismaMod:MiyuCommonDefend","PrismaMod:MiyuCommonDefend","PrismaMod:MiyuCommonDefend","PrismaMod:MiyuCommonAttack","PrismaMod:MiyuCommonAttack+1","PrismaMod:MiyuCommonAttack","PrismaMod:MiyuCheapChannelAttack","PrismaMod:MiyuCheapChannelDefend","PrismaMod:MiyuEvokeBuffStr","PrismaMod:MiyuOrbIncreasePerm","PrismaMod:MiyuAttackChannelWeak","PrismaMod:MiyuUberAOEAttack","PrismaMod:MiyuUncommonAttack+1","PrismaMod:MiyuCheapDexBuff","PrismaMod:MiyuEvokeAll","PrismaMod:MiyuCheapStrBuff+1","PrismaMod:MiyuUncommonAttack"],"relics":["PrismaMod:PrismaSapphire","Whetstone","Frozen Egg 2","Replay:Ringing Soul","Ornamental Fan"],"acts_visited":["Exordium"],"potions_floor_usage":[8,11],"damage_taken":[{"damage":2,"enemies":"2 Louse","floor":1,"turns":3},{"damage":0,"enemies":"Jaw Worm","floor":3,"turns":5},{"damage":0,"enemies":"Cultist","floor":4,"turns":4},{"damage":13,"enemies":"Lagavulin","floor":6,"turns":7},{"damage":8,"enemies":"Blue Slaver","floor":7,"turns":4},{"damage":19,"enemies":"Lagavulin Event","floor":8,"turns":8},{"damage":11,"enemies":"Gremlin Nob","floor":11,"turns":4}],"seed_played":"-3242009071873368890","potions_obtained":[{"floor":4,"key":"GamblersBrew"},{"floor":7,"key":"AttackPotion"}],"is_trial":false,"path_per_floor":["M","?","M","M","$","E","M","?","T","?","E"],"character_chosen":"MIYU","items_purchased":["PrismaMod:MiyuCheapDexBuff","Whetstone"],"campfire_rested":0,"item_purchase_floors":[5,5],"current_hp_per_floor":[73,55,55,55,55,42,34,18,18,11,0,0],"gold":274,"neow_bonus":"TRANSFORM_CARD","is_daily":false,"chose_seed":false,"campfire_upgraded":0,"win_rate":0.0,"timestamp":1611410342,"path_taken":["M","?","M","?","$","E","M","?","T","?","E"],"items_purchased_type":["Card","Relic"],"build_version":"2020-12-22","purchased_purges":1,"victory":false,"max_hp_per_floor":[75,75,75,75,75,75,75,78,78,78,78,78],"card_choices":[{"not_picked":["PrismaMod:MiyuCarnivalAttack","PrismaMod:MiyuUberAttack"],"picked":"PrismaMod:MiyuOrbIncreasePerm","floor":1},{"not_picked":["PrismaMod:MiyuUncommonPlate","PrismaMod:MiyuEvokeBuffStr"],"picked":"PrismaMod:MiyuAttackChannelWeak","floor":2},{"not_picked":["PrismaMod:MiyuUncommonAttack","PrismaMod:MiyuDefenseExplosion"],"picked":"PrismaMod:MiyuUberAOEAttack","floor":3},{"not_picked":["PrismaMod:MiyuMaid","PrismaMod:MiyuCheapEvoke"],"picked":"PrismaMod:MiyuUncommonAttack","floor":4},{"not_picked":["PrismaMod:MiyuCheapChannelAttack","PrismaMod:MiyuCheapAttack1"],"picked":"PrismaMod:MiyuEvokeAll","floor":6},{"not_picked":["PrismaMod:MiyuCheapChannelDefend","PrismaMod:MiyuEvokeAll"],"picked":"PrismaMod:MiyuCheapStrBuff+1","floor":7},{"not_picked":["PrismaMod:MiyuAttackChannelWeak","PrismaMod:MiyuEvokeAll"],"picked":"PrismaMod:MiyuUncommonAttack","floor":8}],"player_experience":161550,"relics_obtained":[{"floor":6,"key":"Frozen Egg 2"},{"floor":8,"key":"Replay:Ringing Soul"},{"floor":9,"key":"Ornamental Fan"}],"event_choices":[{"damage_healed":0,"gold_gain":0,"player_choice":"Searched \u00271\u0027 times","damage_taken":0,"max_hp_gain":0,"max_hp_loss":0,"event_name":"Dead Adventurer","floor":8,"gold_loss":0},{"cards_removed":["PrismaMod:MiyuCommonAttack"],"damage_healed":0,"gold_gain":0,"player_choice":"Card Removal","damage_taken":7,"max_hp_gain":0,"max_hp_loss":0,"event_name":"Golden Wing","floor":10,"gold_loss":0}],"is_beta":false,"boss_relics":[],"items_purged_floors":[5],"is_endless":false,"potions_floor_spawned":[4,7],"killed_by":"Gremlin Nob","ascension_level":0}}