{"host":"sgwqwgbtco1nn2mb","time":1611431381,"event":{"mods":["ATMod(°¢èªMod)","Act Like it!","BaseMod","Downfall","Gensokyo","Hermit","KinomotoSakuraMod(Ä¾Ö®±¾Ó£)","Marisa£¨ìFÓê¡¡Ä§ÀíÉ³£©","Minty Spire (QoL Compilation)","MostiFishMod","Quick Restart","Replay The Spire","RumiaBox-Â¶Ã×æ«µÄÉñÃØºÐ×Ó","StSLib","The Marked","Waifu the Spire","vexMod","¡¾¹¦ÄÜMod¡¿»ìãçÖ®»·ÐÞ¸´²¹¶¡","¡¾ÒÅÎï¿¨ÅÆ¡¿REMEMod"],"gold_per_floor":[99,113,127,277,296,306,306,325,325,344,344,344,98,115,127,231,231,231,247,266,276,295,295,295,305,318,347,347,147,177,187,203,308,308,208,218,249,249,259,286,335,365,365,365,420,490,490,511,539,596,596,668,14,14,155,164],"floor_reached":57,"language":"ZHS","playtime":2841,"items_purged":["downfall:Icky","Clumsy"],"score":1581,"play_id":"e30dc28a-4ab6-4089-a3a8-54878a1db214","local_time":"20210124034941","is_ascension_mode":false,"campfire_choices":[{"data":"AT_EssenceShift","floor":1,"key":"SMITH"},{"data":"bronze:Goto","floor":11,"key":"SMITH"},{"floor":18,"key":"RECALL"},{"data":"bronze:Flail","floor":29,"key":"SMITH"},{"data":"bronze:Strike","floor":47,"key":"SMITH"},{"data":"bronze:ClassDefault","floor":54,"key":"SMITH"}],"circlet_count":0,"master_deck":["bronze:Strike","bronze:Strike","bronze:Strike","bronze:Strike","bronze:Defend","bronze:Defend","bronze:Defend","bronze:Defend","bronze:Replicate+1","bronze:Goto+1","Gensokyo:MorningStar+1","AT_EssenceShift+1","bronze:WhirlingStrike+1","bronze:Optimize+1","bronze:ChosenStrike+1","bronze:FineTuning+1","bronze:BitShift+1","bronze:BronzeOrb+1","bronze:DelayedSlice+1","bronze:DigitalCarnage+1","bronze:Mutator+1","bronze:Branch+1","bronze:Flail+1","bronze:Break+1","bronze:Turbo+1","bronze:Overheat+1","bronze:SpaghettiCode+1","bronze:FineTuning+1","Replay:SS_forest_2+1","bronze:Repair+1","bronze:HardenedForm+1","bronze:FineTuning+1","bronze:ClassDefault+1"],"relics":["bronze:BronzeCore","DaveBox","AT_ATBox","REME_ComplimentaryCards","RhineCircuit","Shuriken","Kunai","sneckomod:BlankCard","FeatherPendant","bronze:BottledCode","Replay:Accelerometer","Simple Rune","sneckomod:SneckoTalon","vexMod:ConsolationPrize","Durian","REME_HandOfSuture","REME_ArchaeologicalTools","Ring of Hypnosis","Ring of Peace","Thread and Needle","ImprovedEquipment","Orichalcum","OrangePellets"],"acts_visited":["Exordium","TheCity","TheBeyond","TheEnding"],"potions_floor_usage":[16,33,50,55],"damage_taken":[{"damage":0,"enemies":"Small Slimes","floor":2,"turns":3},{"damage":0,"enemies":"Jaw Worm","floor":3,"turns":2},{"damage":0,"enemies":"2 Louse","floor":5,"turns":2},{"damage":0,"enemies":"Exordium Wildlife","floor":6,"turns":2},{"damage":2,"enemies":"Large Slime","floor":8,"turns":3},{"damage":11,"enemies":"Exordium Wildlife","floor":10,"turns":2},{"damage":0,"enemies":"downfall:FleeingMerchant","floor":13,"turns":4},{"damage":0,"enemies":"2 Fungi Beasts","floor":14,"turns":3},{"damage":9,"enemies":"Lots of Slimes","floor":15,"turns":3},{"damage":4,"enemies":"WA_ARCHETYPE_RETAIN","floor":16,"turns":5},{"damage":0,"enemies":"Chosen","floor":19,"turns":2},{"damage":0,"enemies":"Chosen and Byrds","floor":20,"turns":2},{"damage":0,"enemies":"Centurion and Healer","floor":21,"turns":2},{"damage":0,"enemies":"3 Cultists","floor":22,"turns":3},{"damage":0,"enemies":"Sentry and Sphere","floor":25,"turns":2},{"damage":0,"enemies":"Centurion and Healer","floor":26,"turns":2},{"damage":0,"enemies":"Slavers","floor":27,"turns":2},{"damage":0,"enemies":"Gremlin Leader","floor":30,"turns":2},{"damage":0,"enemies":"Snecko","floor":31,"turns":1},{"damage":0,"enemies":"Snake Plant","floor":32,"turns":1},{"damage":0,"enemies":"SI_MIRROR_ARCHETYPE","floor":33,"turns":2},{"damage":0,"enemies":"Orb Walker","floor":36,"turns":1},{"damage":15,"enemies":"3 Shapes","floor":37,"turns":1},{"damage":0,"enemies":"Spire Growth","floor":39,"turns":1},{"damage":0,"enemies":"Giant Head","floor":40,"turns":2},{"damage":0,"enemies":"Nemesis","floor":42,"turns":2},{"damage":0,"enemies":"3 Darklings","floor":45,"turns":1},{"damage":0,"enemies":"Transient","floor":46,"turns":5},{"damage":0,"enemies":"Writhing Mass","floor":48,"turns":2},{"damage":0,"enemies":"Maw","floor":49,"turns":4},{"damage":0,"enemies":"IC_BLOCK_ARCHETYPE","floor":50,"turns":5},{"damage":0,"enemies":"downfall:CharBossMerchant","floor":52,"turns":4},{"damage":0,"enemies":"downfall:NeowBoss","floor":55,"turns":9},{"damage":0,"enemies":"downfall:NeowBossFinal","floor":56,"turns":7}],"seed_played":"-5948408823541479856","potions_obtained":[{"floor":5,"key":"Ancient Potion"},{"floor":14,"key":"AttackPotion"},{"floor":15,"key":"Slimebound:ThreeZeroPotion"},{"floor":16,"key":"Flashbang"},{"floor":21,"key":"Fire Potion"},{"floor":39,"key":"Swift Potion"},{"floor":40,"key":"PowerPotion"},{"floor":52,"key":"SpeedPotion"}],"is_trial":false,"path_per_floor":["R","M","M","?","M","M","T","M","T","M","R","?","$","M","M","B",null,"R","M","M","M","M","?","T","M","M","E","?","R","E","M","M","B",null,"R","M","M","?","M","E","T","E","?","?","M","M","R","M","M","B",null,"E","$","R","B","B",null],"character_chosen":"THE_AUTOMATON","items_purchased":["sneckomod:BlankCard","ImprovedEquipment","Orichalcum","OrangePellets"],"campfire_rested":0,"item_purchase_floors":[13,53,53,53],"current_hp_per_floor":[77,77,77,77,77,77,77,75,75,64,64,64,64,64,55,51,77,77,77,77,77,77,67,67,67,67,67,67,77,77,77,77,77,77,77,77,62,62,62,77,77,82,82,72,72,72,72,72,72,72,72,72,72,72,72,72],"gold":164,"neow_bonus":"TEN_PERCENT_HP_BONUS","is_daily":false,"chose_seed":false,"campfire_upgraded":5,"win_rate":0.0,"timestamp":1611431381,"path_taken":["R","M","M","?","M","M","T","M","?","M","R","?","$","?","M","BOSS","R","M","M","M","M","?","T","M","M","E","?","R","E","M","M","BOSS","R","M","M","?","M","E","T","E","?","?","M","M","R","?","M","BOSS","E","$","R","BOSS","BOSS"],"items_purchased_type":["Relic","Relic","Relic","Relic"],"build_version":"2020-12-22","purchased_purges":2,"victory":true,"max_hp_per_floor":[77,77,77,77,77,77,77,77,77,77,77,77,77,77,77,77,77,77,77,77,77,77,67,67,67,67,67,67,77,77,77,77,77,77,77,77,77,77,77,82,82,82,82,72,72,72,72,72,72,72,72,72,72,72,72,72],"card_choices":[{"not_picked":["bronze:Branch","bronze:Boost"],"picked":"bronze:WhirlingStrike","floor":2},{"not_picked":["bronze:OilSpill","bronze:Return"],"picked":"bronze:Optimize","floor":3},{"not_picked":["bronze:WhirlingStrike","bronze:CloningBeam"],"picked":"bronze:ChosenStrike","floor":5},{"not_picked":["bronze:Backtrace","bronze:BuggyMess"],"picked":"bronze:FineTuning","floor":6},{"not_picked":["bronze:WildBeam","bronze:DelayedGuard"],"picked":"bronze:OilSpill","floor":8},{"not_picked":["bronze:DelayedGuard","bronze:Frontload"],"picked":"bronze:BitShift","floor":10},{"not_picked":["bronze:BugBarrage","bronze:ShipIt"],"picked":"bronze:BronzeOrb","floor":13},{"not_picked":["bronze:ItsAFeature","bronze:Frontload"],"picked":"bronze:DelayedSlice","floor":14},{"not_picked":["bronze:DelayedGuard","bronze:Turbo"],"picked":"bronze:DigitalCarnage","floor":15},{"not_picked":["bronze:Verify","bronze:ShipIt"],"picked":"bronze:Mutator","floor":16},{"not_picked":["bronze:DelayedGuard","bronze:Optimize","bronze:BugBarrage+1"],"picked":"SKIP","floor":19},{"not_picked":["bronze:Invalidate","bronze:Overheat"],"picked":"bronze:Branch","floor":20},{"not_picked":["bronze:Shield","bronze:ChosenStrike","bronze:DelayedGuard"],"picked":"SKIP","floor":21},{"not_picked":["bronze:BugBarrage","bronze:Invalidate"],"picked":"bronze:Flail","floor":22},{"not_picked":["bronze:Allocate","bronze:WhirlingStrike"],"picked":"bronze:Break","floor":25},{"not_picked":["bronze:Frontload","bronze:DelayedGuard+1","bronze:Shield"],"picked":"SKIP","floor":26},{"not_picked":["bronze:DelayedGuard","bronze:Philosophize","bronze:OilSpill"],"picked":"SKIP","floor":27},{"not_picked":["bronze:Shield","bronze:BitShift+1"],"picked":"bronze:Turbo","floor":30},{"not_picked":["bronze:BugBarrage","bronze:Turbo"],"picked":"bronze:Overheat+1","floor":31},{"not_picked":["bronze:Overheat","bronze:Invalidate"],"picked":"bronze:SpaghettiCode","floor":32},{"not_picked":["bronze:WhirlingStrike","bronze:BitShift"],"picked":"bronze:FineTuning+1","floor":36},{"not_picked":["bronze:Iterate","bronze:BuggyMess+1","bronze:Safeguard+1"],"picked":"SKIP","floor":37},{"not_picked":["expansioncontent:PrepareCrush","expansioncontent:LastStand"],"picked":"Replay:SS_forest_2","floor":38},{"not_picked":["bronze:FollowUp+1","bronze:ChildClass+1"],"picked":"bronze:Repair+1","floor":39},{"not_picked":["bronze:Overheat","bronze:DelayedSlice+1","bronze:RecursiveStrike"],"picked":"SKIP","floor":40},{"not_picked":["bronze:Mutator","bronze:ForceShield"],"picked":"bronze:HardenedForm","floor":42},{"not_picked":["bronze:BuggyMess","bronze:Backtrace"],"picked":"bronze:FineTuning+1","floor":45},{"not_picked":["bronze:OilSpill+1","bronze:Branch+1","bronze:DelayedGuard+1"],"picked":"SKIP","floor":46},{"not_picked":["bronze:ForLoop+1","bronze:Shield"],"picked":"bronze:ClassDefault","floor":48},{"not_picked":["bronze:OilSpill","bronze:Philosophize","bronze:ShipIt"],"picked":"SKIP","floor":49},{"not_picked":["bronze:CutThrough+1","bronze:Overload+1","bronze:BitShift+1"],"picked":"SKIP","floor":52}],"player_experience":561890,"relics_obtained":[{"floor":7,"key":"Shuriken"},{"floor":9,"key":"Kunai"},{"floor":27,"key":"Replay:Accelerometer"},{"floor":30,"key":"Simple Rune"},{"floor":35,"key":"vexMod:ConsolationPrize"},{"floor":40,"key":"Durian"},{"floor":41,"key":"REME_HandOfSuture"},{"floor":42,"key":"REME_ArchaeologicalTools"},{"floor":43,"key":"Ring of Hypnosis"},{"floor":43,"key":"Ring of Peace"},{"floor":52,"key":"Thread and Needle"}],"event_choices":[{"damage_healed":0,"gold_gain":0,"player_choice":"Ignored","damage_taken":0,"max_hp_gain":0,"max_hp_loss":0,"event_name":"Ghosts","floor":28,"gold_loss":0}],"is_beta":false,"boss_relics":[{"not_picked":["Replay:Bronze Core","MoonlightInvasionPlan"],"picked":"FeatherPendant"},{"not_picked":["Ring of Chaos","Runic Dome"],"picked":"sneckomod:SneckoTalon"}],"items_purged_floors":[13,53],"is_endless":false,"potions_floor_spawned":[5,14,15,16,19,21,22,25,30,31,39,40,42,49,52],"ascension_level":0}}