{"host":"r10yh36zs2k9z1sa","time":1611402457,"event":{"mods":["AchievementEnabler","Act Like it!","Aspiration","Astrologer","BaseMod","Colored Map","Conspire","Decade(¤ý¤p©ú)","Gensokyo","Hermit","Highlight Path","KinomotoSakuraMod(¤ì¤§¥»?)","Koishi","KomeijiMod","Marisa¡]Ãú«B¡@Å]²z¨F¡^","Minty Spire (QoL Compilation)","Permanent Neow","Quick Restart","Reimu¡]³Õ???¡^","Remilia¡]Á¢¦Ì²ú?¡^","StSLib","SuperFastMode","The Administrix","The Animator","The Bug Knight","The Cursed","The Gatherer","The Marked","The Mystic","The Saiyan","The Senshi","The Servant 0.9.4","Youmu¡]»î¾z§¯?¡^","Yuri Mod","Yuyuko"],"gold_per_floor":[10,10,10,10,31,31,31,66,66,105,118,118,136,157,157,286,286,307,322,336,352,352,383,383,406,456,479,514,538,553,553,553,683,683,698,717,642,89,113,452,452,452,452,476,353,388,403,416,416,416],"floor_reached":51,"language":"ZHS","playtime":7067,"items_purged":["Koishi:BasicStrike"],"score":733,"play_id":"72f9ba30-39f4-48c3-9823-5ffa6ab4c38a","local_time":"20210123194737","is_ascension_mode":false,"campfire_choices":[{"data":"Koishi:BloodcurdlingScream","floor":6.0,"key":"SMITH"},{"data":"Koishi:PredatoryInstincts","floor":12.0,"key":"SMITH"},{"data":"Koishi:VengefulSpirit","floor":15.0,"key":"SMITH"},{"data":"Koishi:MindStellarRelief","floor":24.0,"key":"SMITH"},{"data":"Koishi:Provoke","floor":32.0,"key":"SMITH"},{"data":"Koishi:TerrifyingSpectre","floor":41.0,"key":"SMITH"},{"data":"Gensokyo:SevenSchoolMysteries","floor":49,"key":"SMITH"}],"circlet_count":0,"master_deck":["Koishi:BasicStrike","Koishi:BasicStrike","Koishi:BasicStrike","Koishi:BasicDefend","Koishi:BasicDefend","Koishi:BasicDefend","Koishi:BasicDefend","Koishi:Provoke+1","Koishi:HauntingSlash+1","Koishi:BloodcurdlingScream+1","Koishi:StingingMind","Koishi:FidgetySnatcher","Koishi:PredatoryInstincts+1","Koishi:VengefulSpirit+1","Koishi:MindStellarRelief+1","Koishi:VengefulSpirit+1","Koishi:YoukaiPolygraph+1","Koishi:ApparitionsStalkTheNight","Koishi:PhantomBarrier+1","Koishi:UnconsciousUrges+1","Koishi:TerrifyingSpectre+1","Koishi:LastRemote+1","Gensokyo:SevenSchoolMysteries+1","Koishi:TremblingHands+1","Koishi:UnconsciousUrges+1","Koishi:DreadfulBlow","Koishi:DreadfulBlow","Koishi:JumpScare+1"],"relics":["Koishi:ImaginaryFriend","Unceasing Top","Golden Idol","Meat on the Bone","aspiration:FetidBarrel","StrikeDummy","Koishi:ColorfulDays","Ornamental Fan","Lantern","aspiration:Stabinomicon","Coffee Dripper","NitorisBag","aspiration:Lifesprig","Koishi:LettersToReimu","theSenshi:FeatherClipsRelic","Mercury Hourglass","GoodDreamPillow","Thread and Needle","Pen Nib"],"acts_visited":["Exordium","TheCity","TheCity"],"potions_floor_usage":[],"damage_taken":[{"damage":0.0,"enemies":"Jaw Worm","floor":1.0,"turns":4.0},{"damage":0.0,"enemies":"Small Slimes","floor":5.0,"turns":6.0},{"damage":25.0,"enemies":"Gremlin Nob","floor":8.0,"turns":4.0},{"damage":23.0,"enemies":"3 Sentries","floor":10.0,"turns":8.0},{"damage":1.0,"enemies":"Cultist","floor":11.0,"turns":3.0},{"damage":0.0,"enemies":"Gremlin Gang","floor":13.0,"turns":2.0},{"damage":7.0,"enemies":"Looter","floor":14.0,"turns":4.0},{"damage":38.0,"enemies":"Slime Boss","floor":16.0,"turns":13.0},{"damage":16.0,"enemies":"Chosen","floor":18.0,"turns":5.0},{"damage":2.0,"enemies":"conspire:FuzzyDice","floor":19.0,"turns":7.0},{"damage":12.0,"enemies":"Centurion and Healer","floor":20.0,"turns":5.0},{"damage":13.0,"enemies":"Cultist and Chosen","floor":21.0,"turns":7.0},{"damage":27.0,"enemies":"Gremlin Leader","floor":23.0,"turns":6.0},{"damage":0.0,"enemies":"Sentry and Sphere","floor":25.0,"turns":3.0},{"damage":23.0,"enemies":"Snake Plant","floor":27.0,"turns":4.0},{"damage":18.0,"enemies":"Book of Stabbing","floor":28.0,"turns":6.0},{"damage":5.0,"enemies":"Snecko","floor":29.0,"turns":4.0},{"damage":11.0,"enemies":"3 Cultists","floor":30.0,"turns":5.0},{"damage":9.0,"enemies":"conspire:MysteriousRune","floor":33.0,"turns":7.0},{"damage":6.0,"enemies":"Gensokyo:3_Boulders","floor":35.0,"turns":5.0},{"damage":0.0,"enemies":"Gensokyo:3_Bats","floor":36.0,"turns":4.0},{"damage":7.0,"enemies":"Gensokyo:3_Boulders","floor":39.0,"turns":6.0},{"damage":52.0,"enemies":"Gensokyo:Marisa","floor":40.0,"turns":7.0},{"damage":19.0,"enemies":"Gensokyo:AtlasGolem","floor":44.0,"turns":4.0},{"damage":3.0,"enemies":"conspire:MimicChest","floor":46.0,"turns":5.0},{"damage":0.0,"enemies":"Gensokyo:Sharpion","floor":47.0,"turns":3.0},{"damage":1.0,"enemies":"Gensokyo:Dusk_and_Dawn","floor":48.0,"turns":3.0},{"damage":17,"enemies":"Gensokyo:Scarlet_Devils","floor":50,"turns":6}],"seed_played":"9131180192731746649","potions_obtained":[{"floor":5.0,"key":"SteroidPotion"},{"floor":10.0,"key":"Energy Potion"},{"floor":13.0,"key":"CalmPotion"},{"floor":14.0,"key":"ZuzhouPotion:ReiMu"},{"floor":18.0,"key":"Energy Potion"},{"floor":19.0,"key":"Energy Potion"},{"floor":25.0,"key":"FairyPotion"},{"floor":35.0,"key":"Weak Potion"},{"floor":44.0,"key":"DistilledChaos"},{"floor":48.0,"key":"SmokeBomb"}],"is_trial":false,"path_per_floor":["M","?","?","$","M","R","?","E","T","E","M","R","M","M","R","B",null,"M","M","M","M","?","E","R","M","T","M","E","M","M","?","R","B",null,"M","M","$","COS","M","E","R","?","T","M","?","?","M","M","R","B",null],"character_chosen":"KOISHI","items_purchased":[],"campfire_rested":0,"item_purchase_floors":[],"current_hp_per_floor":[60,45,45,45,49,49,31,20,20,13,30,30,54,57,57,31,60,52,60,60,60,60,53,53,60,60,51,47,54,60,60,60,60,60,60,60,60,60,60,38,38,38,38,45,45,60,60,60,60,53],"gold":416,"neow_bonus":"ONE_RARE_RELIC","is_daily":false,"chose_seed":false,"campfire_upgraded":7,"win_rate":0.0,"timestamp":1611402457,"path_taken":["M","?","?","?","M","R","?","E","T","E","M","R","M","M","R","BOSS","M","M","M","M","?","E","R","M","T","M","E","?","?","?","R","BOSS","M","M","?","COS","M","E","R","?","T","M","?","?","M","M","R","BOSS"],"items_purchased_type":[],"build_version":"2020-12-22","purchased_purges":1,"victory":true,"max_hp_per_floor":[60,60,60,60,60,60,60,60,60,60,60,60,60,60,60,60,60,60,60,60,60,60,60,60,60,60,60,60,60,60,60,60,60,60,60,60,60,60,60,60,60,60,60,60,60,60,60,60,60,60],"card_choices":[{"not_picked":["Koishi:ParalyzingFear","Koishi:FourthEye","Koishi:CatchAndRose"],"picked":"SKIP","floor":1.0},{"not_picked":["Koishi:YoukaiPolygraph","Koishi:RacingHeart"],"picked":"Koishi:BloodcurdlingScream","floor":5.0},{"not_picked":["Koishi:ReleaseOfTheId","Koishi:DanmakuParanoia"],"picked":"Koishi:StingingMind","floor":8.0},{"not_picked":["Koishi:GrowingPain","Koishi:PhilosophyOfTheDespised"],"picked":"Koishi:FidgetySnatcher","floor":10.0},{"not_picked":["Koishi:SpiritedAway","Koishi:Vanish"],"picked":"Koishi:PredatoryInstincts","floor":11.0},{"not_picked":["Koishi:RacingHeart","Koishi:UnconsciousUprising","Koishi:FreudianInstinct"],"picked":"SKIP","floor":13.0},{"not_picked":["Koishi:EmbryosDream","Koishi:RacingHeart"],"picked":"Koishi:VengefulSpirit","floor":14.0},{"not_picked":["Koishi:MentalBreakdown","Koishi:GrowingPain"],"picked":"Koishi:MindStellarRelief","floor":16.0},{"not_picked":["Koishi:UnconsciousUprising","Koishi:Prune","Koishi:DNAsFlaw"],"picked":"SKIP","floor":18.0},{"not_picked":["Koishi:StingingMind","Koishi:Jaunt"],"picked":"Koishi:VengefulSpirit+1","floor":19.0},{"not_picked":["Koishi:FleetingPhantom","Koishi:FidgetySnatcher"],"picked":"Koishi:YoukaiPolygraph+1","floor":20.0},{"not_picked":["Koishi:SpiritedAway","Koishi:DNAsFlaw+1","Koishi:Jaunt"],"picked":"SKIP","floor":21.0},{"not_picked":["Koishi:BramblyRoseGarden+1","Koishi:RoseHell","Koishi:UnconsciousUprising"],"picked":"SKIP","floor":23.0},{"not_picked":["Koishi:MassHysteria","Koishi:LastRemote"],"picked":"Koishi:ApparitionsStalkTheNight","floor":25.0},{"not_picked":["Koishi:UnseenTerror","Koishi:RorschachInDanmaku"],"picked":"Koishi:PhantomBarrier+1","floor":27.0},{"not_picked":["Koishi:PhantomStrike","Koishi:RacingHeart"],"picked":"Koishi:UnconsciousUrges","floor":28.0},{"not_picked":["Koishi:HeartfeltFancy+1","Koishi:ParalyzingFear","Koishi:HeartAttack"],"picked":"SKIP","floor":29.0},{"not_picked":["Koishi:Jaunt+1","Koishi:Prune","Koishi:SubconsciousSweep"],"picked":"SKIP","floor":30.0},{"not_picked":["Koishi:FadingMemory","Koishi:HeartStoppingHorror"],"picked":"Koishi:TerrifyingSpectre","floor":33.0},{"not_picked":["Koishi:IdleWhim+1","Koishi:PhantomBarrier"],"picked":"Koishi:LastRemote+1","floor":35.0},{"not_picked":["Koishi:StingingMind","Koishi:Bloodlust","Koishi:PhantomStrike+1"],"picked":"SKIP","floor":36.0},{"not_picked":["Koishi:SubconsciousSweep+1","Koishi:UnansweredLove+1"],"picked":"Koishi:TremblingHands+1","floor":39.0},{"not_picked":["Koishi:UnconsciousUprising+1","Koishi:CatchAndRose+1","Koishi:SprinkleStarAndHeart+1"],"picked":"SKIP","floor":39.0},{"not_picked":["Koishi:HeartStoppingHorror","Koishi:MindNumbingTerror+1"],"picked":"Koishi:UnconsciousUrges+1","floor":40.0},{"not_picked":["Koishi:Jaunt","Koishi:RacingHeart"],"picked":"Koishi:DreadfulBlow","floor":44.0},{"not_picked":["Koishi:DNAsFlaw","Koishi:ParalyzingFear"],"picked":"Koishi:DreadfulBlow","floor":46.0},{"not_picked":["Koishi:SubterraneanRose+1","Koishi:IdleWhim+1"],"picked":"Koishi:JumpScare+1","floor":47.0},{"not_picked":["Koishi:BloodcurdlingScream","Koishi:DanmakuParanoia","Koishi:HeartfeltFancy"],"picked":"SKIP","floor":48.0}],"player_experience":301116,"relics_obtained":[{"floor":8.0,"key":"aspiration:FetidBarrel"},{"floor":9.0,"key":"StrikeDummy"},{"floor":23.0,"key":"Ornamental Fan"},{"floor":26.0,"key":"Lantern"},{"floor":28.0,"key":"aspiration:Stabinomicon"},{"floor":40.0,"key":"Koishi:LettersToReimu"},{"floor":43.0,"key":"theSenshi:FeatherClipsRelic"},{"floor":46.0,"key":"Pen Nib"}],"event_choices":[{"damage_healed":0.0,"max_hp_gain":0.0,"max_hp_loss":0.0,"gold_gain":0.0,"event_name":"Golden Idol","player_choice":"Take Damage","floor":2.0,"gold_loss":0.0,"damage_taken":15.0,"relics_obtained":["Golden Idol"]},{"damage_healed":0.0,"max_hp_gain":0.0,"max_hp_loss":0.0,"gold_gain":0.0,"event_name":"Living Wall","player_choice":"Grow","floor":3.0,"gold_loss":0.0,"damage_taken":0.0,"cards_upgraded":["Koishi:HauntingSlash"]},{"damage_healed":0.0,"max_hp_gain":0.0,"max_hp_loss":0.0,"gold_gain":0.0,"event_name":"Scrap Ooze","player_choice":"Success","floor":7.0,"gold_loss":0.0,"damage_taken":18.0,"relics_obtained":["Meat on the Bone"]},{"damage_healed":0.0,"max_hp_gain":0.0,"max_hp_loss":0.0,"gold_gain":0.0,"event_name":"NoteForYourself","player_choice":"Ignored","floor":22.0,"gold_loss":0.0,"damage_taken":0.0},{"damage_healed":0.0,"max_hp_gain":0.0,"max_hp_loss":0.0,"gold_gain":0.0,"event_name":"Accursed Blacksmith","player_choice":"Forge","floor":31.0,"gold_loss":0.0,"damage_taken":0.0,"cards_upgraded":["Koishi:UnconsciousUrges"]}],"is_beta":false,"boss_relics":[{"not_picked":["Astrolabe","conspire:RunicOctahedron"],"picked":"Koishi:ColorfulDays"},{"not_picked":["aspiration:SecretTechniqueScroll","RedLine:ReiMu"],"picked":"Coffee Dripper"}],"items_purged_floors":[37],"is_endless":false,"potions_floor_spawned":[5,10,13,14,18,19,25,27,35,44,48],"ascension_level":0}}