{"host":"gobyjzz6xbwq9f9i","time":1611368780,"event":{"mods":["AchievementEnabler","BaseMod","Bestiary","Colored Map","Minty Spire (QoL Compilation)"],"gold_per_floor":[210,18,37,51,51,51,51,51,51,86,111,111,142,142,142,266,266,291,291,53,70,80,110,110,145,145,161,188,188,188,199,199,294,294,307,324,324,49,49,82,19,46,46,81,81,114,114,147,147,147],"floor_reached":51,"language":"ENG","playtime":3611,"items_purged":["Parasite","Decay","Finisher"],"score":1536,"play_id":"1de24210-9224-4a58-a07c-3a671cb5cc76","local_time":"20210122182620","is_ascension_mode":true,"campfire_choices":[{"data":"Skewer","floor":6.0,"key":"SMITH"},{"data":"Neutralize","floor":8.0,"key":"SMITH"},{"data":"Footwork","floor":12.0,"key":"SMITH"},{"data":"Well Laid Plans","floor":15.0,"key":"SMITH"},{"floor":24,"key":"REST"},{"data":"Catalyst","floor":30,"key":"SMITH"},{"data":"Backflip","floor":32,"key":"SMITH"},{"data":"Survivor","floor":45,"key":"SMITH"},{"data":"PiercingWail","floor":49,"key":"SMITH"}],"circlet_count":0,"master_deck":["AscendersBane","Survivor+1","Neutralize+1","All Out Attack+1","Skewer+1","Poisoned Stab","Well Laid Plans+1","Footwork+1","PiercingWail+1","Catalyst+1","Corpse Explosion","Backflip+1","Crippling Poison+1","Deadly Poison+1","Blur+1","Backflip+1","Leg Sweep+1","PiercingWail+1","Dodge and Roll+1","Night Terror+1","Calculated Gamble+1","Malaise+1","Doppelganger+1","Die Die Die","Quick Slash","Distraction+1","Dagger Spray","Reflex+1","Crippling Poison+1","Noxious Fumes+1","Concentrate+1","Master of Strategy+1","Blur+1","Regret","Dodge and Roll+1","Acrobatics+1"],"relics":["Ring of the Snake","Membership Card","Bloody Idol","Anchor","Art of War","Akabeko","Cursed Key","HandDrill","Singing Bowl","Centennial Puzzle","Lantern","Toxic Egg 2","PreservedInsect","Pandora\u0027s Box","War Paint","TwistedFunnel","Vajra","WingedGreaves","Shuriken","Regal Pillow","Bag of Preparation","Kunai","Paper Crane"],"acts_visited":["Exordium","TheCity","TheBeyond"],"potions_floor_usage":[23,25,28,31,50],"damage_taken":[{"damage":7.0,"enemies":"Small Slimes","floor":1.0,"turns":3.0},{"damage":0.0,"enemies":"Cultist","floor":3.0,"turns":4.0},{"damage":5.0,"enemies":"2 Louse","floor":4.0,"turns":2.0},{"damage":8.0,"enemies":"Gremlin Nob","floor":10.0,"turns":4.0},{"damage":0.0,"enemies":"Looter","floor":11.0,"turns":2.0},{"damage":14.0,"enemies":"3 Sentries","floor":13.0,"turns":6.0},{"damage":10.0,"enemies":"The Guardian","floor":16.0,"turns":15.0},{"damage":0.0,"enemies":"2 Thieves","floor":18.0,"turns":2.0},{"damage":19,"enemies":"Spheric Guardian","floor":21,"turns":4},{"damage":22,"enemies":"Snecko","floor":22,"turns":5},{"damage":22,"enemies":"Book of Stabbing","floor":23,"turns":5},{"damage":25,"enemies":"Gremlin Leader","floor":25,"turns":8},{"damage":2,"enemies":"Snake Plant","floor":27,"turns":4},{"damage":0,"enemies":"Slavers","floor":28,"turns":5},{"damage":1,"enemies":"Centurion and Healer","floor":31,"turns":5},{"damage":17,"enemies":"Champ","floor":33,"turns":12},{"damage":0,"enemies":"3 Shapes","floor":35,"turns":1},{"damage":0,"enemies":"3 Darklings","floor":36,"turns":3},{"damage":0,"enemies":"Giant Head","floor":40,"turns":6},{"damage":0,"enemies":"Nemesis","floor":42,"turns":7},{"damage":5,"enemies":"Giant Head","floor":44,"turns":3},{"damage":0,"enemies":"Reptomancer","floor":46,"turns":3},{"damage":0,"enemies":"Nemesis","floor":48,"turns":5},{"damage":9,"enemies":"Awakened One","floor":50,"turns":16}],"seed_played":"-5118807439677544205","potions_obtained":[{"floor":1.0,"key":"Block Potion"},{"floor":13.0,"key":"SpeedPotion"},{"floor":22,"key":"ColorlessPotion"},{"floor":25,"key":"ColorlessPotion"},{"floor":28,"key":"ColorlessPotion"},{"floor":29,"key":"Regen Potion"},{"floor":29,"key":"SmokeBomb"},{"floor":29,"key":"Ancient Potion"},{"floor":33,"key":"Weak Potion"},{"floor":44,"key":"PowerPotion"}],"is_trial":false,"path_per_floor":["M","$","M","M","?","R","?","R","T","E","M","R","E","?","R","B",null,"M","?","$","M","M","E","R","E","T","M","E","?","R","M","R","B",null,"M","M","?","$","?","E","$","E","T","E","R","E","?","E","R","B",null],"character_chosen":"THE_SILENT","items_purchased":["Membership Card","Skewer","HandDrill","Singing Bowl","War Paint","TwistedFunnel","Vajra"],"campfire_rested":1,"item_purchase_floors":[2,2,20,20,38,38,38],"current_hp_per_floor":[56,56,56,51,34,34,34,34,34,26,26,26,12,29,29,19,57,57,57,57,43,26,9,29,9,9,12,17,17,17,36,36,24,56,61,66,66,66,66,67,67,69,69,69,69,69,69,71,71,62],"gold":147,"neow_bonus":"HUNDRED_GOLD","is_daily":false,"chose_seed":false,"campfire_upgraded":8,"win_rate":0.0,"timestamp":1611368780,"path_taken":["M","$","M","M","?","R","?","R","T","E","?","R","E","?","R","BOSS","M","?","$","M","M","E","R","E","T","M","E","?","R","?","R","BOSS","M","M","?","$","?","E","$","E","T","E","R","E","?","E","R","BOSS"],"items_purchased_type":["Relic","Card","Relic","Relic","Relic","Relic","Relic"],"build_version":"2020-12-22","purchased_purges":3,"victory":true,"max_hp_per_floor":[70,70,70,70,70,70,70,70,70,70,70,70,70,70,70,70,70,70,70,67,67,67,67,67,67,67,67,67,67,67,67,67,67,67,67,67,67,67,67,67,67,69,69,69,69,69,69,71,71,71],"card_choices":[{"not_picked":["Slice","Sucker Punch"],"picked":"All Out Attack","floor":1.0},{"not_picked":["Dagger Throw","Acrobatics"],"picked":"Poisoned Stab","floor":3.0},{"not_picked":["Accuracy","Dagger Spray"],"picked":"Well Laid Plans","floor":4.0},{"not_picked":["Predator","Setup"],"picked":"Footwork","floor":10.0},{"not_picked":["Masterful Stab","Outmaneuver"],"picked":"PiercingWail","floor":11.0},{"not_picked":["Riddle With Holes","Finisher"],"picked":"Catalyst","floor":13.0},{"not_picked":["Doppelganger","Glass Knife"],"picked":"Corpse Explosion","floor":16.0},{"not_picked":["Setup","Skewer+1"],"picked":"Backflip","floor":18.0},{"not_picked":["Poisoned Stab","Masterful Stab+1"],"picked":"Crippling Poison","floor":21},{"not_picked":["Blade Dance","Dash+1"],"picked":"Deadly Poison+1","floor":22},{"not_picked":["Bane","Poisoned Stab+1"],"picked":"Blur","floor":23},{"not_picked":["Skewer","Poisoned Stab+1"],"picked":"Backflip+1","floor":25},{"not_picked":["Dash+1","Poisoned Stab"],"picked":"Leg Sweep+1","floor":27},{"not_picked":["Flying Knee","Caltrops+1"],"picked":"PiercingWail+1","floor":28},{"not_picked":["Blade Dance+1","All Out Attack+1"],"picked":"Dodge and Roll+1","floor":31},{"not_picked":["After Image","Grand Finale"],"picked":"Night Terror+1","floor":33},{"not_picked":["Underhanded Strike+1","Flechettes"],"picked":"Noxious Fumes+1","floor":35},{"not_picked":["Prepared+1","Eviscerate"],"picked":"Concentrate+1","floor":36},{"not_picked":["Swift Strike","Magnetism"],"picked":"Master of Strategy+1","floor":39},{"not_picked":["Flying Knee+1","Deadly Poison+1"],"picked":"Blur+1","floor":40},{"not_picked":["A Thousand Cuts","Choke+1","Tools of the Trade"],"picked":"Singing Bowl","floor":42},{"not_picked":["Deflect+1","Noxious Fumes"],"picked":"Dodge and Roll+1","floor":44},{"not_picked":["PiercingWail+1","Dodge and Roll+1"],"picked":"Acrobatics+1","floor":46},{"not_picked":["Deadly Poison+1","Heel Hook","Phantasmal Killer+1"],"picked":"Singing Bowl","floor":48}],"player_experience":1123687,"relics_obtained":[{"floor":9.0,"key":"Anchor"},{"floor":10.0,"key":"Art of War"},{"floor":13.0,"key":"Akabeko"},{"floor":23,"key":"Centennial Puzzle"},{"floor":25,"key":"Lantern"},{"floor":26,"key":"Toxic Egg 2"},{"floor":28,"key":"PreservedInsect"},{"floor":40,"key":"WingedGreaves"},{"floor":42,"key":"Shuriken"},{"floor":43,"key":"Regal Pillow"},{"floor":44,"key":"Bag of Preparation"},{"floor":46,"key":"Kunai"},{"floor":48,"key":"Paper Crane"}],"event_choices":[{"damage_healed":0.0,"max_hp_gain":0.0,"max_hp_loss":0.0,"gold_gain":0.0,"event_name":"Golden Idol","player_choice":"Take Damage","floor":5.0,"gold_loss":0.0,"damage_taken":17.0,"relics_obtained":["Golden Idol"]},{"damage_healed":0.0,"max_hp_gain":0.0,"max_hp_loss":0.0,"gold_gain":0.0,"event_name":"Upgrade Shrine","player_choice":"Upgraded","floor":7.0,"gold_loss":0.0,"damage_taken":0.0,"cards_upgraded":["All Out Attack"]},{"damage_healed":17.0,"max_hp_gain":0.0,"max_hp_loss":0.0,"gold_gain":0.0,"event_name":"Mushrooms","player_choice":"Healed and dodged fight","floor":14.0,"gold_loss":0.0,"damage_taken":0.0,"cards_obtained":["Parasite"]},{"damage_healed":0.0,"max_hp_gain":0.0,"max_hp_loss":0.0,"gold_gain":0.0,"event_name":"Forgotten Altar","player_choice":"Gave Idol","floor":19.0,"relics_lost":["Golden Idol"],"gold_loss":0.0,"damage_taken":0.0,"relics_obtained":["Bloody Idol"]},{"damage_healed":0,"gold_gain":0,"player_choice":"Got Potions","damage_taken":0,"max_hp_gain":0,"max_hp_loss":0,"event_name":"Lab","floor":29,"gold_loss":0},{"damage_healed":0,"gold_gain":0,"player_choice":"Ignored","damage_taken":0,"max_hp_gain":0,"max_hp_loss":0,"event_name":"Tomb of Lord Red Mask","floor":37,"gold_loss":0},{"damage_healed":0,"gold_gain":0,"player_choice":"Memory 1","damage_taken":0,"max_hp_gain":0,"max_hp_loss":0,"event_name":"SensoryStone","floor":39,"gold_loss":0},{"damage_healed":0,"gold_gain":0,"player_choice":"Ignored","damage_taken":0,"max_hp_gain":0,"max_hp_loss":0,"event_name":"Mysterious Sphere","floor":47,"gold_loss":0}],"is_beta":false,"boss_relics":[{"not_picked":["Astrolabe","Snecko Eye"],"picked":"Cursed Key"},{"not_picked":["Empty Cage","Busted Crown"],"picked":"Pandora\u0027s Box"}],"items_purged_floors":[20,38,41],"is_endless":false,"potions_floor_spawned":[1,13,22,25,28,33,44,46,48],"ascension_level":10}}