{"host":"p8f0otjoacyb9giz","time":1611413718,"event":{"mods":["AchievementEnabler","BaseMod","Downfall","Minty Spire (QoL Compilation)","StSLib"],"gold_per_floor":[99,99,99,99,99,99,172,183,83,116,116,116,134,167,183,183,183,183],"floor_reached":16,"language":"ENG","playtime":455,"items_purged":[],"score":122,"play_id":"4456f094-dfdd-4e3a-a8d2-b312b9d7cb77","local_time":"20210123175518","is_ascension_mode":true,"campfire_choices":[{"floor":1,"key":"RECALL"},{"data":"champ:Taunt","floor":6,"key":"SMITH"},{"data":"champ:DefensiveShout","floor":9,"key":"SMITH"}],"circlet_count":0,"master_deck":["champ:Strike","champ:Strike","champ:Strike","champ:Strike","champ:Defend","champ:Defend","champ:Defend","champ:Taunt+1","champ:DefensiveShout","champ:Haymaker","champ:VampiricStrike","champ:RageSigil","champ:DefensiveShout+1","champ:AdrenalArmor","champ:FlashCut"],"relics":["champ:ChampionCrown","downfall:HeartsMalice","Shuriken","downfall:HeartBlessingRed","Happy Flower","Blood Vial","Vajra"],"acts_visited":["Exordium"],"potions_floor_usage":[16],"damage_taken":[{"damage":0,"enemies":"Jaw Worm","floor":2,"turns":1},{"damage":0,"enemies":"Cultist","floor":3,"turns":1},{"damage":0,"enemies":"Small Slimes","floor":5,"turns":1},{"damage":8,"enemies":"Exordium Thugs","floor":8,"turns":4},{"damage":14,"enemies":"3 Sentries","floor":10,"turns":7},{"damage":0,"enemies":"Exordium Wildlife","floor":13,"turns":2},{"damage":15,"enemies":"Gremlin Nob","floor":14,"turns":4},{"damage":23,"enemies":"Lots of Slimes","floor":15,"turns":3},{"damage":18,"enemies":"DF_ARCHETYPE_STREAMLINE","floor":16,"turns":3}],"seed_played":"-3318798681850462878","potions_obtained":[{"floor":8,"key":"Ancient Potion"},{"floor":15,"key":"champ:OpenerPotion"}],"is_trial":false,"path_per_floor":["R","M","M","?","M","R","T","M","R","E","?","?","M","E","M","B"],"character_chosen":"THE_CHAMP","items_purchased":[],"campfire_rested":0,"item_purchase_floors":[],"current_hp_per_floor":[90,90,90,90,90,90,90,82,82,68,43,43,45,32,11,0,0,0],"gold":183,"neow_bonus":"THREE_ENEMY_KILL","is_daily":false,"chose_seed":false,"campfire_upgraded":2,"win_rate":0.0,"timestamp":1611413718,"path_taken":["R","M","M","?","?","R","T","M","R","E","?","?","M","E","M","BOSS"],"items_purchased_type":[],"build_version":"2020-12-22","purchased_purges":0,"victory":false,"max_hp_per_floor":[90,90,90,90,90,90,90,90,90,90,90,90,90,90,90,90,90,90],"card_choices":[{"not_picked":["champ:Haymaker","champ:PerfectedStrike"],"picked":"champ:DefensiveShout","floor":2},{"not_picked":["champ:Shatter","champ:BerserkerStyle"],"picked":"champ:Haymaker","floor":3},{"not_picked":["champ:HeartStrike","champ:EnragedBash"],"picked":"champ:RageSigil","floor":5},{"not_picked":["champ:EndlessRage","champ:BladeFlurry"],"picked":"champ:DefensiveShout","floor":8},{"not_picked":["champ:FanOfKnives","champ:FocusedBerserking","champ:Shatter"],"picked":"SKIP","floor":10},{"not_picked":["champ:ViciousMockery","champ:ArenaPreparation","champ:IgnorePain"],"picked":"SKIP","floor":13},{"not_picked":["champ:DeathBlow","champ:CalledShot","champ:FalseCounter"],"picked":"SKIP","floor":14},{"not_picked":["champ:RageSigil","champ:ArenaPreparation"],"picked":"champ:FlashCut","floor":15}],"player_experience":394984,"relics_obtained":[{"floor":7,"key":"Shuriken"},{"floor":10,"key":"Happy Flower"},{"floor":14,"key":"Vajra"}],"event_choices":[{"damage_healed":0,"gold_gain":0,"player_choice":"Success","damage_taken":25,"relics_obtained":["Blood Vial"],"max_hp_gain":0,"max_hp_loss":0,"event_name":"Scrap Ooze","floor":11,"gold_loss":0},{"damage_healed":0,"gold_gain":0,"cards_transformed":["champ:Defend"],"player_choice":"Change","damage_taken":0,"max_hp_gain":0,"max_hp_loss":0,"event_name":"Living Wall","floor":12,"gold_loss":0,"cards_obtained":["champ:AdrenalArmor"]}],"is_beta":false,"boss_relics":[],"items_purged_floors":[],"is_endless":false,"potions_floor_spawned":[8,15],"killed_by":"DF_ARCHETYPE_STREAMLINE","ascension_level":3}}