{"host":"7lqra3rfanasaqnt","time":1611437389,"event":{"mods":["AchievementEnabler","Act Like it!","BaseMod","Colored Powertips","Downfall","Friendly Minions","Minty Spire (QoL Compilation)","StSLib"],"gold_per_floor":[99,114,114,134,134,168,222,129,157,157,171,171,197,214,228,228,228,228],"floor_reached":16,"language":"ENG","playtime":720,"items_purged":[],"score":121,"play_id":"3e3bbb4a-c002-4c96-9434-453df487981a","local_time":"20210123142949","is_ascension_mode":true,"campfire_choices":[{"data":"champ:Taunt","floor":1,"key":"SMITH"},{"data":"champ:StanceDance","floor":10,"key":"SMITH"},{"data":"champ:Lariat","floor":12,"key":"SMITH"}],"circlet_count":0,"master_deck":["champ:Strike","champ:Strike","champ:Strike","champ:Strike","champ:Defend","champ:Defend","champ:Defend","champ:Defend","champ:Execute","champ:Taunt+1","champ:FaceSlap","champ:ShieldWall","champ:StanceDance+1","champ:EnragedBash","champ:Lariat+1","champ:PreciseThrust","champ:ShieldSlam","champ:AdrenalArmor","champ:FanOfKnives"],"relics":["champ:ChampionCrown","Oddly Smooth Stone","downfall:BrokenWingStatue","Vajra","Bag of Preparation","Torii","hexamod:BolsterEngine"],"acts_visited":["Exordium"],"potions_floor_usage":[4,15],"damage_taken":[{"damage":17,"enemies":"Cultist","floor":2,"turns":4},{"damage":16,"enemies":"Small Slimes","floor":4,"turns":3},{"damage":44,"enemies":"Gremlin Nob","floor":6,"turns":5},{"damage":12,"enemies":"downfall:FleeingMerchant","floor":8,"turns":4},{"damage":50,"enemies":"3 Sentries","floor":9,"turns":8},{"damage":0,"enemies":"Jaw Worm","floor":11,"turns":1},{"damage":5,"enemies":"Exordium Wildlife","floor":14,"turns":4},{"damage":20,"enemies":"2 Fungi Beasts","floor":15,"turns":2},{"damage":50,"enemies":"SI_SHIV_ARCHETYPE","floor":16,"turns":5}],"seed_played":"7573126162446765309","potions_obtained":[{"floor":2,"key":"DuplicationPotion"},{"floor":4,"key":"SkillPotion"},{"floor":9,"key":"EssenceOfSteel"},{"floor":11,"key":"DistilledChaos"}],"is_trial":false,"path_per_floor":["R","M","?","M","?","E","T","$","E","R","M","R","T","M","M","B"],"character_chosen":"THE_CHAMP","items_purchased":["champ:Lariat"],"campfire_rested":0,"item_purchase_floors":[8],"current_hp_per_floor":[90,83,83,77,82,53,53,51,35,35,35,35,35,35,35,0,0,0],"gold":228,"neow_bonus":"RANDOM_COMMON_RELIC","is_daily":false,"chose_seed":false,"campfire_upgraded":3,"win_rate":0.0,"timestamp":1611437389,"path_taken":["R","M","?","M","?","E","T","$","E","R","M","R","?","?","M","BOSS"],"items_purchased_type":["Card"],"build_version":"2020-12-22","purchased_purges":0,"victory":false,"max_hp_per_floor":[90,90,90,90,95,95,95,95,95,95,95,95,95,95,95,95,95,95],"card_choices":[{"not_picked":["champ:ShieldWall","champ:AdrenalArmor"],"picked":"champ:FaceSlap","floor":2},{"not_picked":["champ:TornadoPunch","champ:FocusedDefense"],"picked":"champ:ShieldWall","floor":4},{"not_picked":["champ:GladiatorForm","champ:FlashCut"],"picked":"champ:StanceDance","floor":6},{"not_picked":["champ:Backstep","champ:HeartStrike"],"picked":"champ:EnragedBash","floor":8},{"not_picked":["champ:FocusedDefense","champ:ShieldSigil"],"picked":"champ:PreciseThrust","floor":9},{"not_picked":["champ:Backstep","champ:Shatter"],"picked":"champ:ShieldSlam","floor":11},{"not_picked":["champ:BerserkersShout","champ:PreemptiveStrike"],"picked":"champ:AdrenalArmor","floor":14},{"not_picked":["champ:EnchantSword","champ:SkillfulDodge"],"picked":"champ:FanOfKnives","floor":15}],"player_experience":579447,"relics_obtained":[{"floor":6,"key":"Vajra"},{"floor":7,"key":"Bag of Preparation"},{"floor":9,"key":"Torii"},{"floor":13,"key":"hexamod:BolsterEngine"}],"event_choices":[{"damage_healed":0,"gold_gain":0,"player_choice":"Donut","damage_taken":0,"max_hp_gain":5,"max_hp_loss":0,"event_name":"Big Fish","floor":5,"gold_loss":0}],"is_beta":false,"boss_relics":[],"items_purged_floors":[],"is_endless":false,"potions_floor_spawned":[2,4,9,11,14],"killed_by":"SI_SHIV_ARCHETYPE","ascension_level":2}}