{"host":"sv5wu69vx5k0n1ve","time":1611386395,"event":{"mods":["Act Like it!","BaseMod","Colored Powertips","Gensokyo","Minty Spire (QoL Compilation)","Quick Restart","Relic Stats","StSLib"],"gold_per_floor":[114,114,127,141,160,160,193,206,275,292,292,292],"floor_reached":11,"language":"ZHS","playtime":491,"items_purged":[],"score":80,"play_id":"8d88db4d-7f69-48ef-984d-43e1baecaeb9","local_time":"20210123151955","is_ascension_mode":true,"campfire_choices":[{"data":"Predator","floor":6.0,"key":"SMITH"}],"circlet_count":0,"master_deck":["Strike_G","Strike_G","Strike_G","Strike_G","Strike_G","Defend_G","Defend_G","Defend_G","Defend_G","Defend_G","Survivor","Neutralize","Footwork","Dagger Throw","Injury","Footwork","Predator+1","Cloak And Dagger","Prepared","Calculated Gamble+1"],"relics":["Ring of the Snake","The Courier","Lizard Tail","Toxic Egg 2"],"acts_visited":["Gensokyo:Gensokyo"],"potions_floor_usage":[11],"damage_taken":[{"damage":0.0,"enemies":"Gensokyo:2_Kodama","floor":1.0,"turns":6.0},{"damage":0.0,"enemies":"Gensokyo:3_Fairies","floor":3.0,"turns":5.0},{"damage":10.0,"enemies":"Gensokyo:Gryphon","floor":4.0,"turns":5.0},{"damage":0.0,"enemies":"Gensokyo:LivingMonolith","floor":5.0,"turns":3.0},{"damage":12.0,"enemies":"Gensokyo:Mamizou","floor":7.0,"turns":9.0},{"damage":8.0,"enemies":"Gensokyo:CorruptedTreant","floor":8.0,"turns":5.0},{"damage":4.0,"enemies":"Gensokyo:Python_and_Kodama","floor":10.0,"turns":4.0},{"damage":21,"enemies":"Gensokyo:Cirno","floor":11,"turns":7}],"seed_played":"-5807948727479735946","potions_obtained":[{"floor":1.0,"key":"Ancient Potion"},{"floor":7.0,"key":"Fire Potion"}],"is_trial":false,"path_per_floor":["M","?","M","M","M","R","E","M","T","M","E"],"character_chosen":"THE_SILENT","items_purchased":[],"campfire_rested":0,"item_purchase_floors":[],"current_hp_per_floor":[70,70,70,60,60,60,48,40,40,36,15,15],"gold":292,"neow_bonus":"THREE_CARDS","is_daily":false,"chose_seed":false,"campfire_upgraded":1,"win_rate":0.0,"timestamp":1611386395,"path_taken":["M","?","M","?","M","R","E","M","T","M","E"],"items_purchased_type":[],"build_version":"2020-12-22","purchased_purges":0,"victory":false,"max_hp_per_floor":[70,70,70,70,70,70,70,70,70,70,70,70],"relic_stats":{"Lizard Tail":0,"counters":[8,44],"obtain_stats":[{"Lizard Tail":7,"The Courier":2,"Toxic Egg 2":9,"Ring of the Snake":0},{"Lizard Tail":5,"The Courier":1,"Toxic Egg 2":6,"Ring of the Snake":0},{"Lizard Tail":28,"The Courier":6,"Toxic Egg 2":33,"Ring of the Snake":0}],"Ring of the Snake":[16]},"card_choices":[{"not_picked":["PiercingWail","Distraction"],"picked":"Footwork","floor":0.0},{"not_picked":["Endless Agony","Setup"],"picked":"Dagger Throw","floor":1.0},{"not_picked":["Quick Slash","Dagger Throw"],"picked":"Footwork","floor":3.0},{"not_picked":["Bane","Poisoned Stab"],"picked":"Predator","floor":4.0},{"not_picked":["Deadly Poison","Sucker Punch","Deflect"],"picked":"SKIP","floor":5.0},{"not_picked":["Backstab","Dodge and Roll"],"picked":"Cloak And Dagger","floor":7.0},{"not_picked":["Cloak And Dagger","Expertise"],"picked":"Prepared","floor":8.0},{"not_picked":["Sucker Punch","Deadly Poison+1"],"picked":"Calculated Gamble+1","floor":10.0}],"player_experience":152051,"relics_obtained":[{"floor":7.0,"key":"Lizard Tail"},{"floor":9.0,"key":"Toxic Egg 2"}],"event_choices":[],"is_beta":false,"boss_relics":[],"items_purged_floors":[],"is_endless":false,"potions_floor_spawned":[1,7],"killed_by":"Gensokyo:Cirno","ascension_level":1}}