{"host":"urvvf8749ekcxo1a","time":1611372790,"event":{"mods":["AchievementEnabler","BaseMod","Better Sensory Stone","BetterRewards","Colored Powertips","Evolution","Gold Saver","Marisa????????","Minty Spire (QoL Compilation)","Quick Restart","StSLib","SuperFastMode","The Cursed","The Hierophant","The Saiyan","The Servant 0.9.4","The Wild Card"],"gold_per_floor":[144,192,192,192,192,192,192,192,192,117,285,285,285,324,324,558,558,900,348,263,263,263,263,296,296,296,386,336,375,211,271,271,271,271],"floor_reached":33,"language":"ENG","playtime":667,"items_purged":[],"score":723,"play_id":"70c8d1fa-4b51-467e-9dcc-5478a79c5101","local_time":"20210122223310","daily_mods":["SealedDeck","Vintage","Heirloom","Time Dilation","Flight","Cursed Run","Midas"],"is_ascension_mode":true,"campfire_choices":[{"floor":6,"key":"DIG"},{"floor":7,"key":"REST"},{"floor":8,"key":"DIG"},{"floor":12,"key":"REST"},{"floor":15,"key":"DIG"},{"floor":23,"key":"DIG"},{"floor":25,"key":"DIG"},{"floor":32,"key":"REST"}],"circlet_count":0,"master_deck":["AscendersBane","Shuttle","TheCursedMod:EmpowerCircles","TheCursedMod:CursedAmulet","TheCursedMod:Stigma","BottledTime","TheCursedMod:CircleOfFlame+1","TheCursedMod:CircleOfFlame","TheCursedMod:CursedSpellbook+1","ShatteredReality","Writhe","Doubt","TheCursedMod:Mangle","Regret","MurderousAura","TheCursedMod:Grudge","Decay"],"relics":["Cursed Key","Darkstone Periapt","Du-Vu Doll","EVO:Axolotl","Shovel","InkBottle","Lizard Tail","Prayer Wheel","Ornamental Fan","Potion Belt","Pen Nib","PreservedInsect","Shuriken","Ice Cream","Pear","Philosopher\u0027s Stone","Old Coin","TheCursedMod:PinkPellets","TungstenRod","Meat on the Bone","MutagenicStrength","TheCursedMod:MagicCandle","Happy Flower","War Paint","Kunai","Thread and Needle","Frozen Egg 2","Medical Kit","Ancient Tea Set"],"acts_visited":["Exordium","TheCity"],"potions_floor_usage":[16,16,18,29],"damage_taken":[{"damage":0,"enemies":"Cultist","floor":1,"turns":2},{"damage":12,"enemies":"Small Slimes","floor":2,"turns":2},{"damage":22,"enemies":"Lagavulin Event","floor":11,"turns":4},{"damage":12,"enemies":"Jaw Worm","floor":14,"turns":3},{"damage":34,"enemies":"Hexaghost","floor":16,"turns":3},{"damage":30,"enemies":"Spheric Guardian","floor":18,"turns":4},{"damage":10,"enemies":"Shell Parasite","floor":24,"turns":2},{"damage":76,"enemies":"Slavers","floor":27,"turns":4},{"damage":20,"enemies":"Sentry and Sphere","floor":29,"turns":4},{"damage":49,"enemies":"Chosen and Byrds","floor":31,"turns":6},{"damage":54,"enemies":"Collector","floor":33,"turns":4}],"seed_played":"-3017687204333504331","potions_obtained":[{"floor":2,"key":"DuplicationPotion"},{"floor":14,"key":"LiquidBronze"},{"floor":16,"key":"ColorlessPotion"},{"floor":24,"key":"Swift Potion"}],"is_trial":true,"path_per_floor":["M","M","T","$","?","R","R","R","T","?","?","R","$","M","R","B",null,"M","$","?","?","$","R","M","R","T","E","?","M","$","M","R","B"],"character_chosen":"THE_CURSED","items_purchased":["TheCursedMod:PinkPellets","TungstenRod","TheCursedMod:Grudge","Medical Kit"],"campfire_rested":3,"item_purchase_floors":[19,19,19,30],"current_hp_per_floor":[64,52,58,58,40,40,63,63,69,69,47,71,71,59,69,41,85,55,55,55,55,55,55,57,57,63,64,64,56,56,19,50,0,0],"gold":271,"neow_bonus":"","is_daily":false,"chose_seed":false,"campfire_upgraded":0,"win_rate":0.0,"timestamp":1611372790,"path_taken":["M","M","?","$","?","R","R","R","T","?","?","R","$","?","R","BOSS","M","$","?","?","$","R","M","R","T","E","?","?","$","M","R","BOSS"],"items_purchased_type":["Relic","Relic","Card","Relic"],"build_version":"2020-12-22","purchased_purges":0,"victory":false,"max_hp_per_floor":[71,71,77,77,77,77,77,77,83,83,83,83,83,83,93,99,99,99,99,99,99,99,99,99,99,105,105,105,105,105,105,105,105,105],"card_choices":[{"not_picked":["TheCursedMod:SpreadPlague","TheCursedMod:CursedMace"],"picked":"TheCursedMod:Mangle","floor":11},{"not_picked":["Duplication","TrueSight"],"picked":"MurderousAura","floor":16},{"not_picked":["Deny","Replace","Sunlight"],"picked":"SKIP","floor":27}],"player_experience":152777,"relics_obtained":[{"floor":1,"key":"InkBottle"},{"floor":2,"key":"Lizard Tail"},{"floor":3,"key":"Prayer Wheel"},{"floor":6,"key":"Potion Belt"},{"floor":8,"key":"Pen Nib"},{"floor":9,"key":"PreservedInsect"},{"floor":11,"key":"Shuriken"},{"floor":14,"key":"Ice Cream"},{"floor":15,"key":"Pear"},{"floor":18,"key":"Old Coin"},{"floor":23,"key":"TheCursedMod:MagicCandle"},{"floor":24,"key":"Happy Flower"},{"floor":25,"key":"War Paint"},{"floor":26,"key":"Kunai"},{"floor":27,"key":"Thread and Needle"},{"floor":29,"key":"Frozen Egg 2"},{"floor":31,"key":"Ancient Tea Set"}],"event_choices":[{"damage_healed":0,"gold_gain":0,"player_choice":"Success","damage_taken":18,"relics_obtained":["Ornamental Fan"],"max_hp_gain":0,"max_hp_loss":0,"event_name":"Scrap Ooze","floor":5,"gold_loss":0},{"cards_removed":["TimeWarp"],"damage_healed":0,"gold_gain":0,"player_choice":"Card Removal","damage_taken":0,"max_hp_gain":0,"max_hp_loss":0,"event_name":"The Cleric","floor":10,"gold_loss":75},{"damage_healed":0,"gold_gain":0,"player_choice":"Searched \u00271\u0027 times","damage_taken":0,"max_hp_gain":0,"max_hp_loss":0,"event_name":"Dead Adventurer","floor":11,"gold_loss":0},{"damage_healed":0,"gold_gain":0,"player_choice":"Obtained Relic","damage_taken":0,"relics_obtained":["Meat on the Bone"],"max_hp_gain":0,"max_hp_loss":0,"event_name":"Addict","floor":20,"gold_loss":85},{"damage_healed":0,"gold_gain":0,"player_choice":"Inject Mutagens","damage_taken":0,"relics_obtained":["MutagenicStrength"],"max_hp_gain":0,"max_hp_loss":0,"event_name":"Drug Dealer","floor":21,"gold_loss":0},{"damage_healed":0,"gold_gain":0,"player_choice":"Bet on Murderer","damage_taken":0,"max_hp_gain":0,"max_hp_loss":0,"event_name":"The Joust","floor":28,"gold_loss":50}],"is_beta":false,"boss_relics":[{"not_picked":["Coffee Dripper","SacredBark"],"picked":"Philosopher\u0027s Stone"}],"items_purged_floors":[],"is_endless":false,"potions_floor_spawned":[2,14,16,24],"killed_by":"Collector","ascension_level":20}}