{"host":"itbqv4oobgse7q4n","time":1611418641,"event":{"mods":["100% Spire Juice","Act Like it!","Arknights The Spire","Aspiration","BaseMod","Bestiary","CapriCore","Card Forge","Colored Powertips","Evolution","Friendly Minions","Gensokyo","GifTheSpireLib","Hero for Fun","Highlight Path","HololiveMod","Hubris","LagranYue(???·?)","Minty Spire (QoL Compilation)","Prisma Mod","Relic Filter","Remilia??????","Replay The Spire","Shop Mod","Small Relic Pack","StSLib","Td1madao Mod","The Alterego","The Animator","The Immortal","The Necromancer","The Servant 0.9.4","The Wild Card","Yakumo Yukari mod"],"gold_per_floor":[116,136,136,136,136,136,171,62,89,117,42,56,74,104,104,407,407,420,420,436,181,199,227,227,227,227,244,456,496,532,555,555,663,663,688,717,717,742,761,798,798,815,924,924,924,962,280,303,303,303],"floor_reached":51,"language":"RUS","playtime":4071,"items_purged":[],"score":892,"play_id":"d97d8926-9a3f-49d5-9081-67cbba2ab754","local_time":"20210123191721","is_ascension_mode":false,"campfire_choices":[{"floor":15,"key":"RECALL"},{"data":"ats:Very Hot Blade","floor":41,"key":"SMITH"},{"floor":44,"key":"REST"},{"floor":49,"key":"REST"}],"circlet_count":0,"master_deck":["ats:Strike C+1","ats:Strike G+1","ats:Strike S+1","ats:Strike V+1","ats:Armor Crushing Shot+1","ats:Defend+1","ats:Defend+1","ats:Defend+1","ats:Defend+1","ats:Emotion Absorption+1","ats:Powerful Strike+1","ats:Support Order+1","ats:Apocalypse+1","ats:Serious Mode+1","ats:Revitalization+1","ats:Revitalization+1","ats:Roar Of Ursus+1","ats:Counter Healing Mode+1","ats:Disruption Kick+1","ats:Part Time Job+1","ats:Thorns+1","ats:Healing Strengthening+1","ats:Fractured Body+1","ats:Shadow Assault+1","ats:Powerful Strike+1","ats:Thermite Blade+1","Gensokyo:FourOfAKind+1","Gensokyo:FourOfAKind+1","Gensokyo:FourOfAKind+1","Gensokyo:FourOfAKind+1","ats:Composite Medical Shells+1","ats:Calcification+1","ats:Apocalypse+1","ats:Healing Strengthening+1","ats:Assault Order+1","ats:Very Hot Blade+1","Pot Of Greed+1","Pot Of Greed+1","Pot Of Greed+1","Pot Of Greed+1","ats:Revitalization+1","Gensokyo:TarnishedGold","Gensokyo:RustyChest","Gensokyo:LittleGreenMen+1","Gensokyo:ManorOfTheDishes+1","Magnetism+1","Madness+1","Flash of Steel+1","ats:Curse Doll+1"],"relics":["ats:Sanity","Hammer of Thor","Seething Fire","Anvil of the Gods","EVO:Axolotl","aspiration:ChemicalBlood","Gensokyo:LunaticRedEyes","Gensokyo:NagashiBinaDoll","StrikeDummy","ats:Originium","Oddly Smooth Stone","Bag of Marbles","hubris:FunFungus","Replay:Accelerometer","aspiration:RitualDagger","hubris:GlazedTorus","aspiration:ArtOfWarUpgrade","Matryoshka","ats:Emergency Defibrillator","CeramicFish","Gensokyo:Companionship","Philosopher\u0027s Stone","Regal Pillow","Grinning Jar","The Courier","hubris:Towel","Blood Vial","ClockworkSouvenir","ReplayTheSpireMod:ShopPack"],"acts_visited":["Gensokyo:Gensokyo","Gensokyo:Gensokyoer","Gensokyo:Gensokyoest"],"potions_floor_usage":[13,14,16,16,20,20,20,20,22,22,22,23,23,27,27,29,29,33,33,33,36,36,50,50,50,50,50],"damage_taken":[{"damage":17,"enemies":"Gensokyo:3_Fairies","floor":1,"turns":5},{"damage":0,"enemies":"Gensokyo:Gryphon","floor":2,"turns":3},{"damage":0,"enemies":"Gensokyo:Mamizou","floor":7,"turns":6},{"damage":0,"enemies":"hubris:Merchant","floor":8,"turns":1},{"damage":9,"enemies":"Gensokyo:Aya","floor":10,"turns":3},{"damage":0,"enemies":"Gensokyo:Python","floor":12,"turns":2},{"damage":57,"enemies":"Gensokyo:2_Rabbits","floor":13,"turns":7},{"damage":19,"enemies":"Gensokyo:Mamizou","floor":14,"turns":10},{"damage":38,"enemies":"Gensokyo:Kokoro","floor":16,"turns":10},{"damage":6,"enemies":"Gensokyo:CosmicMonolith","floor":18,"turns":2},{"damage":105,"enemies":"Gensokyo:2_Gloops","floor":20,"turns":7},{"damage":43,"enemies":"Gensokyo:Swordslinger","floor":22,"turns":4},{"damage":224,"enemies":"Gensokyo:Tenshi","floor":23,"turns":8},{"damage":105,"enemies":"Gensokyo:Slime_Group","floor":27,"turns":6},{"damage":66,"enemies":"Gensokyo:Chomper_and_Gloop","floor":28,"turns":6},{"damage":50,"enemies":"Gensokyo:Reisen","floor":29,"turns":6},{"damage":42,"enemies":"Gensokyo:3_Gloops","floor":31,"turns":5},{"damage":31,"enemies":"Gensokyo:Eiki","floor":33,"turns":4},{"damage":9,"enemies":"Gensokyo:3_Bats","floor":35,"turns":3},{"damage":51,"enemies":"Gensokyo:AncientGuardian","floor":36,"turns":5},{"damage":10,"enemies":"Gensokyo:4_Bats","floor":38,"turns":3},{"damage":59,"enemies":"Gensokyo:Rafflesia","floor":39,"turns":5},{"damage":27,"enemies":"Gensokyo:Doremy","floor":40,"turns":4},{"damage":12,"enemies":"Gensokyo:Sharpion","floor":42,"turns":3},{"damage":52,"enemies":"Gensokyo:Kasen","floor":46,"turns":5},{"damage":45,"enemies":"Gensokyo:Dusk_and_Dawn","floor":48,"turns":4},{"damage":47,"enemies":"Gensokyo:Yuyuko","floor":50,"turns":7}],"seed_played":"-4167202297236327004","potions_obtained":[{"floor":12,"key":"FearPotion"},{"floor":13,"key":"DuplicationPotion"},{"floor":13,"key":"LiquidMemories"},{"floor":14,"key":"Strength Potion"},{"floor":14,"key":"Milkshake"},{"floor":16,"key":"Languid Potion"},{"floor":16,"key":"Dexterity Potion"},{"floor":20,"key":"SpeedPotion"},{"floor":20,"key":"ColorlessPotion"},{"floor":20,"key":"ColorlessPotion"},{"floor":20,"key":"CultistPotion"},{"floor":22,"key":"LiquidMemories"},{"floor":22,"key":"Explosive Potion"},{"floor":27,"key":"Strength Potion"},{"floor":29,"key":"FairyPotion"},{"floor":33,"key":"Explosive Potion"},{"floor":36,"key":"Ancient Potion"},{"floor":36,"key":"Strength Potion"},{"floor":36,"key":"Block Potion"},{"floor":36,"key":"FairyPotion"},{"floor":50,"key":"Strength Potion"}],"is_trial":false,"path_per_floor":["M","M","?","?","?","?","E","$","T","E","COS","M","M","E","R","B",null,"M","?","M","COS","M","E","?","R","T","M","M","E","?","M","R","B",null,"M","M","?","M","M","E","R","M","T","R","?","E","COS","M","R","B",null],"character_chosen":"DOCTOR_CLASS","items_purchased":["ats:Serious Mode","ats:Revitalization"],"campfire_rested":2,"item_purchase_floors":[8,8],"current_hp_per_floor":[62,62,47,47,47,47,47,52,52,48,48,48,75,79,79,79,79,73,73,60,60,21,44,44,44,44,54,55,73,52,49,49,52,52,52,52,52,52,52,52,52,52,52,52,52,52,52,51,52,52],"gold":303,"neow_bonus":"TEN_PERCENT_HP_BONUS","is_daily":false,"chose_seed":false,"campfire_upgraded":1,"win_rate":0.0,"timestamp":1611418641,"path_taken":["M","M","?","?","?","?","E","$","T","E","COS","M","M","E","R","BOSS","M","?","M","COS","M","E","?","R","T","M","M","E","?","M","R","BOSS","M","M","?","?","M","E","R","M","T","R","?","E","COS","M","R","BOSS"],"items_purchased_type":["Card","Card"],"build_version":"2020-12-22","purchased_purges":0,"victory":true,"max_hp_per_floor":[79,79,79,79,79,79,79,79,79,79,79,79,79,79,79,79,79,79,79,79,79,79,79,73,73,73,73,73,73,52,52,52,52,52,52,52,52,52,52,52,52,52,52,52,52,52,52,52,52,52],"card_choices":[{"not_picked":["ats:Closed Bolt Burst Fire","ats:Overload"],"picked":"ats:Powerful Strike","floor":1},{"not_picked":["ats:Poison Spread","ats:Counter Healing Mode"],"picked":"ats:Support Order","floor":2},{"not_picked":["ats:Assault Order","ats:Leaping Hammer"],"picked":"ats:Apocalypse","floor":7},{"not_picked":["ats:Burning Ground","ats:Ignite"],"picked":"ats:Dogmatic Field","floor":10},{"not_picked":["ats:Poison Spread","ats:Steam Pump"],"picked":"ats:Revitalization","floor":12},{"not_picked":["ats:Wolf Pack","ats:Soul Rend"],"picked":"ats:Roar Of Ursus","floor":13},{"not_picked":["ats:Shell Defense","ats:Automatic Cover"],"picked":"ats:Counter Healing Mode","floor":13},{"not_picked":["ats:Revitalization","ats:Poison Spread"],"picked":"ats:Roar Of Ursus","floor":14},{"not_picked":["ats:Shadow Assault","ats:Durian"],"picked":"ats:Disruption Kick","floor":16},{"not_picked":["ats:Song Of Battle+1","ats:Explosion Area Strengthen"],"picked":"ats:Part Time Job+1","floor":18},{"not_picked":["ats:Poison Spread","ats:Shell Defense"],"picked":"ats:Thorns","floor":20},{"not_picked":["ats:Hook Shot","ats:Shell Defense+1"],"picked":"ats:Healing Strengthening","floor":22},{"not_picked":["ats:Disruption Kick","ats:Nebulous Foxfire"],"picked":"ats:Fractured Body","floor":23},{"not_picked":["ats:Childhood Dance","ats:Beaten Up"],"picked":"ats:Shadow Assault","floor":23},{"not_picked":["ats:Childhood Dance+1","ats:Ignite"],"picked":"ats:Powerful Strike","floor":27},{"not_picked":["ats:Chain Hook","ats:Phantom+1"],"picked":"ats:Revitalization","floor":28},{"not_picked":["ats:Leaping Hammer","ats:Closed Bolt Burst Fire"],"picked":"ats:Thermite Blade","floor":29},{"not_picked":["ats:Defend Order","ats:Shell Defense"],"picked":"ats:Composite Medical Shells+1","floor":31},{"not_picked":["ats:Ambush","ats:Rat Pack"],"picked":"ats:Calcification","floor":33},{"not_picked":["ats:Powerful Strike+1","ats:Rapid Magazine"],"picked":"ats:Apocalypse+1","floor":35},{"not_picked":["ats:Encircling Forest+1","ats:Powerful Strike"],"picked":"ats:Healing Strengthening+1","floor":36},{"not_picked":["ats:Shadow Raid","ats:Burning Ground+1"],"picked":"ats:Assault Order+1","floor":38},{"not_picked":["ats:Hammer On+1","ats:Automatic Cover","ats:Leaping Hammer"],"picked":"SKIP","floor":39},{"not_picked":["ats:Steam Pump","ats:Explosion Area Strengthen"],"picked":"ats:Very Hot Blade","floor":40},{"not_picked":["ats:Poison Spread+1","ats:Ignite","ats:Burning Ground"],"picked":"SKIP","floor":42},{"not_picked":["ats:Powerful Strike","ats:Assault Order+1"],"picked":"ats:Revitalization","floor":46},{"not_picked":["Poisoned Strike","Mayhem"],"picked":"Magnetism","floor":47},{"not_picked":["ReplayTheSpireMod:Private Reserves","Panacea"],"picked":"Madness","floor":47},{"not_picked":["Swift Strike","Mind Blast"],"picked":"Flash of Steel","floor":47},{"not_picked":["ats:Neurotoxin","ats:Beaten Up+1"],"picked":"ats:Curse Doll","floor":48}],"player_experience":194194,"relics_obtained":[{"floor":7,"key":"ats:Originium"},{"floor":7,"key":"Oddly Smooth Stone"},{"floor":9,"key":"Bag of Marbles"},{"floor":10,"key":"ats:Originium"},{"floor":10,"key":"hubris:FunFungus"},{"floor":14,"key":"ats:Originium"},{"floor":14,"key":"Replay:Accelerometer"},{"floor":23,"key":"ats:Originium"},{"floor":23,"key":"hubris:GlazedTorus"},{"floor":26,"key":"Matryoshka"},{"floor":29,"key":"CeramicFish"},{"floor":40,"key":"Regal Pillow"},{"floor":43,"key":"Grinning Jar"},{"floor":43,"key":"The Courier"},{"floor":46,"key":"Blood Vial"}],"event_choices":[],"is_beta":false,"boss_relics":[{"not_picked":["ats:Sanity Plus","Pandora\u0027s Box"],"picked":"aspiration:RitualDagger"},{"not_picked":["aspiration:SilentSkillbook","Replay:Wanted Poster"],"picked":"Philosopher\u0027s Stone"}],"items_purged_floors":[],"is_endless":false,"potions_floor_spawned":[12,13,14,16,18,23,28,31,36,38,40],"ascension_level":0}}