{"host":"axt9lilpy33335yw","time":1611427432,"event":{"mods":["AchievementEnabler","Act Like it!","BaseMod","Colored Map","Decade(王小明)","Faster Ascension Climbing","Gensokyo","Gold Saver","Highlight Path","Infinite Spire","Marked Mod","Minty Spire (QoL Compilation)","Quick Restart","Rare Cards Sparkle","Replay The Spire","StSLib","The Hierophant","The Servant 0.9.4","vexMod","篝火指南"],"gold_per_floor":[117,128,6803,6822,6839,6446,6480,6480,6480,6506,6346,6375,6375,6375,6375,6479,6479,6501,5904,5904,4993,4993,4846,4846,4880,4926,4940,4940,4345,4375,4407,4407,4415,4415],"floor_reached":33,"language":"ZHS","playtime":2445,"items_purged":[],"score":415,"play_id":"0ad88c0d-8af9-41a1-b198-769ff183c84d","local_time":"20210124024351","is_ascension_mode":false,"campfire_choices":[{"data":"DecadeViolentEmotion","floor":15,"key":"SMITH"},{"floor":32,"key":"REST"}],"circlet_count":0,"master_deck":["Decade_Attack","Decade_Attack+1","Decade_Attack","Decade_Attack","KamenRide+1","Decade_SpecialSkill+1","Decade_Defend","Decade_Defend","Decade_Defend","Decade_Defend+1","KamenRideRyuki","KamenRideDecade","Blade_Mach","Decade_Illusion","Decade_Illusion","KamenRideKuuga","DecadeViolentEmotion+1","FormRideTitan","Decade_Dash1","PrometheusPower+1","PrometheusPower","Hibiki_Attack2","DenO_Sword","Dragreder","UnarmedAttack1","Blade_Beat","AttackRide","KamenRideBlade+1","UnarmedAttack9+1","TimeVent+1","FormRideJack","KamenRideAgito","Blade_Metal+1","Blade_Metal","DragClaw","Shame","PrometheusPower","Hibiki_Attack1","Blade_Beat","UnarmedAttack6+1"],"relics":["Decadriver","TOEIDeficitBill","NeowsBlessing","Orichalcum","Juzu Bracelet","TheAbacus","Replay:Mystery Machine","DollysMirror","Replay:Bandana","Onion Ring","Enchiridion","Happy Flower","Black Star","vexMod:InvisibilityCloak","Strange Spoon","infinitespire:Beetle Shell","Guide Book","Medical Kit","vexMod:PaidLearning","ClockworkSouvenir","ReplayTheSpireMod:ShopPack","Old Coin","Golden Egg","Replay:Bottled Flurry","Replay:Baseball","Potion Belt","Molten Egg 2","Bag of Preparation","Replay:Lucky Slots","TungstenRod"],"acts_visited":["Gensokyo:Gensokyo","Gensokyo:Gensokyoer"],"potions_floor_usage":[25],"damage_taken":[{"damage":0,"enemies":"Gensokyo:Python","floor":1,"turns":1},{"damage":0,"enemies":"Gensokyo:3_Fairies","floor":2,"turns":2},{"damage":0,"enemies":"Gensokyo:Gryphon","floor":4,"turns":1},{"damage":1,"enemies":"Gensokyo:2_Rabbits","floor":5,"turns":4},{"damage":0,"enemies":"Gensokyo:Cirno","floor":7,"turns":5},{"damage":5,"enemies":"Gensokyo:Python_and_Kodama","floor":10,"turns":5},{"damage":10,"enemies":"Gensokyo:5_Fairies","floor":12,"turns":6},{"damage":0,"enemies":"Gensokyo:Reimu","floor":16,"turns":6},{"damage":3,"enemies":"Gensokyo:CosmicMonolith","floor":18,"turns":5},{"damage":50,"enemies":"Gensokyo:Tenshi","floor":25,"turns":6},{"damage":9,"enemies":"Gensokyo:AngelMirror","floor":27,"turns":5},{"damage":22,"enemies":"Gensokyo:Swordslinger","floor":30,"turns":3},{"damage":4,"enemies":"Gensokyo:Monolith_and_Dog","floor":31,"turns":5},{"damage":78,"enemies":"Gensokyo:Eternal_Rivals","floor":33,"turns":8}],"seed_played":"1265607294905235513","potions_obtained":[{"floor":1,"key":"Weak Potion"},{"floor":2,"key":"Death Potion"},{"floor":12,"key":"Doom Potion"},{"floor":16,"key":"Energy Potion"},{"floor":30,"key":"Strength Potion"},{"floor":31,"key":"Explosive Potion"}],"is_trial":false,"path_per_floor":["M","M","$","M","M","R","E","?","T","M","?","M","?","?","R","B",null,"M","$","?","COS","?","R","?","E","T","M","?","R","M","M","R","B"],"character_chosen":"Decade","items_purchased":["Decade_Illusion","Orichalcum","Juzu Bracelet","TheAbacus","KamenRideKuuga","Decade_Dash1","UnarmedAttack5","UnarmedAttack8","Metamorphosis","Finesse","Replay:Mystery Machine","PrometheusPower","UnarmedAttack5","DollysMirror","vexMod:InvisibilityCloak","Strange Spoon","Blade_Metal+1","infinitespire:Beetle Shell","Old Coin","Blade_Metal","DragClaw","Molten Egg 2","Bag of Preparation","Replay:Lucky Slots"],"campfire_rested":1,"item_purchase_floors":[3,3,3,3,3,3,3,3,3,3,6,6,6,6,19,19,19,19,23,23,23,29,29,29],"current_hp_per_floor":[70,70,70,70,70,70,70,70,70,70,70,69,69,69,69,69,70,70,70,70,70,70,70,70,35,35,38,43,43,30,32,54,0,0],"gold":4415,"neow_bonus":"THREE_ENEMY_KILL","is_daily":false,"chose_seed":false,"campfire_upgraded":1,"win_rate":0.0,"timestamp":1611427431,"path_taken":["M","M","$","M","M","R","E","?","T","M","?","M","?","?","R","BOSS","M","$","?","COS","?","R","?","E","T","M","?","R","M","M","R","BOSS"],"items_purchased_type":["Card","Relic","Relic","Relic","Card","Card","Card","Card","Card","Card","Relic","Card","Card","Relic","Relic","Relic","Card","Relic","Relic","Card","Card","Relic","Relic","Relic"],"build_version":"2020-12-22","purchased_purges":0,"victory":false,"max_hp_per_floor":[70,70,70,70,70,70,70,70,70,70,70,70,70,70,70,70,70,70,70,70,70,70,70,70,70,70,70,75,75,75,75,75,75,75],"card_choices":[{"not_picked":["FormRideDogga","Decade_Dash2"],"picked":"KamenRideRyuki","floor":1},{"not_picked":["Kiva_Bats","DenO_Gun"],"picked":"KamenRideDecade","floor":1},{"not_picked":["KamenRideFaiz","KamenRideDecade"],"picked":"Blade_Mach","floor":2},{"not_picked":["RideBooker","RideBooker_Skill_3","FormRideTitan"],"picked":"SKIP","floor":2},{"not_picked":["UnarmedAttack4","RideBooker"],"picked":"DecadeViolentEmotion","floor":4},{"not_picked":["FormRideGaruru","Decade_Dash1"],"picked":"FormRideTitan","floor":5},{"not_picked":["DenO_Rod","DenO_Gun"],"picked":"Decade_Dash1","floor":5},{"not_picked":["Kiva_Bats","FormRideDogga"],"picked":"Hibiki_Attack2","floor":7},{"not_picked":["DecadeViolentEmotion","Decade_Defend2"],"picked":"DenO_Sword","floor":7},{"not_picked":["UnarmedAttack6","FormRideDragon"],"picked":"Dragreder","floor":10},{"not_picked":["RideBooker_Skill_2","DenO_Gun"],"picked":"UnarmedAttack1","floor":10},{"not_picked":["FormRideBasshaa","FormRideDragon"],"picked":"Blade_Beat","floor":12},{"not_picked":["UnarmedAttack1","Hibiki_Attack1"],"picked":"AttackRide","floor":12},{"not_picked":["DecadeViolentEmotion","DenO_Climax"],"picked":"UnarmedAttack9","floor":16},{"not_picked":["NMDAZYYGL","DecadeViolentEmotion"],"picked":"TimeVent","floor":16},{"not_picked":["UnarmedAttack1+1","FormRideBasshaa"],"picked":"FormRideJack","floor":18},{"not_picked":["FormRideBasshaa","Decade_Dash2"],"picked":"KamenRideAgito","floor":18},{"not_picked":["Decade_Dash2","FormRideAxel"],"picked":"PrometheusPower","floor":25},{"not_picked":["FormRidePegasus","Blade_Slash","Decade_Defend2"],"picked":"SKIP","floor":25},{"not_picked":["RideBooker_Skill_2","Decade_Defend2"],"picked":"Hibiki_Attack1","floor":27},{"not_picked":["FormRideDragon","Blade_Kick"],"picked":"Blade_Beat","floor":30},{"not_picked":["PhotonAcceleration+1","Decade_Defend3+1"],"picked":"UnarmedAttack6+1","floor":31}],"player_experience":12435,"relics_obtained":[{"floor":7,"key":"Replay:Bandana"},{"floor":9,"key":"Onion Ring"},{"floor":25,"key":"Golden Egg"},{"floor":25,"key":"Replay:Bottled Flurry"},{"floor":26,"key":"Replay:Baseball"}],"event_choices":[],"is_beta":false,"boss_relics":[{"not_picked":["vexMod:RockOfEvil","Runic Dome"],"picked":"Black Star"}],"items_purged_floors":[],"is_endless":false,"potions_floor_spawned":[1,2,12,16,18,30,31],"killed_by":"Gensokyo:Eternal_Rivals","ascension_level":0}}