{"host":"e8hwgc5hwysw32tq","time":1611435760,"event":{"mods":["BaseMod","Downfall","Minty Spire (QoL Compilation)","Shop Mod","StSLib"],"gold_per_floor":[99,117,117,117,136,169,169,194,10,36,36,50,50,60,78,178,178,78,163,163,68,87,113,113,128,128,141,158,174,174,174,184,286,286,186,286,331,356,112,12,12,12,23,23,23,39,56,66,84,84,84,116,116,116,116,116,116],"floor_reached":55,"language":"ENG","playtime":4383,"items_purged":["Slimebound:Strike_Slimebound","Slimebound:Defend_Slimebound"],"score":747,"play_id":"ade46818-bbc1-4988-bf53-a779043956d1","local_time":"20210123130240","is_ascension_mode":false,"campfire_choices":[{"data":"Slimebound:CorrosiveSpit","floor":1,"key":"SMITH"},{"data":"Slimebound:LevelUp","floor":11,"key":"SMITH"},{"floor":13,"key":"RECALL"},{"data":"Slimebound:Gluttony","floor":18,"key":"SMITH"},{"data":"Slimebound:AcidTongue","floor":26,"key":"SMITH"},{"data":"Slimebound:SlimeSpikes","floor":30,"key":"SMITH"},{"data":"Slimebound:LeadByExample","floor":35,"key":"SMITH"},{"data":"Slimebound:Equalize","floor":40,"key":"SMITH"},{"data":"Slimebound:Defend_Slimebound","floor":45,"key":"SMITH"},{"data":"Slimebound:Tackle","floor":54,"key":"SMITH"}],"circlet_count":0,"master_deck":["Slimebound:Strike_Slimebound+1","Slimebound:Tackle+1","Slimebound:Defend_Slimebound+1","Slimebound:Split+1","Slimebound:CorrosiveSpit+1","Slimebound:LeechingTouch+1","Slimebound:SlimeSpikes+1","Slimebound:MegaLick+1","Slimebound:LivingWall+1","Slimebound:LevelUp+1","Slimebound:MassRepurpose+1","Slimebound:SplitMire+1","Slimebound:Schlurp+1","Slimebound:Repurpose+1","Slimebound:SamplingLick+1","Slimebound:Gluttony+1","Slimebound:OozeBath+1","Necronomicurse","Slimebound:Equalize+1","Slimebound:AcidTongue+1","Slimebound:MassRepurpose+1","Slimebound:SplitLeeching+1","Slimebound:Prepare+1","Slimebound:SpikyOuterGoop+1","Slimebound:LeadByExample+1","Slimebound:Darklings+1","Slimebound:Prepare+1","Slimebound:FirmFortitude+1","Slimebound:RejuvenatingLick+1","Decay","Slimebound:DouseInSlime+1"],"relics":["Slimebound:AbsorbEndCombat","Toxic Egg 2","Odd Mushroom","Question Card","Coffee Dripper","downfall:HeartBlessingGreen","Necronomicon","Whetstone","Thread and Needle","Empty Cage","downfall:HeartBlessingRed","TungstenRod","MawBank","Strange Spoon","downfall:HeartBlessingBlue","Lantern","Nunchaku"],"acts_visited":["Exordium","TheCity","TheBeyond","TheEnding"],"potions_floor_usage":[6,22,23,23,28,33,37,49,50,50],"damage_taken":[{"damage":0,"enemies":"2 Louse","floor":2,"turns":3},{"damage":3,"enemies":"Jaw Worm","floor":5,"turns":4},{"damage":14,"enemies":"Lagavulin","floor":6,"turns":6},{"damage":2,"enemies":"The Mushroom Lair","floor":8,"turns":3},{"damage":0,"enemies":"downfall:FleeingMerchant","floor":9,"turns":4},{"damage":19,"enemies":"3 Sentries","floor":10,"turns":5},{"damage":0,"enemies":"Small Slimes","floor":12,"turns":2},{"damage":0,"enemies":"Exordium Wildlife","floor":14,"turns":4},{"damage":8,"enemies":"Lots of Slimes","floor":15,"turns":4},{"damage":3,"enemies":"SI_SHIV_ARCHETYPE","floor":16,"turns":5},{"damage":0,"enemies":"downfall:FleeingMerchant","floor":21,"turns":4},{"damage":3,"enemies":"Spheric Guardian","floor":22,"turns":4},{"damage":7,"enemies":"Book of Stabbing","floor":23,"turns":6},{"damage":4,"enemies":"Snake Plant","floor":25,"turns":4},{"damage":0,"enemies":"Snecko","floor":27,"turns":5},{"damage":0,"enemies":"3 Cultists","floor":28,"turns":4},{"damage":0,"enemies":"Sentry and Sphere","floor":29,"turns":3},{"damage":6,"enemies":"Shelled Parasite and Fungi","floor":32,"turns":5},{"damage":25,"enemies":"DF_ARCHETYPE_CLAW","floor":33,"turns":7},{"damage":0,"enemies":"downfall:FleeingMerchant","floor":36,"turns":4},{"damage":44,"enemies":"2 Orb Walkers","floor":37,"turns":4},{"damage":4,"enemies":"3 Shapes","floor":43,"turns":4},{"damage":2,"enemies":"Orb Walker","floor":46,"turns":3},{"damage":15,"enemies":"Spire Growth","floor":47,"turns":4},{"damage":0,"enemies":"Maw","floor":48,"turns":4},{"damage":0,"enemies":"Transient","floor":49,"turns":5},{"damage":65,"enemies":"IC_BLOCK_ARCHETYPE","floor":50,"turns":8},{"damage":29,"enemies":"downfall:CharBossMerchant","floor":52,"turns":7},{"damage":87,"enemies":"downfall:NeowBoss","floor":55,"turns":13}],"seed_played":"1050622981258736293","potions_obtained":[{"floor":5,"key":"CultistPotion"},{"floor":8,"key":"GamblersBrew"},{"floor":10,"key":"Energy Potion"},{"floor":12,"key":"SkillPotion"},{"floor":22,"key":"sneckomod:MuddlingPotion"},{"floor":25,"key":"Slimebound:SpawnSlimePotion"},{"floor":28,"key":"EntropicBrew"},{"floor":29,"key":"AttackPotion"},{"floor":31,"key":"CultistPotion"},{"floor":47,"key":"PowerPotion"},{"floor":48,"key":"Explosive Potion"},{"floor":49,"key":"AttackPotion"}],"is_trial":false,"path_per_floor":["R","M","?","?","M","E","T","?","$","E","R","M","R","M","M","B",null,"R","?","?","$","M","E","T","M","R","M","M","M","R","?","M","B",null,"R","$","?","T","$","R","T","?","M","?","R","M","M","M","M","B",null,"E","$","R","B"],"character_chosen":"SLIMEBOUND","items_purchased":["Slimebound:MassRepurpose+1","Slimebound:SplitMire+1","Slimebound:AcidTongue","Slimebound:FirmFortitude+1","Strange Spoon"],"campfire_rested":0,"item_purchase_floors":[9,9,21,36,39],"current_hp_per_floor":[65,65,65,70,69,60,60,64,70,55,55,59,59,63,63,64,70,70,58,42,50,63,67,67,67,67,70,70,70,70,70,70,65,70,70,70,44,44,44,54,54,54,52,52,52,52,59,80,80,37,80,57,57,57,0,0,0],"gold":116,"neow_bonus":"UPGRADE_CARD","is_daily":false,"chose_seed":false,"campfire_upgraded":9,"win_rate":0.0,"timestamp":1611435760,"path_taken":["R","M","?","?","M","E","T","?","$","E","R","M","R","M","M","BOSS","R","?","?","?","?","E","T","?","R","M","M","M","R","?","M","BOSS","R","$","?","?","$","R","T","?","?","?","R","?","?","M","M","BOSS","E","$","R","BOSS"],"items_purchased_type":["Card","Card","Card","Card","Relic"],"build_version":"2020-12-22","purchased_purges":2,"victory":false,"max_hp_per_floor":[65,65,65,70,70,70,70,70,70,70,70,70,70,70,70,70,70,70,70,70,70,70,70,70,70,70,70,70,70,70,70,70,70,70,70,70,70,70,70,80,80,80,80,80,80,80,80,80,80,80,80,80,80,80,80,80,80],"card_choices":[{"not_picked":["Slimebound:SplitAcid","Slimebound:ComboTackle"],"picked":"Slimebound:LeechingTouch","floor":2},{"not_picked":["Slimebound:GoopTackle","Slimebound:FormOfPuddle"],"picked":"Slimebound:SlimeSpikes","floor":5},{"not_picked":["Slimebound:DisruptingSlam","Slimebound:SplitBruiser+1"],"picked":"Slimebound:MegaLick+1","floor":6},{"not_picked":["Slimebound:ItLooksTasty","Slimebound:DivideAndConquer"],"picked":"Slimebound:LivingWall+1","floor":8},{"not_picked":["Slimebound:RollThrough","Slimebound:MegaLick+1"],"picked":"Slimebound:LevelUp","floor":9},{"not_picked":["Slimebound:Nibble","Slimebound:Equalize"],"picked":"Slimebound:Schlurp+1","floor":10},{"not_picked":["Slimebound:Dissolve+1","Slimebound:FlameTackle","Slimebound:ItLooksTasty"],"picked":"Slimebound:Repurpose+1","floor":12},{"not_picked":["Slimebound:ItLooksTasty","Slimebound:SplitAcid+1","Slimebound:PressTheAttack"],"picked":"Slimebound:SamplingLick+1","floor":14},{"not_picked":["Slimebound:SplitSpecialist+1","Slimebound:ViciousTackle","Slimebound:FormOfPuddle+1"],"picked":"Slimebound:Gluttony","floor":15},{"not_picked":["Slimebound:LeechLife","Slimebound:MassRepurpose+1","Slimebound:CheckThePlaybook+1"],"picked":"Slimebound:OozeBath+1","floor":16},{"not_picked":["Slimebound:SplitAcid+1","Slimebound:Schlurp+1","Slimebound:Repurpose+1"],"picked":"Slimebound:Equalize","floor":21},{"not_picked":["Slimebound:TongueLash","Slimebound:SplitBruiser+1","Slimebound:RollThrough+1"],"picked":"Slimebound:MassRepurpose+1","floor":22},{"not_picked":["Slimebound:DivideAndConquer","Slimebound:SlimeBrawl+1","Slimebound:LeechEnergy+1","Slimebound:PressTheAttack"],"picked":"SKIP","floor":23},{"not_picked":["Slimebound:SlimeBrawl+1","Slimebound:HauntingLick+1","Slimebound:GoopTackle+1","Slimebound:Chomp"],"picked":"SKIP","floor":25},{"not_picked":["Slimebound:Overexert","Slimebound:SplitBruiser+1","Slimebound:LeechingTouch"],"picked":"Slimebound:SplitLeeching+1","floor":27},{"not_picked":["Slimebound:PressTheAttack","Slimebound:SplitBruiser+1","Slimebound:GoopTackle"],"picked":"Slimebound:Prepare+1","floor":28},{"not_picked":["Slimebound:SplitAcid+1","Slimebound:Schlurp+1","Slimebound:ComboTackle"],"picked":"Slimebound:SpikyOuterGoop","floor":29},{"not_picked":["Slimebound:ViciousTackle","Slimebound:DivideAndConquer","Slimebound:FlameTackle"],"picked":"Slimebound:LeadByExample","floor":32},{"not_picked":["Slimebound:Teamwork+1","Slimebound:MinionMaster","Slimebound:MassFeed"],"picked":"Slimebound:Darklings+1","floor":33},{"not_picked":["Slimebound:PressTheAttack","Slimebound:LeadByExample+1","Slimebound:ComboTackle+1"],"picked":"Slimebound:Prepare+1","floor":36},{"not_picked":["Slimebound:LevelUp+1","Slimebound:SplitBruiser+1","Slimebound:LeadByExample"],"picked":"Slimebound:RejuvenatingLick+1","floor":37},{"not_picked":["Slimebound:HauntingLick+1","Slimebound:LeechEnergy","Slimebound:GoopTackle+1","Slimebound:Equalize"],"picked":"SKIP","floor":43},{"not_picked":["Slimebound:Gluttony","Slimebound:MegaLick+1","Slimebound:SlimeBrawl+1","Slimebound:ComboTackle"],"picked":"SKIP","floor":46},{"not_picked":["Slimebound:LeadByExample+1","Slimebound:SplitLeeching+1","Slimebound:GrowthPunch+1","Slimebound:SplitAcid+1"],"picked":"SKIP","floor":47},{"not_picked":["Slimebound:ForwardTackle","Slimebound:FinishingTackle+1","Slimebound:SplitLeeching+1","Slimebound:SplitMire+1"],"picked":"SKIP","floor":48},{"not_picked":["Slimebound:Prepare+1","Slimebound:ItLooksTasty+1","Slimebound:GoopTackle","Slimebound:ViciousTackle"],"picked":"SKIP","floor":49},{"not_picked":["Slimebound:FormOfPuddle+1","Slimebound:SlimeBarrage","Slimebound:BestDefense+1"],"picked":"Slimebound:DouseInSlime+1","floor":52}],"player_experience":414959,"relics_obtained":[{"floor":6,"key":"Toxic Egg 2"},{"floor":8,"key":"Odd Mushroom"},{"floor":10,"key":"Question Card"},{"floor":20,"key":"Necronomicon"},{"floor":23,"key":"Whetstone"},{"floor":24,"key":"Thread and Needle"},{"floor":37,"key":"TungstenRod"},{"floor":38,"key":"MawBank"},{"floor":41,"key":"Lantern"},{"floor":52,"key":"Nunchaku"}],"event_choices":[{"cards_removed":["Slimebound:Defend_Slimebound"],"damage_healed":0,"gold_gain":0,"player_choice":"Card Removal","damage_taken":0,"max_hp_gain":0,"max_hp_loss":0,"event_name":"The Cleric","floor":3,"gold_loss":0},{"damage_healed":0,"gold_gain":0,"player_choice":"Donut","damage_taken":0,"max_hp_gain":5,"max_hp_loss":0,"event_name":"Big Fish","floor":4,"gold_loss":0},{"damage_healed":0,"gold_gain":0,"player_choice":"Fought Mushrooms","damage_taken":0,"max_hp_gain":0,"max_hp_loss":0,"event_name":"Mushrooms","floor":8,"gold_loss":0},{"damage_healed":0,"gold_gain":0,"player_choice":"Fight","damage_taken":0,"max_hp_gain":0,"max_hp_loss":0,"event_name":"Mysterious Sphere","floor":37,"gold_loss":0},{"damage_healed":0,"gold_gain":0,"player_choice":"Cursed","damage_taken":0,"max_hp_gain":0,"max_hp_loss":0,"event_name":"Wheel of Change","floor":42,"gold_loss":0,"cards_obtained":["Decay"]}],"is_beta":false,"boss_relics":[{"not_picked":["Runic Dome","Tiny House"],"picked":"Coffee Dripper"},{"not_picked":["SlaversCollar","SacredBark"],"picked":"Empty Cage"}],"items_purged_floors":[36,39],"is_endless":false,"potions_floor_spawned":[5,8,10,12,14,22,25,28,29,32,47,48,49],"killed_by":"downfall:NeowBoss","ascension_level":0}}