{"host":"agbyy69nq62afhwx","time":1611420115,"event":{"mods":["BaseMod","Colored Map","DeckTracker","Highlight Path","Keyboard Shortcuts","Minty Spire (QoL Compilation)","Quick Restart","StSLib","SuperFastMode","everything is the same but u backflip on backflip"],"gold_per_floor":[110,128,53,72,72,102,102,112,112,112,131,131,131,147,147,243,243,257,257,257,182,182,182,195,195,195,244,244,275,299,332,332,332,332],"floor_reached":33,"language":"KOR","playtime":587,"items_purged":["Writhe"],"score":538,"play_id":"4e8f8d22-2861-422e-a6b2-33a22820623e","local_time":"20210124014155","is_ascension_mode":true,"campfire_choices":[{"data":"Ball Lightning","floor":12.0,"key":"SMITH"},{"floor":15.0,"key":"REST"},{"floor":23.0,"key":"REST"},{"data":"Coolheaded","floor":25.0,"key":"SMITH"},{"floor":28.0,"key":"REST"},{"floor":32.0,"key":"REST"}],"circlet_count":0,"master_deck":["AscendersBane","Strike_B","Strike_B","Defend_B","Defend_B","Defend_B","Defend_B","Zap+1","Dualcast","Ball Lightning+1","FTL","Streamline","Capacitor","Sweeping Beam+1","Injury","Ball Lightning+1","Thunder Strike+1","Redo+1","Coolheaded+1","Ball Lightning+1","Beam Cell+1"],"relics":["Cracked Core","Symbiotic Virus","Darkstone Periapt","Molten Egg 2","Golden Idol","Sozu","Anchor","Enchiridion","StrikeDummy","PreservedInsect","Mummified Hand","Blood Vial"],"acts_visited":["Exordium","TheCity"],"potions_floor_usage":[33],"damage_taken":[{"damage":0.0,"enemies":"2 Louse","floor":1.0,"turns":3.0},{"damage":11.0,"enemies":"Small Slimes","floor":2.0,"turns":3.0},{"damage":2.0,"enemies":"Jaw Worm","floor":4.0,"turns":2.0},{"damage":30.0,"enemies":"Lagavulin","floor":6.0,"turns":4.0},{"damage":0.0,"enemies":"Blue Slaver","floor":8.0,"turns":2.0},{"damage":7.0,"enemies":"Looter","floor":11.0,"turns":2.0},{"damage":2.0,"enemies":"3 Louse","floor":14.0,"turns":2.0},{"damage":20.0,"enemies":"Slime Boss","floor":16.0,"turns":6.0},{"damage":22.0,"enemies":"2 Thieves","floor":18.0,"turns":3.0},{"damage":10.0,"enemies":"3 Byrds","floor":24.0,"turns":3.0},{"damage":25.0,"enemies":"Slavers","floor":29.0,"turns":3.0},{"damage":8.0,"enemies":"Snecko","floor":30.0,"turns":3.0},{"damage":14.0,"enemies":"Book of Stabbing","floor":31.0,"turns":3.0},{"damage":23,"enemies":"Automaton","floor":33,"turns":6}],"seed_played":"-1164755651520222855","potions_obtained":[{"floor":4.0,"key":"FearPotion"},{"floor":11.0,"key":"PotionOfCapacity"},{"floor":16.0,"key":"SneckoOil"}],"is_trial":false,"path_per_floor":["M","M","?","M","?","E","?","M","T","?","M","R","?","M","R","B",null,"M","?","?","$","?","R","M","R","T","T","R","E","M","E","R","B"],"character_chosen":"DEFECT","items_purchased":[],"campfire_rested":4,"item_purchase_floors":[],"current_hp_per_floor":[64,53,53,51,51,21,21,21,21,27,20,20,26,24,48,28,69,47,53,53,53,32,58,48,48,48,48,74,49,41,27,53,32,32],"gold":332,"neow_bonus":"UPGRADE_CARD","is_daily":false,"chose_seed":false,"campfire_upgraded":2,"win_rate":0.0,"timestamp":1611420115,"path_taken":["M","M","?","M","?","E","?","?","T","?","M","R","?","M","R","BOSS","M","?","?","$","?","R","M","R","T","?","R","E","?","E","R","BOSS"],"items_purchased_type":[],"build_version":"2020-12-22","purchased_purges":1,"victory":false,"max_hp_per_floor":[71,71,71,71,71,71,71,71,71,77,77,77,83,83,83,83,83,83,89,89,89,89,89,89,89,89,89,89,89,89,89,89,89,89],"card_choices":[{"not_picked":["Hologram","Scrape"],"picked":"Ball Lightning","floor":1.0},{"not_picked":["Consume","Redo","Gash"],"picked":"SKIP","floor":2.0},{"not_picked":["Barrage","Steam"],"picked":"FTL","floor":4.0},{"not_picked":["Echo Form","Recycle"],"picked":"Capacitor","floor":6.0},{"not_picked":["Leap","Stack","Streamline"],"picked":"SKIP","floor":8.0},{"not_picked":["Genetic Algorithm","Redo"],"picked":"Sweeping Beam+1","floor":11.0},{"not_picked":["Rebound+1","Stack"],"picked":"Ball Lightning+1","floor":14.0},{"not_picked":["Creative AI","Machine Learning"],"picked":"Thunder Strike+1","floor":16.0},{"not_picked":["Barrage+1","Compile Driver+1"],"picked":"Redo+1","floor":18.0},{"not_picked":["Rip and Tear+1","Beam Cell+1"],"picked":"Coolheaded","floor":24.0},{"not_picked":["Leap","Fusion","Blizzard+1"],"picked":"SKIP","floor":29.0},{"not_picked":["Chaos","Steam"],"picked":"Ball Lightning+1","floor":30.0},{"not_picked":["Gash+1","Beam Cell+1","Leap+1"],"picked":"SKIP","floor":31.0},{"not_picked":["Gash+1","Leap+1"],"picked":"Beam Cell+1","floor":31.0}],"player_experience":453802,"relics_obtained":[{"floor":6.0,"key":"Symbiotic Virus"},{"floor":9.0,"key":"Darkstone Periapt"},{"floor":22.0,"key":"Enchiridion"},{"floor":26.0,"key":"StrikeDummy"},{"floor":27.0,"key":"PreservedInsect"},{"floor":29.0,"key":"Mummified Hand"},{"floor":31.0,"key":"Blood Vial"}],"event_choices":[{"cards_removed":["Strike_B"],"damage_healed":0.0,"max_hp_gain":0.0,"max_hp_loss":0.0,"gold_gain":0.0,"event_name":"The Cleric","player_choice":"Card Removal","floor":3.0,"gold_loss":75.0,"damage_taken":0.0},{"damage_healed":0.0,"max_hp_gain":0.0,"max_hp_loss":0.0,"gold_gain":0.0,"cards_transformed":["Strike_B"],"event_name":"Living Wall","player_choice":"Change","floor":5.0,"gold_loss":0.0,"damage_taken":0.0,"cards_obtained":["Streamline"]},{"damage_healed":0.0,"max_hp_gain":0.0,"max_hp_loss":0.0,"gold_gain":0.0,"event_name":"Shining Light","player_choice":"Ignored","floor":7.0,"gold_loss":0.0,"damage_taken":0.0},{"damage_healed":0.0,"max_hp_gain":0.0,"max_hp_loss":0.0,"gold_gain":0.0,"event_name":"Big Fish","player_choice":"Box","floor":10.0,"gold_loss":0.0,"damage_taken":0.0,"relics_obtained":["Molten Egg 2"],"cards_obtained":["Regret"]},{"damage_healed":0.0,"max_hp_gain":0.0,"max_hp_loss":0.0,"gold_gain":0.0,"event_name":"Golden Idol","player_choice":"Take Wound","floor":13.0,"gold_loss":0.0,"damage_taken":0.0,"relics_obtained":["Golden Idol"],"cards_obtained":["Injury"]},{"damage_healed":0.0,"max_hp_gain":0.0,"max_hp_loss":0.0,"gold_gain":0.0,"event_name":"The Mausoleum","player_choice":"Opened","floor":19.0,"gold_loss":0.0,"damage_taken":0.0,"relics_obtained":["Anchor"],"cards_obtained":["Writhe"]},{"cards_removed":["Regret"],"damage_healed":0.0,"max_hp_gain":0.0,"max_hp_loss":0.0,"gold_gain":0.0,"event_name":"Back to Basics","player_choice":"Elegance","floor":20.0,"gold_loss":0.0,"damage_taken":0.0},{"damage_healed":0.0,"max_hp_gain":0.0,"max_hp_loss":0.0,"gold_gain":0.0,"event_name":"Cursed Tome","player_choice":"Obtained Book","floor":22.0,"gold_loss":0.0,"damage_taken":21.0}],"is_beta":false,"boss_relics":[{"not_picked":["FrozenCore","Runic Pyramid"],"picked":"Sozu"}],"items_purged_floors":[21],"is_endless":false,"potions_floor_spawned":[4,11,16,18,24,30],"killed_by":"Automaton","ascension_level":18}}