{"host":"gudagy66iu284b8o","time":1611391059,"event":{"mods":["Aspiration","BaseMod","Marisa（F雨　魔理沙）","Minty Spire (QoL Compilation)","StSLib","The Senshi","The Servant 0.9.4","UnlockEverythingMod","WarShipGirlsR/战舰少女R mod"],"gold_per_floor":[119,20,20,36,56,56,84,84,84,104,104,104,104,104,104,104,104],"floor_reached":16,"language":"ZHS","playtime":825,"items_purged":["Defend_S"],"score":98,"play_id":"03185858-7eb9-4fa9-93df-382774e03c9b","local_time":"20210123163739","is_ascension_mode":false,"campfire_choices":[{"data":"SilverBlades","floor":6,"key":"SMITH"},{"floor":8,"key":"REST"},{"data":"KidneyShot","floor":15,"key":"SMITH"}],"circlet_count":0,"master_deck":["Strike_S","Strike_S","Strike_S","Strike_S","Defend_S","Defend_S","Defend_S","KidneyShot+1","Exchange","ShatteredReality","Rewind","SilverBlades+1","BottledTime","Revamp","Contraction","Normality"],"relics":["Uniform","theSenshi:FeatherClipsRelic","PreservedInsect","Pocketwatch","Golden Idol","Frozen Egg 2"],"acts_visited":["Exordium"],"potions_floor_usage":[],"damage_taken":[{"damage":11,"enemies":"Jaw Worm","floor":1,"turns":4},{"damage":5,"enemies":"Small Slimes","floor":4,"turns":3},{"damage":8,"enemies":"2 Louse","floor":5,"turns":4},{"damage":36,"enemies":"Lagavulin","floor":7,"turns":8},{"damage":5,"enemies":"Looter","floor":10,"turns":4},{"damage":53,"enemies":"Slime Boss","floor":16,"turns":8}],"seed_played":"4105879583081479147","potions_obtained":[{"floor":1,"key":"Fruit Juice"},{"floor":10,"key":"Ancient Potion"}],"is_trial":false,"path_per_floor":["M","$","?","M","M","R","E","R","T","M","?","?","?","$","R","B"],"character_chosen":"THE_SERVANT","items_purchased":["Rewind"],"campfire_rested":1,"item_purchase_floors":[2],"current_hp_per_floor":[60,60,57,58,56,56,26,47,47,48,48,48,48,48,48,0,0],"gold":104,"neow_bonus":"TEN_PERCENT_HP_BONUS","is_daily":false,"chose_seed":false,"campfire_upgraded":2,"win_rate":0.0,"timestamp":1611391059,"path_taken":["M","$","?","M","M","R","E","R","T","M","?","?","?","?","R","BOSS"],"items_purchased_type":["Card"],"build_version":"2020-12-22","purchased_purges":1,"victory":false,"max_hp_per_floor":[71,71,71,71,71,71,71,71,71,71,66,66,66,66,66,66,66],"card_choices":[{"not_picked":["MoonPhase","Revamp"],"picked":"ShatteredReality","floor":1},{"not_picked":["Contraction","Ricochet"],"picked":"SilverBlades","floor":4},{"not_picked":["DoubleEdge","Unruled"],"picked":"BottledTime","floor":5},{"not_picked":["Solidify","Unruled"],"picked":"Revamp","floor":7},{"not_picked":["Potential","Rewind"],"picked":"Contraction","floor":10}],"player_experience":1859,"relics_obtained":[{"floor":7,"key":"PreservedInsect"},{"floor":9,"key":"Pocketwatch"}],"event_choices":[{"damage_healed":0,"gold_gain":0,"player_choice":"Success","damage_taken":3,"relics_obtained":["theSenshi:FeatherClipsRelic"],"max_hp_gain":0,"max_hp_loss":0,"event_name":"Scrap Ooze","floor":3,"gold_loss":0},{"damage_healed":0,"gold_gain":0,"player_choice":"Lose Max HP","damage_taken":0,"relics_obtained":["Golden Idol"],"max_hp_gain":0,"max_hp_loss":5,"event_name":"Golden Idol","floor":11,"gold_loss":0},{"damage_healed":0,"gold_gain":0,"cards_transformed":["Injury"],"player_choice":"Change","damage_taken":0,"max_hp_gain":0,"max_hp_loss":0,"event_name":"Living Wall","floor":13,"gold_loss":0,"cards_obtained":["Normality"]}],"is_beta":false,"boss_relics":[],"items_purged_floors":[2],"is_endless":false,"potions_floor_spawned":[1,10],"killed_by":"Slime Boss","ascension_level":0}}