{"host":"1v94wza6sq30pv3l","time":1611424953,"event":{"mods":["AchievementEnabler","BaseMod","Highlight Path","Minty Spire (QoL Compilation)"],"gold_per_floor":[113,130,205,205,216,246,257,274,274,274,300,300,311,346,346,441,441,458,254,264,275,286,286,313,313,313,324,324,324],"floor_reached":28,"language":"ENG","playtime":1753,"items_purged":["Strike_B"],"score":275,"play_id":"984570d0-3378-41d3-b1e9-8e14f22ad306","local_time":"20210123130233","is_ascension_mode":true,"campfire_choices":[{"floor":10,"key":"REST"},{"floor":12,"key":"REST"},{"floor":15,"key":"REST"},{"data":"Leap","floor":23,"key":"SMITH"},{"data":"Dualcast","floor":25,"key":"SMITH"}],"circlet_count":0,"master_deck":["Strike_B","Strike_B","Defend_B","Defend_B","Zap","Dualcast+1","Reinforced Body+1","Tempest+1","Gash+1","Cold Snap","Redo","Gash","Gash","Coolheaded","Sweeping Beam","Rebound","Cold Snap","Conserve Battery","All For One","Stack","Auto Shields","Sweeping Beam+1","Leap+1","Stack"],"relics":["Astrolabe","Tiny Chest","Question Card","Letter Opener","Bottled Flame","Smiling Mask","Black Star","TheAbacus","Du-Vu Doll","Eternal Feather","TungstenRod"],"acts_visited":["Exordium","TheCity"],"potions_floor_usage":[16,22,22,24],"damage_taken":[{"damage":0,"enemies":"Small Slimes","floor":1,"turns":3},{"damage":0,"enemies":"2 Louse","floor":2,"turns":3},{"damage":0,"enemies":"Cultist","floor":5,"turns":3},{"damage":22,"enemies":"Lagavulin","floor":6,"turns":6},{"damage":8,"enemies":"Red Slaver","floor":7,"turns":3},{"damage":11,"enemies":"Exordium Wildlife","floor":8,"turns":4},{"damage":16,"enemies":"Gremlin Nob","floor":11,"turns":4},{"damage":10,"enemies":"Looter","floor":13,"turns":2},{"damage":16,"enemies":"3 Sentries","floor":14,"turns":5},{"damage":5,"enemies":"The Guardian","floor":16,"turns":9},{"damage":9,"enemies":"Shell Parasite","floor":18,"turns":7},{"damage":5,"enemies":"Spheric Guardian","floor":20,"turns":3},{"damage":5,"enemies":"Centurion and Healer","floor":21,"turns":4},{"damage":22,"enemies":"Snake Plant","floor":22,"turns":5},{"damage":25,"enemies":"Slavers","floor":24,"turns":5},{"damage":18,"enemies":"Snecko","floor":27,"turns":6},{"damage":27,"enemies":"Shelled Parasite and Fungi","floor":28,"turns":2}],"seed_played":"3778311198970010306","potions_obtained":[{"floor":1,"key":"PotionOfCapacity"},{"floor":6,"key":"AttackPotion"},{"floor":14,"key":"SkillPotion"},{"floor":20,"key":"FearPotion"},{"floor":21,"key":"Regen Potion"},{"floor":27,"key":"CultistPotion"}],"is_trial":false,"path_per_floor":["M","M","?","?","M","E","M","M","T","R","E","R","M","E","R","B",null,"M","$","M","M","M","R","E","R","T","M","M"],"character_chosen":"DEFECT","items_purchased":["TheAbacus"],"campfire_rested":3,"item_purchase_floors":[19],"current_hp_per_floor":[75,75,64,64,64,42,34,23,23,45,29,51,41,25,47,42,75,66,66,61,56,43,43,18,30,30,12,0,0],"gold":324,"neow_bonus":"BOSS_RELIC","is_daily":false,"chose_seed":false,"campfire_upgraded":2,"win_rate":0.0,"timestamp":1611424953,"path_taken":["M","M","?","?","M","E","M","M","T","R","E","R","M","E","R","BOSS","M","?","M","M","?","R","E","R","T","M","M"],"items_purchased_type":["Relic"],"build_version":"2020-12-22","purchased_purges":1,"victory":false,"max_hp_per_floor":[75,75,75,75,75,75,75,75,75,75,75,75,75,75,75,75,75,75,75,75,75,75,75,75,75,75,75,75,75],"card_choices":[{"not_picked":["Static Discharge","Compile Driver"],"picked":"Cold Snap","floor":1},{"not_picked":["Leap","Coolheaded"],"picked":"Redo","floor":2},{"not_picked":["Leap","Aggregate"],"picked":"Gash","floor":5},{"not_picked":["Steam","White Noise"],"picked":"Gash","floor":6},{"not_picked":["Reinforced Body","Steam","Melter"],"picked":"Coolheaded","floor":7},{"not_picked":["Stack","Darkness","Double Energy"],"picked":"Sweeping Beam","floor":8},{"not_picked":["Compile Driver","Sweeping Beam","Turbo"],"picked":"Rebound","floor":11},{"not_picked":["Core Surge","Streamline","Hello World"],"picked":"Cold Snap","floor":13},{"not_picked":["Turbo","Static Discharge","Steam Power"],"picked":"Conserve Battery","floor":14},{"not_picked":["Rainbow","Creative AI","Hyperbeam"],"picked":"All For One","floor":16},{"not_picked":["Redo","Scrape","Heatsinks"],"picked":"Stack","floor":18},{"not_picked":["Ball Lightning","Stack","Sweeping Beam"],"picked":"Auto Shields","floor":20},{"not_picked":["Coolheaded","Leap","Storm+1"],"picked":"Sweeping Beam+1","floor":21},{"not_picked":["Doom and Gloom","Turbo","Force Field"],"picked":"Leap","floor":22},{"not_picked":["Auto Shields","Rebound","Meteor Strike","Leap"],"picked":"SKIP","floor":24},{"not_picked":["Turbo","Hologram","Compile Driver"],"picked":"Stack","floor":27}],"player_experience":97634,"relics_obtained":[{"floor":6,"key":"Question Card"},{"floor":9,"key":"Letter Opener"},{"floor":11,"key":"Bottled Flame"},{"floor":14,"key":"Smiling Mask"},{"floor":24,"key":"Du-Vu Doll"},{"floor":24,"key":"Eternal Feather"},{"floor":26,"key":"TungstenRod"}],"event_choices":[{"damage_healed":0,"gold_gain":75,"player_choice":"Gather Gold","damage_taken":11,"max_hp_gain":0,"max_hp_loss":0,"event_name":"World of Goop","floor":3,"gold_loss":0},{"damage_healed":0,"gold_gain":0,"player_choice":"Gave Potion","damage_taken":0,"relics_obtained":["Tiny Chest"],"max_hp_gain":0,"max_hp_loss":0,"event_name":"WeMeetAgain","floor":4,"gold_loss":0}],"is_beta":false,"boss_relics":[{"not_picked":["Runic Dome","Snecko Eye"],"picked":"Black Star"}],"items_purged_floors":[19],"is_endless":false,"potions_floor_spawned":[1,6,14,20,21,27],"killed_by":"Shelled Parasite and Fungi","ascension_level":1}}