{"host":"¿à÷økuyou","time":1611375116,"event":{"mods":["ATMod(°¢èªMod)","Act Like it!","BaseMod","BetterRewards","Minty Spire (QoL Compilation)","Quick Restart","StSLib"],"gold_per_floor":[114,114,64,79,94,124,139,139,139,64,94,94,109,124,124,224,224,239,139,149,24,39,54,54,84,84,84,114,114,129,159,159,259,259,274,274,289,304,66,96,161,191,191,191,191],"floor_reached":44,"language":"ZHS","playtime":1306,"items_purged":["Strike_R","Defend_R","Bash","Judgement+1"],"score":713,"play_id":"11e520c9-284b-42e7-999a-26bcb0ec40a8","local_time":"20210123121156","daily_mods":["Cursed Run","Purple Cards","DeadlyEvents"],"is_ascension_mode":false,"campfire_choices":[{"data":"Armaments","floor":8,"key":"SMITH"},{"data":"Immolate","floor":12,"key":"SMITH"},{"data":"Body Slam","floor":15,"key":"SMITH"},{"data":"AT_RealColorLess","floor":24,"key":"SMITH"},{"data":"Devotion","floor":27,"key":"SMITH"},{"data":"Twin Strike","floor":32,"key":"SMITH"}],"circlet_count":0,"master_deck":["AT_FamilyPortrait+1","Body Slam+1","Armaments+1","Parasite","Immolate+1","Twin Strike+1","Writhe","AT_RealColorLess+1","AT_DrawKnifeCut+1","Corruption+1","Devotion+1","Pommel Strike+1","Clumsy","Decay","Regret","LessonLearned+1","AT_IchimonjiDouble","AT_DrawKnifeCut","AT_Dispersion+1","Whirlwind","Discovery+1","Sever Soul+1","Writhe"],"relics":["Cursed Key","Darkstone Periapt","Du-Vu Doll","AT_ATBox","AT_Manta","AT_ImmortalShieldbow","Vajra","Astrolabe","Red Mask","Frozen Egg 2","Mercury Hourglass","Bird Faced Urn","WingedGreaves","Boot","Pandora\u0027s Box","AT_ChloranthyRing","Nunchaku","Bottled Flame"],"acts_visited":["Exordium","TheCity","TheBeyond"],"potions_floor_usage":[33,41],"damage_taken":[{"damage":6.0,"enemies":"Jaw Worm","floor":1.0,"turns":3.0},{"damage":0,"enemies":"2 Louse","floor":4,"turns":2},{"damage":1,"enemies":"Cultist","floor":5,"turns":3},{"damage":11,"enemies":"Lagavulin","floor":6,"turns":6},{"damage":10,"enemies":"Exordium Thugs","floor":7,"turns":3},{"damage":13,"enemies":"3 Sentries","floor":11,"turns":6},{"damage":3,"enemies":"Exordium Wildlife","floor":13,"turns":3},{"damage":0,"enemies":"3 Louse","floor":14,"turns":2},{"damage":19,"enemies":"Hexaghost","floor":16,"turns":5},{"damage":0,"enemies":"3 Byrds","floor":18,"turns":2},{"damage":0,"enemies":"Masked Bandits","floor":20,"turns":1},{"damage":0,"enemies":"Spheric Guardian","floor":22,"turns":2},{"damage":0,"enemies":"Snake Plant","floor":23,"turns":1},{"damage":23,"enemies":"Book of Stabbing","floor":25,"turns":3},{"damage":0,"enemies":"Gremlin Leader","floor":28,"turns":1},{"damage":2,"enemies":"Sentry and Sphere","floor":30,"turns":2},{"damage":5,"enemies":"Slavers","floor":31,"turns":3},{"damage":25,"enemies":"Automaton","floor":33,"turns":4},{"damage":20,"enemies":"3 Darklings","floor":35,"turns":3},{"damage":7,"enemies":"Orb Walker","floor":37,"turns":2},{"damage":46,"enemies":"Writhing Mass","floor":38,"turns":4},{"damage":56,"enemies":"Nemesis","floor":40,"turns":5},{"damage":21,"enemies":"Transient","floor":41,"turns":5},{"damage":16,"enemies":"Giant Head","floor":42,"turns":4},{"damage":59,"enemies":"Nemesis","floor":44,"turns":2}],"seed_played":"-4692305807027556167","potions_obtained":[{"floor":5,"key":"ElixirPotion"},{"floor":6,"key":"LiquidBronze"},{"floor":13,"key":"Fruit Juice"},{"floor":14,"key":"Regen Potion"},{"floor":33,"key":"Ancient Potion"},{"floor":40,"key":"EntropicBrew"},{"floor":42,"key":"SkillPotion"}],"is_trial":false,"path_per_floor":["M","?","?","M","M","E","M","R","T","$","E","R","M","M","R","B",null,"M","$","?","$","M","M","R","E","T","R","E","T","M","E","R","B",null,"M","?","M","M","$","E","M","E","T","E"],"character_chosen":"IRONCLAD","items_purchased":["Discovery"],"campfire_rested":0,"item_purchase_floors":[39],"current_hp_per_floor":[74,74,74,74,73,62,52,52,58,58,45,45,42,42,42,34,92,92,92,95,95,95,95,95,72,78,78,78,84,84,83,83,75,118,105,105,98,56,56,28,55,53,59,0,0],"gold":191,"neow_bonus":"","is_daily":true,"chose_seed":false,"campfire_upgraded":6,"win_rate":0.0,"timestamp":1611375116,"path_taken":["M","?","?","M","M","E","M","R","T","$","E","R","?","M","R","BOSS","M","$","?","?","M","?","R","E","T","R","?","?","M","E","R","BOSS","M","?","M","M","$","E","M","E","T","?"],"items_purchased_type":["Card"],"build_version":"2020-12-18","purchased_purges":4,"victory":false,"max_hp_per_floor":[80,80,80,80,80,80,80,80,86,86,86,86,86,86,86,92,92,92,92,95,95,95,95,95,95,101,101,101,107,107,107,107,118,118,118,118,118,118,118,118,118,118,124,124,124],"card_choices":[{"not_picked":["ThirdEye","Vengeance","Uppercut"],"picked":"SKIP","floor":1.0},{"not_picked":["Havoc","CutThroughFate","Indignation"],"picked":"SKIP","floor":4},{"not_picked":["Anger","Cleave"],"picked":"Body Slam","floor":5},{"not_picked":["AT_ManFootWork","PathToVictory","Rupture"],"picked":"SKIP","floor":6},{"not_picked":["Uppercut","Protect"],"picked":"Armaments","floor":7},{"not_picked":["Blood for Blood","Clash"],"picked":"Immolate","floor":11},{"not_picked":["Combust","True Grit"],"picked":"Twin Strike","floor":13},{"not_picked":["Armaments","Crescendo","WindmillStrike"],"picked":"SKIP","floor":14},{"not_picked":["AT_IrregularMenstruation","Devotion"],"picked":"AT_RealColorLess","floor":16},{"not_picked":["EmptyFist","EmptyBody","Anger"],"picked":"SKIP","floor":18},{"not_picked":["EmptyBody","FlyingSleeves","Twin Strike"],"picked":"SKIP","floor":22},{"not_picked":["Iron Wave","Prostrate"],"picked":"Devotion","floor":23},{"not_picked":["EmptyMind","AT_DrawKnifeCut"],"picked":"Pommel Strike+1","floor":25},{"not_picked":["AT_DivineConfetti","AT_RealFormLess+1","ClearTheMind"],"picked":"SKIP","floor":28},{"not_picked":["EmptyBody","Armaments","Havoc"],"picked":"SKIP","floor":30},{"not_picked":["Flex","Twin Strike","Iron Wave+1"],"picked":"SKIP","floor":31},{"not_picked":["SpiritShield","DeusExMachina"],"picked":"LessonLearned","floor":33},{"not_picked":["Consecrate+1","CarveReality","Seeing Red"],"picked":"SKIP","floor":35},{"not_picked":["Headbutt+1","Dropkick+1"],"picked":"Whirlwind","floor":37},{"not_picked":["Halt","EmptyMind","Flex+1"],"picked":"SKIP","floor":38},{"not_picked":["Perfected Strike","Heavy Blade","Establishment+1"],"picked":"SKIP","floor":40},{"not_picked":["AT_GerminateFire+1","Vengeance","BowlingBash"],"picked":"SKIP","floor":41},{"not_picked":["Cleave","Intimidate+1"],"picked":"Sever Soul+1","floor":42}],"player_experience":180727,"relics_obtained":[{"floor":6,"key":"AT_Manta"},{"floor":9,"key":"AT_ImmortalShieldbow"},{"floor":11,"key":"Vajra"},{"floor":20,"key":"Red Mask"},{"floor":25,"key":"Frozen Egg 2"},{"floor":26,"key":"Mercury Hourglass"},{"floor":28,"key":"Bird Faced Urn"},{"floor":29,"key":"WingedGreaves"},{"floor":31,"key":"Boot"},{"floor":40,"key":"AT_ChloranthyRing"},{"floor":42,"key":"Nunchaku"},{"floor":43,"key":"Bottled Flame"}],"event_choices":[{"damage_healed":0,"gold_gain":0,"player_choice":"Grow","damage_taken":0,"max_hp_gain":0,"max_hp_loss":0,"event_name":"Living Wall","floor":2,"gold_loss":0,"cards_upgraded":["AT_FamilyPortrait"]},{"cards_removed":["Strike_R"],"damage_healed":0,"gold_gain":0,"player_choice":"Card Removal","damage_taken":0,"max_hp_gain":0,"max_hp_loss":0,"event_name":"The Cleric","floor":3,"gold_loss":50},{"damage_healed":0,"gold_gain":0,"player_choice":"Fought Bandits","damage_taken":0,"max_hp_gain":0,"max_hp_loss":0,"event_name":"Masked Bandits","floor":20,"gold_loss":0},{"damage_healed":0,"gold_gain":0,"player_choice":"Forge","damage_taken":0,"max_hp_gain":0,"max_hp_loss":0,"event_name":"Accursed Blacksmith","floor":36,"gold_loss":0,"cards_upgraded":["LessonLearned"]}],"is_beta":true,"boss_relics":[{"not_picked":["Runic Pyramid","Empty Cage"],"picked":"Astrolabe"},{"not_picked":["Fusion Hammer","Mark of Pain"],"picked":"Pandora\u0027s Box"}],"items_purged_floors":[10,19,21,39],"is_endless":false,"potions_floor_spawned":[5,6,13,14,16,20,31,33,35,40,42],"killed_by":"Nemesis","ascension_level":0}}