{"host":"ex14rcrr9p67vzya","time":1611377220,"event":{"mods":["BaseMod","Infinite Spire","Minty Spire (QoL Compilation)","Quick Restart","Rare Cards Sparkle","StSLib","Swap Starting Deck Mod"],"gold_per_floor":[113,130,146,146,157,1,1,33,33,33,33,33,52,52,52,177,177,195,195,218,218,218,243,258,258,258,258,283,198,198,217,217,312,312,331,207,207,219,233,233,233,233],"floor_reached":41,"language":"ENG","playtime":1935,"items_purged":["Corruption"],"score":429,"play_id":"bd803cc8-42c4-4f73-80a0-bf60a80b41e6","local_time":"20210122224700","is_ascension_mode":false,"campfire_choices":[{"data":"Havoc","floor":7.0,"key":"SMITH"},{"data":"Rampage","floor":10.0,"key":"SMITH"},{"floor":15.0,"key":"REST"},{"data":"Rampage","floor":25.0,"key":"SMITH"},{"data":"Intimidate","floor":27.0,"key":"SMITH"},{"data":"infinitespire:FutureSight","floor":32.0,"key":"SMITH"},{"data":"Fiend Fire","floor":40,"key":"SMITH"}],"circlet_count":0,"master_deck":["Strike_R","Strike_R","Strike_R","Defend_R","Defend_R","Defend_R","Rampage+1","Havoc+1","infinitespire:FutureSight+1","Pummel","Exhume","Double Tap","Intimidate+1","Rampage+1","Armaments+1","Spot Weakness","Fiend Fire+1","Thunderclap+1","Shockwave+1"],"relics":["Ancient Tea Set","infinitespire:EmpoweringShard","Thread and Needle","infinitespire:Freezer","Dream Catcher","Calipers","CaptainsWheel","Eternal Feather","Snecko Eye","Omamori","Cracked Core","infinitespire:Chaos"],"acts_visited":["Exordium","TheCity","TheBeyond"],"potions_floor_usage":[33,33],"damage_taken":[{"damage":1.0,"enemies":"infinitespire:Voidling","floor":1.0,"turns":3.0},{"damage":8.0,"enemies":"2 Louse","floor":2.0,"turns":3.0},{"damage":3.0,"enemies":"Jaw Worm","floor":3.0,"turns":4.0},{"damage":10.0,"enemies":"Looter","floor":5.0,"turns":3.0},{"damage":17.0,"enemies":"Gremlin Nob","floor":8.0,"turns":4.0},{"damage":7.0,"enemies":"Blue Slaver","floor":13.0,"turns":4.0},{"damage":45.0,"enemies":"Hexaghost","floor":16.0,"turns":9.0},{"damage":10.0,"enemies":"Chosen","floor":18.0,"turns":4.0},{"damage":15.0,"enemies":"Spheric Guardian","floor":20.0,"turns":4.0},{"damage":35.0,"enemies":"Slavers","floor":23.0,"turns":6.0},{"damage":9.0,"enemies":"Centurion and Healer","floor":24.0,"turns":6.0},{"damage":28.0,"enemies":"Gremlin Leader","floor":28.0,"turns":9.0},{"damage":4.0,"enemies":"Sentry and Sphere","floor":31.0,"turns":4.0},{"damage":29,"enemies":"Collector","floor":33,"turns":9},{"damage":4,"enemies":"Orb Walker","floor":35,"turns":2},{"damage":5,"enemies":"3 Shapes","floor":38,"turns":3},{"damage":5,"enemies":"Transient","floor":39,"turns":5},{"damage":0,"enemies":"infinitespire:Three Voidlings","floor":41,"turns":4},{"damage":64,"enemies":"Nightmare_Alpha","floor":41,"turns":7}],"seed_played":"5986096106042183938","potions_obtained":[{"floor":3.0,"key":"Strength Potion"},{"floor":5.0,"key":"Ancient Potion"},{"floor":13.0,"key":"DuplicationPotion"},{"floor":20.0,"key":"Weak Potion"},{"floor":23.0,"key":"ColorlessPotion"},{"floor":33,"key":"SkillPotion"},{"floor":38,"key":"DuplicationPotion"}],"is_trial":false,"path_per_floor":["M","M","M","?","M","$","R","E","T","R","?","?","M","$","R","B",null,"M","?","M","?","?","E","M","R","T","R","E","?","AVR","M","R","B",null,"M","$","?","M","M","R","?"],"character_chosen":"IRONCLAD","items_purchased":["ClockworkSouvenir","infinitespire:Chaos"],"campfire_rested":1,"item_purchase_floors":[6,36],"current_hp_per_floor":[80,78,80,61,57,57,57,46,46,46,26,26,25,25,49,10,80,76,76,67,67,67,43,45,45,45,45,28,28,28,35,35,17,80,80,80,80,75,70,79,15,15],"gold":233,"neow_bonus":"REMOVE_CARD","is_daily":false,"chose_seed":false,"campfire_upgraded":6,"win_rate":0.0,"timestamp":1611377220,"path_taken":["M","M","?","?","M","$","R","E","T","R","?","?","M","?","R","BOSS","M","?","M","?","?","E","M","R","T","R","E","?","AVR","M","R","BOSS","M","$","?","M","M","R","?"],"items_purchased_type":["Relic","Relic"],"build_version":"2020-12-22","purchased_purges":1,"victory":false,"max_hp_per_floor":[80,80,80,80,80,80,80,80,80,80,80,80,80,80,80,80,80,80,80,80,80,80,80,80,80,80,80,80,80,80,80,80,80,80,80,80,80,80,80,80,80,80],"card_choices":[{"not_picked":["Body Slam","Feel No Pain"],"picked":"Rampage","floor":1.0},{"not_picked":["Clothesline","True Grit"],"picked":"Havoc","floor":2.0},{"not_picked":["Uppercut","Anger","Perfected Strike"],"picked":"SKIP","floor":3.0},{"not_picked":["infinitespire:TheBestDefense","infinitespire:Fortify"],"picked":"infinitespire:FutureSight","floor":4.0},{"not_picked":["Anger","Thunderclap"],"picked":"Pummel","floor":5.0},{"not_picked":["Metallicize","Brutality"],"picked":"Exhume","floor":8.0},{"not_picked":["Iron Wave","Clothesline","Clash"],"picked":"SKIP","floor":13.0},{"not_picked":["Reaper","Berserk"],"picked":"Double Tap","floor":16.0},{"not_picked":["Battle Trance","True Grit"],"picked":"Dark Embrace","floor":18.0},{"not_picked":["Body Slam","Power Through","Sword Boomerang"],"picked":"SKIP","floor":20.0},{"not_picked":["Rupture","Feel No Pain"],"picked":"Armaments+1","floor":23.0},{"not_picked":["Entrench+1","Uppercut","Havoc"],"picked":"SKIP","floor":24.0},{"not_picked":["Entrench","Blood for Blood"],"picked":"Spot Weakness","floor":28.0},{"not_picked":["Iron Wave","Sword Boomerang","Evolve"],"picked":"SKIP","floor":31.0},{"not_picked":["Corruption","Juggernaut"],"picked":"Fiend Fire","floor":33},{"not_picked":["Clash","Twin Strike+1"],"picked":"Thunderclap+1","floor":35},{"not_picked":["Thunderclap+1","Sword Boomerang","Blood for Blood"],"picked":"SKIP","floor":38},{"not_picked":["Heavy Blade+1","Clothesline"],"picked":"Shockwave+1","floor":39}],"player_experience":210174,"relics_obtained":[{"floor":8.0,"key":"Juzu Bracelet"},{"floor":9.0,"key":"Letter Opener"},{"floor":23.0,"key":"infinitespire:EmpoweringShard"},{"floor":26.0,"key":"The Courier"},{"floor":28.0,"key":"Art of War"}],"event_choices":[{"damage_healed":0.0,"max_hp_gain":0.0,"max_hp_loss":0.0,"gold_gain":0.0,"event_name":"Golden Idol","player_choice":"Take Damage","floor":11.0,"gold_loss":0.0,"damage_taken":20.0,"relics_obtained":["Golden Idol"]},{"damage_healed":0.0,"max_hp_gain":0.0,"max_hp_loss":0.0,"gold_gain":0.0,"event_name":"The Library","player_choice":"Read","floor":19.0,"gold_loss":0.0,"damage_taken":0.0,"cards_obtained":["Intimidate"]},{"damage_healed":0.0,"max_hp_gain":0.0,"max_hp_loss":0.0,"gold_gain":0.0,"cards_transformed":["Dark Embrace","Bash"],"event_name":"Drug Dealer","player_choice":"Became Test Subject","floor":21.0,"gold_loss":0.0,"damage_taken":0.0,"cards_obtained":["Corruption","Rampage"]},{"damage_healed":0.0,"max_hp_gain":0.0,"max_hp_loss":0.0,"gold_gain":0.0,"event_name":"Forgotten Altar","player_choice":"Gave Idol","floor":22.0,"relics_lost":["Golden Idol"],"gold_loss":0.0,"damage_taken":0.0,"relics_obtained":["Bloody Idol"]},{"damage_healed":0.0,"max_hp_gain":0.0,"max_hp_loss":0.0,"gold_gain":0.0,"event_name":"Addict","player_choice":"Obtained Relic","floor":29.0,"gold_loss":85.0,"damage_taken":0.0,"relics_obtained":["Orichalcum"]},{"cards_removed":["Defend_R"],"damage_healed":0,"gold_gain":0,"player_choice":"Removed Skill","damage_taken":0,"max_hp_gain":0,"max_hp_loss":0,"event_name":"Falling","floor":37,"gold_loss":0}],"is_beta":false,"boss_relics":[{"not_picked":["infinitespire:Cupcake","Cursed Key"],"picked":"Runic Pyramid"},{"not_picked":["SacredBark","Runic Cube"],"picked":"Coffee Dripper"}],"items_purged_floors":[30],"is_endless":false,"potions_floor_spawned":[3,5,13,20,23,33,38],"killed_by":"Nightmare_Alpha","ascension_level":0}}