{"host":"33wh7cigx3w9wmym","time":1611437595,"event":{"mods":["AchievementEnabler","Act Like it!","BaseMod","Colored Map","Colored Powertips","Downfall","Friendly Minions","GifTheSpireLib","Minty Spire (QoL Compilation)","StSLib"],"gold_per_floor":[99,114,125,140,140,174,174,185,335,235,261,261,261],"floor_reached":11,"language":"ENG","playtime":432,"items_purged":[],"score":87,"play_id":"72f99b2f-b461-4f6a-b80c-730489785fbd","local_time":"20210123193315","is_ascension_mode":true,"campfire_choices":[{"floor":1,"key":"RECALL"},{"data":"bronze:Branch","floor":10,"key":"SMITH"}],"circlet_count":0,"master_deck":["bronze:Strike","bronze:Strike","bronze:Strike","bronze:Defend","bronze:Defend","bronze:Defend","bronze:Defend","bronze:Replicate","bronze:Goto","bronze:Backtrace","bronze:FineTuning","bronze:Branch+1","bronze:ForLoop","bronze:CutThrough","downfall:Icky","bronze:BurnOut"],"relics":["bronze:BronzeCore","Toxic Egg 2","The Courier","downfall:HeartBlessingRed","Frozen Egg 2"],"acts_visited":["Exordium"],"potions_floor_usage":[],"damage_taken":[{"damage":0,"enemies":"2 Louse","floor":2,"turns":2},{"damage":0,"enemies":"Cultist","floor":3,"turns":4},{"damage":0,"enemies":"Small Slimes","floor":4,"turns":2},{"damage":38,"enemies":"Lagavulin","floor":6,"turns":9},{"damage":2,"enemies":"Blue Slaver","floor":8,"turns":3},{"damage":26,"enemies":"3 Sentries","floor":11,"turns":9}],"seed_played":"-3691118918438826129","potions_obtained":[{"floor":3,"key":"Strength Potion"},{"floor":8,"key":"DuplicationPotion"}],"is_trial":false,"path_per_floor":["R","M","M","M","?","E","T","M","?","R","E"],"character_chosen":"THE_AUTOMATON","items_purchased":[],"campfire_rested":0,"item_purchase_floors":[],"current_hp_per_floor":[70,70,70,70,70,32,32,30,30,30,4,4,4],"gold":261,"neow_bonus":"TRANSFORM_CARD","is_daily":false,"chose_seed":false,"campfire_upgraded":1,"win_rate":0.0,"timestamp":1611437595,"path_taken":["R","M","M","M","?","E","T","?","?","R","E"],"items_purchased_type":[],"build_version":"2020-12-22","purchased_purges":0,"victory":false,"max_hp_per_floor":[70,70,70,70,70,70,70,70,70,70,70,70,70],"card_choices":[{"not_picked":["bronze:WildBeam","bronze:BugBarrage"],"picked":"bronze:FineTuning","floor":2},{"not_picked":["bronze:OilSpill","bronze:ChildClass"],"picked":"bronze:Branch","floor":3},{"not_picked":["bronze:OilSpill","bronze:Shield"],"picked":"bronze:Backtrace","floor":4},{"not_picked":["bronze:Deprecate+1","bronze:Turbo+1"],"picked":"bronze:CutThrough","floor":6},{"not_picked":["bronze:OilSpill","bronze:Deprecate+1","bronze:AlphaBuild"],"picked":"SKIP","floor":8},{"not_picked":["bronze:DarkDash","bronze:Safeguard+1"],"picked":"bronze:BurnOut","floor":11}],"player_experience":422579,"relics_obtained":[{"floor":6,"key":"Toxic Egg 2"},{"floor":7,"key":"The Courier"},{"floor":11,"key":"Frozen Egg 2"}],"event_choices":[],"is_beta":false,"boss_relics":[],"items_purged_floors":[],"is_endless":false,"potions_floor_spawned":[3,8],"killed_by":"3 Sentries","ascension_level":1}}