{"host":"j4g6ia6asvpyu2b0","time":1611419761,"event":{"mods":["BaseMod","Colored Map","Minty Spire (QoL Compilation)","Permanent Neow","Quick Restart","Relic Stats","StSLib","Unceasing Turn Reminder"],"gold_per_floor":[114,133,133,149,162,162,189,189,189,215,235,262,262,288,288,288,288],"floor_reached":16,"language":"ENG","playtime":367,"items_purged":[],"score":234,"play_id":"77bf931a-e343-40ac-b671-ca9dec7a2659","local_time":"20210123093601","is_ascension_mode":true,"campfire_choices":[{"data":"Disarm","floor":6,"key":"SMITH"},{"data":"Clothesline","floor":8,"key":"SMITH"},{"data":"Shockwave","floor":15,"key":"SMITH"}],"circlet_count":0,"master_deck":["AscendersBane","Strike_R","Strike_R","Strike_R","Strike_R","Strike_R","Defend_R","Defend_R","Defend_R","Bash+1","Disarm+1","Perfected Strike","Clothesline+1","Twin Strike","Limit Break","Shockwave+1","Carnage","Offering"],"relics":["Burning Blood","Anchor","Bottled Lightning","White Beast Statue","Shuriken","Dream Catcher"],"acts_visited":["Exordium"],"potions_floor_usage":[7,16,16],"damage_taken":[{"damage":7,"enemies":"Jaw Worm","floor":1,"turns":3},{"damage":1,"enemies":"Cultist","floor":2,"turns":3},{"damage":1,"enemies":"2 Louse","floor":4,"turns":4},{"damage":16,"enemies":"Blue Slaver","floor":5,"turns":3},{"damage":25,"enemies":"3 Sentries","floor":7,"turns":6},{"damage":18,"enemies":"Gremlin Nob","floor":10,"turns":4},{"damage":0,"enemies":"2 Fungi Beasts","floor":11,"turns":3},{"damage":19,"enemies":"Lagavulin","floor":12,"turns":6},{"damage":17,"enemies":"Gremlin Nob","floor":14,"turns":4},{"damage":21,"enemies":"Hexaghost","floor":16,"turns":9}],"seed_played":"-8200446632096625817","potions_obtained":[{"floor":1,"key":"PowerPotion"},{"floor":11,"key":"Weak Potion"},{"floor":12,"key":"Regen Potion"}],"is_trial":false,"path_per_floor":["M","M","?","M","M","R","E","R","T","E","M","E","?","E","R","B"],"character_chosen":"IRONCLAD","items_purchased":[],"campfire_rested":0,"item_purchase_floors":[],"current_hp_per_floor":[67,72,72,75,65,65,46,46,46,34,40,27,27,16,16,0,0],"gold":288,"neow_bonus":"UPGRADE_CARD","is_daily":false,"chose_seed":false,"campfire_upgraded":3,"win_rate":0.0,"timestamp":1611419761,"path_taken":["M","M","?","?","M","R","E","R","T","E","M","E","?","E","R","BOSS"],"items_purchased_type":[],"build_version":"2020-12-22","purchased_purges":0,"victory":false,"max_hp_per_floor":[75,75,75,75,75,75,75,75,75,75,75,75,75,75,75,75,75],"relic_stats":{"Dream Catcher":0,"counters":[10,45],"Shuriken":[1],"obtain_stats":[{"Anchor":7,"Dream Catcher":14,"Shuriken":13,"Bottled Lightning":10,"Burning Blood":0,"White Beast Statue":12},{"Anchor":5,"Dream Catcher":9,"Shuriken":8,"Bottled Lightning":6,"Burning Blood":0,"White Beast Statue":8},{"Anchor":19,"Dream Catcher":36,"Shuriken":32,"Bottled Lightning":23,"Burning Blood":0,"White Beast Statue":32}],"Burning Blood":52},"card_choices":[{"not_picked":["Shockwave","Flex"],"picked":"Disarm","floor":1},{"not_picked":["Dual Wield","Body Slam"],"picked":"Perfected Strike","floor":2},{"not_picked":["Havoc","Rupture"],"picked":"Clothesline","floor":4},{"not_picked":["Body Slam","Clothesline"],"picked":"Twin Strike","floor":5},{"not_picked":["Clash","Twin Strike"],"picked":"Limit Break","floor":7},{"not_picked":["Dual Wield","Body Slam","Rupture"],"picked":"SKIP","floor":10},{"not_picked":["Flame Barrier","Warcry"],"picked":"Shockwave","floor":11},{"not_picked":["Wild Strike","Cleave"],"picked":"Carnage","floor":12},{"not_picked":["Juggernaut","Rampage"],"picked":"Offering","floor":14}],"player_experience":953459,"relics_obtained":[{"floor":7,"key":"Anchor"},{"floor":10,"key":"Bottled Lightning"},{"floor":12,"key":"White Beast Statue"},{"floor":14,"key":"Dream Catcher"}],"event_choices":[{"cards_removed":["Defend_R"],"damage_healed":0,"gold_gain":0,"player_choice":"Offered Basic","damage_taken":0,"max_hp_gain":0,"max_hp_loss":0,"event_name":"Bonfire Elementals","floor":3,"gold_loss":0},{"damage_healed":0,"gold_gain":0,"player_choice":"Searched \u00271\u0027 times","damage_taken":0,"relics_obtained":["Shuriken"],"max_hp_gain":0,"max_hp_loss":0,"event_name":"Dead Adventurer","floor":13,"gold_loss":0}],"is_beta":false,"boss_relics":[],"items_purged_floors":[],"is_endless":false,"potions_floor_spawned":[1,11,12,14],"killed_by":"Hexaghost","ascension_level":16}}