{"host":"y24pqu7jih1n8m3t","time":1611374012,"event":{"mods":["AchievementEnabler","BaseMod","Bestiary","Block Reminder","Colored Map","Colored Powertips","DeckTracker","Highlight Path","Minty Spire (QoL Compilation)","Permanent Neow","Quick Restart","Rare Cards Sparkle","Relic Stats"],"gold_per_floor":[410,421,38,52,65,65,94,94,94,16,26,40,40,51,51,150,150,166,76,87,97,26,57,57,57,57],"floor_reached":25,"language":"ENG","playtime":1805,"items_purged":["Strike_G"],"score":248,"play_id":"24961c74-171b-4389-b3ef-89daf6fba0a2","local_time":"20210122225332","is_ascension_mode":true,"campfire_choices":[{"data":"Neutralize","floor":6,"key":"SMITH"},{"data":"Bouncing Flask","floor":8,"key":"SMITH"},{"floor":15,"key":"REST"},{"floor":24,"key":"REST"}],"circlet_count":0,"master_deck":["Strike_G","Strike_G","Strike_G","Defend_G","Defend_G","Defend_G","Defend_G","Defend_G","Survivor","Neutralize+1","Poisoned Stab+1","Blur","Noxious Fumes","Blur","Bouncing Flask+1","Noxious Fumes","Calculated Gamble","Leg Sweep","Catalyst","Night Terror","Flying Knee","Catalyst","Backflip+1","Footwork","Footwork"],"relics":["Ring of the Snake","Old Coin","Torii","Turnip","Lizard Tail","Sozu","Paper Crane"],"acts_visited":["Exordium","TheCity"],"potions_floor_usage":[12],"damage_taken":[{"damage":2,"enemies":"Cultist","floor":1,"turns":5},{"damage":0,"enemies":"2 Louse","floor":2,"turns":4},{"damage":1,"enemies":"Jaw Worm","floor":4,"turns":6},{"damage":2,"enemies":"Looter","floor":5,"turns":4},{"damage":2,"enemies":"3 Sentries","floor":7,"turns":8},{"damage":21,"enemies":"Large Slime","floor":11,"turns":6},{"damage":22,"enemies":"Gremlin Gang","floor":12,"turns":4},{"damage":19,"enemies":"3 Louse","floor":14,"turns":3},{"damage":17,"enemies":"The Guardian","floor":16,"turns":8},{"damage":1,"enemies":"Shell Parasite","floor":18,"turns":5},{"damage":0,"enemies":"Chosen","floor":20,"turns":4},{"damage":12,"enemies":"Centurion and Healer","floor":21,"turns":7},{"damage":31,"enemies":"Book of Stabbing","floor":23,"turns":6},{"damage":51,"enemies":"Slavers","floor":25,"turns":3}],"seed_played":"-9203687407647914359","potions_obtained":[{"floor":1,"key":"LiquidMemories"},{"floor":4,"key":"GamblersBrew"},{"floor":7,"key":"FearPotion"}],"is_trial":false,"path_per_floor":["M","M","$","M","M","R","E","R","T","$","M","M","?","M","R","B",null,"M","?","M","M","$","E","R","E"],"character_chosen":"THE_SILENT","items_purchased":["Torii","Noxious Fumes","Footwork"],"campfire_rested":2,"item_purchase_floors":[3,10,22],"current_hp_per_floor":[47,47,47,46,44,44,42,42,42,42,21,35,35,16,37,20,70,69,69,69,57,57,26,47,0,0],"gold":57,"neow_bonus":"ONE_RARE_RELIC","is_daily":false,"chose_seed":false,"campfire_upgraded":2,"win_rate":0.0,"timestamp":1611374012,"path_taken":["M","M","$","M","M","R","E","R","T","?","M","M","?","M","R","BOSS","M","?","?","M","?","E","R","E"],"items_purchased_type":["Relic","Card","Card"],"build_version":"2020-12-22","purchased_purges":1,"victory":false,"max_hp_per_floor":[70,70,70,70,70,70,70,70,70,70,70,70,70,70,70,70,70,70,70,70,70,70,70,70,70,70],"relic_stats":{"Sozu":2,"Lizard Tail":35,"Torii":33,"counters":[14,73],"Turnip":[6],"obtain_stats":[{"Sozu":17,"Lizard Tail":9,"Torii":3,"Turnip":7,"Paper Crane":23,"Ring of the Snake":0,"Old Coin":0},{"Sozu":9,"Lizard Tail":5,"Torii":2,"Turnip":5,"Paper Crane":13,"Ring of the Snake":0,"Old Coin":0},{"Sozu":48,"Lizard Tail":27,"Torii":9,"Turnip":27,"Paper Crane":70,"Ring of the Snake":0,"Old Coin":0}],"Ring of the Snake":[28]},"card_choices":[{"not_picked":["Catalyst","Slice"],"picked":"Poisoned Stab","floor":1},{"not_picked":["Sucker Punch","Unload"],"picked":"Blur","floor":2},{"not_picked":["Underhanded Strike","Expertise"],"picked":"Noxious Fumes","floor":4},{"not_picked":["Acrobatics","Predator"],"picked":"Blur","floor":5},{"not_picked":["Deflect","Poisoned Stab"],"picked":"Bouncing Flask","floor":7},{"not_picked":["Reflex","Quick Slash"],"picked":"Calculated Gamble","floor":11},{"not_picked":["Choke","PiercingWail"],"picked":"Leg Sweep","floor":12},{"not_picked":["Endless Agony","Deadly Poison"],"picked":"Catalyst","floor":14},{"not_picked":["Glass Knife","A Thousand Cuts"],"picked":"Night Terror","floor":16},{"not_picked":["Quick Slash","Underhanded Strike"],"picked":"Flying Knee","floor":18},{"not_picked":["Blade Dance","PiercingWail+1"],"picked":"Catalyst","floor":20},{"not_picked":["Finisher","Sucker Punch"],"picked":"Backflip+1","floor":21},{"not_picked":["Dash","Underhanded Strike"],"picked":"Footwork","floor":23}],"player_experience":135650,"relics_obtained":[{"floor":7,"key":"Turnip"},{"floor":9,"key":"Lizard Tail"},{"floor":23,"key":"Paper Crane"}],"event_choices":[{"damage_healed":0,"gold_gain":0,"player_choice":"Ignored","damage_taken":0,"max_hp_gain":0,"max_hp_loss":0,"event_name":"Golden Idol","floor":13,"gold_loss":0},{"cards_removed":["Strike_G"],"damage_healed":0,"gold_gain":0,"player_choice":"Upgrade and Remove","damage_taken":0,"max_hp_gain":0,"max_hp_loss":0,"event_name":"Designer","floor":19,"gold_loss":90,"cards_upgraded":["Poisoned Stab"]}],"is_beta":false,"boss_relics":[{"not_picked":["Empty Cage","WristBlade"],"picked":"Sozu"}],"items_purged_floors":[3],"is_endless":false,"potions_floor_spawned":[1,4,7,18,23],"killed_by":"Slavers","ascension_level":2}}