{"host":"rnys9sj607vajavv","time":1611376577,"event":{"mods":["BaseMod","Colored Map","Downfall","Minty Spire (QoL Compilation)","StSLib"],"gold_per_floor":[99,112,124,124,124,160,160,60,79,238,238,257,257,16,40,40,40,40],"floor_reached":16,"language":"ENG","playtime":990,"items_purged":[],"score":105,"play_id":"bc67d126-7e0d-4118-b258-4722ec8f5f01","local_time":"20210122203617","is_ascension_mode":true,"campfire_choices":[{"data":"Guardian:BodySlam","floor":1,"key":"SMITH"},{"data":"Guardian:CurlUp","floor":8,"key":"SMITH"},{"data":"Guardian:ShieldCharger","floor":11,"key":"SMITH"},{"floor":13,"key":"REST"}],"circlet_count":0,"master_deck":["Guardian:Strike_Guardian","Guardian:Strike_Guardian","Guardian:Strike_Guardian","Guardian:Strike_Guardian","Guardian:Defend_Guardian","Guardian:Defend_Guardian","Guardian:Defend_Guardian","Guardian:Defend_Guardian","Guardian:CurlUp+1","Guardian:TwinSlam","Guardian:BodySlam+1","Guardian:ShieldCharger+1","downfall:Icky","Guardian:PiercingHide","Guardian:Gem_White","Guardian:TemporalShield"],"relics":["Guardian:ModeShifter","CeramicFish","Ginger","Mummified Hand","downfall:HeartBlessingGreen","Guardian:DefensiveModeMoreBlock"],"acts_visited":["Exordium"],"potions_floor_usage":[16],"damage_taken":[{"damage":3,"enemies":"Jaw Worm","floor":2,"turns":4},{"damage":1,"enemies":"2 Louse","floor":3,"turns":2},{"damage":45,"enemies":"Lagavulin","floor":6,"turns":10},{"damage":4,"enemies":"Small Slimes","floor":9,"turns":3},{"damage":4,"enemies":"Exordium Thugs","floor":12,"turns":6},{"damage":0,"enemies":"downfall:FleeingMerchant","floor":14,"turns":4},{"damage":8,"enemies":"Red Slaver","floor":15,"turns":5},{"damage":62,"enemies":"IC_STATUS_ARCHETYPE","floor":16,"turns":13}],"seed_played":"4903150416317394283","potions_obtained":[{"floor":9,"key":"SneckoOil"},{"floor":15,"key":"SteroidPotion"}],"is_trial":false,"path_per_floor":["R","M","M","?","?","E","T","R","M","?","R","M","R","$","M","B"],"character_chosen":"GUARDIAN","items_purchased":["Guardian:DefensiveModeMoreBlock","Guardian:PiercingHide","Guardian:Gem_White"],"campfire_rested":1,"item_purchase_floors":[14,14,14],"current_hp_per_floor":[80,77,76,76,73,28,28,28,24,24,24,20,44,44,36,0,0,0],"gold":40,"neow_bonus":"THREE_CARDS","is_daily":false,"chose_seed":false,"campfire_upgraded":3,"win_rate":0.0,"timestamp":1611376577,"path_taken":["R","M","M","?","?","E","T","R","M","?","R","M","R","$","M","BOSS"],"items_purchased_type":["Relic","Card","Card"],"build_version":"2020-12-22","purchased_purges":0,"victory":false,"max_hp_per_floor":[80,80,80,80,80,80,80,80,80,80,80,80,80,80,80,80,80,80],"card_choices":[{"not_picked":["Guardian:PrimingBeam","Guardian:Planning"],"picked":"Guardian:BodySlam","floor":0},{"not_picked":["Guardian:RollAttack","Guardian:TemporalStrike","Guardian:PrimingBeam"],"picked":"SKIP","floor":2},{"not_picked":["Guardian:Planning","Guardian:ArmoredProtocol"],"picked":"Guardian:Gem_Green","floor":3},{"not_picked":["Guardian:RollAttack","Guardian:Gem_Yellow"],"picked":"Guardian:ShieldCharger","floor":6},{"not_picked":["Guardian:Incinerate","Guardian:HyperBeam_Guardian"],"picked":"Guardian:Gem_Cyan","floor":9},{"not_picked":["Guardian:ChargeCore","Guardian:Preprogram","Guardian:Gem_Purple"],"picked":"SKIP","floor":12},{"not_picked":["Guardian:ChargeCore","Guardian:Preprogram","Guardian:Gem_Purple"],"picked":"SKIP","floor":12},{"not_picked":["Guardian:Gem_Purple","Guardian:Reroute","Guardian:ShieldCharger"],"picked":"SKIP","floor":14},{"not_picked":["Guardian:CrystalBeam","Guardian:ShieldCharger"],"picked":"Guardian:TemporalShield","floor":15}],"player_experience":680145,"relics_obtained":[{"floor":6,"key":"Ginger"},{"floor":7,"key":"Mummified Hand"}],"event_choices":[{"damage_healed":0,"gold_gain":0,"player_choice":"Success","damage_taken":3,"relics_obtained":["CeramicFish"],"max_hp_gain":0,"max_hp_loss":0,"event_name":"Scrap Ooze","floor":5,"gold_loss":0}],"is_beta":false,"boss_relics":[],"items_purged_floors":[],"is_endless":false,"potions_floor_spawned":[9,15],"killed_by":"IC_STATUS_ARCHETYPE","ascension_level":1}}