{"host":"o47f52ks9l6zljgg","time":1611394397,"event":{"mods":["100% Spire Juice","Arknights The Spire","BaseMod","Colored Map","Dota2Spire","Friendly Minions","Grow up Mod","Kiyohime£®«Âºß£©","Marisa£®ÏF”Í°°ƒß¿Ì…≥£©","Minty Spire (QoL Compilation)","Relic Stats","StSLib","The Marked","The Servant 0.9.4","Yakumo Yukari mod","Youmu£®ªÍ∆«—˝√Œ£©","Yuyuko"],"gold_per_floor":[114,129,129,141,158,63,78,78,153,68,91,103,18,29,29,129,129,148,163,88,104,29,64,80,113,113,188,188,188,88,100,100,204,84,96,29,45,45,45,80,100,128,128,138,138,37,64,78,78,78,78,78,29,62,62],"floor_reached":56,"language":"ZHS","playtime":3073,"items_purged":["Moonworks:Defend","Moonworks:Defend"],"score":1576,"play_id":"4173bb31-48c8-451c-af1a-8397c462a7f1","local_time":"20210123183317","is_ascension_mode":false,"campfire_choices":[{"data":"Moonworks:x16BigRocket","floor":15.0,"key":"SMITH"},{"data":"Moonworks:ScrambledEve","floor":29.0,"key":"SMITH"},{"data":"Moonworks:NicePresent","floor":32.0,"key":"SMITH"},{"data":"Moonworks:MiracleWalker","floor":45.0,"key":"SMITH"},{"floor":49.0,"key":"RECALL"},{"data":"Moonworks:MiracleWalker","floor":52.0,"key":"SMITH"}],"circlet_count":0,"master_deck":["Moonworks:Strike","Moonworks:Strike","Moonworks:Strike","Moonworks:Strike","Moonworks:Defend","Moonworks:Ambush","Moonworks:LongDistanceShot","Moonworks:CloudOfSeagulls+1","Moonworks:LulusLuckyEgg","Moonworks:x16BigRocket+1","Moonworks:IndiscriminateFireSupport","Moonworks:BigMagnum","Moonworks:MiracleWalker+1","Moonworks:MiracleWalker+1","Moonworks:FinalBattle+1","Moonworks:DeployBits","Moonworks:WeAreWaruda","Moonworks:EvilSpyWorkPreparation","Moonworks:Accelerator+1","Moonworks:JonathanRush","Moonworks:Heat300Percent","Moonworks:JonathanRush","Moonworks:ScrambledEve+1","Moonworks:RagingMadness+1","Moonworks:CompletionReward+1","Moonworks:Encore+1","Moonworks:BigMagnum+1","Moonworks:JonathanRush+1","Moonworks:NicePresent+1","Moonworks:MeltingMemories+1","Moonworks:ScrambledEve+1","Moonworks:SelfDestruct+1","Moonworks:CloudOfSeagulls+1","Moonworks:CloudOfSeagulls+1","Moonworks:ExtendedPhotonRifle+1","Moonworks:JonathanRush+1","Moonworks:CloudOfSeagulls+1","Moonworks:EvilSpyWorkPreparation","Moonworks:JonathanRush+1","Moonworks:Dash+1","Moonworks:NicePresent+1","Moonworks:JonathanRush+1"],"relics":["Moonworks:BrokenBomb","Moonworks:Homemark","NeowsBlessing","Moonworks:LittleGull","Frozen Egg 2","Prayer Wheel","Tiny Chest","Blood Vial","Black Star","Anchor","Eternal Feather","Bag of Preparation","Omamori","Molten Egg 2","Dota2Spire:Bloodstone","Dota2Spire:OctarineCore","Darkstone Periapt","Blue Candle","Dota2Spire:ArmletOfMordiggian","PreservedInsect","Lantern","Dota2Spire:HeartOfTarrasque","Dota2Spire:Desolator","Incense Burner","Dota2Spire:DivineRapier","Dota2Spire:MagicBottle"],"acts_visited":["Exordium","TheCity","TheBeyond","TheEnding"],"potions_floor_usage":[55,55,55],"damage_taken":[{"damage":0.0,"enemies":"Small Slimes","floor":1.0,"turns":1.0},{"damage":0.0,"enemies":"Cultist","floor":2.0,"turns":1.0},{"damage":0.0,"enemies":"2 Louse","floor":4.0,"turns":1.0},{"damage":9.0,"enemies":"Blue Slaver","floor":5.0,"turns":4.0},{"damage":39.0,"enemies":"Lagavulin","floor":6.0,"turns":6.0},{"damage":10.0,"enemies":"Exordium Thugs","floor":7.0,"turns":2.0},{"damage":11.0,"enemies":"Gremlin Nob","floor":10.0,"turns":3.0},{"damage":7.0,"enemies":"3 Louse","floor":12.0,"turns":2.0},{"damage":11.0,"enemies":"3 Sentries","floor":13.0,"turns":2.0},{"damage":21.0,"enemies":"Large Slime","floor":14.0,"turns":2.0},{"damage":5.0,"enemies":"Slime Boss","floor":16.0,"turns":3.0},{"damage":11.0,"enemies":"Shell Parasite","floor":18.0,"turns":3.0},{"damage":25.0,"enemies":"2 Thieves","floor":19.0,"turns":2.0},{"damage":37.0,"enemies":"Centurion and Healer","floor":21.0,"turns":5.0},{"damage":95.0,"enemies":"Slavers","floor":23.0,"turns":4.0},{"damage":0.0,"enemies":"3 Cultists","floor":24.0,"turns":2.0},{"damage":26.0,"enemies":"Gremlin Leader","floor":25.0,"turns":4.0},{"damage":16.0,"enemies":"Snake Plant","floor":31.0,"turns":2.0},{"damage":60.0,"enemies":"Collector","floor":33.0,"turns":6.0},{"damage":24.0,"enemies":"Orb Walker","floor":35.0,"turns":3.0},{"damage":11.0,"enemies":"3 Shapes","floor":37.0,"turns":1.0},{"damage":167.0,"enemies":"Reptomancer","floor":40.0,"turns":4.0},{"damage":17.0,"enemies":"Transient","floor":41.0,"turns":5.0},{"damage":31.0,"enemies":"Giant Head","floor":42.0,"turns":5.0},{"damage":38.0,"enemies":"Jaw Worm Horde","floor":44.0,"turns":2.0},{"damage":14.0,"enemies":"Sphere and 2 Shapes","floor":46.0,"turns":2.0},{"damage":11.0,"enemies":"Nemesis","floor":47.0,"turns":3.0},{"damage":8.0,"enemies":"Maw","floor":48.0,"turns":3.0},{"damage":235.0,"enemies":"Time Eater","floor":50.0,"turns":1.0},{"damage":7.0,"enemies":"Shield and Spear","floor":54.0,"turns":3.0},{"damage":152,"enemies":"The Heart","floor":55,"turns":4}],"seed_played":"-8411903198989759344","potions_obtained":[{"floor":4.0,"key":"Block Potion"},{"floor":7.0,"key":"FearPotion"},{"floor":13.0,"key":"SkillPotion"},{"floor":14.0,"key":"Dota2Spire:HealingSalve"},{"floor":21.0,"key":"Explosive Potion"},{"floor":24.0,"key":"Dexterity Potion"},{"floor":31.0,"key":"FairyPotion"},{"floor":40.0,"key":"SpeedPotion"},{"floor":41.0,"key":"Ancient Potion"},{"floor":54.0,"key":"PowerPotion"}],"is_trial":false,"path_per_floor":["M","M","?","M","M","E","M","?","T","E","T","M","E","M","R","B",null,"M","M","?","M","$","E","M","E","T","?","T","R","$","M","R","B",null,"M","$","M","?","T","E","M","E","T","M","R","M","E","M","R","B",null,"R","$","E","B",null],"character_chosen":"THE_STARBREAKER","items_purchased":["Moonworks:SelfDestruct+1","SteroidPotion"],"campfire_rested":0,"item_purchase_floors":[36,53],"current_hp_per_floor":[80,90,100,110,111,82,82,97,107,106,116,119,118,109,119,126,245,244,231,241,216,226,143,155,141,151,128,138,163,173,169,194,146,415,401,411,412,422,432,277,376,357,375,358,389,397,398,402,436,323,593,603,613,616,476],"gold":62,"neow_bonus":"THREE_ENEMY_KILL","is_daily":false,"chose_seed":false,"campfire_upgraded":5,"win_rate":0.0,"timestamp":1611394397,"path_taken":["M","M","?","?","M","E","M","?","T","E","?","M","E","?","R","BOSS","M","M","?","M","$","E","M","E","T","?","?","R","?","M","R","BOSS","M","?","M","?","?","E","?","E","T","M","R","M","E","M","R","BOSS","R","$","E","BOSS"],"items_purchased_type":["Card","Potion"],"build_version":"2020-12-22","purchased_purges":2,"victory":true,"max_hp_per_floor":[80,90,100,110,120,130,140,155,165,175,185,195,205,215,225,235,245,255,265,275,285,295,305,315,325,335,345,355,365,375,385,395,405,415,425,435,445,455,465,475,485,495,513,523,533,543,553,563,573,583,593,603,613,623,633],"relic_stats":{"Blood Vial":38,"Darkstone Periapt":0,"counters":[31,90],"Blue Candle":[0],"Prayer Wheel":13,"Tiny Chest":2,"Eternal Feather":75,"PreservedInsect":115,"Black Star":6,"Bag of Preparation":[28],"obtain_stats":[{"Darkstone Periapt":39,"Lantern":42,"Dota2Spire:ArmletOfMordiggian":40,"Bag of Preparation":25,"Incense Burner":47,"Blood Vial":13,"Dota2Spire:MagicBottle":54,"Prayer Wheel":10,"Tiny Chest":11,"Dota2Spire:DivineRapier":54,"NeowsBlessing":0,"Moonworks:LittleGull":6,"Blue Candle":40,"Eternal Feather":23,"Dota2Spire:Bloodstone":34,"PreservedInsect":42,"Omamori":25,"Dota2Spire:HeartOfTarrasque":43,"Frozen Egg 2":9,"Anchor":23,"Moonworks:Homemark":0,"Molten Egg 2":26,"Black Star":17,"Dota2Spire:OctarineCore":38,"Moonworks:BrokenBomb":0,"Dota2Spire:Desolator":47},{"Darkstone Periapt":21,"Lantern":24,"Dota2Spire:ArmletOfMordiggian":22,"Bag of Preparation":17,"Incense Burner":27,"Blood Vial":9,"Dota2Spire:MagicBottle":30,"Prayer Wheel":7,"Tiny Chest":7,"Dota2Spire:DivineRapier":30,"NeowsBlessing":0,"Moonworks:LittleGull":5,"Blue Candle":22,"Eternal Feather":15,"Dota2Spire:Bloodstone":19,"PreservedInsect":24,"Omamori":17,"Dota2Spire:HeartOfTarrasque":24,"Frozen Egg 2":6,"Anchor":15,"Moonworks:Homemark":0,"Molten Egg 2":17,"Black Star":11,"Dota2Spire:OctarineCore":21,"Moonworks:BrokenBomb":0,"Dota2Spire:Desolator":27},{"Darkstone Periapt":58,"Lantern":72,"Dota2Spire:ArmletOfMordiggian":62,"Bag of Preparation":46,"Incense Burner":79,"Blood Vial":22,"Dota2Spire:MagicBottle":86,"Prayer Wheel":18,"Tiny Chest":18,"Dota2Spire:DivineRapier":86,"NeowsBlessing":0,"Moonworks:LittleGull":13,"Blue Candle":62,"Eternal Feather":41,"Dota2Spire:Bloodstone":54,"PreservedInsect":72,"Omamori":46,"Dota2Spire:HeartOfTarrasque":72,"Frozen Egg 2":15,"Anchor":41,"Moonworks:Homemark":0,"Molten Egg 2":46,"Black Star":27,"Dota2Spire:OctarineCore":58,"Moonworks:BrokenBomb":0,"Dota2Spire:Desolator":79}]},"card_choices":[{"not_picked":["Moonworks:Assault","Moonworks:SakisCookie"],"picked":"Moonworks:CloudOfSeagulls","floor":1.0},{"not_picked":["Moonworks:BigMagnum","Moonworks:ImmovableObject"],"picked":"Moonworks:LulusLuckyEgg","floor":2.0},{"not_picked":["Moonworks:ImOnFire","Moonworks:CloudOfSeagulls"],"picked":"Moonworks:x16BigRocket","floor":4.0},{"not_picked":["Moonworks:ForcedRevival","Moonworks:SakisCookie"],"picked":"Moonworks:IndiscriminateFireSupport","floor":5.0},{"not_picked":["Moonworks:SweetBattle","Moonworks:CookingTime"],"picked":"Moonworks:BigMagnum","floor":6.0},{"not_picked":["Moonworks:BeyondHell","Moonworks:LulusLuckyEgg"],"picked":"Moonworks:MiracleWalker","floor":7.0},{"not_picked":["Moonworks:Dash","Moonworks:Poppoformation"],"picked":"Moonworks:MiracleWalker","floor":10.0},{"not_picked":["Moonworks:SakisCookie","Moonworks:NicePresent"],"picked":"Moonworks:FinalBattle+1","floor":12.0},{"not_picked":["Moonworks:Assault","Moonworks:MiracleWalker"],"picked":"Moonworks:DeployBits","floor":12.0},{"not_picked":["Moonworks:Assault","Moonworks:BackdoorTrade"],"picked":"Moonworks:WeAreWaruda","floor":13.0},{"not_picked":["Moonworks:TacticalRetreat","Moonworks:ImOnFire"],"picked":"Moonworks:EvilSpyWorkPreparation","floor":14.0},{"not_picked":["Moonworks:CastOff","Moonworks:BigMagnum"],"picked":"Moonworks:Accelerator+1","floor":14.0},{"not_picked":["Moonworks:NicePresent","Moonworks:ImOnFire"],"picked":"Moonworks:JonathanRush","floor":18.0},{"not_picked":["Moonworks:Assault","Moonworks:DevilHand"],"picked":"Moonworks:Heat300Percent","floor":18.0},{"not_picked":["Moonworks:DeployBits","Moonworks:IndiscriminateFireSupport"],"picked":"Moonworks:JonathanRush","floor":19.0},{"not_picked":["Moonworks:LulusLuckyEgg+1","Moonworks:TacticalRetreat","Moonworks:SakisCookie+1"],"picked":"SKIP","floor":19.0},{"not_picked":["Moonworks:ForcedRevival","Moonworks:BackdoorTrade"],"picked":"Moonworks:ScrambledEve","floor":21.0},{"not_picked":["Moonworks:ImOnFire","Moonworks:ReproductionOfRecords+1","Moonworks:AngelHand+1"],"picked":"SKIP","floor":21.0},{"not_picked":["Moonworks:MiracleWalker+1","Moonworks:IndiscriminateFireSupport"],"picked":"Moonworks:RagingMadness+1","floor":23.0},{"not_picked":["Moonworks:TacticalRetreat","Moonworks:Assault+1"],"picked":"Moonworks:CompletionReward+1","floor":24.0},{"not_picked":["Moonworks:CloudOfSeagulls","Moonworks:Bloodlust"],"picked":"Moonworks:Encore+1","floor":24.0},{"not_picked":["Moonworks:EvilSpyWorkPreparation","Moonworks:ImOnFire"],"picked":"Moonworks:BigMagnum+1","floor":25.0},{"not_picked":["Moonworks:FinalSurgery+1","Moonworks:LulusLuckyEgg"],"picked":"Moonworks:JonathanRush+1","floor":31.0},{"not_picked":["Moonworks:SealedMemories","Moonworks:LulusLuckyEgg"],"picked":"Moonworks:NicePresent","floor":31.0},{"not_picked":["Moonworks:RocketCannon+1","Moonworks:Gamble+1"],"picked":"Moonworks:MeltingMemories+1","floor":33.0},{"not_picked":["Moonworks:Flamethrower","Moonworks:BigBangBell"],"picked":"Moonworks:ScrambledEve+1","floor":35.0},{"not_picked":["Moonworks:MiracleRedBeanIceCream+1","Moonworks:BigMagnum","Moonworks:WindyEnchantment"],"picked":"SKIP","floor":35.0},{"not_picked":["Moonworks:TreasureThief+1","Moonworks:SakisCookie"],"picked":"Moonworks:CloudOfSeagulls+1","floor":37.0},{"not_picked":["Moonworks:LulusLuckyEgg","Moonworks:DeployBits+1"],"picked":"Moonworks:CloudOfSeagulls+1","floor":37.0},{"not_picked":["Moonworks:Flamethrower+1","Moonworks:AwakeningOfTalent+1"],"picked":"Moonworks:ExtendedPhotonRifle+1","floor":40.0},{"not_picked":["Moonworks:LulusLuckyEgg+1","Moonworks:IntelligenceOfficer"],"picked":"Moonworks:JonathanRush+1","floor":41.0},{"not_picked":["Moonworks:DeployBits","Moonworks:IndiscriminateFireSupport+1","Moonworks:Poppoformation+1"],"picked":"SKIP","floor":41.0},{"not_picked":["Moonworks:BigMagnum","Moonworks:FullSpeedAlicianrone+1"],"picked":"Moonworks:CloudOfSeagulls+1","floor":42.0},{"not_picked":["Moonworks:CloudOfSeagulls+1","Moonworks:SelfDestruct+1"],"picked":"Moonworks:EvilSpyWorkPreparation","floor":44.0},{"not_picked":["Moonworks:ImOnFire+1","Moonworks:AwakeningOfTalent+1","Moonworks:Assault+1"],"picked":"SKIP","floor":44.0},{"not_picked":["Moonworks:RocketCannon+1","Moonworks:DeployBits"],"picked":"Moonworks:JonathanRush+1","floor":46.0},{"not_picked":["Moonworks:JonathanRush+1","Moonworks:RedAndBlue"],"picked":"Moonworks:Dash+1","floor":46.0},{"not_picked":["Moonworks:Assault+1","Moonworks:StarBlastingFuse","Moonworks:LulusLuckyEgg+1"],"picked":"SKIP","floor":47.0},{"not_picked":["Moonworks:IndiscriminateFireSupport+1","Moonworks:Assault+1"],"picked":"Moonworks:NicePresent+1","floor":48.0},{"not_picked":["Moonworks:SweetBattle+1","Moonworks:EvilSpyWorkPreparation"],"picked":"Moonworks:JonathanRush+1","floor":48.0},{"not_picked":["Moonworks:IntelligenceOfficer+1","Moonworks:SakisCookie","Moonworks:Poppoformation"],"picked":"SKIP","floor":54.0}],"player_experience":570506,"relics_obtained":[{"floor":6.0,"key":"Moonworks:LittleGull"},{"floor":9.0,"key":"Frozen Egg 2"},{"floor":10.0,"key":"Prayer Wheel"},{"floor":11.0,"key":"Tiny Chest"},{"floor":13.0,"key":"Blood Vial"},{"floor":23.0,"key":"Anchor"},{"floor":23.0,"key":"Eternal Feather"},{"floor":25.0,"key":"Bag of Preparation"},{"floor":25.0,"key":"Omamori"},{"floor":26.0,"key":"Molten Egg 2"},{"floor":39.0,"key":"Darkstone Periapt"},{"floor":40.0,"key":"Blue Candle"},{"floor":40.0,"key":"Dota2Spire:ArmletOfMordiggian"},{"floor":42.0,"key":"PreservedInsect"},{"floor":42.0,"key":"Lantern"},{"floor":43.0,"key":"Dota2Spire:HeartOfTarrasque"},{"floor":47.0,"key":"Dota2Spire:Desolator"},{"floor":47.0,"key":"Incense Burner"},{"floor":54.0,"key":"Dota2Spire:DivineRapier"},{"floor":54.0,"key":"Dota2Spire:MagicBottle"}],"event_choices":[{"damage_healed":0.0,"max_hp_gain":0.0,"max_hp_loss":0.0,"gold_gain":0.0,"event_name":"Accursed Blacksmith","player_choice":"Forge","floor":3.0,"gold_loss":0.0,"damage_taken":0.0,"cards_upgraded":["Moonworks:CloudOfSeagulls"]},{"damage_healed":0.0,"max_hp_gain":5.0,"max_hp_loss":0.0,"gold_gain":0.0,"event_name":"Big Fish","player_choice":"Donut","floor":8.0,"gold_loss":0.0,"damage_taken":0.0},{"cards_removed":["Moonworks:Defend"],"damage_healed":0.0,"max_hp_gain":0.0,"max_hp_loss":0.0,"gold_gain":0.0,"event_name":"Beggar","player_choice":"Gave Gold","floor":20.0,"gold_loss":75.0,"damage_taken":0.0},{"damage_healed":0.0,"max_hp_gain":0.0,"max_hp_loss":0.0,"gold_gain":75.0,"event_name":"FaceTrader","player_choice":"Touch","floor":27.0,"gold_loss":0.0,"damage_taken":33.0},{"damage_healed":0.0,"max_hp_gain":0.0,"max_hp_loss":0.0,"gold_gain":0.0,"event_name":"WeMeetAgain","player_choice":"Gave Potion","floor":38.0,"gold_loss":0.0,"damage_taken":0.0,"relics_obtained":["Dota2Spire:OctarineCore"]}],"is_beta":false,"boss_relics":[{"not_picked":["Astrolabe","Runic Pyramid"],"picked":"Black Star"},{"not_picked":["Velvet Choker","Empty Cage"],"picked":"Dota2Spire:Bloodstone"}],"items_purged_floors":[22,30],"is_endless":false,"potions_floor_spawned":[4,7,13,14,16,21,24,31,40,41,47,48,54],"ascension_level":0}}