{"host":"oehe2dxjvdgux73m","time":1611388428,"event":{"mods":["AchievementEnabler","BaseMod","Colored Map","Colored Powertips","DeckTracker","Keyboard Shortcuts","Minty Spire (QoL Compilation)","Permanent Neow","Quick Restart","StSLib","SuperFastMode"],"gold_per_floor":[117,132,132,145,159,492,492,521,521,533,533,553,553,553,553],"floor_reached":14,"language":"KOR","playtime":323,"items_purged":[],"score":161,"play_id":"61bb0e0a-eca0-4264-8cb0-c997c5dec8c7","local_time":"20210123165348","is_ascension_mode":true,"campfire_choices":[{"data":"Armaments","floor":7.0,"key":"SMITH"},{"floor":11.0,"key":"REST"},{"data":"Carnage","floor":13,"key":"SMITH"}],"circlet_count":0,"master_deck":["AscendersBane","Strike_R","Strike_R","Strike_R","Strike_R","Defend_R","Defend_R","Defend_R","Bash","Reckless Charge","Hemokinesis","Twin Strike","Carnage+1","Body Slam","Armaments+1","Reaper"],"relics":["Burning Blood","Old Coin","Odd Mushroom","Blue Candle"],"acts_visited":["Exordium"],"potions_floor_usage":[12],"damage_taken":[{"damage":8.0,"enemies":"2 Louse","floor":1.0,"turns":2.0},{"damage":2.0,"enemies":"Cultist","floor":2.0,"turns":2.0},{"damage":11.0,"enemies":"Jaw Worm","floor":4.0,"turns":3.0},{"damage":21.0,"enemies":"2 Fungi Beasts","floor":5.0,"turns":3.0},{"damage":30.0,"enemies":"Gremlin Nob","floor":6.0,"turns":4.0},{"damage":10.0,"enemies":"The Mushroom Lair","floor":8.0,"turns":3.0},{"damage":18.0,"enemies":"Exordium Thugs","floor":10.0,"turns":4.0},{"damage":23,"enemies":"Gremlin Gang","floor":12,"turns":5},{"damage":29,"enemies":"Lagavulin","floor":14,"turns":3}],"seed_played":"-4529155836258090024","potions_obtained":[{"floor":4.0,"key":"Dexterity Potion"},{"floor":6.0,"key":"AttackPotion"},{"floor":8.0,"key":"LiquidMemories"}],"is_trial":false,"path_per_floor":["M","M","?","M","M","E","R","?","T","M","R","M","R","E"],"character_chosen":"IRONCLAD","items_purchased":[],"campfire_rested":1,"item_purchase_floors":[],"current_hp_per_floor":[66,68,68,63,48,24,24,20,20,12,32,21,21,0,0],"gold":553,"neow_bonus":"TRANSFORM_TWO_CARDS","is_daily":false,"chose_seed":false,"campfire_upgraded":2,"win_rate":0.0,"timestamp":1611388428,"path_taken":["M","M","?","?","M","E","R","?","T","M","R","M","R","E"],"items_purchased_type":[],"build_version":"2020-12-22","purchased_purges":0,"victory":false,"max_hp_per_floor":[68,68,68,68,68,68,68,68,68,68,68,68,68,68,68],"card_choices":[{"not_picked":["Heavy Blade","True Grit"],"picked":"Twin Strike","floor":1.0},{"not_picked":["Ghostly Armor","Shrug It Off"],"picked":"Carnage","floor":2.0},{"not_picked":["Combust","Infernal Blade","Headbutt"],"picked":"SKIP","floor":4.0},{"not_picked":["Dropkick","Twin Strike"],"picked":"Body Slam","floor":5.0},{"not_picked":["Metallicize","Power Through"],"picked":"Armaments","floor":6.0},{"not_picked":["True Grit","Warcry"],"picked":"Reaper","floor":8.0},{"not_picked":["Iron Wave","Havoc","Searing Blow"],"picked":"SKIP","floor":10.0},{"not_picked":["Anger","Metallicize","True Grit"],"picked":"SKIP","floor":12}],"player_experience":304421,"relics_obtained":[{"floor":6.0,"key":"Old Coin"},{"floor":8.0,"key":"Odd Mushroom"},{"floor":9.0,"key":"Blue Candle"}],"event_choices":[{"damage_healed":0.0,"max_hp_gain":0.0,"max_hp_loss":0.0,"gold_gain":0.0,"event_name":"Match and Keep!","player_choice":"0 cards matched","floor":3.0,"gold_loss":0.0,"damage_taken":0.0,"cards_obtained":[]},{"damage_healed":0.0,"max_hp_gain":0.0,"max_hp_loss":0.0,"gold_gain":0.0,"event_name":"Mushrooms","player_choice":"Fought Mushrooms","floor":8.0,"gold_loss":0.0,"damage_taken":0.0}],"is_beta":false,"boss_relics":[],"items_purged_floors":[],"is_endless":false,"potions_floor_spawned":[4,6,8],"killed_by":"Lagavulin","ascension_level":15}}