{"host":"lreod2rejfd0az5i","time":1611442085,"event":{"mods":["AchievementEnabler","Aspiration","BaseMod","Colored Powertips","Conspire","Downfall","Highlight Path","Hubris","Infinite Spire","Mad Scientist","Minty Spire (QoL Compilation)","Rare Cards Sparkle","Relic Stats","Replay The Spire","StSLib","The Bug Knight","The Jungle"],"gold_per_floor":[114,60,71,71,71,71,88,88,88,105,118,118,40,50,50,50,50],"floor_reached":16,"language":"ENG","playtime":495,"items_purged":["Regret"],"score":184,"play_id":"ad73016e-6f31-4c6e-9801-745b47264c8d","local_time":"20210123154805","is_ascension_mode":true,"campfire_choices":[{"floor":6,"key":"REST"},{"floor":8,"key":"REST"},{"data":"Blade Dance","floor":12,"key":"SMITH"},{"data":"PiercingWail","floor":12,"key":"SMITH"},{"data":"Choke","floor":15,"key":"SMITH"},{"data":"Die Die Die","floor":15,"key":"SMITH"}],"circlet_count":0,"master_deck":["AscendersBane","Strike_G","Strike_G","Strike_G","Strike_G","Strike_G","Defend_G","Defend_G","Defend_G","Defend_G","Defend_G","Survivor","Neutralize","Backflip","Blade Dance+1","PiercingWail+1","Footwork","Choke+1","Die Die Die+1"],"relics":["Ring of the Snake","infinitespire:PuzzleCube","aspiration:HummingbirdHeart","Replay:Arrowhead"],"acts_visited":["Exordium"],"potions_floor_usage":[16,16],"damage_taken":[{"damage":2,"enemies":"Small Slimes","floor":1,"turns":5},{"damage":7,"enemies":"Jaw Worm","floor":3,"turns":4},{"damage":13,"enemies":"infinitespire:Voidling","floor":7,"turns":4},{"damage":2,"enemies":"Lots of Slimes","floor":10,"turns":5},{"damage":0,"enemies":"Looter","floor":11,"turns":3},{"damage":1,"enemies":"3 Louse","floor":14,"turns":3},{"damage":60,"enemies":"Hexaghost","floor":16,"turns":12}],"seed_played":"-166514939437093246","potions_obtained":[{"floor":3,"key":"SpeedPotion"},{"floor":7,"key":"Strength Potion"}],"is_trial":false,"path_per_floor":["M","$","M","?","$","R","M","R","T","M","M","R","$","M","R","B"],"character_chosen":"THE_SILENT","items_purchased":["PiercingWail","aspiration:HummingbirdHeart","Choke"],"campfire_rested":2,"item_purchase_floors":[2,5,13],"current_hp_per_floor":[57,57,50,50,28,47,39,58,58,56,56,56,56,55,55,0,0],"gold":50,"neow_bonus":"THREE_CARDS","is_daily":false,"chose_seed":false,"campfire_upgraded":4,"win_rate":0.0,"timestamp":1611442085,"path_taken":["M","$","M","?","?","R","M","R","T","?","M","R","?","M","R","BOSS"],"items_purchased_type":["Card","Relic","Card"],"build_version":"2020-12-22","purchased_purges":1,"victory":false,"max_hp_per_floor":[66,66,66,66,66,66,66,66,66,66,66,66,66,66,66,66,66],"relic_stats":{"counters":[7,36],"obtain_stats":[{"aspiration:HummingbirdHeart":5,"infinitespire:PuzzleCube":4,"Replay:Arrowhead":9,"Ring of the Snake":0},{"aspiration:HummingbirdHeart":2,"infinitespire:PuzzleCube":2,"Replay:Arrowhead":3,"Ring of the Snake":0},{"aspiration:HummingbirdHeart":9,"infinitespire:PuzzleCube":9,"Replay:Arrowhead":13,"Ring of the Snake":0}],"Ring of the Snake":[14]},"card_choices":[{"not_picked":["Poisoned Stab","hubris:SlightOfHand"],"picked":"Backflip","floor":0},{"not_picked":["PiercingWail","Acrobatics"],"picked":"Blade Dance","floor":1},{"not_picked":["ReplayTheSpireMod:The Works","Dagger Throw","Replay:Poison Smokescreen"],"picked":"SKIP","floor":3},{"not_picked":["Underhanded Strike","Slice","Poisoned Stab"],"picked":"SKIP","floor":7},{"not_picked":["Flying Knee","Underhanded Strike","Tactician"],"picked":"SKIP","floor":10},{"not_picked":["Dodge and Roll","Concentrate"],"picked":"Footwork","floor":11},{"not_picked":["Draining Mist","Catalyst"],"picked":"Die Die Die","floor":14}],"player_experience":884754,"relics_obtained":[{"floor":9,"key":"Replay:Arrowhead"}],"event_choices":[{"damage_healed":0,"gold_gain":0,"player_choice":"Box","damage_taken":0,"relics_obtained":["infinitespire:PuzzleCube"],"max_hp_gain":0,"max_hp_loss":0,"event_name":"Big Fish","floor":4,"gold_loss":0,"cards_obtained":["Regret"]}],"is_beta":false,"boss_relics":[],"items_purged_floors":[5],"is_endless":false,"potions_floor_spawned":[3,7],"killed_by":"Hexaghost","ascension_level":20}}