{"host":"fa35vd3kig5td25x","time":1611400200,"event":{"mods":["BaseMod","Colored Powertips","Minty Spire (QoL Compilation)","Relic Stats","Slay the Relics Exporter"],"gold_per_floor":[118,393,7,25,37,37,37,62,62,94,114,114,127,162,162,238,238,249,260,210,229,229,229,241,270,270,285,285,301,88,88,88],"floor_reached":31,"language":"ENG","playtime":1409,"items_purged":["Regret","Strike_P"],"score":679,"play_id":"ad003d28-0075-4789-98db-3cbc7b2c7277","local_time":"20210123121000","is_ascension_mode":true,"campfire_choices":[{"data":"TalkToTheHand","floor":6,"key":"SMITH"},{"data":"Eruption","floor":12,"key":"SMITH"},{"data":"Meditate","floor":15,"key":"SMITH"},{"floor":23,"key":"REST"},{"floor":28,"key":"REST"}],"circlet_count":0,"master_deck":["AscendersBane","Strike_P","Strike_P","Defend_P","Defend_P","Eruption+1","Vigilance","SignatureMove+1","ForeignInfluence+1","Vengeance+1","SashWhip","Dramatic Entrance","EmptyFist","TalkToTheHand+1","Meditate+1","JustLucky","LikeWater+1","Halt+1","LikeWater+1","Study+1","TalkToTheHand","Wireheading+1","LikeWater+1","LikeWater+1"],"relics":["Astrolabe","Omamori","Pear","Frozen Egg 2","Bag of Marbles","Smiling Mask","VioletLotus","Centennial Puzzle"],"acts_visited":["Exordium","TheCity"],"potions_floor_usage":[10,10,21,24,25,31],"damage_taken":[{"damage":2,"enemies":"Small Slimes","floor":1,"turns":3},{"damage":0,"enemies":"Cultist","floor":4,"turns":2},{"damage":0,"enemies":"2 Louse","floor":5,"turns":2},{"damage":0,"enemies":"Lagavulin","floor":8,"turns":4},{"damage":22,"enemies":"3 Sentries","floor":10,"turns":9},{"damage":6,"enemies":"Lots of Slimes","floor":11,"turns":2},{"damage":0,"enemies":"Exordium Wildlife","floor":13,"turns":2},{"damage":0,"enemies":"Gremlin Nob","floor":14,"turns":2},{"damage":6,"enemies":"Slime Boss","floor":16,"turns":5},{"damage":12,"enemies":"3 Byrds","floor":18,"turns":3},{"damage":9,"enemies":"Spheric Guardian","floor":19,"turns":4},{"damage":22,"enemies":"Snake Plant","floor":21,"turns":5},{"damage":3,"enemies":"Centurion and Healer","floor":24,"turns":4},{"damage":13,"enemies":"Gremlin Leader","floor":25,"turns":6},{"damage":17,"enemies":"Snecko","floor":27,"turns":5},{"damage":3,"enemies":"Cultist and Chosen","floor":29,"turns":5},{"damage":57,"enemies":"3 Cultists","floor":31,"turns":5}],"seed_played":"2176849634671643519","potions_obtained":[{"floor":1,"key":"SkillPotion"},{"floor":10,"key":"ColorlessPotion"},{"floor":14,"key":"Dexterity Potion"},{"floor":18,"key":"PowerPotion"},{"floor":24,"key":"PowerPotion"}],"is_trial":false,"path_per_floor":["M","?","$","M","M","R","$","E","T","E","M","R","M","E","R","B",null,"M","M","?","M","?","R","M","E","T","M","R","M","$","M"],"character_chosen":"WATCHER","items_purchased":["Omamori","Block Potion","Dramatic Entrance","LikeWater+1","Regen Potion"],"campfire_rested":2,"item_purchase_floors":[3,3,3,30,30],"current_hp_per_floor":[59,59,59,59,59,59,59,69,69,47,41,41,41,41,41,35,67,55,46,46,24,18,41,38,25,25,8,31,28,28,0,0],"gold":88,"neow_bonus":"BOSS_RELIC","is_daily":false,"chose_seed":false,"campfire_upgraded":3,"win_rate":0.0,"timestamp":1611400200,"path_taken":["M","?","$","M","M","R","?","E","T","E","M","R","M","E","R","BOSS","M","M","?","?","?","R","M","E","T","M","R","M","$","M"],"items_purchased_type":["Relic","Potion","Card","Card","Potion"],"build_version":"2020-12-22","purchased_purges":2,"victory":false,"max_hp_per_floor":[68,68,68,68,68,68,68,78,78,78,78,78,78,78,78,78,78,78,78,78,78,78,78,78,78,78,78,78,78,78,78,78],"relic_stats":{"Centennial Puzzle":[9],"counters":[17,68],"Astrolabe":["SignatureMove","ForeignInfluence","Vengeance"],"VioletLotus":[8],"Smiling Mask":50,"obtain_stats":[{"Centennial Puzzle":25,"Pear":8,"Astrolabe":0,"VioletLotus":17,"Omamori":3,"Bag of Marbles":10,"PureWater":0,"Frozen Egg 2":9,"Smiling Mask":14},{"Centennial Puzzle":14,"Pear":4,"Astrolabe":0,"VioletLotus":9,"Omamori":1,"Bag of Marbles":5,"PureWater":0,"Frozen Egg 2":4,"Smiling Mask":8},{"Centennial Puzzle":53,"Pear":11,"Astrolabe":0,"VioletLotus":31,"Omamori":3,"Bag of Marbles":20,"PureWater":0,"Frozen Egg 2":11,"Smiling Mask":26}]},"card_choices":[{"not_picked":["FlyingSleeves","ReachHeaven"],"picked":"SashWhip","floor":1},{"not_picked":["ClearTheMind","FollowUp"],"picked":"EmptyFist","floor":4},{"not_picked":["JustLucky","CarveReality"],"picked":"TalkToTheHand","floor":5},{"not_picked":["FlyingSleeves","Omniscience","LikeWater"],"picked":"SKIP","floor":8},{"not_picked":["Protect","EmptyBody"],"picked":"Meditate","floor":10},{"not_picked":["BattleHymn+1","Prostrate","SandsOfTime"],"picked":"SKIP","floor":11},{"not_picked":["BowlingBash","Crescendo"],"picked":"JustLucky","floor":13},{"not_picked":["Consecrate","FearNoEvil"],"picked":"LikeWater+1","floor":14},{"not_picked":["Vengeance","PathToVictory"],"picked":"Halt+1","floor":18},{"not_picked":["PathToVictory","Meditate"],"picked":"LikeWater+1","floor":19},{"not_picked":["Crescendo","EmptyBody","ReachHeaven"],"picked":"SKIP","floor":21},{"not_picked":["Study+1","Perseverance","Consecrate"],"picked":"SKIP","floor":24},{"not_picked":["Perseverance","Consecrate"],"picked":"Study+1","floor":24},{"not_picked":["Omniscience","SignatureMove"],"picked":"TalkToTheHand","floor":25},{"not_picked":["CrushJoints","Consecrate"],"picked":"Wireheading+1","floor":27},{"not_picked":["EmptyBody","Wallop"],"picked":"LikeWater+1","floor":29}],"player_experience":2980700,"relics_obtained":[{"floor":8,"key":"Pear"},{"floor":9,"key":"Frozen Egg 2"},{"floor":10,"key":"Bag of Marbles"},{"floor":14,"key":"Smiling Mask"},{"floor":25,"key":"Centennial Puzzle"}],"event_choices":[{"damage_healed":0,"gold_gain":275,"player_choice":"Desecrate","damage_taken":0,"max_hp_gain":0,"max_hp_loss":0,"event_name":"Golden Shrine","floor":2,"gold_loss":0,"cards_obtained":["Regret"]},{"damage_healed":0,"gold_gain":0,"player_choice":"Bet on Murderer","damage_taken":0,"max_hp_gain":0,"max_hp_loss":0,"event_name":"The Joust","floor":20,"gold_loss":50},{"damage_healed":0,"gold_gain":0,"player_choice":"","damage_taken":6,"max_hp_gain":0,"max_hp_loss":0,"event_name":"Knowing Skull","floor":22,"potions_obtained":[],"gold_loss":0,"cards_obtained":[]}],"is_beta":false,"boss_relics":[{"not_picked":["Snecko Eye","Empty Cage"],"picked":"VioletLotus"}],"items_purged_floors":[3,30],"is_endless":false,"potions_floor_spawned":[1,4,10,14,18,24],"killed_by":"3 Cultists","ascension_level":20}}