{"host":"2yhbarjh4s9lrrzt","time":1611442281,"event":{"mods":["BaseMod","Better Third Choice","Minty Spire (QoL Compilation)","Replay The Spire","StSLib"],"gold_per_floor":[110,123,123,135,153,188,39,54,80,91,106,139,158,123,123,123,123],"floor_reached":16,"language":"ENG","playtime":882,"items_purged":[],"score":141,"play_id":"f7ba0bdb-35b5-42a4-a09a-6d6069f019ea","local_time":"20210123175121","is_ascension_mode":false,"campfire_choices":[{"floor":15,"key":"REST"}],"circlet_count":0,"master_deck":["Strike_P","Strike_P","Strike_P","Strike_P","Defend_P","Defend_P","Defend_P","Defend_P","Eruption","Vigilance","EmptyBody","WindmillStrike","Weave","Replay:ManipulateFuture","Replay:Battleflow","EmptyFist","MasterReality","SandsOfTime","JustLucky","PathToVictory"],"relics":["PureWater","NeowsBlessing","FaceOfCleric","Tiny Chest","ClockworkSouvenir","Simple Rune","Vajra"],"acts_visited":["Exordium"],"potions_floor_usage":[6,12,12,16],"damage_taken":[{"damage":0,"enemies":"2 Louse","floor":1,"turns":1},{"damage":0,"enemies":"Cultist","floor":2,"turns":1},{"damage":0,"enemies":"Jaw Worm","floor":4,"turns":1},{"damage":8,"enemies":"Red Slaver","floor":5,"turns":4},{"damage":12,"enemies":"Gremlin Nob","floor":6,"turns":2},{"damage":18,"enemies":"Large Slime","floor":8,"turns":8},{"damage":0,"enemies":"Exordium Wildlife","floor":10,"turns":4},{"damage":3,"enemies":"3 Louse","floor":11,"turns":4},{"damage":19,"enemies":"Replay:BlueRogue","floor":12,"turns":5},{"damage":1,"enemies":"2 Fungi Beasts","floor":13,"turns":3},{"damage":66,"enemies":"Slime Boss","floor":16,"turns":8}],"seed_played":"-2651049679184968925","potions_obtained":[{"floor":4,"key":"SteroidPotion"},{"floor":5,"key":"Death Potion"},{"floor":8,"key":"Energy Potion"},{"floor":11,"key":"LiquidBronze"}],"is_trial":false,"path_per_floor":["M","M","?","M","M","E","$","M","T","M","M","E","M","?","R","B"],"character_chosen":"WATCHER","items_purchased":["ClockworkSouvenir"],"campfire_rested":1,"item_purchase_floors":[7],"current_hp_per_floor":[72,72,72,73,66,55,55,38,38,39,37,19,19,39,63,0,0],"gold":123,"neow_bonus":"THREE_ENEMY_KILL","is_daily":false,"chose_seed":false,"campfire_upgraded":0,"win_rate":0.0,"timestamp":1611442281,"path_taken":["M","M","?","M","M","E","$","M","T","?","M","E","M","?","R","BOSS"],"items_purchased_type":["Relic"],"build_version":"2020-12-22","purchased_purges":0,"victory":false,"max_hp_per_floor":[72,72,72,73,74,75,75,76,76,77,78,79,80,80,80,80,80],"card_choices":[{"not_picked":["FlurryOfBlows","Replay:ManipulateFuture"],"picked":"EmptyBody","floor":1},{"not_picked":["EmptyBody","Prostrate"],"picked":"WindmillStrike","floor":2},{"not_picked":["Replay:BluntJabs","Replay:ManipulateFuture"],"picked":"Weave","floor":4},{"not_picked":["EmptyBody","ClearTheMind"],"picked":"Replay:ManipulateFuture","floor":5},{"not_picked":["EmptyBody","Meditate"],"picked":"Replay:Battleflow","floor":6},{"not_picked":["ClearTheMind","FollowUp"],"picked":"EmptyFist","floor":8},{"not_picked":["ForeignInfluence","BowlingBash"],"picked":"MasterReality","floor":10},{"not_picked":["Crescendo","InnerPeace"],"picked":"SandsOfTime","floor":11},{"not_picked":["Worship","FlyingSleeves"],"picked":"JustLucky","floor":12},{"not_picked":["SashWhip","Replay:Vibes"],"picked":"PathToVictory","floor":13}],"player_experience":235508,"relics_obtained":[{"floor":6,"key":"Tiny Chest"},{"floor":9,"key":"Simple Rune"},{"floor":12,"key":"Vajra"}],"event_choices":[{"damage_healed":0,"gold_gain":0,"player_choice":"Trade","damage_taken":0,"relics_obtained":["FaceOfCleric"],"max_hp_gain":0,"max_hp_loss":0,"event_name":"FaceTrader","floor":3,"gold_loss":0},{"damage_healed":20,"gold_gain":0,"player_choice":"Healed","damage_taken":0,"max_hp_gain":0,"max_hp_loss":0,"event_name":"The Cleric","floor":14,"gold_loss":35}],"is_beta":false,"boss_relics":[],"items_purged_floors":[],"is_endless":false,"potions_floor_spawned":[4,5,8,11],"killed_by":"Slime Boss","ascension_level":0}}