{"host":"7k2a2omxz3voj5ax","time":1611385373,"event":{"mods":["BaseMod","Marisa£¨ìFÓê¡¡Ä§ÀíÉ³£©","Minty Spire (QoL Compilation)","Quick Restart","Spicy Shops","StSLib","Starting Relic: Pandora\u0027s Box","¡¾ÒÅÎï¿¨ÅÆ¡¿REMEMod","óô»ðÖ¸ÄÏ"],"gold_per_floor":[114,114,1996,2016,1576,1606,1296,1322,1322,1332,1346,983,1016,1098,994,1449,1449,1501,1553,1468,1556,1567,1179,1491,1315,1315,1545,1580,1645,1306,1625,1543,1677,1677,1707,1979,1815,3635,3765,4235,3878,4128,4151,4541,4380,4426,3946,3975,3975,3975,4777,4777,4606,3700,3727,3727],"floor_reached":57,"language":"ZHS","playtime":2711,"items_purged":["GravityBeat","GalacticHalo","MasterSpark","PowerUp","Parasite","UpSweep","SporeBomb","Prepared+1"],"score":3713,"play_id":"1688538d-249f-49fb-abde-8b297e50aab7","local_time":"20210123160253","is_ascension_mode":true,"campfire_choices":[{"floor":49,"key":"RECALL"}],"circlet_count":0,"master_deck":["AscendersBane","PowerUp","PowerUp","MachineGunSpark","Singularity","MillisecondPulsars","Singularity","Acceleration","Apotheosis+1","Robbery","EarthLightRay+1","Berserk","Power Through+1","Impatience+1","Second Wind+1","Double Tap+1","UltimateShortwave+1","REME_EmptyShield+1","Adrenaline+1","BlazeAway+1","GasGiant+1","Backflip+1","6A","REME_ShortnessOfBreath+1","EscapeVelocity","Master of Strategy+1"],"relics":["MiniHakkero","REME_ComplimentaryCards","NeowsBlessing","Strange Spoon","Toxic Egg 2","Letter Opener","Membership Card","Lantern","Strawberry","Mummified Hand","Bag of Preparation","Medical Kit","Akabeko","Calipers","PrismaticShard","Sozu","REME_PuzzleBoxRelic","Red Mask","Bottled Lightning","SimpleLauncher","TheAbacus","Bag of Marbles","Smiling Mask","Happy Flower","Ice Cream","Sling","Anchor","Gremlin Horn","Ancient Tea Set","Orrery","REME_LowDesire","Art of War","MawBank","Sundial","Toy Ornithopter","Omamori","SproutingBranch","Old Coin","Lizard Tail","AmplifyWand","Blue Candle","Singing Bowl","Pantograph","Pocketwatch","Unceasing Top","Gambling Chip","Turnip","TungstenRod","MagicBroom","Torii","Mango","CaptainsWheel"],"acts_visited":["Exordium","TheCity","TheBeyond","TheEnding"],"potions_floor_usage":[],"damage_taken":[{"damage":0.0,"enemies":"Jaw Worm","floor":1.0,"turns":1.0},{"damage":0.0,"enemies":"2 Louse","floor":4.0,"turns":1.0},{"damage":0.0,"enemies":"3 Sentries","floor":6.0,"turns":2.0},{"damage":8.0,"enemies":"Gremlin Nob","floor":8.0,"turns":3.0},{"damage":14.0,"enemies":"Small Slimes","floor":10.0,"turns":2.0},{"damage":0.0,"enemies":"Exordium Thugs","floor":11.0,"turns":1.0},{"damage":4.0,"enemies":"Lots of Slimes","floor":13.0,"turns":3.0},{"damage":5.0,"enemies":"Gremlin Gang","floor":14.0,"turns":3.0},{"damage":8.0,"enemies":"The Guardian","floor":16.0,"turns":3.0},{"damage":0.0,"enemies":"3 Byrds","floor":18.0,"turns":2.0},{"damage":16.0,"enemies":"2 Thieves","floor":19.0,"turns":2.0},{"damage":12.0,"enemies":"Masked Bandits","floor":21.0,"turns":3.0},{"damage":0.0,"enemies":"Snake Plant","floor":22.0,"turns":1.0},{"damage":0.0,"enemies":"Gremlin Leader","floor":24.0,"turns":3.0},{"damage":0.0,"enemies":"Snecko","floor":27.0,"turns":1.0},{"damage":5.0,"enemies":"Chosen and Byrds","floor":28.0,"turns":3.0},{"damage":0.0,"enemies":"Cultist and Chosen","floor":29.0,"turns":3.0},{"damage":0.0,"enemies":"REME_1_Revenger","floor":31.0,"turns":1.0},{"damage":0.0,"enemies":"Champ","floor":33.0,"turns":2.0},{"damage":0.0,"enemies":"Orb Walker","floor":35.0,"turns":1.0},{"damage":4.0,"enemies":"3 Darklings","floor":36.0,"turns":2.0},{"damage":37.0,"enemies":"Transient","floor":38.0,"turns":6.0},{"damage":0.0,"enemies":"Maw","floor":39.0,"turns":2.0},{"damage":0.0,"enemies":"Giant Head","floor":40.0,"turns":4.0},{"damage":0,"enemies":"Nemesis","floor":44,"turns":3},{"damage":0,"enemies":"4 Shapes","floor":46,"turns":2},{"damage":0,"enemies":"Reptomancer","floor":48,"turns":1},{"damage":0,"enemies":"Time Eater","floor":50,"turns":3},{"damage":0,"enemies":"Donu and Deca","floor":51,"turns":2},{"damage":0,"enemies":"Shield and Spear","floor":55,"turns":1},{"damage":4,"enemies":"The Heart","floor":56,"turns":4}],"seed_played":"7391834022743539974","potions_obtained":[{"floor":6.0,"key":"SteroidPotion"},{"floor":8.0,"key":"DistilledChaos"},{"floor":10.0,"key":"PowerPotion"},{"floor":14.0,"key":"SkillPotion"}],"is_trial":false,"path_per_floor":["M","?","$","M","$","E","R","E","T","M","M","R","M","M","R","B",null,"M","M","?","?","M","R","E","R","T","M","M","M","$","E","R","B",null,"M","M","$","M","M","E","$","R","T","E","R","M","$","E","R","B","B",null,"R","$","E","B",null],"character_chosen":"MARISA","items_purchased":["Acceleration","Strange Spoon","Toxic Egg 2","Apotheosis+1","Membership Card","Lantern","Bag of Preparation","Medical Kit","Robbery","Akabeko","Calipers","EarthLightRay+1","PrismaticShard","Bottled Lightning","SimpleLauncher","TheAbacus","Smiling Mask","Happy Flower","Impatience+1","UltimateShortwave+1","Sling","Anchor","Gremlin Horn","Orrery","Sundial","GasGiant+1","Omamori","SproutingBranch","Old Coin","AmplifyWand","6A","Blue Candle","Singing Bowl","Pantograph","EscapeVelocity","Unceasing Top","Gambling Chip","Turnip","TungstenRod","MagicBroom","Torii","Mango"],"campfire_rested":0,"item_purchase_floors":[3,3,5,5,7,7,12,12,12,12,15,15,15,23,23,23,25,25,25,30,30,30,30,32,37,37,41,41,42,45,45,47,47,47,47,53,54,54,54,54,54,54],"current_hp_per_floor":[63,68,68,68,68,68,68,67,67,53,53,53,49,44,44,48,74,80,70,70,64,64,64,70,70,70,76,74,79,79,79,79,79,79,79,75,75,79,79,79,79,79,79,79,79,79,79,79,79,79,79,79,79,93,95,95],"gold":3727,"neow_bonus":"THREE_ENEMY_KILL","is_daily":false,"chose_seed":false,"campfire_upgraded":0,"win_rate":0.0,"timestamp":1611385373,"path_taken":["M","?","$","M","$","E","R","E","T","M","M","R","M","M","R","BOSS","M","M","?","?","M","R","E","R","T","M","M","?","$","E","R","BOSS","M","M","$","?","M","E","$","R","T","E","R","M","$","E","R","BOSS","BOSS","R","$","E","BOSS"],"items_purchased_type":["Card","Relic","Relic","Card","Relic","Relic","Relic","Relic","Card","Relic","Relic","Card","Relic","Relic","Relic","Relic","Relic","Relic","Card","Card","Relic","Relic","Relic","Relic","Relic","Card","Relic","Relic","Relic","Relic","Card","Relic","Relic","Relic","Card","Relic","Relic","Relic","Relic","Relic","Relic","Relic"],"build_version":"2020-12-22","purchased_purges":8,"victory":true,"max_hp_per_floor":[70,75,75,75,75,75,75,82,82,82,82,82,82,82,82,82,82,82,82,82,82,82,82,82,79,79,79,79,79,79,79,79,79,79,79,79,79,79,79,79,79,79,79,79,79,79,79,79,79,79,79,79,79,93,95,95],"card_choices":[{"not_picked":["DragonMeteor","ChargingUp"],"picked":"Singularity","floor":1.0},{"not_picked":["EnergyRecoil","UnstableBomb","ShootingEcho"],"picked":"SKIP","floor":4.0},{"not_picked":["DragonMeteor","FinalSpark","OpenUniverse+1"],"picked":"SKIP","floor":6.0},{"not_picked":["NonDirectionalLaser","PulseMagic+1","SprinkleStarSeal+1"],"picked":"SKIP","floor":8.0},{"not_picked":["GrandCross","MachineGunSpark","Acceleration+1"],"picked":"SKIP","floor":10.0},{"not_picked":["SporeBomb+1","UnstableBomb","DragonMeteor"],"picked":"SKIP","floor":11.0},{"not_picked":["GalacticHalo+1","WitchOfGreed","DarkMatter+1"],"picked":"SKIP","floor":13.0},{"not_picked":["MachineGunSpark","GravityBeat","AsteroidBelt+1"],"picked":"SKIP","floor":14.0},{"not_picked":["All For One","Fission+1"],"picked":"Berserk","floor":16.0},{"not_picked":["DC","Panacea+1"],"picked":"Power Through+1","floor":18.0},{"not_picked":["EmptyBody+1","Perfected Strike","Steam+1"],"picked":"SKIP","floor":19.0},{"not_picked":["Gash","Stack+1","Sword Boomerang"],"picked":"SKIP","floor":22.0},{"not_picked":["Havoc+1","MachineGunSpark"],"picked":"Prepared+1","floor":24.0},{"not_picked":["Melter+1","Metallicize"],"picked":"Second Wind+1","floor":27.0},{"not_picked":["Loop","Hello World"],"picked":"Double Tap+1","floor":28.0},{"not_picked":["Perfected Strike","Heatsinks","FlurryOfBlows"],"picked":"SKIP","floor":29.0},{"not_picked":["ClearTheMind+1","Orbital+1","JustLucky"],"picked":"SKIP","floor":31.0},{"not_picked":["DoubleSpark","Barrage"],"picked":"REME_EmptyShield+1","floor":32.0},{"not_picked":["Rainbow+1","MillisecondPulsars"],"picked":"Adrenaline+1","floor":33.0},{"not_picked":["WitchLeyline+1","Poisoned Stab","REME_MawOfCthun+1"],"picked":"BlazeAway+1","floor":35.0},{"not_picked":["Deadly Poison+1","REME_ShadowStrike","REME_HeartOfCthun","Madness+1"],"picked":"SKIP","floor":36.0},{"not_picked":["IllusionStar+1","Go for the Eyes","DarkSpark","REME_HeartOfCthun"],"picked":"SKIP","floor":38.0},{"not_picked":["Body Slam","WitchOfGreed","Swivel+1","REME_WheelOfFate+1"],"picked":"SKIP","floor":39.0},{"not_picked":["Storm","Fasting2+1","Hologram+1","REME_ProfessionalPlagiarism+1"],"picked":"SKIP","floor":40.0},{"not_picked":["Dropkick+1","Cold Snap+1","Dark Shackles+1"],"picked":"Backflip+1","floor":44},{"not_picked":["Havoc+1","FlyingSleeves+1","Spot Weakness+1"],"picked":"REME_ShortnessOfBreath+1","floor":46},{"not_picked":["Flying Knee","Flash of Steel","REME_CopyPotion+1"],"picked":"Master of Strategy+1","floor":48},{"not_picked":["Streamline+1","SporeBomb+1","Wild Strike","REME_ProfessionalPlagiarism+1"],"picked":"Singing Bowl","floor":55}],"player_experience":484281,"relics_obtained":[{"floor":6.0,"key":"Letter Opener"},{"floor":8.0,"key":"Strawberry"},{"floor":9.0,"key":"Mummified Hand"},{"floor":21.0,"key":"Red Mask"},{"floor":24.0,"key":"Bag of Marbles"},{"floor":26.0,"key":"Ice Cream"},{"floor":31.0,"key":"Ancient Tea Set"},{"floor":34.0,"key":"Art of War"},{"floor":34.0,"key":"MawBank"},{"floor":40.0,"key":"Toy Ornithopter"},{"floor":44,"key":"Lizard Tail"},{"floor":48,"key":"Pocketwatch"},{"floor":55,"key":"CaptainsWheel"}],"event_choices":[{"damage_healed":0.0,"max_hp_gain":5.0,"max_hp_loss":0.0,"gold_gain":0.0,"event_name":"Big Fish","player_choice":"Donut","floor":2.0,"gold_loss":0.0,"damage_taken":0.0},{"damage_healed":0.0,"max_hp_gain":0.0,"max_hp_loss":0.0,"gold_gain":0.0,"event_name":"Addict","player_choice":"Obtained Relic","floor":20.0,"gold_loss":85.0,"damage_taken":0.0,"relics_obtained":["REME_PuzzleBoxRelic"]},{"damage_healed":0.0,"max_hp_gain":0.0,"max_hp_loss":0.0,"gold_gain":0.0,"event_name":"Masked Bandits","player_choice":"Fought Bandits","floor":21.0,"gold_loss":0.0,"damage_taken":0.0}],"is_beta":false,"boss_relics":[{"not_picked":["REME_ChargedStone","Calling Bell"],"picked":"Sozu"},{"not_picked":["Busted Crown","SlaversCollar"],"picked":"REME_LowDesire"}],"items_purged_floors":[3,5,7,12,25,41,42,47],"is_endless":false,"potions_floor_spawned":[6,8,10,14,16,18,22,27,28,29,38,40,44],"ascension_level":20}}