{"host":"6nf9fw18nxrub85a","time":1611371433,"event":{"mods":["AchievementEnabler","Act Like it!","Ascension Reborn","BaseMod","Hallownest","Hubris","Marisa£®ÏF”Í°°ƒß¿Ì…≥£©","Minty Spire (QoL Compilation)","Quick Restart","SIMod","StSLib","The Construct","vexMod"],"gold_per_floor":[118,118,118,118,157,191,224,149,174,174,193,39,39,39,39,39,39],"floor_reached":16,"language":"ZHS","playtime":780,"items_purged":[],"score":154,"play_id":"735aeea0-c436-44e8-a673-ac95d44bbd95","local_time":"20210123111033","daily_mods":["Heirloom","Time Dilation","Flight"],"is_ascension_mode":false,"campfire_choices":[{"floor":10.0,"key":"REST"},{"data":"PathToVictory","floor":15.0,"key":"SMITH"}],"circlet_count":0,"master_deck":["Strike_P","Strike_P","Strike_P","Strike_P","Defend_P","Defend_P","Defend_P","Defend_P","Eruption","Vigilance","PathToVictory+1","Writhe","FollowUp","CutThroughFate","Hallownest:skillGreenpathMap","Indignation"],"relics":["PureWater","Peace Pipe","hubris:Towel","hubris:Icosahedron","Boot","Vajra","Regal Pillow","Anchor","Matryoshka","Pen Nib","Hallownest:DreamNailRelic"],"acts_visited":["Hallownest:Greenpath"],"potions_floor_usage":[],"damage_taken":[{"damage":0.0,"enemies":"Hallownest:monsterHuskWarrior","floor":1.0,"turns":5.0},{"damage":1.0,"enemies":"Hallownest:eliteMossKnight","floor":6.0,"turns":7.0},{"damage":71.0,"enemies":"Hallownest:eliteVengeflyKing","floor":7.0,"turns":13.0},{"damage":0.0,"enemies":"Hallownest:2_MossCreeps","floor":11.0,"turns":3.0},{"damage":38,"enemies":"Hallownest:BossBrokenVessel","floor":16,"turns":8}],"seed_played":"8006802154327792517","potions_obtained":[{"floor":7.0,"key":"Fire Potion"}],"is_trial":true,"path_per_floor":["M","?","?","?","?","E","E","?","T","R","M","$","?","?","R","B"],"character_chosen":"WATCHER","items_purchased":["Anchor"],"campfire_rested":1,"item_purchase_floors":[12],"current_hp_per_floor":[72,81,81,81,81,80,9,9,9,48,48,48,38,38,38,0,0],"gold":39,"neow_bonus":"","is_daily":false,"chose_seed":false,"campfire_upgraded":1,"win_rate":0.0,"timestamp":1611371433,"path_taken":["M","?","?","?","?","E","E","?","T","R","?","?","?","?","R","BOSS"],"items_purchased_type":["Relic"],"build_version":"2020-12-22","purchased_purges":0,"victory":false,"max_hp_per_floor":[72,81,81,81,81,81,81,81,81,81,81,81,81,81,81,81,81],"card_choices":[{"not_picked":["Halt","BowlingBash"],"picked":"PathToVictory","floor":1.0},{"not_picked":["ClearTheMind","Weave"],"picked":"FollowUp","floor":6.0},{"not_picked":["Fasting2","Evaluate"],"picked":"CutThroughFate","floor":7.0},{"not_picked":["InnerPeace","Crescendo"],"picked":"Indignation","floor":11.0}],"player_experience":187416,"relics_obtained":[{"floor":6.0,"key":"Boot"},{"floor":7.0,"key":"Vajra"},{"floor":9.0,"key":"Regal Pillow"}],"event_choices":[],"is_beta":false,"boss_relics":[],"items_purged_floors":[],"is_endless":true,"potions_floor_spawned":[7],"killed_by":"Hallownest:BossBrokenVessel","ascension_level":0}}