{"host":"ebj6lkgm8suah319","time":1611414307,"event":{"mods":["2.2 Compatiblity","AchievementEnabler","BaseMod","Block Reminder","Colored Map","Colored Powertips","Minty Spire (QoL Compilation)","Quick Restart","Rare Cards Sparkle","Relic Stats","SuperFastMode"],"gold_per_floor":[368,368,379,17,82,82,115,165,165,192,40,110,120,200,200,277,277,287,307,382,347,30,30,62,74,100,127,177,177,192,220,220,294,294,310,76,126,227,327,327,362,362,362,412,443,9,44,74,74,74],"floor_reached":51,"language":"ENG","playtime":2042,"items_purged":["Strike_R","Pain"],"score":1681,"play_id":"9dd8800c-db4f-4b43-83a1-9c2c7e1ab8a6","local_time":"20210123100507","is_ascension_mode":true,"campfire_choices":[{"data":"Bash","floor":6,"key":"SMITH"},{"data":"Uppercut","floor":15,"key":"SMITH"},{"floor":23,"key":"REST"},{"floor":29,"key":"REST"},{"floor":32,"key":"REST"},{"floor":40,"key":"REST"},{"data":"Strike_R+1","floor":42,"key":"PURGE"},{"floor":49,"key":"REST"}],"circlet_count":0,"master_deck":["AscendersBane","Strike_R+1","Strike_R+1","Defend_R+1","Defend_R+1","Defend_R+1","Defend_R+1","Bash+1","Wild Strike","Flame Barrier","Pommel Strike","True Grit","Exhume","Dropkick","Uppercut+1","Entrench+1","Immolate","Warcry+1","Shrug It Off+1","Demon Form","Battle Trance+1","True Grit+1","Dual Wield+1","Corruption","CurseOfTheBell","Feel No Pain","Combust","Disarm+1","Barricade","True Grit+1","Flash of Steel","Flash of Steel","Finesse+1","Pommel Strike+1","Evolve","Sentinel+1","Brutality"],"relics":["Burning Blood","SsserpentHead","Mercury Hourglass","Strawberry","WarpedTongs","Toxic Egg 2","Blue Candle","Fusion Hammer","Red Mask","MawBank","Anchor","Happy Flower","Kunai","Boot","Potion Belt","WingedGreaves","Calling Bell","Juzu Bracelet","InkBottle","Peace Pipe","Toolbox","TungstenRod","Gambling Chip","Bag of Preparation","Darkstone Periapt","Vajra","Dead Branch","Ancient Tea Set","PreservedInsect"],"acts_visited":["Exordium","TheCity","TheBeyond"],"potions_floor_usage":[7,10,16,20,27,31,41,48,50],"damage_taken":[{"damage":9,"enemies":"Jaw Worm","floor":1,"turns":4},{"damage":1,"enemies":"Cultist","floor":3,"turns":3},{"damage":0,"enemies":"2 Louse","floor":5,"turns":2},{"damage":30,"enemies":"Lagavulin","floor":7,"turns":5},{"damage":33,"enemies":"Gremlin Nob","floor":10,"turns":4},{"damage":3,"enemies":"Exordium Wildlife","floor":12,"turns":3},{"damage":9,"enemies":"Blue Slaver","floor":13,"turns":4},{"damage":25,"enemies":"The Guardian","floor":16,"turns":11},{"damage":8,"enemies":"2 Thieves","floor":18,"turns":4},{"damage":0,"enemies":"Chosen","floor":19,"turns":3},{"damage":3,"enemies":"Masked Bandits","floor":20,"turns":3},{"damage":22,"enemies":"Book of Stabbing","floor":24,"turns":5},{"damage":1,"enemies":"Centurion and Healer","floor":25,"turns":4},{"damage":0,"enemies":"Slavers","floor":27,"turns":6},{"damage":0,"enemies":"Snecko","floor":30,"turns":4},{"damage":0,"enemies":"Gremlin Leader","floor":31,"turns":4},{"damage":36,"enemies":"Champ","floor":33,"turns":9},{"damage":4,"enemies":"Orb Walker","floor":35,"turns":4},{"damage":30,"enemies":"2 Orb Walkers","floor":38,"turns":6},{"damage":0,"enemies":"Mind Bloom Boss Battle","floor":39,"turns":9},{"damage":19,"enemies":"Nemesis","floor":41,"turns":7},{"damage":8,"enemies":"Giant Head","floor":45,"turns":8},{"damage":0,"enemies":"Reptomancer","floor":47,"turns":5},{"damage":4,"enemies":"Giant Head","floor":48,"turns":6},{"damage":19,"enemies":"Time Eater","floor":50,"turns":8}],"seed_played":"438949392576017744","potions_obtained":[{"floor":1,"key":"Fruit Juice"},{"floor":7,"key":"Energy Potion"},{"floor":13,"key":"Explosive Potion"},{"floor":16,"key":"FearPotion"},{"floor":20,"key":"Energy Potion"},{"floor":24,"key":"Fire Potion"},{"floor":30,"key":"Weak Potion"},{"floor":31,"key":"BloodPotion"},{"floor":35,"key":"SteroidPotion"},{"floor":38,"key":"DistilledChaos"},{"floor":48,"key":"Dexterity Potion"}],"is_trial":false,"path_per_floor":["M","?","M","$","M","R","E","?","T","E","$","M","M","?","R","B",null,"M","M","?","?","$","R","E","M","T","E","?","R","M","E","R","B",null,"M","$","?","?","?","R","E","R","T","?","E","$","E","E","R","B",null],"character_chosen":"IRONCLAD","items_purchased":["Mercury Hourglass","Pommel Strike","FearPotion","Anchor","Happy Flower","Battle Trance+1","Feel No Pain","Toolbox","Dead Branch","Evolve","LiquidMemories"],"campfire_rested":5,"item_purchase_floors":[4,4,11,22,22,22,36,36,46,46,46],"current_hp_per_floor":[65,65,68,68,68,68,56,56,56,29,29,32,29,29,29,10,63,61,67,70,70,70,80,64,69,69,75,75,80,80,80,80,50,73,75,75,75,51,57,80,67,67,67,58,56,56,62,64,80,67],"gold":74,"neow_bonus":"TWO_FIFTY_GOLD","is_daily":false,"chose_seed":false,"campfire_upgraded":2,"win_rate":0.0,"timestamp":1611414307,"path_taken":["M","?","M","$","?","R","E","?","T","E","$","?","M","?","R","BOSS","M","M","?","?","$","R","E","M","T","E","?","R","M","E","R","BOSS","M","$","?","?","?","R","E","R","T","?","E","$","E","E","R","BOSS"],"items_purchased_type":["Relic","Card","Potion","Relic","Relic","Card","Card","Relic","Relic","Card","Potion"],"build_version":"2020-12-22","purchased_purges":2,"victory":true,"max_hp_per_floor":[68,68,68,68,68,68,80,80,80,80,80,80,80,80,80,80,80,80,80,80,80,80,80,80,80,80,80,80,80,80,80,80,80,80,80,80,80,80,80,80,80,80,80,80,80,80,80,80,80,80],"relic_stats":{"Darkstone Periapt":0,"Happy Flower":[28],"counters":[25,130],"Blue Candle":[1],"Dead Branch":[84],"PreservedInsect":0,"Juzu Bracelet":1,"Bag of Preparation":[8],"MawBank":12,"Boot":[30],"Burning Blood":130,"Mercury Hourglass":[414],"WarpedTongs":[98],"Peace Pipe":1,"SsserpentHead":550,"Gambling Chip":[4],"Kunai":[26],"obtain_stats":[{"Darkstone Periapt":43,"Vajra":45,"Juzu Bracelet":34,"Bag of Preparation":41,"Boot":26,"Ancient Tea Set":47,"Burning Blood":0,"SsserpentHead":2,"Strawberry":7,"Gambling Chip":39,"Toolbox":36,"Fusion Hammer":17,"WingedGreaves":31,"Red Mask":20,"Kunai":24,"Toxic Egg 2":9,"InkBottle":34,"Potion Belt":27,"Happy Flower":22,"Blue Candle":10,"Dead Branch":46,"PreservedInsect":48,"MawBank":21,"Mercury Hourglass":4,"WarpedTongs":8,"Calling Bell":34,"Peace Pipe":34,"Anchor":22,"TungstenRod":38},{"Darkstone Periapt":21,"Vajra":22,"Juzu Bracelet":17,"Bag of Preparation":21,"Boot":13,"Ancient Tea Set":23,"Burning Blood":0,"SsserpentHead":1,"Strawberry":4,"Gambling Chip":20,"Toolbox":18,"Fusion Hammer":8,"WingedGreaves":16,"Red Mask":11,"Kunai":12,"Toxic Egg 2":4,"InkBottle":17,"Potion Belt":14,"Happy Flower":11,"Blue Candle":5,"Dead Branch":22,"PreservedInsect":24,"MawBank":11,"Mercury Hourglass":2,"WarpedTongs":4,"Calling Bell":17,"Peace Pipe":17,"Anchor":11,"TungstenRod":19},{"Darkstone Periapt":103,"Vajra":111,"Juzu Bracelet":78,"Bag of Preparation":103,"Boot":55,"Ancient Tea Set":116,"Burning Blood":0,"SsserpentHead":4,"Strawberry":14,"Gambling Chip":96,"Toolbox":81,"Fusion Hammer":36,"WingedGreaves":69,"Red Mask":46,"Kunai":51,"Toxic Egg 2":14,"InkBottle":78,"Potion Belt":61,"Happy Flower":46,"Blue Candle":18,"Dead Branch":111,"PreservedInsect":122,"MawBank":46,"Mercury Hourglass":7,"WarpedTongs":14,"Calling Bell":78,"Peace Pipe":78,"Anchor":46,"TungstenRod":87}],"InkBottle":[23],"TungstenRod":38},"card_choices":[{"not_picked":["Evolve","Rage"],"picked":"Wild Strike","floor":1},{"not_picked":["Wild Strike","Thunderclap"],"picked":"Flame Barrier","floor":3},{"not_picked":["Twin Strike","Rampage"],"picked":"True Grit","floor":5},{"not_picked":["Sword Boomerang","Cleave"],"picked":"Exhume","floor":7},{"not_picked":["Headbutt","Anger"],"picked":"Dropkick","floor":10},{"not_picked":["Warcry+1","Twin Strike"],"picked":"Uppercut","floor":12},{"not_picked":["Clash","Warcry+1"],"picked":"Entrench+1","floor":13},{"not_picked":["Impervious+1","Double Tap+1"],"picked":"Immolate","floor":16},{"not_picked":["Twin Strike","Sever Soul"],"picked":"Warcry+1","floor":18},{"not_picked":["Sword Boomerang","Wild Strike"],"picked":"Shrug It Off+1","floor":19},{"not_picked":["Wild Strike","Clash"],"picked":"Demon Form","floor":20},{"not_picked":["Armaments+1","Flex+1","Cleave"],"picked":"SKIP","floor":24},{"not_picked":["Armaments+1","Perfected Strike","Clothesline"],"picked":"SKIP","floor":25},{"not_picked":["Perfected Strike+1","Sever Soul+1"],"picked":"True Grit+1","floor":27},{"not_picked":["Anger","Flex+1","Power Through+1"],"picked":"SKIP","floor":30},{"not_picked":["Infernal Blade+1","Perfected Strike"],"picked":"Dual Wield+1","floor":31},{"not_picked":["Exhume+1","Brutality"],"picked":"Corruption","floor":33},{"not_picked":["Wild Strike+1","Clothesline","Perfected Strike"],"picked":"SKIP","floor":35},{"not_picked":["Clash","Shrug It Off+1"],"picked":"Disarm+1","floor":38},{"not_picked":["Headbutt","Cleave+1"],"picked":"Barricade","floor":39},{"not_picked":["Havoc+1","Perfected Strike"],"picked":"True Grit+1","floor":41},{"not_picked":["Impatience+1","Forethought+1"],"picked":"Flash of Steel","floor":44},{"not_picked":["Bandage Up+1","Secret Weapon+1"],"picked":"Flash of Steel","floor":44},{"not_picked":["Secret Technique+1","PanicButton+1"],"picked":"Finesse+1","floor":44},{"not_picked":["Warcry+1","Ghostly Armor+1"],"picked":"Pommel Strike+1","floor":45},{"not_picked":["Headbutt","Anger"],"picked":"Sentinel+1","floor":47},{"not_picked":["Body Slam","Sword Boomerang"],"picked":"Brutality","floor":48}],"player_experience":47364,"relics_obtained":[{"floor":7,"key":"Strawberry"},{"floor":9,"key":"Toxic Egg 2"},{"floor":10,"key":"Blue Candle"},{"floor":20,"key":"Red Mask"},{"floor":24,"key":"Kunai"},{"floor":26,"key":"Boot"},{"floor":27,"key":"Potion Belt"},{"floor":31,"key":"WingedGreaves"},{"floor":34,"key":"Juzu Bracelet"},{"floor":34,"key":"InkBottle"},{"floor":34,"key":"Peace Pipe"},{"floor":38,"key":"TungstenRod"},{"floor":39,"key":"Gambling Chip"},{"floor":41,"key":"Bag of Preparation"},{"floor":43,"key":"Darkstone Periapt"},{"floor":45,"key":"Vajra"},{"floor":47,"key":"Ancient Tea Set"},{"floor":48,"key":"PreservedInsect"}],"event_choices":[{"damage_healed":0,"gold_gain":0,"player_choice":"Trade","damage_taken":0,"relics_obtained":["SsserpentHead"],"max_hp_gain":0,"max_hp_loss":0,"event_name":"FaceTrader","floor":2,"gold_loss":0},{"damage_healed":0,"gold_gain":0,"player_choice":"Rummage","damage_taken":0,"relics_obtained":["WarpedTongs"],"max_hp_gain":0,"max_hp_loss":0,"event_name":"Accursed Blacksmith","floor":8,"gold_loss":0,"cards_obtained":["Pain"]},{"damage_healed":0,"gold_gain":30,"player_choice":"Searched \u00271\u0027 times","damage_taken":0,"max_hp_gain":0,"max_hp_loss":0,"event_name":"Dead Adventurer","floor":14,"gold_loss":0},{"damage_healed":0,"gold_gain":0,"player_choice":"Fought Bandits","damage_taken":0,"max_hp_gain":0,"max_hp_loss":0,"event_name":"Masked Bandits","floor":20,"gold_loss":0},{"damage_healed":0,"gold_gain":0,"player_choice":"Obtained Relic","damage_taken":0,"relics_obtained":["MawBank"],"max_hp_gain":0,"max_hp_loss":0,"event_name":"Addict","floor":21,"gold_loss":85},{"damage_healed":0,"gold_gain":0,"player_choice":"Simplicity","damage_taken":0,"max_hp_gain":0,"max_hp_loss":0,"event_name":"Back to Basics","floor":28,"gold_loss":0,"cards_upgraded":["Strike_R","Strike_R","Strike_R","Strike_R","Defend_R","Defend_R","Defend_R","Defend_R"]},{"damage_healed":0,"gold_gain":0,"cards_transformed":["Strike_R"],"player_choice":"Transformed","damage_taken":0,"max_hp_gain":0,"max_hp_loss":0,"event_name":"Transmorgrifier","floor":37,"gold_loss":0,"cards_obtained":["Combust"]},{"damage_healed":0,"gold_gain":0,"player_choice":"Fight","damage_taken":0,"max_hp_gain":0,"max_hp_loss":0,"event_name":"Mysterious Sphere","floor":38,"gold_loss":0},{"damage_healed":0,"gold_gain":0,"player_choice":"Fight","damage_taken":0,"max_hp_gain":0,"max_hp_loss":0,"event_name":"MindBloom","floor":39,"gold_loss":0},{"damage_healed":0,"gold_gain":0,"player_choice":"Memory 3","damage_taken":10,"max_hp_gain":0,"max_hp_loss":0,"event_name":"SensoryStone","floor":44,"gold_loss":0}],"is_beta":false,"boss_relics":[{"not_picked":["Velvet Choker","Busted Crown"],"picked":"Fusion Hammer"},{"not_picked":["Empty Cage","Runic Cube"],"picked":"Calling Bell"}],"items_purged_floors":[4,11],"is_endless":false,"potions_floor_spawned":[1,7,13,16,18,20,24,30,31,35,38,39,47,48],"ascension_level":15}}