{"host":"qmnyg5dk1o6rw6mz","time":1611390710,"event":{"mods":["100% Spire Juice","2.2 Compatiblity","AchievementEnabler","Act Like it!","Arknights The Spire","Aspiration","Astrologer","BaseMod","CapriCore","Challenge The Spire","ChefMod","Colored Map","Colored Powertips","Conjunction","Conspire","Decade(王小明)","DeckTracker","Defuse TimeMaze Blight","Disable Question Mark Monsters","Energized Spire","Friendly Minions","Gensokyo","GifTheSpireLib","Hermit","Highlight Path","HololiveMod","HornydragonMod","Hubris","Jedi Mod","Koishi","KomeijiMod","Lobotomy","LobotomyExtend","Marisa（霧雨　魔理沙）","Minty Spire (QoL Compilation)","Pale of the Ancients","Permanent Neow","Prisma Mod","Quick Restart","Reimu（博???）","Replay The Spire","Robot Space Explorer","SIMod","StSLib","The Alterego","The Bug Knight","The Cursed","The Dragon Tamer","The Gatherer","The Immortal","The Marked","The Mystic","The Poker Player","The Runesmith","The Senshi","The Showman","Unceasing Turn Reminder","WarShipGirlsR/??少女R mod","Wide Potions","Youmu（魂魄妖?）","Yuri Mod","Yuyuko","vexMod"],"gold_per_floor":[114,131,131,131,150,150,168,203,214,246,246,246,58,75,102,119,119,220,220,238,153,78,67,67,92,92,111,111,124,124,159,159,191,191,293,293,311,321,427,427,327,354,354,365,365,400,400,411,443,463,463,463,463],"floor_reached":52,"language":"ZHS","playtime":2910,"items_purged":["chefmod:Strike"],"score":697,"play_id":"fe968f52-d625-4291-a186-1fa0a1c893c0","local_time":"20210123163150","is_ascension_mode":false,"campfire_choices":[{"data":"chefmod:VegetableTart","floor":26,"key":"SMITH"},{"floor":30,"key":"REST"},{"data":"chefmod:Canape","floor":32,"key":"SMITH"},{"data":"chefmod:OrderUp","floor":34,"key":"SMITH"},{"floor":43,"key":"RECALL"},{"floor":51,"key":"REST"}],"circlet_count":0,"master_deck":["chefmod:Strike","chefmod:Strike","chefmod:Strike","chefmod:QuickThaw","chefmod:Defend","chefmod:Defend","chefmod:Defend","chefmod:TodaysSpecial","chefmod:SushiPlatter+1","chefmod:FreshProduce","chefmod:Sorbet","chefmod:FireUp","chefmod:Escargot+1","chefmod:TonkotsuRamen+1","chefmod:Sorbet","chefmod:DeepFreeze+1","chefmod:Canape+1","chefmod:VegetableTart+1","chefmod:ZaruSoba+1","chefmod:DinoKale+1","chefmod:Defrost+1","chefmod:ColdSteel+1","chefmod:OrderUp+1","chefmod:FullCourseMeal","chefmod:Sorbet+1","chefmod:IceCreamCone+1","chefmod:CandyBowl","Madness","chefmod:FrozenTuna","chefmod:BananaSplit","chefmod:Cleavers+1","chefmod:Sorbet+1","chefmod:PotatoGratin+1","chefmod:LocoMoco+1"],"relics":["chefmod:TrustyPot","Replay:WaspNest","vexMod:BarristanHead","Blue Doll","hubris:OldNail","vexMod:PaidLearning","jedi:matchstick","energizedSpire:OgreHead","Prayer Wheel","hubris:SphereOfDissonance","Replay:Bottled Snecko","conspire:TopHat","Replay:Towering Pillar of Hats","Replay:Drink Me","Smiling Mask","Pantograph","CaptainsWheel"],"acts_visited":["Exordium","TheCity","TheBeyond"],"potions_floor_usage":[10,20,25,27,31,31,35,35,46,50,52],"damage_taken":[{"damage":0,"enemies":"Cultist","floor":1,"turns":5},{"damage":2,"enemies":"Jaw Worm","floor":2,"turns":4},{"damage":0,"enemies":"Small Slimes","floor":5,"turns":3},{"damage":0,"enemies":"Red Slaver","floor":7,"turns":6},{"damage":14,"enemies":"Gremlin Nob","floor":8,"turns":5},{"damage":0,"enemies":"Exordium Wildlife","floor":9,"turns":4},{"damage":1,"enemies":"Lagavulin","floor":10,"turns":3},{"damage":18,"enemies":"3 Louse","floor":14,"turns":3},{"damage":27,"enemies":"Gremlin Nob","floor":15,"turns":5},{"damage":4,"enemies":"conspire:2 RoseBushes","floor":16,"turns":6},{"damage":41,"enemies":"Fading Forest","floor":18,"turns":11},{"damage":22,"enemies":"Spheric Guardian","floor":20,"turns":7},{"damage":8,"enemies":"2 Thieves","floor":23,"turns":5},{"damage":15,"enemies":"Replay:Snechameleon","floor":25,"turns":6},{"damage":28,"enemies":"Centurion and Healer","floor":27,"turns":5},{"damage":1,"enemies":"Shelled Parasite and Fungi","floor":29,"turns":8},{"damage":1,"enemies":"Book of Stabbing","floor":31,"turns":7},{"damage":3,"enemies":"Replay:Snechameleon","floor":33,"turns":5},{"damage":12,"enemies":"conspire:MysteriousRune","floor":35,"turns":10},{"damage":12,"enemies":"3 Shapes","floor":37,"turns":5},{"damage":5,"enemies":"Orb Walker","floor":38,"turns":3},{"damage":6,"enemies":"Giant Head","floor":42,"turns":7},{"damage":4,"enemies":"4 Shapes","floor":44,"turns":3},{"damage":19,"enemies":"Reptomancer","floor":46,"turns":4},{"damage":3,"enemies":"Transient","floor":48,"turns":5},{"damage":4,"enemies":"Nemesis","floor":49,"turns":5},{"damage":12,"enemies":"Jaw Worm Horde","floor":50,"turns":3},{"damage":46,"enemies":"conspire:OrnateMirror","floor":52,"turns":1}],"seed_played":"-7898507739241202656","potions_obtained":[{"floor":1,"key":"ExcitationPotion"},{"floor":7,"key":"LiquidBronze"},{"floor":9,"key":"PowerPotion"},{"floor":15,"key":"Block Potion"},{"floor":18,"key":"Death Potion"},{"floor":23,"key":"Adrenaline Potion"},{"floor":29,"key":"EssenceOfSteel"},{"floor":31,"key":"Cursed Concoction"},{"floor":33,"key":"Elixir"},{"floor":44,"key":"chefmod:PotionOfPlenty"},{"floor":46,"key":"Swift Potion"},{"floor":48,"key":"UndeadPotion"},{"floor":50,"key":"Dexterity Potion"}],"is_trial":false,"path_per_floor":["M","M","PTL","PTL","M","T","M","E","M","E","T","?","$","M","E","M","R_BF","B",null,"M","?","$","M","$","E","R","M","T","M","R","E","R","E","R","B",null,"M","M","?","?","NS","E","R","M","T","E","?","M","E","M","R","B"],"character_chosen":"THE_CHEF","items_purchased":["vexMod:PaidLearning","chefmod:TonkotsuRamen+1"],"campfire_rested":2,"item_purchase_floors":[13,13],"current_hp_per_floor":[76,74,74,74,74,74,74,60,60,59,59,59,59,41,14,10,32,17,76,54,54,54,46,46,31,31,3,3,2,24,23,23,20,20,8,57,45,44,44,44,44,38,38,34,34,15,20,17,13,1,15,0,0],"gold":463,"neow_bonus":"ONE_RANDOM_RARE_CARD","is_daily":false,"chose_seed":false,"campfire_upgraded":3,"win_rate":0.0,"timestamp":1611390710,"path_taken":["M","M","PTL","PTL","M","?","?","E","M","E","T","?","$","M","E","M","R_BF","BOSS","M","?","$","M","?","E","R","?","T","M","R","E","R","E","R","BOSS","M","M","?","?","NS","E","R","M","T","E","?","M","E","M","R","BOSS"],"items_purchased_type":["Relic","Card"],"build_version":"2020-12-22","purchased_purges":1,"victory":false,"max_hp_per_floor":[76,76,76,76,76,76,76,76,76,76,76,76,76,76,76,76,76,76,76,76,76,76,76,76,76,76,76,76,76,76,76,76,76,76,76,57,57,57,57,57,57,57,57,57,57,57,57,57,57,47,47,47,47],"card_choices":[{"not_picked":["chefmod:FiveAlarmChili","chefmod:ColdSteel"],"picked":"chefmod:FreshProduce","floor":1},{"not_picked":["chefmod:Chop","chefmod:Granita"],"picked":"chefmod:Sorbet","floor":2},{"not_picked":["chefmod:Sorbet","chefmod:Fillet"],"picked":"chefmod:FiveAlarmChili","floor":5},{"not_picked":["chefmod:SliceAndDice","chefmod:QuickChop"],"picked":"chefmod:FireUp","floor":7},{"not_picked":["chefmod:Defrost","chefmod:CuttingBoard","chefmod:SliceAndDice"],"picked":"SKIP","floor":8},{"not_picked":["chefmod:SliceAndDice","chefmod:Chop","chefmod:HotSoup"],"picked":"SKIP","floor":9},{"not_picked":["chefmod:Sorbet","chefmod:Leftovers"],"picked":"chefmod:Escargot","floor":10},{"not_picked":["chefmod:Gelato","chefmod:IcePick"],"picked":"chefmod:Sorbet","floor":14},{"not_picked":["chefmod:Gelato","chefmod:FarmersMarket"],"picked":"chefmod:DeepFreeze","floor":15},{"not_picked":["chefmod:HotSoup","chefmod:Sorbet"],"picked":"chefmod:AlooGobi","floor":16},{"not_picked":["chefmod:RisingDough","chefmod:OrderUp"],"picked":"chefmod:Canape","floor":18},{"not_picked":["chefmod:FryPan","chefmod:ZaruSoba"],"picked":"chefmod:VegetableTart","floor":20},{"not_picked":["chefmod:FryPan+1","chefmod:SliceAndDice"],"picked":"chefmod:ZaruSoba+1","floor":23},{"not_picked":["chefmod:SliceAndDice","chefmod:Omelette+1","chefmod:DinoKale+1"],"picked":"SKIP","floor":23},{"not_picked":["chefmod:DoubleChop","chefmod:DimSum"],"picked":"chefmod:Sorbet+1","floor":25},{"not_picked":["chefmod:BaoBuns","chefmod:CleanHouse"],"picked":"chefmod:DinoKale+1","floor":27},{"not_picked":["chefmod:Sorbet+1","chefmod:NoSoupForYou"],"picked":"chefmod:Defrost+1","floor":27},{"not_picked":["chefmod:DoubleChop","chefmod:FireUp","chefmod:LocoMoco+1"],"picked":"SKIP","floor":29},{"not_picked":["chefmod:BaoBuns","chefmod:CleanHouse+1","chefmod:FryPan"],"picked":"SKIP","floor":29},{"not_picked":["chefmod:Fillet","chefmod:BaoBuns"],"picked":"chefmod:ColdSteel+1","floor":31},{"not_picked":["chefmod:DinoKale","chefmod:BleedOut"],"picked":"chefmod:OrderUp","floor":33},{"not_picked":["chefmod:TastyDistraction","chefmod:DeathByChocolate"],"picked":"chefmod:FullCourseMeal","floor":35},{"not_picked":["chefmod:Gelato","chefmod:FullBurn+1"],"picked":"chefmod:Sorbet+1","floor":37},{"not_picked":["chefmod:IcePick","chefmod:PotatoGratin"],"picked":"chefmod:IceCreamCone+1","floor":37},{"not_picked":["chefmod:Defrost+1","chefmod:MonsterBait"],"picked":"chefmod:ZaruSoba+1","floor":38},{"not_picked":["chefmod:Fillet+1","chefmod:SaveForLater+1","chefmod:QuickChop"],"picked":"SKIP","floor":38},{"not_picked":["chefmod:GroceryDelivery+1","chefmod:KnifeFlurry+1"],"picked":"chefmod:CandyBowl","floor":39},{"not_picked":["CMC","Replay:Sssssssssstrike"],"picked":"Madness","floor":40},{"not_picked":["chefmod:MonsterBait+1","chefmod:DinoKale"],"picked":"chefmod:FrozenTuna","floor":42},{"not_picked":["chefmod:ZaruSoba","chefmod:BleedOut+1","chefmod:Fillet"],"picked":"SKIP","floor":44},{"not_picked":["chefmod:DinoKale","chefmod:SearedScallops","chefmod:IcePick+1"],"picked":"SKIP","floor":44},{"not_picked":["chefmod:Chop+1","chefmod:FreshProduce"],"picked":"chefmod:BananaSplit","floor":46},{"not_picked":["chefmod:ZaruSoba","chefmod:DinoKale+1"],"picked":"chefmod:Cleavers+1","floor":48},{"not_picked":["chefmod:FryPan+1","chefmod:FireUp"],"picked":"chefmod:Sorbet+1","floor":48},{"not_picked":["chefmod:Omelette+1","chefmod:AlooGobi+1","chefmod:Sorbet+1"],"picked":"SKIP","floor":49},{"not_picked":["chefmod:ColdSteel","chefmod:Fillet+1"],"picked":"chefmod:PotatoGratin+1","floor":50},{"not_picked":["chefmod:SliceAndDice+1","chefmod:FryPan+1"],"picked":"chefmod:LocoMoco+1","floor":50}],"player_experience":214598,"relics_obtained":[{"floor":6,"key":"Replay:WaspNest"},{"floor":8,"key":"vexMod:BarristanHead"},{"floor":10,"key":"Blue Doll"},{"floor":11,"key":"hubris:OldNail"},{"floor":15,"key":"jedi:matchstick"},{"floor":25,"key":"hubris:SphereOfDissonance"},{"floor":28,"key":"Replay:Bottled Snecko"},{"floor":31,"key":"conspire:TopHat"},{"floor":33,"key":"Replay:Towering Pillar of Hats"},{"floor":42,"key":"Smiling Mask"},{"floor":46,"key":"Pantograph"},{"floor":49,"key":"CaptainsWheel"}],"event_choices":[{"damage_healed":0,"gold_gain":0,"player_choice":"Ignored","damage_taken":0,"max_hp_gain":0,"max_hp_loss":0,"event_name":"NoteForYourself","floor":12,"gold_loss":0},{"damage_healed":0,"gold_gain":0,"player_choice":"Obtained Relic","damage_taken":0,"relics_obtained":["Prayer Wheel"],"max_hp_gain":0,"max_hp_loss":0,"event_name":"Addict","floor":21,"gold_loss":85},{"damage_healed":0,"gold_gain":0,"player_choice":"Memory 1","damage_taken":0,"max_hp_gain":0,"max_hp_loss":0,"event_name":"SensoryStone","floor":40,"gold_loss":0}],"is_beta":false,"boss_relics":[{"not_picked":["Honey Jar","Hololive_TopUpMoneyS"],"picked":"energizedSpire:OgreHead"},{"not_picked":["hubris:GrandSneckoEye","Hololive_ChaosS"],"picked":"Replay:Drink Me"}],"items_purged_floors":[22],"is_endless":false,"potions_floor_spawned":[1,7,9,15,18,23,29,31,33,44,46,48,50],"killed_by":"conspire:OrnateMirror","ascension_level":0}}