{"host":"yvb207ks1sg3cxef","time":1611402952,"event":{"mods":["2.2 Compatiblity","BaseMod","Bestiary","Colored Powertips","Minty Spire (QoL Compilation)","Permanent Neow","Quick Restart","Relic Stats","StSLib"],"gold_per_floor":[116,126,142,153,153,153,28,56,56,74,91,15,15,15,15],"floor_reached":14,"language":"ENG","playtime":588,"items_purged":["Strike_G"],"score":184,"play_id":"ca7e9b61-2442-4506-9bb4-ce5a8ebe0068","local_time":"20210123172552","is_ascension_mode":true,"campfire_choices":[{"data":"Noxious Fumes","floor":6,"key":"SMITH"},{"data":"Burst","floor":13,"key":"SMITH"}],"circlet_count":0,"master_deck":["AscendersBane","Strike_G","Strike_G","Strike_G","Strike_G","Defend_G","Defend_G","Defend_G","Defend_G","Defend_G","Survivor","Neutralize","Noxious Fumes+1","Dagger Throw","Well Laid Plans","Heel Hook","Flying Knee","Burst+1","Bouncing Flask","Noxious Fumes"],"relics":["Ring of the Snake","Torii","Bag of Preparation","Shuriken"],"acts_visited":["Exordium"],"potions_floor_usage":[8,8,8,10,14],"damage_taken":[{"damage":1,"enemies":"Cultist","floor":1,"turns":5},{"damage":0,"enemies":"2 Louse","floor":2,"turns":3},{"damage":1,"enemies":"Small Slimes","floor":3,"turns":4},{"damage":2,"enemies":"Looter","floor":4,"turns":4},{"damage":22,"enemies":"3 Sentries","floor":8,"turns":7},{"damage":12,"enemies":"Exordium Wildlife","floor":10,"turns":6},{"damage":3,"enemies":"3 Louse","floor":11,"turns":4},{"damage":38,"enemies":"Gremlin Nob","floor":14,"turns":3}],"seed_played":"1222493297901366223","potions_obtained":[{"floor":1,"key":"SpeedPotion"},{"floor":3,"key":"FearPotion"},{"floor":5,"key":"EntropicBrew"},{"floor":10,"key":"Weak Potion"}],"is_trial":false,"path_per_floor":["M","M","M","M","?","R","$","E","T","M","M","$","R","E"],"character_chosen":"THE_SILENT","items_purchased":["Flying Knee","Noxious Fumes"],"campfire_rested":0,"item_purchase_floors":[7,12],"current_hp_per_floor":[58,58,57,55,55,55,55,33,33,36,33,33,33,0,0],"gold":15,"neow_bonus":"ONE_RARE_RELIC","is_daily":false,"chose_seed":false,"campfire_upgraded":2,"win_rate":0.0,"timestamp":1611402952,"path_taken":["M","?","?","?","?","R","$","E","T","?","M","?","R","E"],"items_purchased_type":["Card","Card"],"build_version":"2020-12-22","purchased_purges":1,"victory":false,"max_hp_per_floor":[60,60,60,60,60,60,60,60,60,60,60,60,60,60,60],"relic_stats":{"Torii":25,"counters":[8,36],"Shuriken":[2],"Bag of Preparation":[6],"obtain_stats":[{"Torii":0,"Shuriken":9,"Bag of Preparation":8,"Ring of the Snake":0},{"Torii":0,"Shuriken":5,"Bag of Preparation":5,"Ring of the Snake":0},{"Torii":0,"Shuriken":23,"Bag of Preparation":23,"Ring of the Snake":0}],"Ring of the Snake":[16]},"card_choices":[{"not_picked":["Crippling Poison","Prepared"],"picked":"Noxious Fumes","floor":1},{"not_picked":["Riddle With Holes","Slice"],"picked":"Dagger Throw","floor":2},{"not_picked":["Flying Knee","Quick Slash"],"picked":"Well Laid Plans","floor":3},{"not_picked":["Acrobatics","Infinite Blades"],"picked":"Heel Hook","floor":4},{"not_picked":["Finisher","Deadly Poison"],"picked":"Burst","floor":8},{"not_picked":["Acrobatics","Cloak And Dagger"],"picked":"Bouncing Flask","floor":10},{"not_picked":["Acrobatics","Deadly Poison","Infinite Blades"],"picked":"SKIP","floor":11}],"player_experience":418283,"relics_obtained":[{"floor":8,"key":"Bag of Preparation"},{"floor":9,"key":"Shuriken"}],"event_choices":[{"damage_healed":0,"gold_gain":0,"player_choice":"Got Potions","damage_taken":0,"max_hp_gain":0,"max_hp_loss":0,"event_name":"Lab","floor":5,"gold_loss":0}],"is_beta":false,"boss_relics":[],"items_purged_floors":[7],"is_endless":false,"potions_floor_spawned":[1,3,10],"killed_by":"Gremlin Nob","ascension_level":20}}