{"host":"2ccem01eblg14btk","time":1611435588,"event":{"mods":["BaseMod","Colored Map","Minty Spire (QoL Compilation)","Quick Restart","Replay The Spire","StSLib"],"gold_per_floor":[119,119,132,132,132,132,167,167,239,265,278,347,370,406,406,552,552,592,592,138,138,138,203,203,254,279,336,336,377,409,61,61,184,184,221,158,158,230,267,310,310,310,310,347,412,160,120,150,150,192],"floor_reached":51,"language":"ENG","playtime":2438,"items_purged":["Strike_G","Pot Of Greed"],"score":1563,"play_id":"2a8f1d3e-8cbf-4d2c-88b8-602e1e19893c","local_time":"20210123215948","is_ascension_mode":true,"campfire_choices":[{"data":"Neutralize","floor":6,"key":"SMITH"},{"data":"Blade Dance","floor":8,"key":"SMITH"},{"floor":15,"key":"REST"},{"data":"A Thousand Cuts","floor":24,"key":"SMITH"},{"data":"Infinite Blades","floor":32,"key":"SMITH"},{"data":"Infinite Blades","floor":32,"key":"SMITH"},{"floor":41,"key":"REST"},{"data":"Fluid Movement","floor":49,"key":"SMITH"},{"data":"Footwork","floor":49,"key":"SMITH"}],"circlet_count":0,"master_deck":["AscendersBane","Strike_G+1","Strike_G+1","Strike_G+2","Strike_G+1","Defend_G+1","Defend_G+1","Defend_G+1","Defend_G+2","Survivor","Neutralize+1","Blade Dance+1","Infinite Blades+1","PiercingWail","Hidden Blade","Backflip","Fluid Movement","Dodge and Roll","A Thousand Cuts+1","All Out Attack","Footwork+1","Noxious Fumes+1","Infinite Blades+1","Flash of Steel","Night Terror","Panache","Replay:BasicMightCard","Transmutation","Venomology","Fluid Movement+1","Pot Of Greed","Pot Of Greed","Phantasmal Killer+1","Crippling Poison+1"],"relics":["Ring of the Snake","NeowsBlessing","Bloody Idol","Potion Belt","Ancient Tea Set","White Beast Statue","Bag of Marbles","Bag of Preparation","Replay:Bandana","ReplayTheSpireMod:DimensionalGlitch","Thread and Needle","MutagenicStrength","Simple Rune","MealTicket","Replay:Baseball","Pocketwatch","Membership Card","Replay:Arrowhead","SacredBark","ReplayTheSpireMod:ShopPack","Pen Nib","Orichalcum","Replay:Mystery Machine","Grinning Jar","Mummified Hand","Orrery"],"acts_visited":["Exordium","TheCity","TheBeyond"],"potions_floor_usage":[14,16,16,23,33,33,40,40,44,45,50,50,50,50,50],"damage_taken":[{"damage":0,"enemies":"Jaw Worm","floor":1,"turns":1},{"damage":0,"enemies":"Cultist","floor":3,"turns":1},{"damage":0,"enemies":"3 Sentries","floor":7,"turns":1},{"damage":0,"enemies":"Small Slimes","floor":11,"turns":2},{"damage":18,"enemies":"Gremlin Nob","floor":12,"turns":4},{"damage":0,"enemies":"Looter","floor":13,"turns":3},{"damage":15,"enemies":"Lagavulin","floor":14,"turns":6},{"damage":11,"enemies":"Slime Boss","floor":16,"turns":9},{"damage":9,"enemies":"3 Byrds","floor":18,"turns":7},{"damage":0,"enemies":"Gremlin Leader","floor":23,"turns":6},{"damage":0,"enemies":"Replay:Snechameleon","floor":25,"turns":5},{"damage":0,"enemies":"Gremlin Leader","floor":27,"turns":6},{"damage":0,"enemies":"Chosen","floor":29,"turns":4},{"damage":0,"enemies":"Snecko","floor":30,"turns":4},{"damage":0,"enemies":"Champ","floor":33,"turns":10},{"damage":0,"enemies":"Orb Walker","floor":35,"turns":4},{"damage":3,"enemies":"3 Shapes","floor":39,"turns":5},{"damage":48,"enemies":"Nemesis","floor":40,"turns":7},{"damage":0,"enemies":"Jaw Worm Horde","floor":44,"turns":3},{"damage":0,"enemies":"Reptomancer","floor":45,"turns":6},{"damage":0,"enemies":"Transient","floor":48,"turns":5},{"damage":0,"enemies":"Awakened One","floor":50,"turns":8}],"seed_played":"2745552397803828678","potions_obtained":[{"floor":7,"key":"CultistPotion"},{"floor":11,"key":"LiquidBronze"},{"floor":12,"key":"FearPotion"},{"floor":13,"key":"Explosive Potion"},{"floor":14,"key":"SmokeBomb"},{"floor":16,"key":"GamblersBrew"},{"floor":18,"key":"SpeedPotion"},{"floor":23,"key":"LiquidMemories"},{"floor":25,"key":"LiquidBronze"},{"floor":27,"key":"PowerPotion"},{"floor":29,"key":"Poison Potion"},{"floor":33,"key":"Dexterity Potion"},{"floor":35,"key":"Dexterity Potion"},{"floor":39,"key":"Dexterity Potion"},{"floor":40,"key":"Dexterity Potion"},{"floor":44,"key":"BlessingOfTheForge"},{"floor":45,"key":"ColorlessPotion"}],"is_trial":false,"path_per_floor":["M","?","M","?","?","R","E","R","T","T","M","?","M","E","R","B",null,"M","?","$","?","?","E","R","E","T","E","?","M","M","$","R","B",null,"M","$","?","?","M","E","R","?","T","M","E","$","?","M","R","B",null],"character_chosen":"THE_SILENT","items_purchased":["Thread and Needle","All Out Attack","Membership Card","Flash of Steel","Replay:Arrowhead","ReplayTheSpireMod:ShopPack","Mummified Hand","Orrery"],"campfire_rested":2,"item_purchase_floors":[20,20,31,31,31,36,46,46],"current_hp_per_floor":[63,63,63,46,43,43,43,43,43,43,43,25,25,10,31,20,58,49,49,49,49,49,54,54,59,64,69,69,70,70,70,70,70,70,70,70,66,55,57,14,33,33,33,46,51,66,66,66,66,66],"gold":192,"neow_bonus":"THREE_ENEMY_KILL","is_daily":false,"chose_seed":false,"campfire_upgraded":7,"win_rate":0.0,"timestamp":1611435588,"path_taken":["M","?","?","?","?","R","E","R","T","?","?","?","M","E","R","BOSS","M","?","$","?","?","E","R","E","T","E","?","M","M","$","R","BOSS","M","$","?","?","M","E","R","?","T","M","E","$","?","?","R","BOSS"],"items_purchased_type":["Relic","Card","Relic","Card","Relic","Relic","Relic","Relic"],"build_version":"2020-12-22","purchased_purges":2,"victory":true,"max_hp_per_floor":[70,70,70,70,70,70,70,70,70,70,70,70,70,70,70,70,70,70,70,70,70,70,70,70,70,70,70,70,70,70,70,70,70,70,70,70,66,66,66,66,66,66,66,66,66,66,66,66,66,66],"card_choices":[{"not_picked":["Underhanded Strike","Prepared"],"picked":"Blade Dance","floor":1},{"not_picked":["Poisoned Stab","Accuracy"],"picked":"Infinite Blades","floor":3},{"not_picked":["Poisoned Stab","Outmaneuver"],"picked":"PiercingWail","floor":7},{"not_picked":["Quick Slash","Backflip"],"picked":"Hidden Blade","floor":11},{"not_picked":["Prepared","Outmaneuver"],"picked":"Backflip","floor":12},{"not_picked":["Poisoned Stab","Replay:Poison Smokescreen"],"picked":"Fluid Movement","floor":13},{"not_picked":["Sucker Punch","Crippling Poison"],"picked":"Dodge and Roll","floor":14},{"not_picked":["Malaise","Wraith Form v2"],"picked":"A Thousand Cuts","floor":16},{"not_picked":["Catalyst","Prepared","Underhanded Strike+1"],"picked":"SKIP","floor":18},{"not_picked":["Outmaneuver","Underhanded Strike","Heel Hook"],"picked":"SKIP","floor":23},{"not_picked":["Quick Slash","Deadly Poison","Concentrate+1"],"picked":"SKIP","floor":25},{"not_picked":["Quick Slash","Choke"],"picked":"Footwork","floor":27},{"not_picked":["Cloak And Dagger","Leg Sweep"],"picked":"Noxious Fumes+1","floor":29},{"not_picked":["Outmaneuver","Reflex"],"picked":"Infinite Blades","floor":30},{"not_picked":["A Thousand Cuts","Malaise"],"picked":"Night Terror","floor":33},{"not_picked":["ReplayTheSpireMod:Exploit Weakness","Poisoned Stab","Cloak And Dagger"],"picked":"SKIP","floor":35},{"not_picked":["Blind","Replay:Sssssssssstrike"],"picked":"Panache","floor":36},{"not_picked":["Trip","Forethought"],"picked":"Replay:BasicMightCard","floor":36},{"not_picked":["Secret Technique","Violence"],"picked":"Transmutation","floor":36},{"not_picked":["Acrobatics","Dagger Throw+1"],"picked":"Venomology","floor":39},{"not_picked":["Poisoned Stab","Dash","ReplayTheSpireMod:Necrosis"],"picked":"SKIP","floor":40},{"not_picked":["Calculated Gamble","ReplayTheSpireMod:Exploit Weakness"],"picked":"Fluid Movement","floor":44},{"not_picked":["Hidden Blade+1","Catalyst+1","Backflip+1"],"picked":"SKIP","floor":45},{"not_picked":["Deadly Poison","Choke+1"],"picked":"Phantasmal Killer","floor":46},{"not_picked":["Prepared+1","Hidden Blade+1"],"picked":"Crippling Poison+1","floor":48}],"player_experience":127334,"relics_obtained":[{"floor":7,"key":"Ancient Tea Set"},{"floor":9,"key":"White Beast Statue"},{"floor":10,"key":"Bag of Marbles"},{"floor":14,"key":"Replay:Bandana"},{"floor":23,"key":"Simple Rune"},{"floor":25,"key":"MealTicket"},{"floor":26,"key":"Replay:Baseball"},{"floor":27,"key":"Pocketwatch"},{"floor":38,"key":"Pen Nib"},{"floor":40,"key":"Orichalcum"},{"floor":43,"key":"Replay:Mystery Machine"},{"floor":45,"key":"Grinning Jar"}],"event_choices":[{"cards_removed":["Defend_G"],"damage_healed":0,"gold_gain":0,"player_choice":"Purged","damage_taken":0,"max_hp_gain":0,"max_hp_loss":0,"event_name":"Purifier","floor":2,"gold_loss":0},{"damage_healed":0,"gold_gain":0,"player_choice":"Take Damage","damage_taken":17,"relics_obtained":["Golden Idol"],"max_hp_gain":0,"max_hp_loss":0,"event_name":"Golden Idol","floor":4,"gold_loss":0},{"damage_healed":0,"gold_gain":0,"player_choice":"Success","damage_taken":3,"relics_obtained":["Potion Belt"],"max_hp_gain":0,"max_hp_loss":0,"event_name":"Scrap Ooze","floor":5,"gold_loss":0},{"damage_healed":0,"gold_gain":0,"player_choice":"Searched \u00272\u0027 times","damage_taken":0,"relics_obtained":["Bag of Preparation"],"max_hp_gain":0,"max_hp_loss":0,"event_name":"Dead Adventurer","floor":12,"gold_loss":0},{"damage_healed":0,"gold_gain":0,"player_choice":"Gave Idol","damage_taken":0,"relics_obtained":["Bloody Idol"],"max_hp_gain":0,"max_hp_loss":0,"event_name":"Forgotten Altar","floor":19,"relics_lost":["Golden Idol"],"gold_loss":0},{"damage_healed":0,"gold_gain":0,"player_choice":"Ignored","damage_taken":0,"max_hp_gain":0,"max_hp_loss":0,"event_name":"Vampires","floor":21,"gold_loss":0},{"damage_healed":0,"gold_gain":0,"player_choice":"Inject Mutagens","damage_taken":0,"relics_obtained":["MutagenicStrength"],"max_hp_gain":0,"max_hp_loss":0,"event_name":"Drug Dealer","floor":22,"gold_loss":0},{"damage_healed":0,"gold_gain":0,"player_choice":"Simplicity","damage_taken":0,"max_hp_gain":0,"max_hp_loss":0,"event_name":"Back to Basics","floor":28,"gold_loss":0,"cards_upgraded":["Strike_G","Strike_G","Strike_G","Strike_G","Defend_G","Defend_G","Defend_G","Defend_G"]},{"damage_healed":0,"gold_gain":0,"player_choice":"Max HP","damage_taken":0,"max_hp_gain":0,"max_hp_loss":4,"event_name":"Winding Halls","floor":37,"gold_loss":0},{"damage_healed":0,"gold_gain":0,"player_choice":"Ignored","damage_taken":0,"max_hp_gain":0,"max_hp_loss":0,"event_name":"Tomb of Lord Red Mask","floor":42,"gold_loss":0},{"damage_healed":0,"gold_gain":0,"player_choice":"Upgrade","damage_taken":0,"max_hp_gain":0,"max_hp_loss":0,"event_name":"Designer","floor":47,"gold_loss":40,"cards_upgraded":["Phantasmal Killer"]}],"is_beta":false,"boss_relics":[{"not_picked":["Snecko Eye","Pandora\u0027s Box"],"picked":"ReplayTheSpireMod:DimensionalGlitch"},{"not_picked":["Replay:Wanted Poster","Honey Jar"],"picked":"SacredBark"}],"items_purged_floors":[20,46],"is_endless":false,"potions_floor_spawned":[7,11,12,13,14,16,18,23,25,27,29,30,33,35,39,40,44,45,48],"ascension_level":10}}