{"host":"kabf61oc9jgfwufg","time":1611407146,"event":{"mods":["AchievementEnabler","Aspiration","BaseMod","Conspire","Defuse TimeMaze Blight","Energized Spire","GifTheSpireLib","Halation","HexUI Lib","Hubris","Hyrulean Relics","Infinite Spire","Melee Mod","Minty Spire (QoL Compilation)","Poor People Problems","Quick Restart","Rare Cards Sparkle","Replay The Spire","Shop Mod","Small Relic Pack","StSLib","Transform Curses"],"gold_per_floor":[115,115,133,83,83,117,136,168,192,41,54,54,70,81,81,81,81],"floor_reached":16,"language":"ENG","playtime":515,"items_purged":[],"score":118,"play_id":"99859a40-6945-48c9-b4e8-25464350ccd9","local_time":"20210123130546","is_ascension_mode":true,"campfire_choices":[{"floor":15.0,"key":"REST"}],"circlet_count":0,"master_deck":["Strike_G","Strike_G","Strike_G","Defend_G","Defend_G","Defend_G","Defend_G","Survivor","Neutralize","Corpse Explosion","Blade Dance","Slice+1","Blade Dance","Cloak And Dagger","Quick Slash"],"relics":["Ring of the Snake","Replay:Wax Seal","Gremlin Food","infinitespire:Lucky Rock","relicPack:WeightedSword"],"acts_visited":["Exordium"],"potions_floor_usage":[],"damage_taken":[{"damage":3.0,"enemies":"Small Slimes","floor":1.0,"turns":4.0},{"damage":5.0,"enemies":"infinitespire:Voidling","floor":3.0,"turns":4.0},{"damage":9.0,"enemies":"3 Sentries","floor":6.0,"turns":2.0},{"damage":0.0,"enemies":"2 Louse","floor":7.0,"turns":2.0},{"damage":26.0,"enemies":"Lagavulin","floor":8.0,"turns":7.0},{"damage":0.0,"enemies":"Large Slime","floor":11.0,"turns":1.0},{"damage":0.0,"enemies":"Exordium Wildlife","floor":13.0,"turns":3.0},{"damage":1.0,"enemies":"3 Louse","floor":14.0,"turns":2.0},{"damage":18,"enemies":"Hexaghost","floor":16,"turns":7}],"seed_played":"-6244762133809652768","potions_obtained":[{"floor":2.0,"key":"ColorlessPotion"},{"floor":2.0,"key":"PowerPotion"},{"floor":2.0,"key":"AttackPotion"},{"floor":7.0,"key":"Milkshake"}],"is_trial":false,"path_per_floor":["M","?","M","?","?","E","M","E","T","$","M","?","M","M","R","B"],"character_chosen":"THE_SILENT","items_purchased":["relicPack:WeightedSword"],"campfire_rested":1,"item_purchase_floors":[10],"current_hp_per_floor":[46,46,45,45,45,36,36,10,10,10,10,10,10,9,30,12,12],"gold":81,"neow_bonus":"THREE_RARE_CARDS","is_daily":false,"chose_seed":false,"campfire_upgraded":0,"win_rate":0.0,"timestamp":1611407146,"path_taken":["M","?","?","?","?","E","M","E","T","?","M","?","?","M","R","BOSS"],"items_purchased_type":["Relic"],"build_version":"2020-12-22","purchased_purges":0,"victory":false,"max_hp_per_floor":[70,70,70,70,70,70,70,70,70,70,70,70,70,70,70,70,70],"card_choices":[{"not_picked":["After Image","Wraith Form v2"],"picked":"Corpse Explosion","floor":0.0},{"not_picked":["Sucker Punch","Dodge and Roll"],"picked":"Blade Dance","floor":1.0},{"not_picked":["Leg Sweep","Poisoned Stab"],"picked":"Slice","floor":3.0},{"not_picked":["Sneak Up","Endless Agony"],"picked":"Blade Dance","floor":6.0},{"not_picked":["Hidden Blade","Dagger Spray"],"picked":"Cloak And Dagger","floor":7.0},{"not_picked":["Deflect","Dagger Throw","Phantasmal Killer"],"picked":"SKIP","floor":8.0},{"not_picked":["PiercingWail","conspire:DoublingDagger","Dodge and Roll"],"picked":"SKIP","floor":11.0},{"not_picked":["Noxious Fumes","Caltrops"],"picked":"Quick Slash","floor":13.0},{"not_picked":["Choke","Acrobatics","Underhanded Strike"],"picked":"SKIP","floor":14.0}],"player_experience":178502,"relics_obtained":[{"floor":6.0,"key":"Replay:Wax Seal"},{"floor":8.0,"key":"Gremlin Food"},{"floor":9.0,"key":"infinitespire:Lucky Rock"}],"event_choices":[{"damage_healed":0.0,"max_hp_gain":0.0,"max_hp_loss":0.0,"gold_gain":0.0,"event_name":"Lab","player_choice":"Got Potions","floor":2.0,"gold_loss":0.0,"damage_taken":0.0},{"cards_removed":["Strike_G"],"damage_healed":0.0,"max_hp_gain":0.0,"max_hp_loss":0.0,"gold_gain":0.0,"event_name":"The Cleric","player_choice":"Card Removal","floor":4.0,"gold_loss":50.0,"damage_taken":0.0},{"cards_removed":["Strike_G"],"damage_healed":0.0,"max_hp_gain":0.0,"max_hp_loss":0.0,"gold_gain":0.0,"event_name":"Living Wall","player_choice":"Forget","floor":12.0,"gold_loss":0.0,"damage_taken":0.0}],"is_beta":false,"boss_relics":[],"items_purged_floors":[],"is_endless":false,"potions_floor_spawned":[1,3,7],"killed_by":"Hexaghost","ascension_level":1}}