{"host":"h3bgw7p7cb1roykn","time":1611439390,"event":{"mods":["AchievementEnabler","BaseMod","Colored Map","Minty Spire (QoL Compilation)","StSLib"],"gold_per_floor":[112,112,123,123,88,88,107,107,132,170,170,170,170,184,184,307,307,322,337,337,364,377,377,52,88,137,137,137,154,79,93,93,192,192,209,209,109,459,459,488,488,506,506,506,506],"floor_reached":44,"language":"ENG","playtime":1655,"items_purged":["Doubt","Writhe"],"score":500,"play_id":"8a12ff74-c806-4784-8516-126ece0d187a","local_time":"20210123230310","is_ascension_mode":true,"campfire_choices":[{"floor":6,"key":"REST"},{"data":"Sweeping Beam","floor":8,"key":"SMITH"},{"floor":12,"key":"REST"},{"floor":15,"key":"RECALL"},{"floor":23,"key":"REST"},{"data":"Sunder","floor":28,"key":"SMITH"},{"data":"Ghostly","floor":32,"key":"SMITH"},{"floor":41,"key":"REST"}],"circlet_count":0,"master_deck":["Zap","Dualcast","Cold Snap","Sweeping Beam+1","Sunder+1","Injury","Hyperbeam","Go for the Eyes","Seek","Core Surge","Coolheaded","Melter","Aggregate","Ghostly+1","Ghostly","Ghostly","Ghostly","Ghostly","Leap","Doom and Gloom","Injury","Streamline+1","Fission","Auto Shields+1","Glacier+1","Barrage","Hologram+1","Normality"],"relics":["Cursed Key","Blue Candle","Bloody Idol","Happy Flower","Cables","Vajra","Pandora\u0027s Box","Pantograph","Dream Catcher","Nunchaku","Inserter","Old Coin","Letter Opener","Singing Bowl"],"acts_visited":["Exordium","TheCity","TheBeyond"],"potions_floor_usage":[16,25,25,31,44,44],"damage_taken":[{"damage":1,"enemies":"Jaw Worm","floor":1,"turns":4},{"damage":0,"enemies":"Small Slimes","floor":3,"turns":2},{"damage":3,"enemies":"2 Louse","floor":7,"turns":2},{"damage":21,"enemies":"Gremlin Nob","floor":10,"turns":4},{"damage":13,"enemies":"Exordium Thugs","floor":14,"turns":2},{"damage":6,"enemies":"Slime Boss","floor":16,"turns":7},{"damage":0,"enemies":"Spheric Guardian","floor":18,"turns":2},{"damage":6,"enemies":"Chosen","floor":19,"turns":4},{"damage":14,"enemies":"Shelled Parasite and Fungi","floor":22,"turns":5},{"damage":5,"enemies":"Gremlin Leader","floor":25,"turns":5},{"damage":3,"enemies":"Cultist and Chosen","floor":29,"turns":7},{"damage":0,"enemies":"Snake Plant","floor":31,"turns":3},{"damage":22,"enemies":"Collector","floor":33,"turns":9},{"damage":7,"enemies":"3 Darklings","floor":35,"turns":6},{"damage":0,"enemies":"Mind Bloom Boss Battle","floor":38,"turns":7},{"damage":16,"enemies":"Nemesis","floor":40,"turns":9},{"damage":0,"enemies":"3 Shapes","floor":42,"turns":5},{"damage":38,"enemies":"Giant Head","floor":44,"turns":7}],"seed_played":"-8731602010606436138","potions_obtained":[{"floor":3,"key":"EssenceOfSteel"},{"floor":10,"key":"Swift Potion"},{"floor":18,"key":"LiquidMemories"},{"floor":19,"key":"AttackPotion"},{"floor":38,"key":"Explosive Potion"},{"floor":40,"key":"AttackPotion"}],"is_trial":false,"path_per_floor":["M","?","M","?","?","R","M","R","T","E","?","R","T","M","R","B",null,"M","M","?","T","M","R","$","E","T","?","R","M","?","M","R","B",null,"M","?","$","?","?","E","R","M","T","E"],"character_chosen":"DEFECT","items_purchased":["Pantograph"],"campfire_rested":4,"item_purchase_floors":[24],"current_hp_per_floor":[74,49,49,31,49,71,68,68,68,47,47,69,69,56,56,50,75,75,69,37,37,23,34,34,29,29,29,29,31,31,36,36,20,37,35,35,35,37,37,26,37,37,37,0,0],"gold":506,"neow_bonus":"BOSS_RELIC","is_daily":false,"chose_seed":false,"campfire_upgraded":3,"win_rate":0.0,"timestamp":1611439390,"path_taken":["M","?","M","?","?","R","?","R","T","E","?","R","?","M","R","BOSS","M","M","?","?","?","R","$","E","T","?","R","M","?","M","R","BOSS","M","?","$","?","?","E","R","M","T","E"],"items_purchased_type":["Relic"],"build_version":"2020-12-22","purchased_purges":2,"victory":false,"max_hp_per_floor":[75,75,75,75,75,75,75,75,75,75,75,75,75,75,75,75,75,75,75,37,37,37,37,37,37,37,37,37,37,37,37,37,37,37,37,37,37,37,37,37,37,37,37,37,37],"card_choices":[{"not_picked":["Ball Lightning","Hello World"],"picked":"Cold Snap","floor":1},{"not_picked":["Go for the Eyes","Sunder"],"picked":"Sweeping Beam","floor":3},{"not_picked":["Recycle","Heatsinks"],"picked":"Sunder","floor":7},{"not_picked":["Sweeping Beam","Steam Power"],"picked":"Hyperbeam","floor":10},{"not_picked":["Cold Snap","Steam","Ball Lightning"],"picked":"SKIP","floor":14},{"not_picked":["Coolheaded","Compile Driver","Gash+1"],"picked":"SKIP","floor":18},{"not_picked":["Compile Driver","Recycle+1","Turbo"],"picked":"SKIP","floor":19},{"not_picked":["FTL","Rainbow"],"picked":"Leap","floor":22},{"not_picked":["Steam Power+1","Gash"],"picked":"Doom and Gloom","floor":25},{"not_picked":["Gash","Go for the Eyes+1"],"picked":"Streamline+1","floor":29},{"not_picked":["Coolheaded","Cold Snap","Electrodynamics"],"picked":"SKIP","floor":31},{"not_picked":["Buffer","Hyperbeam"],"picked":"Fission","floor":33},{"not_picked":["Sweeping Beam","Loop"],"picked":"Auto Shields+1","floor":35},{"not_picked":["Gash+1","Sunder"],"picked":"Glacier+1","floor":38},{"not_picked":["All For One","Streamline+1"],"picked":"Barrage","floor":40},{"not_picked":["Streamline","Blizzard+1"],"picked":"Hologram+1","floor":41},{"not_picked":["Rebound+1","Streamline","Redo+1"],"picked":"SKIP","floor":42}],"player_experience":220306,"relics_obtained":[{"floor":9,"key":"Happy Flower"},{"floor":10,"key":"Cables"},{"floor":13,"key":"Vajra"},{"floor":25,"key":"Dream Catcher"},{"floor":26,"key":"Nunchaku"},{"floor":38,"key":"Old Coin"},{"floor":40,"key":"Letter Opener"},{"floor":43,"key":"Singing Bowl"}],"event_choices":[{"damage_healed":0,"gold_gain":0,"player_choice":"Success","damage_taken":25,"relics_obtained":["Blue Candle"],"max_hp_gain":0,"max_hp_loss":0,"event_name":"Scrap Ooze","floor":2,"gold_loss":0},{"damage_healed":0,"gold_gain":0,"player_choice":"Take Damage","damage_taken":18,"relics_obtained":["Golden Idol"],"max_hp_gain":0,"max_hp_loss":0,"event_name":"Golden Idol","floor":4,"gold_loss":0},{"damage_healed":18,"gold_gain":0,"player_choice":"Healed","damage_taken":0,"max_hp_gain":0,"max_hp_loss":0,"event_name":"The Cleric","floor":5,"gold_loss":35},{"damage_healed":0,"gold_gain":0,"player_choice":"Ignored","damage_taken":0,"max_hp_gain":0,"max_hp_loss":0,"event_name":"Liars Game","floor":11,"gold_loss":0},{"damage_healed":0,"gold_gain":0,"player_choice":"Became a Ghost","damage_taken":0,"max_hp_gain":0,"max_hp_loss":38,"event_name":"Ghosts","floor":20,"gold_loss":0,"cards_obtained":["Ghostly","Ghostly","Ghostly","Ghostly","Ghostly"]},{"damage_healed":0,"gold_gain":0,"player_choice":"Gave Idol","damage_taken":0,"relics_obtained":["Bloody Idol"],"max_hp_gain":0,"max_hp_loss":0,"event_name":"Forgotten Altar","floor":27,"relics_lost":["Golden Idol"],"gold_loss":0},{"cards_removed":["Tempest"],"damage_healed":0,"gold_gain":0,"player_choice":"Gave Gold","damage_taken":0,"max_hp_gain":0,"max_hp_loss":0,"event_name":"Beggar","floor":30,"gold_loss":75},{"damage_healed":0,"gold_gain":0,"player_choice":"Memory 1","damage_taken":0,"max_hp_gain":0,"max_hp_loss":0,"event_name":"SensoryStone","floor":36,"gold_loss":0},{"damage_healed":0,"gold_gain":0,"player_choice":"Fight","damage_taken":0,"max_hp_gain":0,"max_hp_loss":0,"event_name":"MindBloom","floor":38,"gold_loss":0},{"cards_removed":["Loop"],"damage_healed":0,"gold_gain":0,"player_choice":"Removed Power","damage_taken":0,"max_hp_gain":0,"max_hp_loss":0,"event_name":"Falling","floor":39,"gold_loss":0}],"is_beta":false,"boss_relics":[{"not_picked":["Philosopher\u0027s Stone","Black Star"],"picked":"Pandora\u0027s Box"},{"not_picked":["Snecko Eye","Runic Pyramid"],"picked":"Inserter"}],"items_purged_floors":[24,37],"is_endless":false,"potions_floor_spawned":[3,10,18,19,38,40],"killed_by":"Giant Head","ascension_level":1}}