{"host":"xhd4yuu3rnu1c5xc","time":1611408197,"event":{"mods":["ATMod(°¢èªMod)","Act Like it!","Aspiration","BaseMod","Better Altar","Better Note","Better Sensory Stone","Better Skull","Better Third Choice","Better Vampires","Better-Laid Plans","Conspire","Displayed Cursed Tome","Dota2Spire","Downfall","Emptier Cage","Energized Spire","Gensokyo","GungeonMod","Hubris","Lobotomy","Marisa£¨ìFÓê¡¡Ä§ÀíÉ³£©","Minty Spire (QoL Compilation)","Mirrors Mod","MostiFishMod","Pale of the Ancients","Potion Indicator Mod","Quick Restart","Relic Stats","Reorder Act Four","Replay The Spire","RumiaBox-Â¶Ã×æ«µÄÉñÃØºÐ×Ó","SacredBarkPlus","StSLib","TestMod","The Jungle","Transform Curses","Uncapped","[IsaacMod]ÒÔÈö¼âËþ","vexMod","¡¾¹¦ÄÜMod¡¿»ìãçÖ®»·ÐÞ¸´²¹¶¡","¡¾ÒÅÎï¿¨ÅÆ¡¿REMEMod","óô»ðÖ¸ÄÏ"],"gold_per_floor":[110,158,174,174,195,238,258,290,363,31,52,78,113,131,131,131,131],"floor_reached":16,"language":"ZHS","playtime":887,"items_purged":["Strike_R"],"score":352,"play_id":"a73e5539-a82d-4e40-a2dc-8b88d89eadf8","local_time":"20210123212317","is_ascension_mode":true,"campfire_choices":[{"data":"REME_ACTH","floor":15.0,"key":"SMITH"}],"circlet_count":0,"master_deck":["AscendersBane","Strike_R","Strike_R","Strike_R","Strike_R","Defend_R","Defend_R","Defend_R","Defend_R","Bash","Shockwave","Pummel","Impervious","REME_ACTH+1","conspire:HitWhereItHurts+1","Pommel Strike+1"],"relics":["Burning Blood","testmod-TestBox","HushsDoor","DaveBox","AT_ATBox","REME_ComplimentaryCards","RhineCircuit","GuppysTail","testmod-AscensionHeart","aspiration:Nostalgia","Slimebound:AbsorbEndCombat","SynthV:TestCard","CeramicFish","aspiration:Lifesprig","Damocles","vexMod:BerryBomb","Molten Egg 2","Strawberry","ReplayTheSpireMod:Spearhead","Lantern","testmod-Justice","Iron Hammer"],"acts_visited":["Exordium"],"potions_floor_usage":[16],"damage_taken":[{"damage":3.0,"enemies":"Jaw Worm","floor":1.0,"turns":5.0},{"damage":0.0,"enemies":"Cultist","floor":2.0,"turns":3.0},{"damage":0.0,"enemies":"Small Slimes","floor":3.0,"turns":3.0},{"damage":24.0,"enemies":"Exordium Thugs","floor":5.0,"turns":6.0},{"damage":26.0,"enemies":"Lagavulin","floor":6.0,"turns":10.0},{"damage":4.0,"enemies":"Blue Slaver","floor":7.0,"turns":3.0},{"damage":21.0,"enemies":"3 Sentries","floor":8.0,"turns":9.0},{"damage":0.0,"enemies":"Gremlin Gang","floor":11.0,"turns":4.0},{"damage":0.0,"enemies":"Exordium Thugs","floor":12.0,"turns":4.0},{"damage":0.0,"enemies":"Gremlin Nob","floor":13.0,"turns":2.0},{"damage":0.0,"enemies":"Blue Slaver","floor":14.0,"turns":2.0},{"damage":18,"enemies":"Fading Forest","floor":16,"turns":12}],"seed_played":"-4796053293868845271","potions_obtained":[{"floor":1.0,"key":"REME_GoldPotion"},{"floor":2.0,"key":"Dota2Spire:Clarity"},{"floor":6.0,"key":"Explosive Potion"},{"floor":7.0,"key":"FearPotion"},{"floor":11.0,"key":"Languid Potion"},{"floor":14.0,"key":"BlessingOfTheForge"}],"is_trial":false,"path_per_floor":["M","M","M","?","M","E","M","E","T","$","M","M","E","M","R","B"],"character_chosen":"IRONCLAD","items_purchased":["Molten Egg 2"],"campfire_rested":0,"item_purchase_floors":[10],"current_hp_per_floor":[72,75,75,68,51,36,39,29,35,35,49,56,67,74,74,0,0],"gold":131,"neow_bonus":"NOSTALGIA","is_daily":false,"chose_seed":false,"campfire_upgraded":1,"win_rate":0.0,"timestamp":1611408197,"path_taken":["M","M","M","?","M","E","M","E","T","$","M","M","E","M","R","BOSS"],"items_purchased_type":["Relic"],"build_version":"2020-12-22","purchased_purges":1,"victory":false,"max_hp_per_floor":[75,75,75,75,75,76,76,77,83,83,90,90,91,91,91,91,91],"relic_stats":{"counters":[12,63],"CeramicFish":36,"obtain_stats":[{"KeepersGift":0,"GuppysTail":0,"Damocles":8,"aspiration:Lifesprig":6,"Lantern":13,"testmod-TestBox":0,"AT_ATBox":0,"DaveBox":0,"aspiration:Nostalgia":0,"CeramicFish":4,"vexMod:BerryBomb":9,"DemoMod:GlassGuonStoneRelic":1,"testmod-Justice":13,"Burning Blood":0,"testmod-AscensionHeart":0,"RhineCircuit":0,"ReplayTheSpireMod:Spearhead":12,"SynthV:TestCard":1,"Strawberry":11,"Molten Egg 2":10,"Iron Hammer":14,"Slimebound:AbsorbEndCombat":0,"HushsDoor":0,"REME_ComplimentaryCards":0},{"KeepersGift":0,"GuppysTail":0,"Damocles":7,"aspiration:Lifesprig":5,"Lantern":10,"testmod-TestBox":0,"AT_ATBox":0,"DaveBox":0,"aspiration:Nostalgia":0,"CeramicFish":3,"vexMod:BerryBomb":7,"DemoMod:GlassGuonStoneRelic":1,"testmod-Justice":10,"Burning Blood":0,"testmod-AscensionHeart":0,"RhineCircuit":0,"ReplayTheSpireMod:Spearhead":9,"SynthV:TestCard":1,"Strawberry":8,"Molten Egg 2":7,"Iron Hammer":11,"Slimebound:AbsorbEndCombat":0,"HushsDoor":0,"REME_ComplimentaryCards":0},{"KeepersGift":0,"GuppysTail":0,"Damocles":39,"aspiration:Lifesprig":27,"Lantern":49,"testmod-TestBox":0,"AT_ATBox":0,"DaveBox":0,"aspiration:Nostalgia":0,"CeramicFish":11,"vexMod:BerryBomb":39,"DemoMod:GlassGuonStoneRelic":5,"testmod-Justice":49,"Burning Blood":0,"testmod-AscensionHeart":0,"RhineCircuit":0,"ReplayTheSpireMod:Spearhead":47,"SynthV:TestCard":5,"Strawberry":43,"Molten Egg 2":39,"Iron Hammer":51,"Slimebound:AbsorbEndCombat":0,"HushsDoor":0,"REME_ComplimentaryCards":0}],"Burning Blood":54},"card_choices":[{"not_picked":["Clash","AT_BodySlamDance"],"picked":"Shockwave","floor":1.0},{"not_picked":["REME_FearOfPain","Clothesline","Heavy Blade","Twin Strike","Body Slam"],"picked":"SKIP","floor":2.0},{"not_picked":["AT_IchimonjiDouble","Iron Wave","MostiFishMod:#F4004","Sword Boomerang"],"picked":"Pummel","floor":3.0},{"not_picked":["Sentinel","Replay:Undeath\u0027s Touch","Infernal Blade","Body Slam"],"picked":"Impervious","floor":5.0},{"not_picked":["MostiFishMod:TemporaryOutbreak","MostiFishMod:404NotFound","MostiFishMod:404NotFound","MostiFishMod:UltimateDefense"],"picked":"REME_ACTH","floor":6.0},{"not_picked":["Searing Blow","Warcry","Shrug It Off","Clash","Perfected Strike"],"picked":"SKIP","floor":7.0},{"not_picked":["MostiFishMod:OrdinaryWorld","Juggernaut","REME_TheLastStrike","Double Tap","Berserk"],"picked":"SKIP","floor":8.0},{"not_picked":["Wild Strike+1","AT_IchimonjiDouble+1","Twin Strike+1","Havoc"],"picked":"conspire:HitWhereItHurts+1","floor":11.0},{"not_picked":["ReplayTheSpireMod:Limb From Limb+1","Clash+1","Wild Strike+1","True Grit"],"picked":"Pommel Strike+1","floor":12.0},{"not_picked":["MostiFishMod:DarkDeal","Fiend Fire","MostiFishMod:CullingBlade","Limit Break","MostiFishMod:FireWorks"],"picked":"SKIP","floor":13.0},{"not_picked":["Headbutt+1","Wild Strike+1","AT_IchimonjiDouble+1","Replay:Undeath\u0027s Touch+1","Heavy Blade+1"],"picked":"SKIP","floor":14.0}],"player_experience":1955385,"relics_obtained":[{"floor":1.0,"key":"SynthV:TestCard"},{"floor":6.0,"key":"aspiration:Lifesprig"},{"floor":8.0,"key":"Damocles"},{"floor":9.0,"key":"vexMod:BerryBomb"},{"floor":11.0,"key":"Strawberry"},{"floor":12.0,"key":"ReplayTheSpireMod:Spearhead"},{"floor":13.0,"key":"Lantern"},{"floor":13.0,"key":"testmod-Justice"},{"floor":14.0,"key":"Iron Hammer"}],"event_choices":[],"is_beta":false,"boss_relics":[],"items_purged_floors":[10],"is_endless":false,"potions_floor_spawned":[1,2,6,7,11,14],"killed_by":"Fading Forest","ascension_level":20}}