{"host":"i2s4iw62z1dejrqn","time":1611415997,"event":{"mods":["AchievementEnabler","BaseMod","Minty Spire (QoL Compilation)","Random Character Button","SuperFastMode"],"gold_per_floor":[111,111,36,111,122,122,122,154,154,189,46,65,15,46,46,149,149,160,160,10,28,28,28,63,63,63,96,96,107,107,107,107,204,204,217,217,217,269,285,285,299,317,317,317,337,337,337,363,363,363,363,363,20,45,45],"floor_reached":56,"language":"KOR","playtime":3961,"items_purged":["Defend_P","Defend_P","LessonLearned+1"],"score":1669,"play_id":"9a6b73f4-f0ba-40dc-b026-9123ea7a4470","local_time":"20210124003317","is_ascension_mode":true,"campfire_choices":[{"data":"Eruption","floor":7,"key":"SMITH"},{"floor":15,"key":"REST"},{"floor":23,"key":"REST"},{"data":"Establishment","floor":25,"key":"SMITH"},{"floor":32,"key":"RECALL"},{"floor":40,"key":"REST"},{"floor":46,"key":"REST"},{"floor":49,"key":"REST"},{"floor":52,"key":"REST"}],"circlet_count":0,"master_deck":["Eruption+1","Vigilance+1","CarveReality+1","ClearTheMind+1","Protect+1","MasterReality+1","MentalFortress+1","InnerPeace+1","Crescendo+1","TalkToTheHand+1","Establishment+1","WheelKick+1","WindmillStrike+1","DevaForm+1","Madness+1","SashWhip+1","Prostrate+1","CrushJoints+1","Ragnarok+1"],"relics":["PureWater","White Beast Statue","Mummified Hand","Smiling Mask","War Paint","Tiny Chest","TeardropLocket","Empty Cage","Medical Kit","Eternal Feather","Shuriken","MealTicket","Calipers","Runic Pyramid","Yang","Molten Egg 2","Gambling Chip","Bottled Tornado"],"acts_visited":["Exordium","TheCity","TheBeyond","TheEnding"],"potions_floor_usage":[8,10,14,14,16,24,27,29,29,35,39,39,50,50,55],"damage_taken":[{"damage":0,"enemies":"Jaw Worm","floor":1,"turns":3},{"damage":0,"enemies":"Small Slimes","floor":5,"turns":2},{"damage":2,"enemies":"3 Sentries","floor":8,"turns":6},{"damage":4,"enemies":"Gremlin Nob","floor":10,"turns":3},{"damage":0,"enemies":"2 Louse","floor":12,"turns":2},{"damage":18,"enemies":"Lagavulin","floor":14,"turns":3},{"damage":3,"enemies":"The Guardian","floor":16,"turns":8},{"damage":23,"enemies":"Chosen","floor":18,"turns":6},{"damage":20,"enemies":"2 Thieves","floor":21,"turns":4},{"damage":0,"enemies":"Gremlin Leader","floor":24,"turns":5},{"damage":0,"enemies":"Slavers","floor":27,"turns":5},{"damage":24,"enemies":"Cultist and Chosen","floor":29,"turns":3},{"damage":14,"enemies":"Champ","floor":33,"turns":5},{"damage":0,"enemies":"Orb Walker","floor":35,"turns":2},{"damage":22,"enemies":"3 Shapes","floor":39,"turns":3},{"damage":0,"enemies":"Jaw Worm Horde","floor":41,"turns":3},{"damage":4,"enemies":"4 Shapes","floor":42,"turns":3},{"damage":0,"enemies":"Maw","floor":45,"turns":4},{"damage":0,"enemies":"Giant Head","floor":48,"turns":4},{"damage":55,"enemies":"Donu and Deca","floor":50,"turns":6},{"damage":60,"enemies":"Shield and Spear","floor":54,"turns":5},{"damage":77,"enemies":"The Heart","floor":55,"turns":5}],"seed_played":"8670975161941218805","potions_obtained":[{"floor":5,"key":"ColorlessPotion"},{"floor":8,"key":"Block Potion"},{"floor":10,"key":"Explosive Potion"},{"floor":12,"key":"PowerPotion"},{"floor":14,"key":"BlessingOfTheForge"},{"floor":16,"key":"BottledMiracle"},{"floor":18,"key":"SneckoOil"},{"floor":21,"key":"BlessingOfTheForge"},{"floor":24,"key":"Regen Potion"},{"floor":27,"key":"SkillPotion"},{"floor":29,"key":"SkillPotion"},{"floor":33,"key":"SpeedPotion"},{"floor":35,"key":"Dexterity Potion"},{"floor":39,"key":"BottledMiracle"},{"floor":41,"key":"SpeedPotion"},{"floor":42,"key":"LiquidBronze"},{"floor":54,"key":"FairyPotion"}],"is_trial":false,"path_per_floor":["M","?","$","?","M","?","R","E","T","E","$","M","$","E","R","B",null,"M","?","$","M","?","R","E","R","T","E","?","M","T","?","R","B",null,"M","?","?","T","M","R","M","M","T","?","M","R","?","E","R","B",null,"R","$","E","B",null],"character_chosen":"WATCHER","items_purchased":["Tiny Chest","Medical Kit","Gambling Chip"],"campfire_rested":6,"item_purchase_floors":[11,20,53],"current_hp_per_floor":[65,53,53,42,42,42,42,40,40,36,36,36,36,18,39,36,63,40,64,64,44,44,65,65,71,71,71,71,52,52,52,58,44,65,65,65,65,65,43,72,72,68,68,68,68,68,68,68,68,13,54,68,68,8,16],"gold":45,"neow_bonus":"TRANSFORM_CARD","is_daily":false,"chose_seed":false,"campfire_upgraded":2,"win_rate":0.0,"timestamp":1611415997,"path_taken":["M","?","$","?","M","?","R","E","T","E","?","M","$","E","R","BOSS","M","?","$","M","?","R","E","R","T","E","?","M","?","?","R","BOSS","M","?","?","?","M","R","M","M","T","?","M","R","?","E","R","BOSS","R","$","E","BOSS"],"items_purchased_type":["Relic","Relic","Relic"],"build_version":"2020-12-22","purchased_purges":3,"victory":true,"max_hp_per_floor":[72,72,72,72,72,72,72,72,72,72,72,72,72,72,72,72,72,72,72,72,72,72,72,72,72,72,72,72,72,72,72,72,72,72,72,72,72,72,72,72,72,72,72,68,68,68,68,68,68,68,68,68,68,68,68],"card_choices":[{"not_picked":["CrushJoints","FlurryOfBlows"],"picked":"ClearTheMind","floor":1},{"not_picked":["WreathOfFlame","PathToVictory"],"picked":"Protect","floor":5},{"not_picked":["Halt","Consecrate"],"picked":"MasterReality","floor":8},{"not_picked":["SandsOfTime","Wireheading"],"picked":"MentalFortress","floor":10},{"not_picked":["Sanctity","EmptyBody","PathToVictory"],"picked":"SKIP","floor":12},{"not_picked":["Prostrate","FlyingSleeves"],"picked":"InnerPeace","floor":14},{"not_picked":["SpiritShield","Scrawl"],"picked":"LessonLearned","floor":16},{"not_picked":["EmptyBody","Sanctity","FlyingSleeves"],"picked":"SKIP","floor":18},{"not_picked":["Conclude+1","FollowUp"],"picked":"Crescendo+1","floor":21},{"not_picked":["Vault","Fasting2"],"picked":"WheelKick+1","floor":24},{"not_picked":["Prostrate","ReachHeaven","Halt"],"picked":"SKIP","floor":27},{"not_picked":["ThirdEye","CutThroughFate"],"picked":"WindmillStrike+1","floor":29},{"not_picked":["Omniscience","Ragnarok"],"picked":"DevaForm","floor":33},{"not_picked":["Conclude+1","EmptyFist+1","JustLucky+1"],"picked":"SKIP","floor":35},{"not_picked":["Jack Of All Trades","Impatience"],"picked":"Madness","floor":36},{"not_picked":["Crescendo+1","Swivel","FlyingSleeves+1"],"picked":"SKIP","floor":39},{"not_picked":["Evaluate","FlyingSleeves+1"],"picked":"SashWhip+1","floor":41},{"not_picked":["Nirvana","Crescendo+1","JustLucky"],"picked":"SKIP","floor":42},{"not_picked":["Crescendo+1","LessonLearned"],"picked":"Prostrate+1","floor":45},{"not_picked":["WindmillStrike+1","BattleHymn"],"picked":"CrushJoints+1","floor":48},{"not_picked":["EmptyFist+1","Evaluate+1"],"picked":"Ragnarok+1","floor":54}],"player_experience":418901,"relics_obtained":[{"floor":8,"key":"Mummified Hand"},{"floor":9,"key":"Smiling Mask"},{"floor":10,"key":"War Paint"},{"floor":14,"key":"TeardropLocket"},{"floor":24,"key":"Eternal Feather"},{"floor":26,"key":"Shuriken"},{"floor":27,"key":"MealTicket"},{"floor":30,"key":"Calipers"},{"floor":43,"key":"Yang"},{"floor":48,"key":"Molten Egg 2"},{"floor":54,"key":"Bottled Tornado"}],"event_choices":[{"damage_healed":0,"gold_gain":0,"player_choice":"Success","damage_taken":12,"relics_obtained":["White Beast Statue"],"max_hp_gain":0,"max_hp_loss":0,"event_name":"Scrap Ooze","floor":2,"gold_loss":0},{"damage_healed":0,"gold_gain":75,"player_choice":"Gather Gold","damage_taken":11,"max_hp_gain":0,"max_hp_loss":0,"event_name":"World of Goop","floor":4,"gold_loss":0},{"damage_healed":0,"gold_gain":0,"player_choice":"Ignored","damage_taken":0,"max_hp_gain":0,"max_hp_loss":0,"event_name":"Liars Game","floor":6,"gold_loss":0},{"damage_healed":24,"gold_gain":0,"player_choice":"Heal","damage_taken":0,"max_hp_gain":0,"max_hp_loss":0,"event_name":"The Library","floor":19,"gold_loss":0},{"damage_healed":0,"gold_gain":0,"cards_transformed":["Strike_P","Defend_P"],"player_choice":"Became Test Subject","damage_taken":0,"max_hp_gain":0,"max_hp_loss":0,"event_name":"Drug Dealer","floor":22,"gold_loss":0,"cards_obtained":["TalkToTheHand","Establishment"]},{"cards_removed":["Strike_P"],"damage_healed":0,"gold_gain":0,"player_choice":"Elegance","damage_taken":0,"max_hp_gain":0,"max_hp_loss":0,"event_name":"Back to Basics","floor":28,"gold_loss":0},{"damage_healed":0,"gold_gain":0,"player_choice":"Ignored","damage_taken":0,"max_hp_gain":0,"max_hp_loss":0,"event_name":"Vampires","floor":31,"gold_loss":0},{"damage_healed":0,"gold_gain":0,"player_choice":"Memory 1","damage_taken":0,"max_hp_gain":0,"max_hp_loss":0,"event_name":"SensoryStone","floor":36,"gold_loss":0},{"damage_healed":0,"gold_gain":0,"player_choice":"Ignored","damage_taken":0,"max_hp_gain":0,"max_hp_loss":0,"event_name":"Purifier","floor":37,"gold_loss":0},{"damage_healed":0,"gold_gain":0,"player_choice":"Max HP","damage_taken":0,"max_hp_gain":0,"max_hp_loss":4,"event_name":"Winding Halls","floor":44,"gold_loss":0},{"damage_healed":0,"gold_gain":0,"player_choice":"Ignored","damage_taken":0,"max_hp_gain":0,"max_hp_loss":0,"event_name":"Tomb of Lord Red Mask","floor":47,"gold_loss":0}],"is_beta":false,"boss_relics":[{"not_picked":["Sozu","Ectoplasm"],"picked":"Empty Cage"},{"not_picked":["Black Star","Busted Crown"],"picked":"Runic Pyramid"}],"items_purged_floors":[3,13,53],"is_endless":false,"potions_floor_spawned":[5,8,10,12,14,16,18,21,24,27,29,33,35,39,41,42,45,48,54],"ascension_level":7}}