{"host":"b995t17pt6d05w8c","time":1611430125,"event":{"mods":["AchievementEnabler","BaseMod","Colored Map","DeckTracker","Keyboard Shortcuts","Minty Spire (QoL Compilation)","Permanent Neow","SuperFastMode"],"gold_per_floor":[109,109,123,123,48,48,48,48,48,73,73,89,99,117,117,196,196,214,48,66,84,84,84,118,118,141,141,152,152,163,63,63,136,136,147,172,172,172,189,217,88,102,128,128,147,15,15,32,32,32],"floor_reached":51,"language":"KOR","playtime":1543,"items_purged":["Defend_B","Strike_B"],"score":1308,"play_id":"2a00771c-4c24-482c-a8e1-f1200be973c1","local_time":"20210124042845","is_ascension_mode":true,"campfire_choices":[{"data":"Biased Cognition","floor":6.0,"key":"SMITH"},{"floor":11.0,"key":"REST"},{"data":"Static Discharge","floor":15.0,"key":"SMITH"},{"floor":23.0,"key":"REST"},{"floor":32.0,"key":"REST"},{"floor":44,"key":"REST"},{"data":"Consume","floor":47,"key":"SMITH"},{"floor":49,"key":"REST"}],"circlet_count":0,"master_deck":["AscendersBane","Strike_B+1","Defend_B","Defend_B","Defend_B+1","Zap+1","Dualcast+1","Compile Driver","Coolheaded+1","Biased Cognition+1","Static Discharge+1","Glacier","Heatsinks","Seek+1","Double Energy+1","Consume+1","Loop+1","Ball Lightning","Buffer","Coolheaded+1"],"relics":["Cracked Core","Cables","Symbiotic Virus","Inserter","TheAbacus","Strawberry","Sozu","Du-Vu Doll","The Courier","DollysMirror","War Paint","OrangePellets"],"acts_visited":["Exordium","TheCity","TheBeyond"],"potions_floor_usage":[45],"damage_taken":[{"damage":9.0,"enemies":"Jaw Worm","floor":1.0,"turns":4.0},{"damage":5.0,"enemies":"Small Slimes","floor":3.0,"turns":4.0},{"damage":32.0,"enemies":"Gremlin Nob","floor":10.0,"turns":4.0},{"damage":0.0,"enemies":"2 Louse","floor":12.0,"turns":2.0},{"damage":0.0,"enemies":"Large Slime","floor":13.0,"turns":2.0},{"damage":3.0,"enemies":"Gremlin Gang","floor":14.0,"turns":4.0},{"damage":7.0,"enemies":"Hexaghost","floor":16.0,"turns":7.0},{"damage":1.0,"enemies":"2 Thieves","floor":18.0,"turns":5.0},{"damage":11.0,"enemies":"Shell Parasite","floor":20.0,"turns":5.0},{"damage":8.0,"enemies":"3 Cultists","floor":21.0,"turns":4.0},{"damage":36.0,"enemies":"Book of Stabbing","floor":24.0,"turns":3.0},{"damage":0.0,"enemies":"Snake Plant","floor":28.0,"turns":4.0},{"damage":8.0,"enemies":"Shelled Parasite and Fungi","floor":30.0,"turns":6.0},{"damage":9.0,"enemies":"Automaton","floor":33.0,"turns":13.0},{"damage":18.0,"enemies":"3 Darklings","floor":35.0,"turns":4.0},{"damage":0.0,"enemies":"Mind Bloom Boss Battle","floor":36.0,"turns":7.0},{"damage":14,"enemies":"3 Shapes","floor":39,"turns":3},{"damage":13,"enemies":"Giant Head","floor":40,"turns":10},{"damage":0,"enemies":"Transient","floor":42,"turns":6},{"damage":12,"enemies":"Jaw Worm Horde","floor":45,"turns":6},{"damage":0,"enemies":"Maw","floor":48,"turns":6},{"damage":16,"enemies":"Awakened One","floor":50,"turns":20}],"seed_played":"-3800637331992882066","potions_obtained":[{"floor":1.0,"key":"Regen Potion"},{"floor":10.0,"key":"FearPotion"},{"floor":13.0,"key":"Block Potion"},{"floor":18.0,"key":"Swift Potion"},{"floor":24.0,"key":"EssenceOfSteel"}],"is_trial":false,"path_per_floor":["M","?","M","?","$","R","?","?","T","E","R","M","M","M","R","B",null,"M","$","M","M","$","R","E","?","T","?","M","?","M","$","R","B",null,"M","?","?","?","M","E","$","M","T","R","M","$","R","M","R","B",null],"character_chosen":"DEFECT","items_purchased":["TheAbacus","DollysMirror","OrangePellets"],"campfire_rested":5,"item_purchase_floors":[19,41,46],"current_hp_per_floor":[55,60,55,32,32,32,25,25,25,5,27,27,27,24,24,17,61,60,60,49,41,41,63,27,27,34,34,34,34,26,26,50,41,73,55,55,55,55,41,28,28,28,28,52,40,40,40,40,64,48],"gold":32,"neow_bonus":"TRANSFORM_CARD","is_daily":false,"chose_seed":false,"campfire_upgraded":3,"win_rate":0.0,"timestamp":1611430125,"path_taken":["M","?","M","?","$","R","?","?","T","E","R","M","?","M","R","BOSS","M","$","M","M","$","R","E","?","T","?","?","?","M","$","R","BOSS","M","?","?","?","M","E","$","M","T","R","M","?","R","M","R","BOSS"],"items_purchased_type":["Relic","Relic","Relic"],"build_version":"2020-12-22","purchased_purges":2,"victory":true,"max_hp_per_floor":[71,76,76,76,76,76,76,76,76,76,76,76,76,76,76,76,76,76,76,76,76,76,76,76,76,83,83,83,83,83,83,83,83,83,83,83,83,83,83,83,83,83,83,83,83,83,83,83,83,83],"card_choices":[{"not_picked":["Skim","Go for the Eyes"],"picked":"Coolheaded","floor":1.0},{"not_picked":["Steam","Streamline"],"picked":"Biased Cognition","floor":3.0},{"not_picked":["Stack","Aggregate"],"picked":"Static Discharge","floor":10.0},{"not_picked":["Rip and Tear","Ball Lightning"],"picked":"Glacier","floor":12.0},{"not_picked":["Leap","Barrage","Consume"],"picked":"SKIP","floor":13.0},{"not_picked":["Scrape","Redo"],"picked":"Heatsinks","floor":14.0},{"not_picked":["Reboot","Hyperbeam"],"picked":"Seek","floor":16.0},{"not_picked":["Barrage","Conserve Battery"],"picked":"Double Energy+1","floor":18.0},{"not_picked":["Heatsinks","Cold Snap"],"picked":"Consume","floor":20.0},{"not_picked":["Conserve Battery","Coolheaded"],"picked":"Loop+1","floor":21.0},{"not_picked":["Reinforced Body","Barrage","Meteor Strike"],"picked":"SKIP","floor":24.0},{"not_picked":["Sunder","Rebound"],"picked":"Ball Lightning","floor":28.0},{"not_picked":["Sunder+1","Streamline","Reinforced Body"],"picked":"SKIP","floor":30.0},{"not_picked":["Reboot","Hyperbeam"],"picked":"Buffer","floor":33.0},{"not_picked":["Go for the Eyes+1","Beam Cell","Coolheaded"],"picked":"SKIP","floor":35.0},{"not_picked":["All For One","Stack+1","Streamline"],"picked":"SKIP","floor":39},{"not_picked":["Streamline","Turbo","Ball Lightning"],"picked":"SKIP","floor":40},{"not_picked":["Redo","Darkness","Melter"],"picked":"SKIP","floor":42},{"not_picked":["Rainbow","Doom and Gloom","Skim"],"picked":"SKIP","floor":45},{"not_picked":["White Noise","Hologram","Blizzard"],"picked":"SKIP","floor":48}],"player_experience":169779,"relics_obtained":[{"floor":9.0,"key":"Cables"},{"floor":10.0,"key":"Symbiotic Virus"},{"floor":26.0,"key":"Strawberry"},{"floor":36.0,"key":"Du-Vu Doll"},{"floor":40,"key":"The Courier"},{"floor":43,"key":"War Paint"}],"event_choices":[{"damage_healed":0.0,"max_hp_gain":5.0,"max_hp_loss":0.0,"gold_gain":0.0,"event_name":"Big Fish","player_choice":"Donut","floor":2.0,"gold_loss":0.0,"damage_taken":0.0},{"damage_healed":0.0,"max_hp_gain":0.0,"max_hp_loss":0.0,"gold_gain":0.0,"event_name":"Shining Light","player_choice":"Entered Light","floor":4.0,"gold_loss":0.0,"damage_taken":23.0,"cards_upgraded":["Strike_B","Zap"]},{"cards_removed":["Strike_B"],"damage_healed":0.0,"max_hp_gain":0.0,"max_hp_loss":0.0,"gold_gain":0.0,"event_name":"Golden Wing","player_choice":"Card Removal","floor":7.0,"gold_loss":0.0,"damage_taken":7.0},{"damage_healed":0.0,"max_hp_gain":0.0,"max_hp_loss":0.0,"gold_gain":0.0,"event_name":"Accursed Blacksmith","player_choice":"Forge","floor":8.0,"gold_loss":0.0,"damage_taken":0.0,"cards_upgraded":["Coolheaded"]},{"damage_healed":0.0,"max_hp_gain":0.0,"max_hp_loss":0.0,"gold_gain":0.0,"event_name":"Cursed Tome","player_choice":"Ignored","floor":25.0,"gold_loss":0.0,"damage_taken":0.0},{"damage_healed":0.0,"max_hp_gain":0.0,"max_hp_loss":0.0,"gold_gain":0.0,"event_name":"Upgrade Shrine","player_choice":"Upgraded","floor":27.0,"gold_loss":0.0,"damage_taken":0.0,"cards_upgraded":["Seek"]},{"damage_healed":0.0,"max_hp_gain":0.0,"max_hp_loss":0.0,"gold_gain":0.0,"event_name":"Vampires","player_choice":"Ignored","floor":29.0,"gold_loss":0.0,"damage_taken":0.0},{"damage_healed":0.0,"max_hp_gain":0.0,"max_hp_loss":0.0,"gold_gain":0.0,"event_name":"MindBloom","player_choice":"Fight","floor":36.0,"gold_loss":0.0,"damage_taken":0.0},{"damage_healed":0.0,"max_hp_gain":0.0,"max_hp_loss":0.0,"gold_gain":0.0,"event_name":"Tomb of Lord Red Mask","player_choice":"Ignored","floor":37.0,"gold_loss":0.0,"damage_taken":0.0},{"damage_healed":0,"gold_gain":0,"player_choice":"Ignored","damage_taken":0,"max_hp_gain":0,"max_hp_loss":0,"event_name":"Mysterious Sphere","floor":38,"gold_loss":0}],"is_beta":false,"boss_relics":[{"not_picked":["Busted Crown","Ectoplasm"],"picked":"Inserter"},{"not_picked":["Pandora\u0027s Box","Fusion Hammer"],"picked":"Sozu"}],"items_purged_floors":[5,31],"is_endless":false,"potions_floor_spawned":[1,10,13,18,24,28,30,39,40],"ascension_level":19}}