{"host":"vhkdq3pn44gqx0jn","time":1611445361,"event":{"mods":["AchievementEnabler","BaseMod","Downfall","Hermit","Minty Spire (QoL Compilation)","StSLib","The Cursed","The Servant 0.9.4"],"gold_per_floor":[113,113,123,136,91,123,137,137,137,154,164,164,125,154,154,257,257,269,249,264,264,264],"floor_reached":21,"language":"ENG","playtime":1121,"items_purged":[],"score":191,"play_id":"4435da82-3cc8-4351-8a1d-7204096f3561","local_time":"20210123234241","is_ascension_mode":false,"campfire_choices":[{"floor":8,"key":"REST"},{"data":"hermit:Covet","floor":12,"key":"SMITH"},{"floor":15,"key":"REST"}],"circlet_count":0,"master_deck":["hermit:Strike_Hermit","hermit:Strike_Hermit","hermit:Strike_Hermit","hermit:Strike_Hermit","hermit:Defend_Hermit","hermit:Defend_Hermit","hermit:Defend_Hermit","hermit:Defend_Hermit","hermit:Snapshot","hermit:Covet+1","hermit:Manifest","Regret","hermit:Brawl","hermit:Ricochet","hermit:Snipe","hermit:HoleUp","hermit:SprayPray","hermit:Quickdraw","hermit:GoldenBullet","hermit:Determination","hermit:Coalescence","hermit:FinalCanter","hermit:LowProfile","hermit:WideOpen"],"relics":["hermit:ClaspedLocket","Calipers","Vajra","Darkstone Periapt","Lantern","Peace Pipe"],"acts_visited":["Exordium","TheCity"],"potions_floor_usage":[6,16,20],"damage_taken":[{"damage":1,"enemies":"Jaw Worm","floor":1,"turns":3},{"damage":2,"enemies":"2 Louse","floor":3,"turns":3},{"damage":9,"enemies":"Cultist","floor":4,"turns":4},{"damage":26,"enemies":"3 Sentries","floor":6,"turns":5},{"damage":12,"enemies":"Gremlin Gang","floor":7,"turns":6},{"damage":13,"enemies":"Large Slime","floor":10,"turns":7},{"damage":0,"enemies":"Blue Slaver","floor":11,"turns":2},{"damage":11,"enemies":"Lagavulin","floor":14,"turns":8},{"damage":14,"enemies":"Slime Boss","floor":16,"turns":8},{"damage":44,"enemies":"Spheric Guardian","floor":18,"turns":8},{"damage":22,"enemies":"Shell Parasite","floor":20,"turns":6},{"damage":11,"enemies":"Snake Plant","floor":21,"turns":2}],"seed_played":"-486368233935137767","potions_obtained":[{"floor":4,"key":"Regen Potion"},{"floor":7,"key":"SkillPotion"},{"floor":10,"key":"AttackPotion"},{"floor":16,"key":"Block Potion"},{"floor":19,"key":"Ancient Potion"}],"is_trial":false,"path_per_floor":["M","?","M","M","$","E","M","R","T","M","M","R","$","E","R","B",null,"M","?","M","M"],"character_chosen":"HERMIT","items_purchased":["hermit:Snipe","hermit:Determination"],"campfire_rested":2,"item_purchase_floors":[5,13],"current_hp_per_floor":[53,53,51,42,42,28,16,38,38,25,25,25,25,14,36,22,75,31,31,10,0,0],"gold":264,"neow_bonus":"ONE_RARE_RELIC","is_daily":false,"chose_seed":false,"campfire_upgraded":1,"win_rate":0.0,"timestamp":1611445361,"path_taken":["M","?","M","M","$","E","M","R","T","M","M","R","$","E","R","BOSS","M","?","M","M"],"items_purchased_type":["Card","Card"],"build_version":"2020-12-22","purchased_purges":0,"victory":false,"max_hp_per_floor":[75,75,75,75,75,75,75,75,75,75,75,75,75,75,75,75,75,75,75,75,75,75],"card_choices":[{"not_picked":["hermit:LuckOfTheDraw","hermit:HighCaliber"],"picked":"hermit:Manifest","floor":1},{"not_picked":["hermit:HighCaliber","hermit:Desperado"],"picked":"hermit:Brawl","floor":3},{"not_picked":["hermit:BigShot","hermit:HighCaliber"],"picked":"hermit:Ricochet","floor":4},{"not_picked":["hermit:Glare","hermit:FullyLoaded"],"picked":"hermit:HoleUp","floor":6},{"not_picked":["hermit:Headshot","hermit:LoneWolf"],"picked":"hermit:SprayPray","floor":7},{"not_picked":["hermit:Feint","hermit:RoundhouseKick"],"picked":"hermit:Quickdraw","floor":10},{"not_picked":["hermit:Roulette","hermit:Vantage"],"picked":"hermit:GoldenBullet","floor":11},{"not_picked":["hermit:PistolWhip","hermit:Horror"],"picked":"hermit:Coalescence","floor":14},{"not_picked":["hermit:HeroicBravado","hermit:DeadOrAlive"],"picked":"hermit:FinalCanter","floor":16},{"not_picked":["hermit:CalledShot","hermit:Vantage"],"picked":"hermit:LowProfile","floor":18},{"not_picked":["hermit:Glare+1","hermit:FullyLoaded"],"picked":"hermit:WideOpen","floor":20}],"player_experience":142143,"relics_obtained":[{"floor":6,"key":"Darkstone Periapt"},{"floor":9,"key":"Lantern"},{"floor":14,"key":"Peace Pipe"}],"event_choices":[{"damage_healed":0,"gold_gain":0,"player_choice":"Box","damage_taken":0,"relics_obtained":["Vajra"],"max_hp_gain":0,"max_hp_loss":0,"event_name":"Big Fish","floor":2,"gold_loss":0,"cards_obtained":["Regret"]},{"damage_healed":0,"gold_gain":0,"player_choice":"Bought 1 Potion","damage_taken":0,"max_hp_gain":0,"max_hp_loss":0,"event_name":"The Woman in Blue","floor":19,"gold_loss":0}],"is_beta":false,"boss_relics":[{"not_picked":["Velvet Choker","Ectoplasm"],"picked":"hermit:ClaspedLocket"}],"items_purged_floors":[],"is_endless":false,"potions_floor_spawned":[4,7,10,16],"killed_by":"Snake Plant","ascension_level":0}}