{"host":"v3mpq6flurzldi5g","time":1611428544,"event":{"mods":["AchievementEnabler","BaseMod","Colored Powertips","Highlight Path","Minty Spire (QoL Compilation)","StSLib"],"gold_per_floor":[111,111,131,145,155,155,175,175,175,175,175,210,210,235,235,360,360,384,384,395,164,164,164],"floor_reached":22,"language":"ENG","playtime":1563,"items_purged":[],"score":288,"play_id":"ce5a5b95-49b5-4ec8-a21a-4f4384da4b97","local_time":"20210123140224","is_ascension_mode":true,"campfire_choices":[{"floor":6,"key":"REST"},{"data":"Defend_B","floor":8,"key":"SMITH"},{"data":"Defend_B","floor":10,"key":"SMITH"},{"floor":15,"key":"REST"}],"circlet_count":0,"master_deck":["AscendersBane","Strike_B","Strike_B","Strike_B","Strike_B","Defend_B+1","Defend_B+1","Defend_B+1","Defend_B","Zap","Dualcast","Leap","Capacitor","Chaos","Conserve Battery","Reboot","Defragment"],"relics":["Cracked Core","Blue Candle","PreservedInsect","Bloody Idol","Busted Crown","MealTicket"],"acts_visited":["Exordium","TheCity"],"potions_floor_usage":[],"damage_taken":[{"damage":9.0,"enemies":"Jaw Worm","floor":1.0,"turns":4.0},{"damage":0.0,"enemies":"Small Slimes","floor":3.0,"turns":3.0},{"damage":1.0,"enemies":"2 Louse","floor":4.0,"turns":3.0},{"damage":7,"enemies":"Exordium Wildlife","floor":5,"turns":3},{"damage":0,"enemies":"Looter","floor":7,"turns":4},{"damage":28,"enemies":"3 Sentries","floor":12,"turns":8},{"damage":6,"enemies":"Blue Slaver","floor":14,"turns":5},{"damage":37,"enemies":"Hexaghost","floor":16,"turns":12},{"damage":18,"enemies":"Spheric Guardian","floor":18,"turns":6},{"damage":34,"enemies":"Chosen","floor":20,"turns":6},{"damage":19,"enemies":"Shelled Parasite and Fungi","floor":22,"turns":3}],"seed_played":"848842377123133792","potions_obtained":[{"floor":4.0,"key":"Strength Potion"},{"floor":5,"key":"LiquidMemories"}],"is_trial":false,"path_per_floor":["M","$","M","M","M","R","M","R","T","R","?","E","?","M","R","B",null,"M","?","M","$","M"],"character_chosen":"DEFECT","items_purchased":["MealTicket","Defragment"],"campfire_rested":2,"item_purchase_floors":[21,21],"current_hp_per_floor":[59,59,59,58,51,73,73,73,73,73,73,45,45,39,59,22,57,39,39,10,10,0,0],"gold":164,"neow_bonus":"UPGRADE_CARD","is_daily":false,"chose_seed":false,"campfire_upgraded":2,"win_rate":0.0,"timestamp":1611428544,"path_taken":["M","$","M","M","M","R","M","R","T","R","?","E","?","M","R","BOSS","M","?","M","$","M"],"items_purchased_type":["Relic","Card"],"build_version":"2020-12-22","purchased_purges":0,"victory":false,"max_hp_per_floor":[75,75,75,75,75,75,75,75,75,75,75,75,69,69,69,69,69,69,69,69,69,69,69],"card_choices":[{"not_picked":["Coolheaded","Hologram","Self Repair"],"picked":"SKIP","floor":1.0},{"not_picked":["Rebound","Beam Cell","Steam Power"],"picked":"SKIP","floor":3.0},{"not_picked":["Hologram","Steam Power","Compile Driver"],"picked":"SKIP","floor":4.0},{"not_picked":["Coolheaded","Sweeping Beam"],"picked":"Leap","floor":5},{"not_picked":["Compile Driver","Darkness"],"picked":"Capacitor","floor":7},{"not_picked":["Force Field","All For One"],"picked":"Chaos","floor":12},{"not_picked":["Doom and Gloom","Go for the Eyes"],"picked":"Conserve Battery","floor":14},{"not_picked":["Hyperbeam","Multi-Cast"],"picked":"Reboot","floor":16},{"not_picked":["Leap"],"picked":"SKIP","floor":18},{"not_picked":["Go for the Eyes"],"picked":"SKIP","floor":20}],"player_experience":1006996,"relics_obtained":[{"floor":9,"key":"Blue Candle"},{"floor":12,"key":"PreservedInsect"}],"event_choices":[{"damage_healed":0,"gold_gain":0,"player_choice":"Ignored","damage_taken":0,"max_hp_gain":0,"max_hp_loss":0,"event_name":"Golden Wing","floor":11,"gold_loss":0},{"damage_healed":0,"gold_gain":0,"player_choice":"Lose Max HP","damage_taken":0,"relics_obtained":["Golden Idol"],"max_hp_gain":0,"max_hp_loss":6,"event_name":"Golden Idol","floor":13,"gold_loss":0},{"damage_healed":0,"gold_gain":0,"player_choice":"Gave Idol","damage_taken":0,"relics_obtained":["Bloody Idol"],"max_hp_gain":0,"max_hp_loss":0,"event_name":"Forgotten Altar","floor":19,"relics_lost":["Golden Idol"],"gold_loss":0}],"is_beta":false,"boss_relics":[{"not_picked":["Astrolabe","FrozenCore"],"picked":"Busted Crown"}],"items_purged_floors":[],"is_endless":false,"potions_floor_spawned":[4,5,16,18],"killed_by":"Shelled Parasite and Fungi","ascension_level":11}}