{"host":"91kqwblrqvon3fcz","time":1611383726,"event":{"mods":["Act Like it!","BaseMod","Elementarium","Hermit","Minty Spire (QoL Compilation)","Quick Restart","StSLib"],"gold_per_floor":[109,27,45,61,61,92,112,287,358,390,390,53,88,106,106,207,207,227,114,114,114,114,144,154,185,185,185,185,185,205,20,20,122,122,142,417,272,322,377,377,57,92,92,107,136,136,136,151,151,151,151,151,26,56,56],"floor_reached":56,"language":"ENG","playtime":2777,"items_purged":["hermit:Strike_Hermit","hermit:Strike_Hermit","hermit:Strike_Hermit"],"score":1524,"play_id":"4e2f9e98-6ae4-484d-a934-9bb1afd3040a","local_time":"20210122223526","is_ascension_mode":true,"campfire_choices":[{"floor":15.0,"key":"REST"},{"floor":29.0,"key":"REST"},{"floor":32.0,"key":"REST"},{"floor":40.0,"key":"RECALL"},{"floor":47.0,"key":"REST"},{"floor":49.0,"key":"REST"},{"data":"hermit:Combo","floor":52.0,"key":"SMITH"}],"circlet_count":0,"master_deck":["hermit:Strike_Hermit","hermit:Defend_Hermit","hermit:Defend_Hermit","hermit:Defend_Hermit","hermit:Defend_Hermit","hermit:Snapshot","hermit:Covet","hermit:Midnight","hermit:Glare","hermit:Combo+1","hermit:Snipe","hermit:Roulette","hermit:Vantage","hermit:EyeOfTheStorm","Doubt","hermit:Ricochet","hermit:FinalCanter","hermit:Determination","hermit:Malice","hermit:GhostlyPresence","hermit:FatalDesire","hermit:CalledShot","hermit:Dissolve","hermit:SprayPray","hermit:EyeOfTheStorm","hermit:EyeOfTheStorm","hermit:Enervate","hermit:Glare","hermit:Vantage+1","hermit:ShadowCloak","hermit:HeroicBravado","Regret","hermit:TakeAim","hermit:Manifest+1","Clumsy","hermit:Gestalt","Injury","Writhe","Malaise","DeceiveReality"],"relics":["hermit:Momento","Ice Cream","White Beast Statue","Strawberry","hermit:RyeStalk","Philosopher\u0027s Stone","Elementarium:HuntersSling","Bottled Lightning","MealTicket","Mummified Hand","hermit:PetGhost","Elementarium:ElementariumTrophy","Cursed Key","Thread and Needle","Pen Nib","PrismaticShard","Ancient Tea Set","Bird Faced Urn","Bronze Scales"],"acts_visited":["Exordium","Elementarium:Elementarium","TheBeyond","TheEnding"],"potions_floor_usage":[55],"damage_taken":[{"damage":2.0,"enemies":"Jaw Worm","floor":1.0,"turns":3.0},{"damage":0.0,"enemies":"Cultist","floor":3.0,"turns":4.0},{"damage":16.0,"enemies":"Small Slimes","floor":4.0,"turns":4.0},{"damage":3.0,"enemies":"Lagavulin","floor":6.0,"turns":5.0},{"damage":21.0,"enemies":"Exordium Thugs","floor":7.0,"turns":4.0},{"damage":19.0,"enemies":"3 Sentries","floor":10.0,"turns":8.0},{"damage":6.0,"enemies":"Gremlin Nob","floor":13.0,"turns":4.0},{"damage":6.0,"enemies":"3 Louse","floor":14.0,"turns":2.0},{"damage":17.0,"enemies":"Hexaghost","floor":16.0,"turns":8.0},{"damage":0.0,"enemies":"Elementarium:2_ELEMENTALS","floor":18.0,"turns":4.0},{"damage":0.0,"enemies":"Elementarium:Cyclone","floor":20.0,"turns":1.0},{"damage":10.0,"enemies":"Elementarium:ElementalPortal","floor":23.0,"turns":6.0},{"damage":29.0,"enemies":"Elementarium:RubyGolem","floor":24.0,"turns":5.0},{"damage":24.0,"enemies":"Elementarium:WarGolem","floor":25.0,"turns":4.0},{"damage":0.0,"enemies":"Elementarium:3_ELEMENTALS","floor":27.0,"turns":1.0},{"damage":20.0,"enemies":"Elementarium:CYCLONE_AND_LIVING_STORMCLOUD","floor":30.0,"turns":7.0},{"damage":23.0,"enemies":"Elementarium:GoldenDragon","floor":33.0,"turns":7.0},{"damage":18.0,"enemies":"3 Shapes","floor":35.0,"turns":4.0},{"damage":0.0,"enemies":"Mind Bloom Boss Battle","floor":38.0,"turns":5.0},{"damage":10.0,"enemies":"Nemesis","floor":42.0,"turns":5.0},{"damage":44.0,"enemies":"3 Darklings","floor":44.0,"turns":4.0},{"damage":10.0,"enemies":"Giant Head","floor":45.0,"turns":5.0},{"damage":1.0,"enemies":"Jaw Worm Horde","floor":48.0,"turns":5.0},{"damage":50.0,"enemies":"Donu and Deca","floor":50.0,"turns":8.0},{"damage":40.0,"enemies":"Shield and Spear","floor":54.0,"turns":6.0},{"damage":30,"enemies":"The Heart","floor":55,"turns":10}],"seed_played":"-3211973469612242490","potions_obtained":[{"floor":1.0,"key":"SkillPotion"},{"floor":4.0,"key":"AttackPotion"},{"floor":7.0,"key":"hermit:Tonic"},{"floor":10.0,"key":"BlessingOfTheForge"},{"floor":13.0,"key":"Energy Potion"},{"floor":14.0,"key":"BlessingOfTheForge"},{"floor":16.0,"key":"SmokeBomb"},{"floor":18.0,"key":"EntropicBrew"},{"floor":23.0,"key":"Explosive Potion"},{"floor":24.0,"key":"SkillPotion"},{"floor":25.0,"key":"LiquidBronze"},{"floor":30.0,"key":"hermit:Eclipse"},{"floor":33.0,"key":"LiquidMemories"},{"floor":35.0,"key":"Block Potion"},{"floor":42.0,"key":"LiquidMemories"},{"floor":44.0,"key":"Block Potion"},{"floor":48.0,"key":"SpeedPotion"},{"floor":54.0,"key":"SkillPotion"}],"is_trial":false,"path_per_floor":["M","$","M","M","$","E","M","?","T","E","?","$","E","M","R","B",null,"M","?","M","?","$","E","M","E","T","M","$","R","M","$","R","B",null,"M","?","$","?","T","R","$","E","T","M","E","?","R","M","R","B",null,"R","$","E","B",null],"character_chosen":"HERMIT","items_purchased":["hermit:Combo","hermit:FinalCanter","hermit:Determination","hermit:Malice","hermit:GhostlyPresence","hermit:PetGhost","hermit:ShadowCloak","hermit:TakeAim","hermit:Gestalt","PrismaticShard"],"campfire_rested":5,"item_purchase_floors":[2,12,12,12,12,31,31,37,41,41],"current_hp_per_floor":[73,73,73,57,57,54,33,33,33,21,21,21,15,9,33,16,82,82,82,82,82,82,72,43,19,19,19,34,58,38,53,77,54,82,64,64,79,79,79,79,82,72,72,28,18,39,63,68,82,36,82,82,82,48,28],"gold":56,"neow_bonus":"THREE_CARDS","is_daily":false,"chose_seed":false,"campfire_upgraded":1,"win_rate":0.0,"timestamp":1611383726,"path_taken":["M","$","M","M","$","E","M","?","T","E","?","$","E","M","R","BOSS","M","?","?","?","$","E","M","E","T","M","?","R","M","$","R","BOSS","M","?","?","?","?","R","$","E","T","M","E","?","R","M","R","BOSS","R","$","E","BOSS"],"items_purchased_type":["Card","Card","Card","Card","Card","Relic","Card","Card","Card","Relic"],"build_version":"2020-12-22","purchased_purges":3,"victory":true,"max_hp_per_floor":[75,75,75,75,75,75,75,75,75,82,82,82,82,82,82,82,82,82,82,82,82,82,82,82,82,82,82,82,82,82,82,82,82,82,82,82,82,82,82,82,82,82,82,82,82,82,82,82,82,82,82,82,82,82,82],"card_choices":[{"not_picked":["hermit:Grudge","hermit:Glare"],"picked":"hermit:Midnight","floor":0.0},{"not_picked":["hermit:Dive","hermit:TrackingShot"],"picked":"hermit:Glare","floor":1.0},{"not_picked":["hermit:Spite","hermit:Grudge"],"picked":"hermit:Snipe","floor":3.0},{"not_picked":["hermit:TakeCover","hermit:ShadowCloak"],"picked":"hermit:Roulette","floor":4.0},{"not_picked":["hermit:Headshot","hermit:Quickdraw"],"picked":"hermit:Vantage","floor":6.0},{"not_picked":["hermit:Quickdraw","hermit:HoleUp"],"picked":"hermit:EyeOfTheStorm","floor":7.0},{"not_picked":["hermit:NoHoldsBarred","hermit:Cheat"],"picked":"hermit:Ricochet","floor":10.0},{"not_picked":["hermit:Roulette","hermit:ShadowCloak"],"picked":"hermit:FatalDesire","floor":13.0},{"not_picked":["hermit:Spite","hermit:Deadeye"],"picked":"hermit:CalledShot","floor":14.0},{"not_picked":["hermit:RoundhouseKick","hermit:HeroicBravado"],"picked":"hermit:Dissolve","floor":16.0},{"not_picked":["hermit:BodyArmor","hermit:Manifest"],"picked":"hermit:SprayPray","floor":18.0},{"not_picked":["hermit:Quickdraw","hermit:FullyLoaded"],"picked":"hermit:EyeOfTheStorm","floor":23.0},{"not_picked":["hermit:Snipe","hermit:Spite"],"picked":"hermit:Enervate","floor":24.0},{"not_picked":["hermit:GhostlyPresence","hermit:EternalForm"],"picked":"hermit:Glare","floor":25.0},{"not_picked":["hermit:Quickdraw+1","hermit:HighCaliber"],"picked":"hermit:Vantage+1","floor":30.0},{"not_picked":["hermit:HighNoon","hermit:DeadOrAlive"],"picked":"hermit:HeroicBravado","floor":33.0},{"not_picked":["hermit:CalledShot+1","hermit:Vantage+1","hermit:HighCaliber"],"picked":"SKIP","floor":35.0},{"not_picked":["hermit:OverwhelmingPower","hermit:CalledShot"],"picked":"hermit:Manifest+1","floor":38.0},{"not_picked":["hermit:Desperado","Flash of Steel+1","Burning Pact"],"picked":"SKIP","floor":42.0},{"not_picked":["SashWhip","Escape Plan+1","hermit:Maintenance+1"],"picked":"SKIP","floor":44.0},{"not_picked":["SashWhip","Escape Plan+1","hermit:Maintenance+1"],"picked":"SKIP","floor":44.0},{"not_picked":["Clothesline+1","Cold Snap+1","Evaluate+1"],"picked":"SKIP","floor":45.0},{"not_picked":["hermit:WideOpen+1","hermit:ItchyTrigger+1"],"picked":"Malaise","floor":48.0},{"not_picked":["hermit:Determination+1","Reprogram"],"picked":"DeceiveReality","floor":54.0}],"player_experience":411847,"relics_obtained":[{"floor":6.0,"key":"Ice Cream"},{"floor":9.0,"key":"White Beast Statue"},{"floor":10.0,"key":"Strawberry"},{"floor":13.0,"key":"hermit:RyeStalk"},{"floor":23.0,"key":"Bottled Lightning"},{"floor":25.0,"key":"MealTicket"},{"floor":26.0,"key":"Mummified Hand"},{"floor":38.0,"key":"Thread and Needle"},{"floor":39.0,"key":"Pen Nib"},{"floor":42.0,"key":"Ancient Tea Set"},{"floor":45.0,"key":"Bird Faced Urn"},{"floor":54.0,"key":"Bronze Scales"}],"event_choices":[{"damage_healed":0.0,"max_hp_gain":0.0,"max_hp_loss":0.0,"gold_gain":175.0,"event_name":"Liars Game","player_choice":"AGREE","floor":8.0,"gold_loss":0.0,"damage_taken":0.0,"cards_obtained":["Doubt"]},{"damage_healed":0.0,"max_hp_gain":0.0,"max_hp_loss":0.0,"gold_gain":0.0,"event_name":"Shining Light","player_choice":"Ignored","floor":11.0,"gold_loss":0.0,"damage_taken":0.0},{"damage_healed":0.0,"max_hp_gain":0.0,"max_hp_loss":0.0,"gold_gain":0.0,"event_name":"Elementarium:BigGameHunter","player_choice":"Sling","floor":19.0,"gold_loss":113.0,"damage_taken":0.0,"relics_obtained":["Elementarium:HuntersSling"]},{"damage_healed":0.0,"max_hp_gain":0.0,"max_hp_loss":0.0,"gold_gain":0.0,"event_name":"Elementarium:LostScrolls","player_choice":"Read","floor":21.0,"gold_loss":0.0,"damage_taken":0.0,"cards_obtained":["hermit:EyeOfTheStorm"]},{"damage_healed":0.0,"max_hp_gain":0.0,"max_hp_loss":0.0,"gold_gain":275.0,"event_name":"Golden Shrine","player_choice":"Desecrate","floor":36.0,"gold_loss":0.0,"damage_taken":0.0,"cards_obtained":["Regret"]},{"damage_healed":0.0,"max_hp_gain":0.0,"max_hp_loss":0.0,"gold_gain":0.0,"event_name":"MindBloom","player_choice":"Fight","floor":38.0,"gold_loss":0.0,"damage_taken":0.0},{"damage_healed":21.0,"max_hp_gain":0.0,"max_hp_loss":0.0,"gold_gain":0.0,"event_name":"Winding Halls","player_choice":"Writhe","floor":46.0,"gold_loss":0.0,"damage_taken":0.0,"cards_obtained":["Writhe"]}],"is_beta":false,"boss_relics":[{"not_picked":["hermit:BartenderGlass","Pandora\u0027s Box"],"picked":"Philosopher\u0027s Stone"},{"not_picked":["hermit:ClaspedLocket","SlaversCollar"],"picked":"Cursed Key"}],"items_purged_floors":[37,41,53],"is_endless":false,"potions_floor_spawned":[1,4,7,10,13,14,16,18,20,23,24,25,27,30,33,35,38,42,44,45,48,54],"ascension_level":3}}