{"host":"hwrdjx5eod2cxh09","time":1611424816,"event":{"mods":["AchievementEnabler","BaseMod","Bestiary","Minty Spire (QoL Compilation)","Relic Stats"],"gold_per_floor":[109,89,102,121,140,166,166,199,199,199,46,64,64,95,95,194,194,214,225,225,245,146,146,157,187,187,286,286,317,317,348,348,450,450,465,465,485,414,335,335,367,367,415,425,458,477,518,534,534,534,534,534,21,53,53,53],"floor_reached":55,"language":"ENG","playtime":3955,"items_purged":["Strike_P"],"score":854,"play_id":"d40c8982-1a3b-4070-afd2-31057db1bf8c","local_time":"20210124030016","is_ascension_mode":true,"campfire_choices":[{"data":"Eruption","floor":7.0,"key":"SMITH"},{"data":"CutThroughFate","floor":10.0,"key":"SMITH"},{"data":"WindmillStrike","floor":13.0,"key":"SMITH"},{"data":"Perseverance","floor":15.0,"key":"SMITH"},{"data":"LikeWater","floor":23.0,"key":"SMITH"},{"data":"Devotion","floor":28.0,"key":"SMITH"},{"data":"Vigilance","floor":30.0,"key":"SMITH"},{"data":"CutThroughFate","floor":32.0,"key":"SMITH"},{"data":"Wireheading","floor":40.0,"key":"SMITH"},{"data":"ClearTheMind","floor":42.0,"key":"SMITH"},{"floor":49.0,"key":"RECALL"},{"data":"SandsOfTime","floor":52.0,"key":"SMITH"}],"circlet_count":0,"master_deck":["Defend_P","Defend_P","Defend_P","Defend_P","Eruption+1","Vigilance+1","EmptyMind","CutThroughFate+1","ClearTheMind+1","Perseverance+1","SandsOfTime+1","Brilliance","LikeWater+1","WindmillStrike+1","Crescendo","FlurryOfBlows","Prostrate","Devotion+1","JustLucky","EmptyFist","Consecrate","Protect+1","CutThroughFate+1","Brilliance","Tantrum+1","LikeWater+1","Halt+1","Wireheading+1","InnerPeace","SandsOfTime","LikeWater"],"relics":["PureWater","Bag of Preparation","Blood Vial","Pantograph","TungstenRod","Busted Crown","Juzu Bracelet","Thread and Needle","Red Mask","Vajra","Astrolabe","Sundial","CeramicFish","Question Card","Torii","Centennial Puzzle","Bottled Flame"],"acts_visited":["Exordium","TheCity","TheBeyond","TheEnding"],"potions_floor_usage":[],"damage_taken":[{"damage":5.0,"enemies":"Jaw Worm","floor":1.0,"turns":5.0},{"damage":0.0,"enemies":"Cultist","floor":3.0,"turns":3.0},{"damage":0.0,"enemies":"Small Slimes","floor":4.0,"turns":2.0},{"damage":2.0,"enemies":"Looter","floor":5.0,"turns":4.0},{"damage":34.0,"enemies":"Lagavulin","floor":6.0,"turns":8.0},{"damage":12.0,"enemies":"3 Sentries","floor":8.0,"turns":8.0},{"damage":0.0,"enemies":"Large Slime","floor":12.0,"turns":4.0},{"damage":0.0,"enemies":"Lagavulin","floor":14.0,"turns":4.0},{"damage":23.0,"enemies":"Hexaghost","floor":16.0,"turns":10.0},{"damage":0.0,"enemies":"Chosen","floor":18.0,"turns":3.0},{"damage":0.0,"enemies":"Shell Parasite","floor":19.0,"turns":3.0},{"damage":10.0,"enemies":"3 Cultists","floor":21.0,"turns":4.0},{"damage":6.0,"enemies":"Shelled Parasite and Fungi","floor":24.0,"turns":3.0},{"damage":15.0,"enemies":"Book of Stabbing","floor":25.0,"turns":4.0},{"damage":10.0,"enemies":"Masked Bandits","floor":29.0,"turns":4.0},{"damage":11.0,"enemies":"Gremlin Leader","floor":31.0,"turns":5.0},{"damage":11.0,"enemies":"Collector","floor":33.0,"turns":7.0},{"damage":1.0,"enemies":"3 Darklings","floor":35.0,"turns":6.0},{"damage":0.0,"enemies":"3 Shapes","floor":37.0,"turns":3.0},{"damage":13.0,"enemies":"Nemesis","floor":41.0,"turns":5.0},{"damage":9.0,"enemies":"Writhing Mass","floor":44.0,"turns":5.0},{"damage":1.0,"enemies":"Giant Head","floor":45.0,"turns":7.0},{"damage":10.0,"enemies":"Jaw Worm Horde","floor":46.0,"turns":5.0},{"damage":10.0,"enemies":"Nemesis","floor":47.0,"turns":5.0},{"damage":0.0,"enemies":"Transient","floor":48.0,"turns":5.0},{"damage":40.0,"enemies":"Donu and Deca","floor":50.0,"turns":10.0},{"damage":23.0,"enemies":"Shield and Spear","floor":54.0,"turns":5.0},{"damage":79,"enemies":"The Heart","floor":55,"turns":9}],"seed_played":"-4262385402893265351","potions_obtained":[{"floor":1.0,"key":"Swift Potion"},{"floor":2.0,"key":"AttackPotion"},{"floor":3.0,"key":"BlessingOfTheForge"},{"floor":12.0,"key":"FearPotion"},{"floor":18.0,"key":"Explosive Potion"},{"floor":19.0,"key":"DuplicationPotion"},{"floor":25.0,"key":"FearPotion"}],"is_trial":false,"path_per_floor":["M","?","M","M","M","E","R","E","T","R","$","M","R","E","R","B",null,"M","M","?","M","$","R","M","E","T","?","R","?","R","E","R","B",null,"M","?","M","$","$","R","E","R","T","M","E","M","E","M","R","B",null,"R","$","E","B"],"character_chosen":"WATCHER","items_purchased":["LikeWater","WindmillStrike","Crescendo","EmptyFist","Wireheading","InnerPeace","Torii","Centennial Puzzle","LikeWater"],"campfire_rested":0,"item_purchase_floors":[11,11,11,22,38,39,53,53,53],"current_hp_per_floor":[74,74,74,74,72,38,38,26,26,26,26,28,28,30,30,34,79,79,79,79,69,69,69,65,52,52,52,52,44,44,35,35,51,79,78,78,79,79,79,79,66,66,66,59,60,52,44,46,46,33,79,79,79,56,0,0],"gold":53,"neow_bonus":"TEN_PERCENT_HP_BONUS","is_daily":false,"chose_seed":false,"campfire_upgraded":11,"win_rate":0.0,"timestamp":1611424816,"path_taken":["M","?","M","M","?","E","R","E","T","R","?","M","R","E","R","BOSS","M","M","?","M","$","R","M","E","T","?","R","?","R","E","R","BOSS","M","?","M","?","$","R","E","R","T","M","E","M","E","M","R","BOSS","R","$","E","BOSS"],"items_purchased_type":["Card","Card","Card","Card","Card","Card","Relic","Relic","Card"],"build_version":"2020-12-22","purchased_purges":1,"victory":false,"max_hp_per_floor":[79,79,79,79,79,79,79,79,79,79,79,79,79,79,79,79,79,79,79,79,79,79,79,79,79,79,79,79,79,79,79,79,79,79,79,79,79,79,79,79,79,79,79,79,79,79,79,79,79,79,79,79,79,79,79,79],"relic_stats":{"Torii":46,"counters":[28,146],"Astrolabe":["Tantrum","LikeWater","Halt"],"CeramicFish":18,"Bag of Preparation":[46],"Juzu Bracelet":0,"Question Card":2,"Blood Vial":29,"Centennial Puzzle":[6],"Busted Crown":34,"Sundial":[6],"Pantograph":98,"obtain_stats":[{"Torii":53,"Astrolabe":34,"CeramicFish":45,"Vajra":31,"Thread and Needle":26,"Bag of Preparation":6,"Juzu Bracelet":25,"Question Card":47,"Blood Vial":8,"Centennial Puzzle":53,"Bottled Flame":54,"Busted Crown":17,"Sundial":41,"Pantograph":9,"Red Mask":29,"PureWater":0,"TungstenRod":14},{"Torii":26,"Astrolabe":17,"CeramicFish":22,"Vajra":16,"Thread and Needle":14,"Bag of Preparation":5,"Juzu Bracelet":14,"Question Card":24,"Blood Vial":6,"Centennial Puzzle":26,"Bottled Flame":27,"Busted Crown":9,"Sundial":20,"Pantograph":6,"Red Mask":15,"PureWater":0,"TungstenRod":8},{"Torii":132,"Astrolabe":81,"CeramicFish":107,"Vajra":74,"Thread and Needle":65,"Bag of Preparation":22,"Juzu Bracelet":65,"Question Card":117,"Blood Vial":30,"Centennial Puzzle":132,"Bottled Flame":137,"Busted Crown":48,"Sundial":95,"Pantograph":30,"Red Mask":69,"PureWater":0,"TungstenRod":38}],"TungstenRod":83},"card_choices":[{"not_picked":["DeceiveReality","BattleHymn"],"picked":"EmptyMind","floor":1.0},{"not_picked":["Prostrate","Evaluate"],"picked":"CutThroughFate","floor":3.0},{"not_picked":["Swivel","Crescendo"],"picked":"ClearTheMind","floor":4.0},{"not_picked":["EmptyFist","Protect"],"picked":"Perseverance","floor":5.0},{"not_picked":["SashWhip","Prostrate"],"picked":"SandsOfTime","floor":6.0},{"not_picked":["SignatureMove","Halt"],"picked":"Brilliance","floor":8.0},{"not_picked":["Protect","JustLucky"],"picked":"FlurryOfBlows","floor":12.0},{"not_picked":["CarveReality","Pray"],"picked":"Prostrate","floor":14.0},{"not_picked":["Wish","LessonLearned"],"picked":"Devotion","floor":16.0},{"not_picked":["EmptyFist"],"picked":"SKIP","floor":18.0},{"not_picked":[],"picked":"JustLucky","floor":19.0},{"not_picked":["PathToVictory"],"picked":"SKIP","floor":21.0},{"not_picked":[],"picked":"Consecrate","floor":24.0},{"not_picked":[],"picked":"Protect+1","floor":25.0},{"not_picked":[],"picked":"CutThroughFate","floor":31.0},{"not_picked":[],"picked":"Brilliance","floor":33.0},{"not_picked":["EmptyBody"],"picked":"SKIP","floor":35.0},{"not_picked":["JustLucky"],"picked":"SKIP","floor":37.0},{"not_picked":["CrushJoints"],"picked":"SKIP","floor":41.0},{"not_picked":["Consecrate"],"picked":"SKIP","floor":44.0},{"not_picked":["Fasting2"],"picked":"SKIP","floor":45.0},{"not_picked":["Prostrate+1"],"picked":"SKIP","floor":46.0},{"not_picked":[],"picked":"SandsOfTime","floor":47.0},{"not_picked":["Weave+1","Prostrate"],"picked":"SKIP","floor":48.0},{"not_picked":["EmptyMind+1","Devotion"],"picked":"SKIP","floor":54.0}],"player_experience":265060,"relics_obtained":[{"floor":6.0,"key":"Bag of Preparation"},{"floor":8.0,"key":"Blood Vial"},{"floor":9.0,"key":"Pantograph"},{"floor":14.0,"key":"TungstenRod"},{"floor":25.0,"key":"Juzu Bracelet"},{"floor":26.0,"key":"Thread and Needle"},{"floor":29.0,"key":"Red Mask"},{"floor":31.0,"key":"Vajra"},{"floor":41.0,"key":"Sundial"},{"floor":45.0,"key":"CeramicFish"},{"floor":47.0,"key":"Question Card"},{"floor":54.0,"key":"Bottled Flame"}],"event_choices":[{"damage_healed":0.0,"max_hp_gain":0.0,"max_hp_loss":0.0,"gold_gain":0.0,"event_name":"The Woman in Blue","player_choice":"Bought 1 Potion","floor":2.0,"gold_loss":0.0,"damage_taken":0.0},{"damage_healed":0.0,"max_hp_gain":0.0,"max_hp_loss":0.0,"gold_gain":0.0,"event_name":"Ghosts","player_choice":"Ignored","floor":20.0,"gold_loss":0.0,"damage_taken":0.0},{"damage_healed":0.0,"max_hp_gain":0.0,"max_hp_loss":0.0,"gold_gain":99.0,"event_name":"Nest","player_choice":"Stole From Cult","floor":27.0,"gold_loss":0.0,"damage_taken":0.0},{"damage_healed":0.0,"max_hp_gain":0.0,"max_hp_loss":0.0,"gold_gain":0.0,"event_name":"Masked Bandits","player_choice":"Fought Bandits","floor":29.0,"gold_loss":0.0,"damage_taken":0.0},{"damage_healed":0.0,"max_hp_gain":0.0,"max_hp_loss":0.0,"gold_gain":0.0,"event_name":"NoteForYourself","player_choice":"Ignored","floor":36.0,"gold_loss":0.0,"damage_taken":0.0}],"is_beta":false,"boss_relics":[{"not_picked":["Ectoplasm","Cursed Key"],"picked":"Busted Crown"},{"not_picked":["Calling Bell","Velvet Choker"],"picked":"Astrolabe"}],"items_purged_floors":[22],"is_endless":false,"potions_floor_spawned":[1,3,5,12,16,18,19,25,33,41,44,46,48],"killed_by":"The Heart","ascension_level":1}}