{"host":"r0e4s450fexxrjel","time":1611411877,"event":{"mods":["A Penny For Your Troubles","AchievementEnabler","Act Like it!","AlwaysNeverKeys","BaseMod","Better Third Choice","ChefMod","Clawfect","Colored Map","Conspire","Dota2Spire","Energized Spire","Friendly Minions","GifTheSpireLib","Gold Saver","Hubris","Infinite Spire","Minty Spire (QoL Compilation)","Pale of the Ancients","RRrroohrrRGHHhhh!!","Replay The Spire","Shop Mod","StSLib","The Druid","The Marked"],"gold_per_floor":[115,115,131,131,147,147,147,165,165,185,185,211,211,227,227,227,227],"floor_reached":16,"language":"DEU","playtime":425,"items_purged":[],"score":102,"play_id":"3dcb2893-d736-49f2-82cc-ac8028b31606","local_time":"20210123152437","is_ascension_mode":false,"campfire_choices":[{"data":"theMarked:ChainLightning","floor":6,"key":"SMITH"},{"floor":11,"key":"REST"},{"floor":15,"key":"REST"}],"circlet_count":0,"master_deck":["theMarked:Strike","theMarked:Strike","theMarked:Strike","theMarked:Strike","theMarked:Strike","theMarked:Defend","theMarked:Defend","theMarked:Defend","theMarked:Defend","theMarked:SoldierOfQuellstein+1","theMarked:ChainLightning+1","theMarked:ResourceFulStrike","theMarked:ChainLightning","theMarked:ContemptForTheProud","theMarked:Panic"],"relics":["theMarked:ArtifactOfAir","hubris:TenFootPole","conspire:DeflatedDodgeball","theMarked:NailFile"],"acts_visited":["Exordium"],"potions_floor_usage":[12,14,16],"damage_taken":[{"damage":6,"enemies":"Cultist","floor":1,"turns":3},{"damage":0,"enemies":"2 Louse","floor":3,"turns":3},{"damage":6,"enemies":"Jaw Worm","floor":5,"turns":3},{"damage":0,"enemies":"3 Louse","floor":8,"turns":2},{"damage":19,"enemies":"Large Slime","floor":10,"turns":5},{"damage":31,"enemies":"Lagavulin","floor":12,"turns":4},{"damage":15,"enemies":"Exordium Thugs","floor":14,"turns":3},{"damage":43,"enemies":"Slime Boss","floor":16,"turns":8}],"seed_played":"1538640759773327265","potions_obtained":[{"floor":1,"key":"Swift Potion"},{"floor":3,"key":"BlessingOfTheForge"},{"floor":14,"key":"Adrenaline Potion"}],"is_trial":false,"path_per_floor":["M","T","M","$","M","R","?","M","T","M","R","E","?","M","R","B"],"character_chosen":"THE_DEFAULT","items_purchased":[],"campfire_rested":2,"item_purchase_floors":[],"current_hp_per_floor":[69,69,69,69,63,63,63,63,63,44,66,35,35,20,42,0,0],"gold":227,"neow_bonus":"RANDOM_EVENT","is_daily":false,"chose_seed":false,"campfire_upgraded":1,"win_rate":0.0,"timestamp":1611411877,"path_taken":["M","?","M","?","?","R","?","M","T","M","R","E","?","M","R","BOSS"],"items_purchased_type":[],"build_version":"2020-12-22","purchased_purges":0,"victory":false,"max_hp_per_floor":[75,75,75,75,75,75,75,75,75,75,75,75,75,75,75,75,75],"card_choices":[{"not_picked":["theMarked:Static","theMarked:EmpowerWeapon"],"picked":"theMarked:ChainLightning","floor":1},{"not_picked":["theMarked:TwofoldDefense","theMarked:WastefulDefense"],"picked":"theMarked:ResourceFulStrike","floor":3},{"not_picked":["theMarked:HeightenedSenses","theMarked:Improvise","theMarked:Static"],"picked":"SKIP","floor":5},{"not_picked":["theMarked:Frustration","theMarked:AttractMetal","theMarked:Standoff"],"picked":"SKIP","floor":8},{"not_picked":["theMarked:WastefulAttack","theMarked:Seal"],"picked":"theMarked:ChainLightning","floor":10},{"not_picked":["theMarked:Parkour","theMarked:TwofoldDefense"],"picked":"theMarked:ContemptForTheProud","floor":12},{"not_picked":["theMarked:ChannelForce","theMarked:Standoff"],"picked":"theMarked:Panic","floor":14}],"player_experience":65009,"relics_obtained":[{"floor":2,"key":"hubris:TenFootPole"},{"floor":9,"key":"conspire:DeflatedDodgeball"},{"floor":12,"key":"theMarked:NailFile"}],"event_choices":[{"damage_healed":0,"gold_gain":0,"player_choice":"Donut","damage_taken":0,"max_hp_gain":5,"max_hp_loss":0,"event_name":"Big Fish","floor":0,"gold_loss":0},{"damage_healed":0,"gold_gain":0,"player_choice":"Disagree","damage_taken":0,"max_hp_gain":0,"max_hp_loss":0,"event_name":"conspire:LoneGhost","floor":13,"gold_loss":0}],"is_beta":false,"boss_relics":[],"items_purged_floors":[],"is_endless":false,"potions_floor_spawned":[1,3,14],"killed_by":"Slime Boss","ascension_level":0}}