{"host":"1v94wza6sq30pv3l","time":1611440167,"event":{"mods":["AchievementEnabler","BaseMod","Highlight Path","Minty Spire (QoL Compilation)"],"gold_per_floor":[117,129,129,147,117,117,144,144,168,179,207,207,226,176,176,275,275,293,313,330,330,330,365,365,394,394,394,423,423,452,468,468,572,572,572],"floor_reached":34,"language":"ENG","playtime":2541,"items_purged":["Defend_B"],"score":486,"play_id":"4a2a6ac4-99d5-4e86-9d0b-2f1c36f866d8","local_time":"20210123171607","is_ascension_mode":true,"campfire_choices":[{"data":"Coolheaded","floor":6,"key":"SMITH"},{"data":"Cold Snap","floor":8,"key":"SMITH"},{"data":"Ball Lightning","floor":12,"key":"SMITH"},{"floor":15,"key":"REST"},{"floor":24,"key":"REST"},{"floor":27,"key":"RECALL"},{"floor":29,"key":"REST"},{"floor":32,"key":"REST"}],"circlet_count":0,"master_deck":["Strike_B","Strike_B","Strike_B","Strike_B","Defend_B","Defend_B","Defend_B","Zap","Dualcast","Coolheaded+1","Recycle","Cold Snap","Sweeping Beam","Compile Driver","Cold Snap+1","Hyperbeam","Ball Lightning+1","Reinforced Body","All For One","Scrape+1","Sunder","Conserve Battery","Consume","Conserve Battery","Self Repair+1","Machine Learning+1"],"relics":["Snecko Eye","Potion Belt","Smiling Mask","Turnip","Nuclear Battery","CaptainsWheel","The Courier","Frozen Egg 2","Letter Opener","White Beast Statue","SlaversCollar"],"acts_visited":["Exordium","TheCity","TheBeyond"],"potions_floor_usage":[7,13,23,25,28,30,33],"damage_taken":[{"damage":6,"enemies":"Jaw Worm","floor":1,"turns":3},{"damage":0,"enemies":"Cultist","floor":2,"turns":3},{"damage":2,"enemies":"2 Louse","floor":4,"turns":2},{"damage":0,"enemies":"Looter","floor":5,"turns":4},{"damage":13,"enemies":"Lagavulin","floor":7,"turns":9},{"damage":0,"enemies":"Gremlin Gang","floor":10,"turns":4},{"damage":4,"enemies":"3 Sentries","floor":11,"turns":2},{"damage":3,"enemies":"Exordium Wildlife","floor":13,"turns":5},{"damage":17,"enemies":"The Guardian","floor":16,"turns":12},{"damage":1,"enemies":"3 Byrds","floor":18,"turns":2},{"damage":1,"enemies":"Chosen","floor":19,"turns":4},{"damage":21,"enemies":"Snake Plant","floor":20,"turns":3},{"damage":22,"enemies":"Book of Stabbing","floor":23,"turns":4},{"damage":10,"enemies":"Slavers","floor":25,"turns":5},{"damage":10,"enemies":"Book of Stabbing","floor":28,"turns":4},{"damage":0,"enemies":"Slavers","floor":30,"turns":3},{"damage":5,"enemies":"Sentry and Sphere","floor":31,"turns":3},{"damage":25,"enemies":"Collector","floor":33,"turns":9}],"seed_played":"-7017850830857078160","potions_obtained":[{"floor":1,"key":"FocusPotion"},{"floor":10,"key":"Weak Potion"},{"floor":16,"key":"SpeedPotion"},{"floor":18,"key":"DistilledChaos"},{"floor":22,"key":"Fire Potion"},{"floor":22,"key":"DistilledChaos"},{"floor":22,"key":"GamblersBrew"},{"floor":23,"key":"EssenceOfSteel"},{"floor":31,"key":"Ancient Potion"},{"floor":33,"key":"SteroidPotion"}],"is_trial":false,"path_per_floor":["M","M","?","M","M","R","E","R","T","M","E","R","M","$","R","B",null,"M","M","M","?","?","E","R","E","T","R","E","R","E","M","R","B",null],"character_chosen":"DEFECT","items_purchased":[],"campfire_rested":4,"item_purchase_floors":[],"current_hp_per_floor":[69,69,69,67,67,67,54,54,54,54,50,50,47,47,69,52,75,74,73,52,52,52,30,52,42,42,42,32,54,54,49,71,56,75,75],"gold":572,"neow_bonus":"BOSS_RELIC","is_daily":false,"chose_seed":false,"campfire_upgraded":3,"win_rate":0.0,"timestamp":1611440167,"path_taken":["M","M","?","M","?","R","E","R","T","M","E","R","M","$","R","BOSS","M","M","M","?","?","E","R","E","T","R","E","R","E","M","R","BOSS"],"items_purchased_type":[],"build_version":"2020-12-22","purchased_purges":1,"victory":false,"max_hp_per_floor":[75,75,75,75,75,75,75,75,75,75,75,75,75,75,75,75,75,75,75,75,75,75,75,75,75,75,75,75,75,75,75,75,75,75,75],"card_choices":[{"not_picked":["Skim","White Noise"],"picked":"Coolheaded","floor":1},{"not_picked":["Barrage","Compile Driver"],"picked":"Recycle","floor":2},{"not_picked":["Steam Power","Coolheaded"],"picked":"Sweeping Beam","floor":4},{"not_picked":["Coolheaded","Leap"],"picked":"Compile Driver","floor":5},{"not_picked":["Gash","Tempest"],"picked":"Cold Snap","floor":7},{"not_picked":["Leap","Stack"],"picked":"Hyperbeam","floor":10},{"not_picked":["Go for the Eyes","Hello World"],"picked":"Ball Lightning","floor":11},{"not_picked":["Go for the Eyes","Double Energy"],"picked":"Reinforced Body","floor":13},{"not_picked":["Fission","Buffer"],"picked":"All For One","floor":16},{"not_picked":["Go for the Eyes","Gash+1","Turbo"],"picked":"SKIP","floor":18},{"not_picked":["Static Discharge+1","FTL"],"picked":"Scrape+1","floor":19},{"not_picked":["Rip and Tear","Steam","Genetic Algorithm"],"picked":"SKIP","floor":20},{"not_picked":["Compile Driver","Streamline"],"picked":"Conserve Battery","floor":23},{"not_picked":["Recycle","Beam Cell"],"picked":"Consume","floor":25},{"not_picked":["Turbo","Beam Cell","Steam"],"picked":"SKIP","floor":28},{"not_picked":["Gash","Hello World+1"],"picked":"Conserve Battery","floor":30},{"not_picked":["Hello World+1","Cold Snap+1"],"picked":"Self Repair+1","floor":31},{"not_picked":["Reboot","Fission"],"picked":"Machine Learning+1","floor":33}],"player_experience":103363,"relics_obtained":[{"floor":7,"key":"Potion Belt"},{"floor":9,"key":"Smiling Mask"},{"floor":11,"key":"Turnip"},{"floor":23,"key":"CaptainsWheel"},{"floor":25,"key":"The Courier"},{"floor":26,"key":"Frozen Egg 2"},{"floor":28,"key":"Letter Opener"},{"floor":30,"key":"White Beast Statue"}],"event_choices":[{"damage_healed":0,"gold_gain":0,"player_choice":"1 cards matched","damage_taken":0,"max_hp_gain":0,"max_hp_loss":0,"event_name":"Match and Keep!","floor":3,"gold_loss":0,"cards_obtained":["Cold Snap"]},{"damage_healed":0,"gold_gain":0,"player_choice":"1 cards matched","damage_taken":0,"max_hp_gain":0,"max_hp_loss":0,"event_name":"Match and Keep!","floor":3,"gold_loss":0,"cards_obtained":["Cold Snap"]},{"damage_healed":0,"gold_gain":0,"player_choice":"Read","damage_taken":0,"max_hp_gain":0,"max_hp_loss":0,"event_name":"The Library","floor":21,"gold_loss":0,"cards_obtained":["Sunder"]},{"damage_healed":0,"gold_gain":0,"player_choice":"Got Potions","damage_taken":0,"max_hp_gain":0,"max_hp_loss":0,"event_name":"Lab","floor":22,"gold_loss":0}],"is_beta":false,"boss_relics":[{"not_picked":["Runic Dome","Ectoplasm"],"picked":"Nuclear Battery"},{"not_picked":["Black Star","Empty Cage"],"picked":"SlaversCollar"}],"items_purged_floors":[14],"is_endless":false,"potions_floor_spawned":[1,10,16,18,23,31,33],"ascension_level":1}}