{"host":"5p9hybygolzp0efr","time":1611409444,"event":{"mods":["AchievementEnabler","BaseMod","Bestiary","Colored Map","Minty Spire (QoL Compilation)","Permanent Neow","Relic Stats"],"gold_per_floor":[109,125,143,162,180,211,231,231,255,255,285,315,346,356,356,356,356],"floor_reached":16,"language":"ENG","playtime":1027,"items_purged":[],"score":153,"play_id":"f71bebeb-bb2c-41ec-bd0b-bad9ce1e0a9b","local_time":"20210123214404","is_ascension_mode":true,"campfire_choices":[{"floor":10.0,"key":"REST"},{"floor":15.0,"key":"REST"}],"circlet_count":0,"master_deck":["Strike_P","Strike_P","Strike_P","Strike_P","Defend_P","Defend_P","Defend_P","Defend_P","Eruption","Vigilance","JustLucky","Weave","EmptyFist","ThirdEye","Alpha","Wireheading","FlurryOfBlows+1","CrushJoints+1","Crescendo"],"relics":["Black Star","Matryoshka","Orichalcum","Odd Mushroom","Juzu Bracelet","Potion Belt","Damaru","Molten Egg 2","Ornamental Fan","Omamori","Gremlin Horn"],"acts_visited":["Exordium"],"potions_floor_usage":[16],"damage_taken":[{"damage":0.0,"enemies":"2 Louse","floor":1.0,"turns":4.0},{"damage":2.0,"enemies":"Jaw Worm","floor":2.0,"turns":3.0},{"damage":0.0,"enemies":"Small Slimes","floor":3.0,"turns":3.0},{"damage":3.0,"enemies":"Red Slaver","floor":4.0,"turns":3.0},{"damage":0.0,"enemies":"Gremlin Gang","floor":5.0,"turns":3.0},{"damage":32.0,"enemies":"Gremlin Nob","floor":6.0,"turns":5.0},{"damage":8.0,"enemies":"The Mushroom Lair","floor":7.0,"turns":4.0},{"damage":15.0,"enemies":"3 Sentries","floor":11.0,"turns":4.0},{"damage":14.0,"enemies":"Gremlin Nob","floor":13.0,"turns":3.0},{"damage":14.0,"enemies":"Lots of Slimes","floor":14.0,"turns":4.0},{"damage":36,"enemies":"The Guardian","floor":16,"turns":7}],"seed_played":"4743087959337662706","potions_obtained":[{"floor":1.0,"key":"Regen Potion"},{"floor":4.0,"key":"Explosive Potion"},{"floor":5.0,"key":"Dexterity Potion"},{"floor":11.0,"key":"StancePotion"}],"is_trial":false,"path_per_floor":["M","M","M","M","M","E","?","?","T","R","E","?","E","M","R","B"],"character_chosen":"WATCHER","items_purchased":[],"campfire_rested":2,"item_purchase_floors":[],"current_hp_per_floor":[72,70,70,67,67,35,27,32,32,55,40,40,26,12,35,0,0],"gold":356,"neow_bonus":"BOSS_RELIC","is_daily":false,"chose_seed":false,"campfire_upgraded":0,"win_rate":0.0,"timestamp":1611409444,"path_taken":["M","M","M","M","M","E","?","?","T","R","E","?","E","M","R","BOSS"],"items_purchased_type":[],"build_version":"2020-12-22","purchased_purges":0,"victory":false,"max_hp_per_floor":[72,72,72,72,72,72,72,77,77,77,77,77,77,77,77,77,77],"relic_stats":{"Gremlin Horn":[4,4],"counters":[11,43],"Ornamental Fan":[20],"Black Star":3,"Juzu Bracelet":0,"Orichalcum":[24],"obtain_stats":[{"Potion Belt":9,"Matryoshka":6,"Gremlin Horn":13,"Ornamental Fan":12,"Damaru":11,"Molten Egg 2":11,"Black Star":0,"Juzu Bracelet":9,"Omamori":13,"PureWater":0,"Orichalcum":6,"Odd Mushroom":7},{"Potion Belt":7,"Matryoshka":6,"Gremlin Horn":9,"Ornamental Fan":8,"Damaru":8,"Molten Egg 2":8,"Black Star":0,"Juzu Bracelet":7,"Omamori":9,"PureWater":0,"Orichalcum":6,"Odd Mushroom":7},{"Potion Belt":25,"Matryoshka":21,"Gremlin Horn":32,"Ornamental Fan":29,"Damaru":29,"Molten Egg 2":29,"Black Star":0,"Juzu Bracelet":25,"Omamori":32,"PureWater":0,"Orichalcum":21,"Odd Mushroom":25}]},"card_choices":[{"not_picked":["BowlingBash","ClearTheMind"],"picked":"JustLucky","floor":1.0},{"not_picked":["Evaluate","ForeignInfluence","Swivel"],"picked":"SKIP","floor":2.0},{"not_picked":["Evaluate","ThirdEye"],"picked":"Weave","floor":3.0},{"not_picked":["FlyingSleeves","FlurryOfBlows"],"picked":"EmptyFist","floor":4.0},{"not_picked":["WreathOfFlame","SignatureMove"],"picked":"ThirdEye","floor":5.0},{"not_picked":["Conclude","PathToVictory"],"picked":"Alpha","floor":6.0},{"not_picked":["Protect","Crescendo"],"picked":"Wireheading","floor":7.0},{"not_picked":["FlyingSleeves+1","JustLucky+1"],"picked":"FlurryOfBlows+1","floor":11.0},{"not_picked":["Fasting2","FollowUp+1"],"picked":"CrushJoints+1","floor":13.0},{"not_picked":["JustLucky+1","Halt"],"picked":"Crescendo","floor":14.0}],"player_experience":522806,"relics_obtained":[{"floor":6.0,"key":"Matryoshka"},{"floor":6.0,"key":"Orichalcum"},{"floor":7.0,"key":"Odd Mushroom"},{"floor":9.0,"key":"Juzu Bracelet"},{"floor":9.0,"key":"Potion Belt"},{"floor":11.0,"key":"Damaru"},{"floor":11.0,"key":"Molten Egg 2"},{"floor":13.0,"key":"Omamori"},{"floor":13.0,"key":"Gremlin Horn"}],"event_choices":[{"damage_healed":0.0,"max_hp_gain":0.0,"max_hp_loss":0.0,"gold_gain":0.0,"event_name":"Mushrooms","player_choice":"Fought Mushrooms","floor":7.0,"gold_loss":0.0,"damage_taken":0.0},{"damage_healed":0.0,"max_hp_gain":5.0,"max_hp_loss":0.0,"gold_gain":0.0,"event_name":"Big Fish","player_choice":"Donut","floor":8.0,"gold_loss":0.0,"damage_taken":0.0},{"damage_healed":0.0,"max_hp_gain":0.0,"max_hp_loss":0.0,"gold_gain":30.0,"event_name":"Dead Adventurer","player_choice":"Searched \u00273\u0027 times","floor":12.0,"gold_loss":0.0,"damage_taken":0.0,"relics_obtained":["Ornamental Fan"]}],"is_beta":false,"boss_relics":[],"items_purged_floors":[],"is_endless":false,"potions_floor_spawned":[1,4,5,11],"killed_by":"The Guardian","ascension_level":5}}