{"host":"0ricjaa7rfq9v76t","time":1611398188,"event":{"mods":["AchievementEnabler","Aspiration","BaseMod","Better Vampires","BetterRewards","Colored Powertips","Downfall","Highlight Path","Hubris","Infinite Spire","Minty Spire (QoL Compilation)","Quick Restart","Rare Cards Sparkle","Relic Sorter","Replay The Spire","StSLib","SuperFastMode","Synergy Search","The Cursed","The Disciple","The Jungle","The Marked","The Runesmith","Uncapped"],"gold_per_floor":[109,109,123,134,151,179,179,179,179,179,257,276,51,51,51,181,181,205,239,239,260,260,260,304,304,304,304,304,25,25,25],"floor_reached":30,"language":"ENG","playtime":1303,"items_purged":["Strike_B","Injury","Injury","Defend_B"],"score":369,"play_id":"51518d21-ff4e-4220-9c7b-7815ae17331f","local_time":"20210123183628","is_ascension_mode":false,"campfire_choices":[{"floor":8,"key":"REST"},{"floor":15,"key":"REST"},{"data":"infinitespire:Oblivion","floor":23,"key":"SMITH"},{"data":"Ball Lightning","floor":25,"key":"SMITH"}],"circlet_count":0,"master_deck":["Strike_B","Strike_B","Strike_B","Defend_B","Defend_B","Defend_B","Zap","Dualcast","hubris:Ukulele+1","Gash","Amplify","Double Energy","Ball Lightning+1","Gash","hubris:PowerSurge+1","Heatsinks+1","hubris:PowerSurge+1","infinitespire:Oblivion+1","infinitespire:Collect"],"relics":["Cracked Core","MealTicket","Golden Idol","Iron Hammer","Frozen Egg 2","hubris:Spice","DataDisk","Prayer Wheel","Red Mask","Pantograph","infinitespire:Lucky Rock","infinitespire:SolderingIron","aspiration:Nostalgia","bronze:BronzeCore"],"acts_visited":["Exordium","TheCity"],"potions_floor_usage":[11,16,30],"damage_taken":[{"damage":0,"enemies":"Cultist","floor":1,"turns":4},{"damage":0,"enemies":"Small Slimes","floor":3,"turns":2},{"damage":1,"enemies":"Jaw Worm","floor":4,"turns":2},{"damage":16,"enemies":"Lots of Slimes","floor":5,"turns":3},{"damage":15,"enemies":"Replay:BlueRogue","floor":6,"turns":5},{"damage":44,"enemies":"Lagavulin Event","floor":11,"turns":7},{"damage":0,"enemies":"Exordium Thugs","floor":12,"turns":3},{"damage":14,"enemies":"Fading Forest","floor":16,"turns":11},{"damage":10,"enemies":"Chosen","floor":18,"turns":2},{"damage":9,"enemies":"Masked Bandits","floor":19,"turns":3},{"damage":9,"enemies":"2 Thieves","floor":21,"turns":3},{"damage":9,"enemies":"Book of Stabbing","floor":24,"turns":3},{"damage":71,"enemies":"Nightmare","floor":30,"turns":4}],"seed_played":"-257179641974874657","potions_obtained":[{"floor":1,"key":"BlessingOfTheForge"},{"floor":3,"key":"Regen Potion"},{"floor":11,"key":"SkillPotion"},{"floor":16,"key":"hexamod:SoulburnPotion"},{"floor":21,"key":"sneckomod:MuddlingPotion"}],"is_trial":false,"path_per_floor":["M","?","M","M","M","E","?","R","T","?","?","M","$","?","R","B",null,"M","?","T","M","AVR","R","E","R","T","PTL","PTL","$","NM"],"character_chosen":"DEFECT","items_purchased":["Gash","hubris:PowerSurge+1","aspiration:Nostalgia"],"campfire_rested":2,"item_purchase_floors":[13,13,29],"current_hp_per_floor":[65,65,65,64,48,33,33,55,55,55,34,34,49,46,70,66,91,81,72,72,63,63,63,54,54,54,54,54,69,0,0],"gold":25,"neow_bonus":"","is_daily":false,"chose_seed":false,"campfire_upgraded":2,"win_rate":0.0,"timestamp":1611398188,"path_taken":["M","?","?","M","M","E","?","R","T","?","?","?","?","?","R","BOSS","M","?","?","?","AVR","R","E","R","T","PTL","PTL","$","NM"],"items_purchased_type":["Card","Card","Relic"],"build_version":"2020-12-22","purchased_purges":4,"victory":false,"max_hp_per_floor":[75,75,75,75,75,75,75,75,75,75,83,83,83,83,83,83,91,91,91,91,91,91,91,91,91,91,91,91,91,91,91],"card_choices":[{"not_picked":["Sunder","Redo"],"picked":"hubris:Ukulele","floor":1},{"not_picked":["Loop","Cold Snap"],"picked":"Gash","floor":3},{"not_picked":["Leap","Redo"],"picked":"Amplify","floor":4},{"not_picked":["Leap","Blizzard","Sweeping Beam"],"picked":"SKIP","floor":5},{"not_picked":["ReplaySolidLightProjector","Hyperbeam"],"picked":"Double Energy","floor":6},{"not_picked":["Steam","Sunder"],"picked":"Ball Lightning","floor":11},{"not_picked":["Go for the Eyes","Rip and Tear","Sweeping Beam"],"picked":"SKIP","floor":12},{"not_picked":["Rebound+1","Barrage","Cold Snap+1"],"picked":"SKIP","floor":18},{"not_picked":["hubris:SpiceAddiction","Sweeping Beam","hubris:SpiceAddiction"],"picked":"SKIP","floor":18},{"not_picked":["Steam","Turbo+1"],"picked":"Heatsinks+1","floor":21},{"not_picked":["aspiration:Polymerization","Coolheaded"],"picked":"hubris:PowerSurge+1","floor":21},{"not_picked":["Double Energy","aspiration:Polymerization","Reboot"],"picked":"SKIP","floor":24}],"player_experience":201129,"relics_obtained":[{"floor":6,"key":"MealTicket"},{"floor":9,"key":"Iron Hammer"},{"floor":19,"key":"Red Mask"},{"floor":20,"key":"Pantograph"},{"floor":24,"key":"infinitespire:SolderingIron"}],"event_choices":[{"damage_healed":0,"gold_gain":0,"player_choice":"Upgraded","damage_taken":0,"max_hp_gain":0,"max_hp_loss":0,"event_name":"Upgrade Shrine","floor":2,"gold_loss":0,"cards_upgraded":["hubris:Ukulele"]},{"damage_healed":0,"gold_gain":0,"player_choice":"Take Wound","damage_taken":0,"relics_obtained":["Golden Idol"],"max_hp_gain":0,"max_hp_loss":0,"event_name":"Golden Idol","floor":7,"gold_loss":0,"cards_obtained":["Injury"]},{"damage_healed":0,"gold_gain":0,"player_choice":"Searched \u00272\u0027 times","damage_taken":0,"relics_obtained":["hubris:Spice"],"max_hp_gain":0,"max_hp_loss":0,"event_name":"Dead Adventurer","floor":11,"gold_loss":0},{"damage_healed":0,"gold_gain":0,"player_choice":"Success","damage_taken":3,"relics_obtained":["DataDisk"],"max_hp_gain":0,"max_hp_loss":0,"event_name":"Scrap Ooze","floor":14,"gold_loss":0},{"damage_healed":0,"gold_gain":0,"player_choice":"Fought Bandits","damage_taken":0,"max_hp_gain":0,"max_hp_loss":0,"event_name":"Masked Bandits","floor":19,"gold_loss":0}],"is_beta":false,"boss_relics":[{"not_picked":["hubris:Spice","Replay:Fungal Core"],"picked":"hubris:Spice"}],"items_purged_floors":[0,13,22,29],"is_endless":false,"potions_floor_spawned":[1,3,11,16,21,24],"killed_by":"Nightmare","ascension_level":0}}