{"host":"njo8qgvy2a57fcny","time":1611402499,"event":{"mods":["Ascension Unlocker","Aspiration","BaseMod","BetterRewards","CCEM","Colored Map","Colored Powertips","Conspire","Custom Start","Downfall","GifTheSpireLib","Halation","Hermit","Hubris","Infinite Spire","Jedi Mod","Mimic Mod","Minty Spire (QoL Compilation)","Quick Restart","Random Character Button","Random Character Mod","Rare Cards Sparkle","Relic Sorter","Replay The Spire","Shop Mod","StSLib","Stuff the Spire","The Animator","The Jungle","The Runesmith","The Servant 0.9.4","vexMod"],"gold_per_floor":[110,130,147,147,158,233,233,233],"floor_reached":7,"language":"ENG","playtime":304,"items_purged":[],"score":86,"play_id":"f436dd30-37e8-468d-bcb6-d59dcd4ce86e","local_time":"20210123224819","is_ascension_mode":true,"campfire_choices":[],"circlet_count":0,"master_deck":["AscendersBane","Strike_S","Strike_S","Strike_S","Strike_S","Defend_S","Defend_S","Defend_S","Defend_S","KidneyShot","Exchange","Luminosity","GearUp","FanOfKnives","Inflame","BestPractice"],"relics":["m_ScarletBlood"],"acts_visited":["Exordium"],"potions_floor_usage":[3,5],"damage_taken":[{"damage":13,"enemies":"Small Slimes","floor":1,"turns":5},{"damage":10,"enemies":"2 Louse","floor":2,"turns":4},{"damage":0,"enemies":"Jaw Worm","floor":3,"turns":6},{"damage":0,"enemies":"2 Fungi Beasts","floor":5,"turns":3},{"damage":32,"enemies":"3 Sentries","floor":7,"turns":4}],"seed_played":"-704497743496084764","potions_obtained":[{"floor":2,"key":"Block Potion"},{"floor":3,"key":"jedi:StrikingPotion"}],"is_trial":false,"path_per_floor":["M","M","M","?","M","?","E"],"character_chosen":"THE_SERVANT","items_purchased":[],"campfire_rested":0,"item_purchase_floors":[],"current_hp_per_floor":[47,37,37,37,37,26,0,0],"gold":233,"neow_bonus":"TEN_PERCENT_HP_BONUS","is_daily":false,"chose_seed":false,"campfire_upgraded":0,"win_rate":0.0,"timestamp":1611402499,"path_taken":["M","M","M","?","M","?","E"],"items_purchased_type":[],"build_version":"2020-12-22","purchased_purges":0,"victory":false,"max_hp_per_floor":[66,66,66,66,66,66,66,66],"card_choices":[{"not_picked":["Advance","Unruled"],"picked":"Luminosity","floor":1},{"not_picked":["FastForward","Unruled"],"picked":"GearUp","floor":2},{"not_picked":["ShiftingGears","InstantArmor"],"picked":"FanOfKnives","floor":3},{"not_picked":["FastForward","RealityMarble"],"picked":"BestPractice","floor":5}],"player_experience":665806,"relics_obtained":[],"event_choices":[{"damage_healed":0,"gold_gain":75,"player_choice":"Gather Gold","damage_taken":11,"max_hp_gain":0,"max_hp_loss":0,"event_name":"World of Goop","floor":6,"gold_loss":0}],"is_beta":false,"boss_relics":[],"items_purged_floors":[],"is_endless":false,"potions_floor_spawned":[2,3],"killed_by":"3 Sentries","ascension_level":20}}