{"host":"lvhfn8l5bvc4nolx","time":1611407124,"event":{"mods":["AchievementEnabler","BaseMod","Colored Map","Keyboard Shortcuts","Minty Spire (QoL Compilation)","Permanent Neow","Quick Restart","SuperFastMode"],"gold_per_floor":[20,20,20,41,41,41,41,77,128,158,186,195,242,111,111,218,218,245,245,155,175,200,200,200,200],"floor_reached":24,"language":"KOR","playtime":533,"items_purged":["Defend_R"],"score":389,"play_id":"4be814ed-c824-4c87-8b08-2eb9889272b3","local_time":"20210123220524","is_ascension_mode":true,"campfire_choices":[{"data":"Shrug It Off","floor":6.0,"key":"SMITH"},{"data":"Power Through","floor":15.0,"key":"SMITH"},{"data":"Limit Break","floor":23,"key":"SMITH"}],"circlet_count":0,"master_deck":["AscendersBane","Strike_R+1","Defend_R","Defend_R","Defend_R","Bash+1","Shrug It Off+1","Dropkick+1","Seeing Red+1","Second Wind","Spot Weakness","Power Through+1","Ghostly Armor","Whirlwind","Limit Break+1","Bloodletting","Burning Pact"],"relics":["Burning Blood","Golden Idol","HornCleat","CeramicFish","Akabeko","Molten Egg 2","Coffee Dripper"],"acts_visited":["Exordium","TheCity"],"potions_floor_usage":[16],"damage_taken":[{"damage":7.0,"enemies":"Jaw Worm","floor":1.0,"turns":3.0},{"damage":0.0,"enemies":"Cultist","floor":4.0,"turns":3.0},{"damage":23.0,"enemies":"3 Sentries","floor":8.0,"turns":15.0},{"damage":7.0,"enemies":"2 Louse","floor":10.0,"turns":3.0},{"damage":15.0,"enemies":"Exordium Wildlife","floor":11.0,"turns":4.0},{"damage":0.0,"enemies":"Lagavulin","floor":13.0,"turns":7.0},{"damage":2,"enemies":"Hexaghost","floor":16,"turns":8},{"damage":6,"enemies":"2 Thieves","floor":18,"turns":5},{"damage":18,"enemies":"Shell Parasite","floor":21,"turns":5},{"damage":43,"enemies":"Snake Plant","floor":22,"turns":5},{"damage":14,"enemies":"Gremlin Leader","floor":24,"turns":1}],"seed_played":"-8883010428546048727","potions_obtained":[{"floor":1.0,"key":"Dexterity Potion"},{"floor":4.0,"key":"BlessingOfTheForge"},{"floor":10.0,"key":"AttackPotion"},{"floor":13.0,"key":"DistilledChaos"},{"floor":22,"key":"GamblersBrew"}],"is_trial":false,"path_per_floor":["M","?","?","M","?","R","$","E","T","M","M","?","E","$","R","B",null,"M","?","?","M","M","R","E"],"character_chosen":"IRONCLAD","items_purchased":["Molten Egg 2"],"campfire_rested":0,"item_purchase_floors":[14],"current_hp_per_floor":[67,49,49,55,40,40,40,23,23,22,13,13,19,19,19,23,62,62,62,62,50,13,13,0,0],"gold":200,"neow_bonus":"TRANSFORM_TWO_CARDS","is_daily":false,"chose_seed":false,"campfire_upgraded":3,"win_rate":0.0,"timestamp":1611407124,"path_taken":["M","?","?","?","?","R","$","E","T","M","M","?","E","$","R","BOSS","M","?","?","M","?","R","E"],"items_purchased_type":["Relic"],"build_version":"2020-12-22","purchased_purges":1,"victory":false,"max_hp_per_floor":[75,75,75,75,75,75,75,75,75,75,75,75,75,75,75,75,75,75,75,75,75,75,75,75,75],"card_choices":[{"not_picked":["Pummel","Intimidate"],"picked":"Seeing Red","floor":1.0},{"not_picked":["Body Slam","Reckless Charge","Havoc"],"picked":"SKIP","floor":4.0},{"not_picked":["Clothesline","Warcry"],"picked":"Second Wind","floor":8.0},{"not_picked":["Body Slam","Blood for Blood"],"picked":"Spot Weakness","floor":10.0},{"not_picked":["Headbutt","Carnage"],"picked":"Power Through","floor":11.0},{"not_picked":["Corruption","True Grit"],"picked":"Whirlwind","floor":13.0},{"not_picked":["Bludgeon+1","Corruption"],"picked":"Limit Break","floor":16},{"not_picked":["Sever Soul+1","Perfected Strike+1"],"picked":"Bloodletting","floor":18},{"not_picked":["Perfected Strike+1","Clash+1","Warcry"],"picked":"SKIP","floor":21},{"not_picked":["Perfected Strike+1","Carnage+1"],"picked":"Burning Pact","floor":22}],"player_experience":377444,"relics_obtained":[{"floor":8.0,"key":"HornCleat"},{"floor":9.0,"key":"CeramicFish"},{"floor":13.0,"key":"Akabeko"}],"event_choices":[{"damage_healed":0.0,"max_hp_gain":0.0,"max_hp_loss":0.0,"gold_gain":0.0,"event_name":"Golden Idol","player_choice":"Take Damage","floor":2.0,"gold_loss":0.0,"damage_taken":18.0,"relics_obtained":["Golden Idol"]},{"damage_healed":0.0,"max_hp_gain":0.0,"max_hp_loss":0.0,"gold_gain":0.0,"event_name":"Upgrade Shrine","player_choice":"Upgraded","floor":3.0,"gold_loss":0.0,"damage_taken":0.0,"cards_upgraded":["Seeing Red"]},{"damage_healed":0.0,"max_hp_gain":0.0,"max_hp_loss":0.0,"gold_gain":0.0,"event_name":"Shining Light","player_choice":"Entered Light","floor":5.0,"gold_loss":0.0,"damage_taken":15.0,"cards_upgraded":["Bash","Dropkick"]},{"damage_healed":0.0,"max_hp_gain":0.0,"max_hp_loss":0.0,"gold_gain":0.0,"cards_transformed":["Strike_R"],"event_name":"Living Wall","player_choice":"Change","floor":12.0,"gold_loss":0.0,"damage_taken":0.0,"cards_obtained":["Ghostly Armor"]},{"damage_healed":0,"gold_gain":0,"player_choice":"Ignored","damage_taken":0,"max_hp_gain":0,"max_hp_loss":0,"event_name":"Vampires","floor":19,"gold_loss":0},{"cards_removed":["Strike_R"],"damage_healed":0,"gold_gain":0,"player_choice":"Upgrade and Remove","damage_taken":0,"max_hp_gain":0,"max_hp_loss":0,"event_name":"Designer","floor":20,"gold_loss":90,"cards_upgraded":["Strike_R"]}],"is_beta":false,"boss_relics":[{"not_picked":["Ectoplasm","Black Star"],"picked":"Coffee Dripper"}],"items_purged_floors":[14],"is_endless":false,"potions_floor_spawned":[1,4,10,13,22],"killed_by":"Gremlin Leader","ascension_level":14}}