{"host":"vzugls1u57eppbds","time":1611413816,"event":{"mods":["AchievementEnabler","BaseMod","Better Third Choice","Minty Spire (QoL Compilation)","Relic Stats","Shop Mod","StSLib","The IronCluck"],"gold_per_floor":[110,110,110,131,82,115,115,144,169,209,209,284,303,268,268,389,389,409,409,409,103,118,161,161,161,161,161,184,205,205,205],"floor_reached":30,"language":"ENG","playtime":620,"items_purged":[],"score":405,"play_id":"f3674cca-38d0-403c-89dd-9209adea2e5c","local_time":"20210123155656","is_ascension_mode":true,"campfire_choices":[{"data":"Iron Wave","floor":7,"key":"SMITH"},{"floor":11,"key":"REST"},{"data":"Fire Breathing","floor":15,"key":"SMITH"},{"floor":24,"key":"REST"},{"floor":27,"key":"REST"}],"circlet_count":0,"master_deck":["Strike_R","Strike_R","Strike_R","Strike_R","Defend_R","Defend_R","Defend_R","Defend_R","Bash","Power Through","Fire Breathing+1","Wild Strike","Iron Wave+1","Wild Strike","Ghostly Armor+1","Fiend Fire","Writhe","Shrug It Off+1"],"relics":["Burning Blood","NeowsBlessing","Golden Idol","Toxic Egg 2","Odd Mushroom","Smiling Mask","Pantograph","Black Star","Mercury Hourglass","Gremlin Horn","Bag of Marbles","Nloth\u0027s Gift","HornCleat"],"acts_visited":["Exordium","TheCity"],"potions_floor_usage":[16,16,30],"damage_taken":[{"damage":0,"enemies":"Jaw Worm","floor":1,"turns":1},{"damage":0,"enemies":"Small Slimes","floor":4,"turns":1},{"damage":0,"enemies":"Lagavulin","floor":6,"turns":1},{"damage":15,"enemies":"The Mushroom Lair","floor":8,"turns":5},{"damage":26,"enemies":"3 Sentries","floor":10,"turns":5},{"damage":0,"enemies":"2 Louse","floor":13,"turns":3},{"damage":1,"enemies":"Slime Boss","floor":16,"turns":7},{"damage":9,"enemies":"3 Byrds","floor":18,"turns":4},{"damage":14,"enemies":"Spheric Guardian","floor":22,"turns":4},{"damage":56,"enemies":"Book of Stabbing","floor":23,"turns":7},{"damage":25,"enemies":"Centurion and Healer","floor":28,"turns":8},{"damage":16,"enemies":"Cultist and Chosen","floor":29,"turns":5},{"damage":30,"enemies":"Gremlin Leader","floor":30,"turns":5}],"seed_played":"3929461046254312700","potions_obtained":[{"floor":1,"key":"AttackPotion"},{"floor":8,"key":"ColorlessPotion"},{"floor":29,"key":"BlessingOfTheForge"}],"is_trial":false,"path_per_floor":["M","?","?","M","$","E","R","?","T","E","R","?","M","?","R","B",null,"M","?","?","$","M","E","R","?","T","R","M","M","E"],"character_chosen":"IRONCLAD","items_purchased":["Wild Strike","Shrug It Off+1","Mercury Hourglass"],"campfire_rested":3,"item_purchase_floors":[5,21,21],"current_hp_per_floor":[78,71,51,57,57,63,63,54,54,34,58,47,53,73,73,80,80,77,77,69,69,61,11,35,35,35,59,40,30,0,0],"gold":205,"neow_bonus":"THREE_ENEMY_KILL","is_daily":false,"chose_seed":false,"campfire_upgraded":2,"win_rate":0.0,"timestamp":1611413816,"path_taken":["M","?","?","M","$","E","R","?","T","E","R","?","M","?","R","BOSS","M","?","?","$","?","E","R","?","T","R","M","?","E"],"items_purchased_type":["Card","Card","Relic"],"build_version":"2020-12-22","purchased_purges":0,"victory":false,"max_hp_per_floor":[80,80,80,80,80,80,80,80,80,80,80,80,80,80,80,80,80,80,80,80,80,80,80,80,80,80,80,80,80,80,80],"relic_stats":{"Gremlin Horn":[6,6],"counters":[13,55],"Golden Idol":78,"Pantograph":7,"Black Star":1,"Nloth\u0027s Gift":1,"Smiling Mask":0,"obtain_stats":[{"Lantern":19,"NeowsBlessing":0,"Gremlin Horn":23,"Golden Idol":3,"Odd Mushroom":8,"Smiling Mask":9,"Burning Blood":0,"Mercury Hourglass":21,"HornCleat":26,"Pantograph":10,"Black Star":17,"Bag of Marbles":23,"Nloth\u0027s Gift":25,"Toxic Egg 2":6},{"Lantern":8,"NeowsBlessing":0,"Gremlin Horn":10,"Golden Idol":1,"Odd Mushroom":4,"Smiling Mask":4,"Burning Blood":0,"Mercury Hourglass":8,"HornCleat":10,"Pantograph":5,"Black Star":7,"Bag of Marbles":10,"Nloth\u0027s Gift":10,"Toxic Egg 2":3},{"Lantern":27,"NeowsBlessing":0,"Gremlin Horn":38,"Golden Idol":1,"Odd Mushroom":8,"Smiling Mask":8,"Burning Blood":0,"Mercury Hourglass":27,"HornCleat":38,"Pantograph":13,"Black Star":23,"Bag of Marbles":38,"Nloth\u0027s Gift":38,"Toxic Egg 2":3}],"Burning Blood":67,"Mercury Hourglass":[107]},"card_choices":[{"not_picked":["Seeing Red","Burning Pact"],"picked":"Power Through","floor":1},{"not_picked":["Warcry","Searing Blow"],"picked":"Fire Breathing","floor":4},{"not_picked":["Armaments+1","Heavy Blade"],"picked":"Iron Wave","floor":6},{"not_picked":["Combust","Spot Weakness+1"],"picked":"Wild Strike","floor":8},{"not_picked":["Hemokinesis","Thunderclap"],"picked":"Ghostly Armor+1","floor":10},{"not_picked":["Dual Wield+1","Twin Strike","Armaments+1"],"picked":"SKIP","floor":13},{"not_picked":["Berserk","Limit Break+1"],"picked":"Fiend Fire","floor":16},{"not_picked":["Wild Strike","Cleave+1","Warcry+1"],"picked":"SKIP","floor":18},{"not_picked":["Pummel+1","Dropkick","Headbutt"],"picked":"SKIP","floor":22},{"not_picked":["Headbutt","Heavy Blade","Hemokinesis"],"picked":"SKIP","floor":23},{"not_picked":["Juggernaut","Clash","Headbutt"],"picked":"SKIP","floor":28},{"not_picked":["Combust","Heavy Blade+1","Carnage+1"],"picked":"SKIP","floor":29}],"player_experience":239903,"relics_obtained":[{"floor":6,"key":"Toxic Egg 2"},{"floor":8,"key":"Odd Mushroom"},{"floor":9,"key":"Smiling Mask"},{"floor":10,"key":"Pantograph"},{"floor":23,"key":"Gremlin Horn"},{"floor":23,"key":"Bag of Marbles"},{"floor":26,"key":"HornCleat"}],"event_choices":[{"cards_removed":["Strike_R"],"damage_healed":0,"gold_gain":0,"player_choice":"Card Removal","damage_taken":7,"max_hp_gain":0,"max_hp_loss":0,"event_name":"Golden Wing","floor":2,"gold_loss":0},{"damage_healed":0,"gold_gain":0,"player_choice":"Take Damage","damage_taken":20,"relics_obtained":["Golden Idol"],"max_hp_gain":0,"max_hp_loss":0,"event_name":"Golden Idol","floor":3,"gold_loss":0},{"damage_healed":0,"gold_gain":0,"player_choice":"Fought Mushrooms","damage_taken":0,"max_hp_gain":0,"max_hp_loss":0,"event_name":"Mushrooms","floor":8,"gold_loss":0},{"damage_healed":0,"gold_gain":75,"player_choice":"Gold","damage_taken":11,"max_hp_gain":0,"max_hp_loss":0,"event_name":"betterThird:BetterGoop","floor":12,"gold_loss":0},{"damage_healed":20,"gold_gain":0,"player_choice":"Healed","damage_taken":0,"max_hp_gain":0,"max_hp_loss":0,"event_name":"The Cleric","floor":14,"gold_loss":35},{"damage_healed":0,"gold_gain":0,"player_choice":"Opened","damage_taken":0,"relics_obtained":["Lantern"],"max_hp_gain":0,"max_hp_loss":0,"event_name":"The Mausoleum","floor":19,"gold_loss":0,"cards_obtained":["Writhe"]},{"damage_healed":0,"gold_gain":0,"player_choice":"Damaged","damage_taken":8,"max_hp_gain":0,"max_hp_loss":0,"event_name":"Wheel of Change","floor":20,"gold_loss":0},{"damage_healed":0,"gold_gain":0,"player_choice":"Traded Relic","damage_taken":0,"relics_obtained":["Nloth\u0027s Gift"],"max_hp_gain":0,"max_hp_loss":0,"event_name":"N\u0027loth","floor":25,"relics_lost":["Lantern"],"gold_loss":0}],"is_beta":false,"boss_relics":[{"not_picked":["Runic Dome","Sozu"],"picked":"Black Star"}],"items_purged_floors":[],"is_endless":false,"potions_floor_spawned":[1,8,29],"killed_by":"Gremlin Leader","ascension_level":9}}