{"host":"fmb9x04chdot191d","time":1611385433,"event":{"mods":["2.2 Compatiblity","AchievementEnabler","BaseMod","BetterRewards","Colored Map","Downfall","Hermit","Highlight Path","Marisa（霧雨　魔理沙）","Minty Spire (QoL Compilation)","Permanent Neow","Quick Restart","Rare Cards Sparkle","StSLib","The Servant 0.9.4","[IsaacMod]以撒尖塔"],"gold_per_floor":[117,136,136,147,165,195,195,221,221,236,236,236,253,283,283,283,283],"floor_reached":16,"language":"ENG","playtime":980,"items_purged":[],"score":134,"play_id":"9d346e46-ae57-41ed-8727-54575eb76bf7","local_time":"20210123200353","is_ascension_mode":true,"campfire_choices":[{"data":"Scrape","floor":7.0,"key":"SMITH"},{"floor":12,"key":"REST"},{"floor":15,"key":"REST"}],"circlet_count":0,"master_deck":["Strike_B","Strike_B","Strike_B","Defend_B","Defend_B","Defend_B","Defend_B","Zap","Dualcast","Scrape+1","Skim","Steam","Go for the Eyes","Genetic Algorithm","Double Energy+1","Glacier"],"relics":["Cracked Core","HushsDoor","SteamSale","Happy Flower","DeadEye","BFFS","Blood Vial"],"acts_visited":["Exordium"],"potions_floor_usage":[16],"damage_taken":[{"damage":4.0,"enemies":"Jaw Worm","floor":1.0,"turns":3.0},{"damage":0.0,"enemies":"Small Slimes","floor":2.0,"turns":3.0},{"damage":0.0,"enemies":"Cultist","floor":4.0,"turns":3.0},{"damage":0.0,"enemies":"Large Slime","floor":5.0,"turns":5.0},{"damage":18.0,"enemies":"3 Sentries","floor":6.0,"turns":9.0},{"damage":26,"enemies":"Gremlin Nob","floor":8,"turns":4},{"damage":5,"enemies":"Exordium Wildlife","floor":10,"turns":5},{"damage":0,"enemies":"Exordium Thugs","floor":13,"turns":4},{"damage":10,"enemies":"Lagavulin","floor":14,"turns":5},{"damage":62,"enemies":"Hexaghost","floor":16,"turns":15}],"seed_played":"4076259501238554339","potions_obtained":[{"floor":5.0,"key":"SkillPotion"},{"floor":6.0,"key":"GamblersBrew"},{"floor":8,"key":"FocusPotion"},{"floor":13,"key":"Weak Potion"}],"is_trial":false,"path_per_floor":["M","M","?","M","M","E","R","E","T","M","?","R","M","E","R","B"],"character_chosen":"DEFECT","items_purchased":[],"campfire_rested":2,"item_purchase_floors":[],"current_hp_per_floor":[71,71,71,71,71,53,53,27,27,22,22,44,44,34,56,0,0],"gold":283,"neow_bonus":"REMOVE_CARD","is_daily":false,"chose_seed":false,"campfire_upgraded":1,"win_rate":0.0,"timestamp":1611385433,"path_taken":["M","M","?","M","M","E","R","E","T","M","?","R","M","E","R","BOSS"],"items_purchased_type":[],"build_version":"2020-12-22","purchased_purges":0,"victory":false,"max_hp_per_floor":[75,75,75,75,75,75,75,75,75,75,75,75,75,75,75,75,75],"card_choices":[{"not_picked":["Redo","BootSequence"],"picked":"Scrape","floor":1.0},{"not_picked":["Fusion","Turbo"],"picked":"Skim","floor":2.0},{"not_picked":["Undo","Coolheaded"],"picked":"Steam","floor":4.0},{"not_picked":["Turbo","Ball Lightning"],"picked":"Go for the Eyes","floor":5.0},{"not_picked":["Steam Power","Fan","Ball Lightning"],"picked":"SKIP","floor":6.0},{"not_picked":["Auto Shields","Meteor Strike"],"picked":"Genetic Algorithm","floor":8},{"not_picked":["Glacier","Stack"],"picked":"Double Energy","floor":10},{"not_picked":["Blizzard","Force Field","Distribution"],"picked":"SKIP","floor":13},{"not_picked":["Cold Snap","Recycle"],"picked":"Glacier","floor":14}],"player_experience":46833,"relics_obtained":[{"floor":6.0,"key":"Happy Flower"},{"floor":8,"key":"DeadEye"},{"floor":9,"key":"BFFS"},{"floor":14,"key":"Blood Vial"}],"event_choices":[{"damage_healed":0.0,"max_hp_gain":0.0,"max_hp_loss":0.0,"gold_gain":0.0,"event_name":"Golden Idol","player_choice":"Ignored","floor":3.0,"gold_loss":0.0,"damage_taken":0.0},{"damage_healed":0,"gold_gain":0,"player_choice":"Forge","damage_taken":0,"max_hp_gain":0,"max_hp_loss":0,"event_name":"Accursed Blacksmith","floor":11,"gold_loss":0,"cards_upgraded":["Double Energy"]}],"is_beta":false,"boss_relics":[],"items_purged_floors":[],"is_endless":false,"potions_floor_spawned":[5,6,8,13,14],"killed_by":"Hexaghost","ascension_level":2}}