{"host":"wk46m6kgjezp23jj","time":1611420140,"event":{"mods":["AchievementEnabler","BaseMod","Beaked The Cultist","Bestiary","Colored Map","Colored Powertips","Downfall","Hermit","Minty Spire (QoL Compilation)","Replay The Spire","StSLib","The Bladedancer","The Construct","The Cursed"],"gold_per_floor":[112,112,130,141,160,160,191,191,191,207,11,11,71,85,85,185,185,205,205,222,222,272,272,3,3,26,43,43,43,73,73,73,180,180,213,234,12,37,93,93,0,0,26,26,1,1,23,51,51,57,57],"floor_reached":50,"language":"ENG","playtime":3104,"items_purged":["Strike_B","Languid","downfall:Malfunctioning","downfall:Bewildered"],"score":490,"play_id":"c8292b93-cb1c-41b6-8aab-8445d7bbcda2","local_time":"20210123114220","is_ascension_mode":false,"campfire_choices":[{"data":"Redo","floor":6,"key":"SMITH"},{"data":"Zap","floor":8,"key":"SMITH"},{"floor":15,"key":"REST"},{"data":"Loop","floor":25,"key":"SMITH"},{"data":"Loop","floor":32,"key":"SMITH"},{"data":"Madness","floor":40,"key":"SMITH"},{"data":"Capacitor","floor":42,"key":"SMITH"},{"data":"Crystallizer","floor":46,"key":"SMITH"},{"data":"Trip","floor":49,"key":"SMITH"}],"circlet_count":0,"master_deck":["Strike_B","Strike_B","Strike_B","Defend_B","Defend_B","Defend_B","Defend_B","Zap+1","Dualcast","Seek","Coolheaded","Beam Cell","Redo+1","Mirror Shield","Loop+1","Self Repair","Gash","Ball Lightning","Electrodynamics","Rebound+1","Go for the Eyes+1","Crystallizer+1","BootSequence","BootSequence","Beam Cell","Defragment+1","FIFO Queue","Loop+1","Reboot","Rip and Tear+1","Gash+1","Coolheaded","Poisoned Strike","Madness+1","Trip+1","Writhe","Doom and Gloom+1","Tempest+1","Capacitor+1","Barrage+1","Loop+1"],"relics":["Cracked Core","Mirror","Chameleon Ring","Mercury Hourglass","Meat on the Bone","PreservedInsect","Inserter","sneckomod:BabySnecko","Ring of Peace","Ring of Greed","Membership Card","Replay:Bandana","Lee\u0027s Waffle","Oddly Smooth Stone","Vajra","Ring of Chaos","ReplayTheSpireMod:ShopPack","Bronze Scales","FossilizedHelix","Blood Vial"],"acts_visited":["Exordium","TheCity","TheBeyond"],"potions_floor_usage":[16,16,16,27,50],"damage_taken":[{"damage":1,"enemies":"Jaw Worm","floor":1,"turns":4},{"damage":0,"enemies":"Cultist","floor":3,"turns":3},{"damage":0,"enemies":"Small Slimes","floor":4,"turns":2},{"damage":12,"enemies":"Blue Slaver","floor":5,"turns":4},{"damage":10,"enemies":"Replay:BlueRogue","floor":7,"turns":6},{"damage":10,"enemies":"2 Fungi Beasts","floor":10,"turns":3},{"damage":18,"enemies":"Gremlin Nob","floor":13,"turns":5},{"damage":0,"enemies":"3 Louse","floor":14,"turns":2},{"damage":30,"enemies":"Hexaghost","floor":16,"turns":8},{"damage":30,"enemies":"2 Thieves","floor":18,"turns":3},{"damage":18,"enemies":"Spheric Guardian","floor":20,"turns":4},{"damage":0,"enemies":"Snake Plant","floor":27,"turns":3},{"damage":0,"enemies":"Cultist and Chosen","floor":30,"turns":4},{"damage":51,"enemies":"Automaton","floor":33,"turns":8},{"damage":0,"enemies":"Orb Walker","floor":35,"turns":4},{"damage":32,"enemies":"3 Darklings","floor":36,"turns":5},{"damage":32,"enemies":"Spire Growth","floor":38,"turns":5},{"damage":5,"enemies":"Mind Bloom Boss Battle","floor":39,"turns":8},{"damage":31,"enemies":"4 Shapes","floor":47,"turns":5},{"damage":0,"enemies":"Transient","floor":48,"turns":5},{"damage":65,"enemies":"Time Eater","floor":50,"turns":9}],"seed_played":"-6608281877619186025","potions_obtained":[{"floor":1,"key":"Flashbang"},{"floor":7,"key":"champ:CounterPotion"},{"floor":13,"key":"champ:CounterPotion"},{"floor":18,"key":"Swift Potion"},{"floor":23,"key":"Ancient Potion"},{"floor":23,"key":"Dexterity Potion"},{"floor":27,"key":"Ancient Potion"}],"is_trial":false,"path_per_floor":["M","?","M","M","M","R","E","R","T","M","$","T","?","M","R","B",null,"M","?","M","?","?","R","$","R","T","M","?","?","M","T","R","B",null,"M","M","$","M","?","R","$","R","T","?","$","R","M","M","R","B"],"character_chosen":"DEFECT","items_purchased":["Self Repair","ColorlessPotion","Lee\u0027s Waffle","Fruit Juice","Crystallizer","BootSequence","Beam Cell","ReplayTheSpireMod:ShopPack","Bronze Scales","Coolheaded","Capacitor","PowerPotion"],"campfire_rested":1,"item_purchase_floors":[11,11,24,24,24,24,24,37,37,37,41,45],"current_hp_per_floor":[74,74,74,74,62,62,52,52,52,42,42,42,43,43,65,47,75,52,52,53,53,53,53,82,82,82,89,72,72,72,72,72,33,94,94,62,62,49,63,63,63,63,63,63,63,63,53,62,62,0,0],"gold":57,"neow_bonus":"ONE_RANDOM_RARE_CARD","is_daily":false,"chose_seed":false,"campfire_upgraded":8,"win_rate":0.0,"timestamp":1611420140,"path_taken":["M","?","M","M","?","R","E","R","T","M","$","?","?","M","R","BOSS","M","?","M","?","?","R","$","R","T","M","?","?","M","?","R","BOSS","M","M","$","M","?","R","$","R","T","?","?","R","M","M","R","BOSS"],"items_purchased_type":["Card","Potion","Relic","Potion","Card","Card","Card","Relic","Relic","Card","Card","Potion"],"build_version":"2020-12-22","purchased_purges":4,"victory":false,"max_hp_per_floor":[75,75,75,75,75,75,75,75,75,75,75,75,75,75,75,75,75,75,75,75,75,75,75,82,82,82,89,94,94,94,94,94,94,94,94,94,94,94,94,94,94,94,94,94,94,94,94,94,94,94,94],"card_choices":[{"not_picked":["Lockon","BootSequence"],"picked":"Coolheaded","floor":1},{"not_picked":["Conserve Battery","ReplayTheSpireMod:GoodbyeWorld"],"picked":"Beam Cell","floor":3},{"not_picked":["Doom and Gloom","Leap"],"picked":"Redo","floor":4},{"not_picked":["Heatsinks","Barrage","Time Bomb"],"picked":"SKIP","floor":5},{"not_picked":["Sweeping Beam","FTL"],"picked":"Mirror Shield","floor":7},{"not_picked":["Steam","Stack"],"picked":"Loop","floor":10},{"not_picked":["Sweeping Beam","FTL"],"picked":"Gash","floor":13},{"not_picked":["Chill","Go for the Eyes"],"picked":"Ball Lightning","floor":14},{"not_picked":["Reboot","ReplayRNGCard"],"picked":"Electrodynamics","floor":16},{"not_picked":["Cold Snap","Aggregate"],"picked":"Rebound+1","floor":18},{"not_picked":["Stack","Cold Snap+1"],"picked":"Go for the Eyes+1","floor":20},{"not_picked":["Gash+1","Go for the Eyes+1"],"picked":"Defragment+1","floor":27},{"not_picked":["Blizzard","Conserve Battery"],"picked":"Loop","floor":30},{"not_picked":["Electrodynamics","Rainbow"],"picked":"Reboot","floor":33},{"not_picked":["Steam","Static Discharge"],"picked":"Rip and Tear+1","floor":35},{"not_picked":["Leap+1","Panic Button"],"picked":"Gash+1","floor":36},{"not_picked":["Mayhem","HandOfGreed"],"picked":"Poisoned Strike","floor":37},{"not_picked":["Metamorphosis","Impatience"],"picked":"Madness","floor":37},{"not_picked":["ReplayTheSpireMod:Uncanny Aura","Secret Technique"],"picked":"Trip","floor":37},{"not_picked":["Tempest","FIFO Queue+1"],"picked":"Doom and Gloom+1","floor":38},{"not_picked":["BasicCrystalCard","Leap"],"picked":"Tempest+1","floor":39},{"not_picked":["Genetic Algorithm+1","Ball Lightning+1"],"picked":"Barrage+1","floor":47},{"not_picked":["Electrodynamics","Consume"],"picked":"Loop+1","floor":48}],"player_experience":24367,"relics_obtained":[{"floor":7,"key":"Chameleon Ring"},{"floor":9,"key":"Mercury Hourglass"},{"floor":12,"key":"Meat on the Bone"},{"floor":13,"key":"PreservedInsect"},{"floor":22,"key":"Ring of Peace"},{"floor":22,"key":"Ring of Greed"},{"floor":22,"key":"Membership Card"},{"floor":22,"key":"Replay:Bandana"},{"floor":26,"key":"Oddly Smooth Stone"},{"floor":31,"key":"Vajra"},{"floor":39,"key":"FossilizedHelix"},{"floor":43,"key":"Blood Vial"}],"event_choices":[{"damage_healed":0,"gold_gain":0,"player_choice":"Gave Potion","damage_taken":0,"relics_obtained":["Mirror"],"max_hp_gain":0,"max_hp_loss":0,"event_name":"WeMeetAgain","floor":2,"gold_loss":0},{"damage_healed":0,"gold_gain":0,"player_choice":"Searched \u00271\u0027 times","damage_taken":0,"max_hp_gain":0,"max_hp_loss":0,"event_name":"Dead Adventurer","floor":13,"gold_loss":0},{"damage_healed":0,"gold_gain":0,"player_choice":"Ignored","damage_taken":0,"max_hp_gain":0,"max_hp_loss":0,"event_name":"Ghosts","floor":21,"gold_loss":0},{"damage_healed":0,"gold_gain":0,"player_choice":"Shed Blood","damage_taken":22,"max_hp_gain":5,"max_hp_loss":0,"event_name":"Forgotten Altar","floor":28,"gold_loss":0},{"damage_healed":0,"gold_gain":0,"player_choice":"Read","damage_taken":0,"max_hp_gain":0,"max_hp_loss":0,"event_name":"The Library","floor":29,"gold_loss":0,"cards_obtained":["FIFO Queue"]},{"damage_healed":0,"gold_gain":0,"player_choice":"Fight","damage_taken":0,"max_hp_gain":0,"max_hp_loss":0,"event_name":"MindBloom","floor":39,"gold_loss":0},{"damage_healed":0,"gold_gain":0,"player_choice":"Ignored","damage_taken":0,"max_hp_gain":0,"max_hp_loss":0,"event_name":"Mysterious Sphere","floor":44,"gold_loss":0}],"is_beta":false,"boss_relics":[{"not_picked":["Replay:Ancient Bell","ReplayTheSpireMod:DimensionalGlitch"],"picked":"Inserter"},{"not_picked":["Fusion Hammer","Replay:Grab Bag"],"picked":"Ring of Chaos"}],"items_purged_floors":[11,24,37,41],"is_endless":false,"potions_floor_spawned":[1,7,13,18,27,35,36,47,48],"killed_by":"Time Eater","ascension_level":0}}