{"host":"e8hwgc5hwysw32tq","time":1611436834,"event":{"mods":["BaseMod","Downfall","Minty Spire (QoL Compilation)","Shop Mod","StSLib"],"gold_per_floor":[99,119,119,135,150,150,231,19,19,38,67,85,98,98,114,114,114,114],"floor_reached":16,"language":"ENG","playtime":1046,"items_purged":[],"score":109,"play_id":"b3890f19-63dd-4108-8213-15432a0c036a","local_time":"20210123132034","is_ascension_mode":true,"campfire_choices":[{"floor":1,"key":"RECALL"},{"data":"Guardian:TwinSlam","floor":6,"key":"SMITH"},{"data":"Guardian:PrimingBeam","floor":9,"key":"SMITH"}],"circlet_count":0,"master_deck":["Guardian:Strike_Guardian","Guardian:Strike_Guardian","Guardian:Defend_Guardian","Guardian:Defend_Guardian","Guardian:Defend_Guardian","Guardian:CurlUp","Guardian:TwinSlam+1","Guardian:ExploitGems+1","Guardian:Emergency","Guardian:CrystalBeam","Guardian:PrimingBeam+1","Guardian:Gem_Red","Guardian:Gem_Red","Guardian:Recover"],"relics":["Guardian:ModeShifter","Singing Bowl","Nunchaku","FossilizedHelix"],"acts_visited":["Exordium"],"potions_floor_usage":[15,16,16,16,16,16],"damage_taken":[{"damage":1,"enemies":"2 Louse","floor":2,"turns":4},{"damage":5,"enemies":"Cultist","floor":4,"turns":5},{"damage":10,"enemies":"Jaw Worm","floor":5,"turns":4},{"damage":0,"enemies":"downfall:FleeingMerchant","floor":8,"turns":4},{"damage":13,"enemies":"Gremlin Gang","floor":10,"turns":5},{"damage":15,"enemies":"3 Sentries","floor":11,"turns":7},{"damage":3,"enemies":"2 Fungi Beasts","floor":12,"turns":3},{"damage":5,"enemies":"3 Louse","floor":13,"turns":3},{"damage":0,"enemies":"2 Fungi Beasts","floor":15,"turns":2},{"damage":16,"enemies":"WA_ARCHETYPE_RETAIN","floor":16,"turns":12}],"seed_played":"-3073089104397999399","potions_obtained":[{"floor":4,"key":"Dexterity Potion"},{"floor":5,"key":"Guardian:DefensiveModePotion"},{"floor":13,"key":"EntropicBrew"}],"is_trial":false,"path_per_floor":["R","M","?","M","M","R","T","$","R","M","E","M","M","?","M","B"],"character_chosen":"GUARDIAN","items_purchased":["Nunchaku","Guardian:PrimingBeam"],"campfire_rested":0,"item_purchase_floors":[8,8],"current_hp_per_floor":[56,55,55,50,40,40,40,42,42,31,16,13,10,10,10,0,0,0],"gold":114,"neow_bonus":"TRANSFORM_TWO_CARDS","is_daily":false,"chose_seed":false,"campfire_upgraded":2,"win_rate":0.0,"timestamp":1611436834,"path_taken":["R","M","?","?","M","R","T","$","R","M","E","M","M","?","M","BOSS"],"items_purchased_type":["Relic","Card"],"build_version":"2020-12-22","purchased_purges":0,"victory":false,"max_hp_per_floor":[80,80,80,80,80,80,80,82,82,84,84,84,86,86,86,86,86,86],"card_choices":[{"not_picked":["Guardian:SentryBeam","Guardian:SpikerProtocol"],"picked":"Guardian:Gem_Green","floor":2},{"not_picked":["Guardian:TemporalStrike","Guardian:Incinerate"],"picked":"Guardian:CrystalBeam","floor":4},{"not_picked":["Guardian:ShieldCharger","Guardian:WalkerClaw"],"picked":"Guardian:Gem_Lightblue","floor":5},{"not_picked":["Guardian:Gem_Yellow","Guardian:ChargeCore","Guardian:RevengeProtocol"],"picked":"Singing Bowl","floor":8},{"not_picked":["Guardian:DonusPower","Guardian:BodySlam","Guardian:WalkerClaw"],"picked":"Singing Bowl","floor":10},{"not_picked":["Guardian:Suspension","Guardian:ConstructionForm"],"picked":"Guardian:Gem_Red","floor":11},{"not_picked":["Guardian:RefractedBeam","Guardian:Suspension"],"picked":"Guardian:Gem_Red","floor":12},{"not_picked":["Guardian:Recover","Guardian:PrimingBeam","Guardian:RefractedBeam"],"picked":"Singing Bowl","floor":13},{"not_picked":["Guardian:Planning","Guardian:AncientConstruct"],"picked":"Guardian:Recover","floor":15}],"player_experience":419342,"relics_obtained":[{"floor":7,"key":"Singing Bowl"},{"floor":11,"key":"FossilizedHelix"}],"event_choices":[{"cards_removed":["Guardian:Strike_Guardian"],"damage_healed":0,"gold_gain":0,"player_choice":"Forget","damage_taken":0,"max_hp_gain":0,"max_hp_loss":0,"event_name":"Living Wall","floor":14,"gold_loss":0}],"is_beta":false,"boss_relics":[],"items_purged_floors":[],"is_endless":false,"potions_floor_spawned":[4,5,13],"killed_by":"WA_ARCHETYPE_RETAIN","ascension_level":1}}