{"host":"i12146r8rqb6k94u","time":1611400046,"event":{"mods":["Astrologer","BaseMod","Beaked The Cultist","CapriCore","Colored Powertips","GifTheSpireLib","Hero for Fun","Highlight Path","Ironclad Rager","Lobotomy","LobotomyExtend","Minty Spire (QoL Compilation)","Quick Restart","StSLib","The Cursed","The Immortal","Waifu the Spire"],"gold_per_floor":[109,109,128,128,93,126,126,153,177,177,193,205,205,223,223,320,320,335,33,45,45,62,95,105,30,84,84,84,101,101,117,117,117,117],"floor_reached":33,"language":"JPN","playtime":1317,"items_purged":[],"score":317,"play_id":"6435bb01-4590-4ac9-8a9a-9b4466137df0","local_time":"20210123200726","is_ascension_mode":true,"campfire_choices":[{"data":"TheCursedMod:NeowsMight","floor":7,"key":"SMITH"},{"data":"1","floor":10,"key":"LIFT"},{"data":"2","floor":15,"key":"LIFT"},{"data":"3","floor":28,"key":"LIFT"},{"floor":30,"key":"DIG"},{"floor":32,"key":"DIG"}],"circlet_count":0,"master_deck":["TheCursedMod:CursedWand+1","TheCursedMod:Stigma","TheCursedMod:CircleOfFlame+1","TheCursedMod:Mangle","TheCursedMod:Mangle","TheCursedMod:Mangle","TheCursedMod:AshesToAshes","TheCursedMod:NeowsMight+1","Flash of Steel+1","BlueStar","TheCursedMod:WearCloak+1","TheCursedMod:TacticalStrike","OSAHOGD","TheCursedMod:SurpriseAttack","TheCursedMod:Hemoplague","LongBird","TheCursedMod:CursedBlade","PunishingBird","TheCursedMod:Stigma","FieryBird","TheCursedMod:LuckyCharm","UniverseFragment","CurseOfTheBell","Laetitia","TheCursedMod:SpitefulStrike+1","QueenOfHatred","TheCursedMod:CursedStaff","LittleHelper","TheCursedMod:SurpriseAttack","TheCursedMod:LuckyCharm","TheCursedMod:SpitefulPray","TheCursedMod:WearCloak"],"relics":["TheCursedMod:Tack","CogitoBucket","LetterFromLob","Toy Ornithopter","Centennial Puzzle","Girya","War Paint","AspirationHeart","Calling Bell","PreservedInsect","HornCleat","Shovel","Vajra","Sling","Theresia","Darkstone Periapt","Juzu Bracelet","Nunchaku","Happy Flower"],"acts_visited":["Exordium","TheCity"],"potions_floor_usage":[16,22],"damage_taken":[{"damage":0,"enemies":"Small Slimes","floor":1,"turns":1},{"damage":0,"enemies":"Cultist","floor":3,"turns":1},{"damage":0,"enemies":"Lagavulin","floor":6,"turns":2},{"damage":2,"enemies":"3 Sentries","floor":8,"turns":2},{"damage":0,"enemies":"2 Louse","floor":11,"turns":2},{"damage":0,"enemies":"Gremlin Gang","floor":12,"turns":1},{"damage":0,"enemies":"Exordium Thugs","floor":14,"turns":1},{"damage":37,"enemies":"Hexaghost","floor":16,"turns":3},{"damage":4,"enemies":"3 Byrds","floor":18,"turns":2},{"damage":0,"enemies":"Chosen","floor":20,"turns":3},{"damage":6,"enemies":"Snake Plant","floor":22,"turns":2},{"damage":2,"enemies":"Book of Stabbing","floor":23,"turns":2},{"damage":0,"enemies":"Shelled Parasite and Fungi","floor":24,"turns":3},{"damage":21,"enemies":"Cultist and Chosen","floor":29,"turns":3},{"damage":9,"enemies":"Chosen and Byrds","floor":31,"turns":2},{"damage":85,"enemies":"Champ","floor":33,"turns":8}],"seed_played":"142727220863807233","potions_obtained":[{"floor":1,"key":"Fire Potion"},{"floor":6,"key":"Weak Potion"},{"floor":12,"key":"SpeedPotion"},{"floor":20,"key":"EssenceOfSteel"},{"floor":24,"key":"FearPotion"},{"floor":29,"key":"DuplicationPotion"}],"is_trial":false,"path_per_floor":["M","?","M","?","?","E","R","E","T","R","M","M","M","M","R","B",null,"M","$","M","?","M","E","M","$","T","?","R","M","R","M","R","B"],"character_chosen":"THE_CURSED","items_purchased":["Vajra","Sling","TheCursedMod:LuckyCharm"],"campfire_rested":0,"item_purchase_floors":[19,19,25],"current_hp_per_floor":[75,75,75,60,75,75,75,73,73,73,73,83,83,83,83,51,85,81,81,81,81,79,83,83,83,83,83,83,62,62,59,59,0,0],"gold":117,"neow_bonus":"","is_daily":false,"chose_seed":false,"campfire_upgraded":1,"win_rate":0.0,"timestamp":1611400046,"path_taken":["M","?","?","?","?","E","R","E","T","R","M","M","?","M","R","BOSS","M","$","M","?","?","E","M","?","T","?","R","M","R","M","R","BOSS"],"items_purchased_type":["Relic","Relic","Card"],"build_version":"2020-12-22","purchased_purges":0,"victory":false,"max_hp_per_floor":[75,75,75,75,75,75,75,75,75,75,75,85,85,85,85,85,85,85,85,85,85,85,85,85,85,85,85,85,85,85,85,85,85,85],"card_choices":[{"not_picked":["Murderer","Funeral","Bloodbath"],"picked":"Singing Bowl","floor":1},{"not_picked":["WallGazer","Laetitia"],"picked":"BlueStar","floor":1},{"not_picked":["TheCursedMod:CircleOfFlame","TheCursedMod:SoulCrush"],"picked":"TheCursedMod:WearCloak","floor":1},{"not_picked":["WhitesApple","SpiderBud","OldLady"],"picked":"Singing Bowl","floor":3},{"not_picked":["TheCursedMod:ReleasedStrength","TheCursedMod:Stretching"],"picked":"TheCursedMod:TacticalStrike","floor":3},{"not_picked":["Yin","FairyFestival","SnowQueen"],"picked":"Singing Bowl","floor":6},{"not_picked":["NakedNest","Bloodbath"],"picked":"OSAHOGD","floor":6},{"not_picked":["TheCursedMod:CursedBlade","TheCursedMod:SoulReap"],"picked":"TheCursedMod:SurpriseAttack","floor":6},{"not_picked":["OldLady","Bloodbath","BigBadWolf"],"picked":"Singing Bowl","floor":8},{"not_picked":["TheCursedMod:CursedShiv","TheCursedMod:Torture"],"picked":"TheCursedMod:Hemoplague","floor":8},{"not_picked":["Scorched","Variant","Freischutz"],"picked":"Singing Bowl","floor":11},{"not_picked":["WallGazer","CrumblingArmor"],"picked":"LongBird","floor":11},{"not_picked":["TheCursedMod:SpreadPlague","TheCursedMod:Hemoplague"],"picked":"TheCursedMod:CursedBlade","floor":11},{"not_picked":["LittleHelper","ShyLook"],"picked":"PunishingBird","floor":12},{"not_picked":["TheCursedMod:CircleOfFlame","TheCursedMod:CursedBlade"],"picked":"TheCursedMod:Stigma","floor":12},{"not_picked":["GalaxyChild","Variant","WallGazer"],"picked":"Singing Bowl","floor":14},{"not_picked":["CherryBlossoms","MeatLantern"],"picked":"FieryBird","floor":14},{"not_picked":["TheCursedMod:AbyssShockwave","TheCursedMod:CursedShiv"],"picked":"TheCursedMod:LuckyCharm","floor":14},{"not_picked":["BigBadWolf","WallGazer"],"picked":"UniverseFragment","floor":16},{"not_picked":["SnowQueen","LittlePrince","QueenOfHatred"],"picked":"Singing Bowl","floor":18},{"not_picked":["TheCursedMod:RavingStaff","TheCursedMod:EmpowerCircles","TheCursedMod:FleshFromBone"],"picked":"SKIP","floor":18},{"not_picked":["HeroicMonk","Bloodbath"],"picked":"Laetitia","floor":20},{"not_picked":["TheCursedMod:DarkBarrier","TheCursedMod:Torture"],"picked":"TheCursedMod:SpitefulStrike+1","floor":20},{"not_picked":["Woodsman","BlackSwan","GalaxyChild"],"picked":"Singing Bowl","floor":22},{"not_picked":["Wellcheers","Scarecrow"],"picked":"QueenOfHatred","floor":22},{"not_picked":["TheCursedMod:Obscuration","TheCursedMod:EmpowerCircles+1"],"picked":"TheCursedMod:CursedStaff","floor":22},{"not_picked":["MeatLantern","MeltingLove"],"picked":"LittleHelper","floor":23},{"not_picked":["TheCursedMod:Stretching+1","TheCursedMod:SpitefulPlan"],"picked":"TheCursedMod:SurpriseAttack","floor":23},{"not_picked":["Scarecrow","CrumblingArmor","Alriune"],"picked":"Singing Bowl","floor":24},{"not_picked":["TheCursedMod:TacticalStrike","TheCursedMod:CursedBlade","TheCursedMod:SaltUponWound+1"],"picked":"SKIP","floor":24},{"not_picked":["CherryBlossoms","MHz","CrumblingArmor"],"picked":"Singing Bowl","floor":29},{"not_picked":["TheCursedMod:LuckyCharm","TheCursedMod:ReleasedKnowledge+1"],"picked":"TheCursedMod:SpitefulPray","floor":29},{"not_picked":["GalaxyChild","Wellcheers","MeatLantern"],"picked":"Singing Bowl","floor":31},{"not_picked":["TheCursedMod:TacticalStrike+1","TheCursedMod:Stigma"],"picked":"TheCursedMod:WearCloak","floor":31}],"player_experience":286027,"relics_obtained":[{"floor":1,"key":"LetterFromLob"},{"floor":6,"key":"Centennial Puzzle"},{"floor":8,"key":"Girya"},{"floor":9,"key":"War Paint"},{"floor":17,"key":"PreservedInsect"},{"floor":17,"key":"HornCleat"},{"floor":17,"key":"Shovel"},{"floor":23,"key":"Darkstone Periapt"},{"floor":26,"key":"Juzu Bracelet"},{"floor":30,"key":"Nunchaku"},{"floor":32,"key":"Happy Flower"}],"event_choices":[{"damage_healed":0,"gold_gain":0,"player_choice":"Gave Potion","damage_taken":0,"relics_obtained":["Toy Ornithopter"],"max_hp_gain":0,"max_hp_loss":0,"event_name":"WeMeetAgain","floor":2,"gold_loss":0},{"damage_healed":0,"gold_gain":0,"player_choice":"Entered Light","damage_taken":15,"max_hp_gain":0,"max_hp_loss":0,"event_name":"Shining Light","floor":4,"gold_loss":0,"cards_upgraded":["Flash of Steel","TheCursedMod:CursedWand"]},{"damage_healed":18,"gold_gain":0,"player_choice":"Healed","damage_taken":0,"max_hp_gain":0,"max_hp_loss":0,"event_name":"The Cleric","floor":5,"gold_loss":35},{"cards_removed":["TheCursedMod:ParallelWorld"],"damage_healed":0,"gold_gain":0,"player_choice":"Purged","damage_taken":0,"max_hp_gain":0,"max_hp_loss":0,"event_name":"Purifier","floor":21,"gold_loss":0},{"damage_healed":0,"gold_gain":0,"player_choice":"Ignored","damage_taken":0,"max_hp_gain":0,"max_hp_loss":0,"event_name":"Cursed Tome","floor":27,"gold_loss":0}],"is_beta":false,"boss_relics":[{"not_picked":["SlaversCollar","TheCursedMod:FourLeafCloverCharm"],"picked":"Calling Bell"}],"items_purged_floors":[],"is_endless":false,"potions_floor_spawned":[1,6,12,20,24,29],"killed_by":"Champ","ascension_level":1}}