{"host":"4kmvpqjeiacgn1pr","time":1611437608,"event":{"mods":["AchievementEnabler","BaseMod","Better Altar","Better Match","Better Note","Better Sensory Stone","Better Skull","Better Third Choice","Colored Map","Colored Powertips","Highlight Path","Minty Spire (QoL Compilation)","Permanent Neow","Rare Cards Sparkle","Replay The Spire","Spicy Shops","StSLib"],"gold_per_floor":[419,430,605,605,625,625,625],"floor_reached":6,"language":"ENG","playtime":405,"items_purged":[],"score":45,"play_id":"3ed2c4fe-a739-48ae-9c03-06210803997b","local_time":"20210123163328","is_ascension_mode":true,"campfire_choices":[],"circlet_count":0,"master_deck":["Strike_R","Strike_R","Strike_R","Strike_R","Strike_R","Defend_R","Defend_R","Defend_R","Defend_R","Bash","Run Through","Twin Strike","Doubt","Demonic Infusion"],"relics":["Burning Blood","Old Coin","FaceOfCleric"],"acts_visited":["Exordium"],"potions_floor_usage":[5],"damage_taken":[{"damage":2,"enemies":"2 Louse","floor":1,"turns":3},{"damage":13,"enemies":"Jaw Worm","floor":2,"turns":4},{"damage":0,"enemies":"Cultist","floor":5,"turns":4},{"damage":67,"enemies":"Lagavulin","floor":6,"turns":7}],"seed_played":"5880095816037264088","potions_obtained":[{"floor":2,"key":"SkillPotion"}],"is_trial":false,"path_per_floor":["M","M","?","?","M","E"],"character_chosen":"IRONCLAD","items_purchased":[],"campfire_rested":0,"item_purchase_floors":[],"current_hp_per_floor":[60,53,53,53,60,0,0],"gold":625,"neow_bonus":"ONE_RARE_RELIC","is_daily":false,"chose_seed":false,"campfire_upgraded":0,"win_rate":0.0,"timestamp":1611437608,"path_taken":["M","M","?","?","?","E"],"items_purchased_type":[],"build_version":"2020-12-22","purchased_purges":0,"victory":false,"max_hp_per_floor":[80,80,80,80,81,81,81],"card_choices":[{"not_picked":["Iron Wave","Wild Strike"],"picked":"Run Through","floor":1},{"not_picked":["Sword Boomerang","Power Through"],"picked":"Twin Strike","floor":2},{"not_picked":["ReplayTheSpireMod:Limb From Limb","Headbutt"],"picked":"Demonic Infusion","floor":5}],"player_experience":339672,"relics_obtained":[],"event_choices":[{"damage_healed":0,"gold_gain":175,"player_choice":"AGREE","damage_taken":430,"max_hp_gain":0,"max_hp_loss":0,"event_name":"betterThird:BetterSerpent","floor":3,"gold_loss":0},{"damage_healed":0,"gold_gain":0,"player_choice":"Trade","damage_taken":0,"relics_obtained":["FaceOfCleric"],"max_hp_gain":0,"max_hp_loss":0,"event_name":"FaceTrader","floor":4,"gold_loss":0}],"is_beta":false,"boss_relics":[],"items_purged_floors":[],"is_endless":false,"potions_floor_spawned":[2],"killed_by":"Lagavulin","ascension_level":5}}