{"host":"zutuzvv732cf59m3","time":1611402429,"event":{"mods":["BaseMod","Downfall","Marisa????????","Minty Spire (QoL Compilation)","Prisma Mod","Quick Restart","READ ME - Guardian Mod","Shop Mod","StSLib","The Construct","The Cursed","The Disciple","The Senshi","The Servant 0.9.4"],"gold_per_floor":[115,115,115,134,150,178,178,211,211,223,255,86,116,116,116,187,187,203,203,203,203,203,203,229,328,328,328,328,328],"floor_reached":28,"language":"ENG","playtime":1914,"items_purged":["Strike_G"],"score":425,"play_id":"9a652fa8-1ad5-4476-a3af-fa2afc272dd6","local_time":"20210123184709","is_ascension_mode":true,"campfire_choices":[{"floor":7.0,"key":"REST"},{"floor":15.0,"key":"REST"},{"data":"Neutralize","floor":23,"key":"SMITH"},{"floor":27,"key":"REST"}],"circlet_count":0,"master_deck":["AscendersBane","Strike_G","Strike_G","Strike_G+1","Defend_G","Defend_G+1","Defend_G","Defend_G+1","Defend_G","Survivor+1","Neutralize+1","Heel Hook","Flechettes+1","Purity"],"relics":["Runic Pyramid","War Paint","Darkstone Periapt","Mummified Hand","Blue Candle","StoneCalendar","Busted Crown","Enchiridion","InkBottle","Question Card"],"acts_visited":["Exordium","TheCity"],"potions_floor_usage":[],"damage_taken":[{"damage":4.0,"enemies":"Jaw Worm","floor":1.0,"turns":5.0},{"damage":1.0,"enemies":"Cultist","floor":4.0,"turns":4.0},{"damage":1.0,"enemies":"Small Slimes","floor":5.0,"turns":3.0},{"damage":22.0,"enemies":"Gremlin Nob","floor":6.0,"turns":4.0},{"damage":3.0,"enemies":"Lagavulin","floor":8.0,"turns":7.0},{"damage":4.0,"enemies":"3 Louse","floor":10.0,"turns":4.0},{"damage":12.0,"enemies":"3 Sentries","floor":11.0,"turns":13.0},{"damage":1.0,"enemies":"Slime Boss","floor":16.0,"turns":7.0},{"damage":5,"enemies":"Shell Parasite","floor":18,"turns":7},{"damage":32,"enemies":"Book of Stabbing","floor":24,"turns":7},{"damage":29,"enemies":"Slavers","floor":28,"turns":1}],"seed_played":"5652508025633753604","potions_obtained":[{"floor":5.0,"key":"ColorlessPotion"},{"floor":11.0,"key":"Strength Potion"},{"floor":16.0,"key":"Energy Potion"}],"is_trial":false,"path_per_floor":["M","?","?","M","M","E","R","E","T","M","E","$","?","?","R","B",null,"M","?","?","$","$","R","E","?","T","R","E"],"character_chosen":"THE_SILENT","items_purchased":["Purity"],"campfire_rested":3,"item_purchase_floors":[12],"current_hp_per_floor":[55,42,42,41,40,18,37,34,34,30,18,18,18,18,37,36,59,54,54,38,38,38,38,6,6,6,25,0,0],"gold":328,"neow_bonus":"BOSS_RELIC","is_daily":false,"chose_seed":false,"campfire_upgraded":1,"win_rate":0.0,"timestamp":1611402429,"path_taken":["M","?","?","M","?","E","R","E","T","M","E","$","?","?","R","BOSS","M","?","?","?","$","R","E","?","T","R","E"],"items_purchased_type":["Card"],"build_version":"2020-12-22","purchased_purges":1,"victory":false,"max_hp_per_floor":[66,66,66,66,66,66,66,66,66,66,66,66,66,66,66,66,66,66,66,66,66,66,66,66,66,66,66,66,66],"card_choices":[{"not_picked":["Outmaneuver","Bane"],"picked":"Heel Hook","floor":1.0},{"not_picked":["Dagger Spray","Terror","PiercingWail"],"picked":"SKIP","floor":4.0},{"not_picked":["Eviscerate","Noxious Fumes","Outmaneuver"],"picked":"SKIP","floor":5.0},{"not_picked":["Concentrate","Bane"],"picked":"Flechettes","floor":6.0},{"not_picked":["Dodge and Roll","Dash","Eviscerate"],"picked":"SKIP","floor":8.0},{"not_picked":["Calculated Gamble","Cloak And Dagger","Setup"],"picked":"SKIP","floor":10.0},{"not_picked":["Slice","Sucker Punch","Dodge and Roll"],"picked":"SKIP","floor":11.0},{"not_picked":["Slice"],"picked":"SKIP","floor":18},{"not_picked":["Dodge and Roll"],"picked":"SKIP","floor":24}],"player_experience":1796768,"relics_obtained":[{"floor":6.0,"key":"War Paint"},{"floor":8.0,"key":"Darkstone Periapt"},{"floor":9.0,"key":"Mummified Hand"},{"floor":11.0,"key":"Blue Candle"},{"floor":20,"key":"Enchiridion"},{"floor":24,"key":"InkBottle"},{"floor":26,"key":"Question Card"}],"event_choices":[{"damage_healed":0.0,"max_hp_gain":0.0,"max_hp_loss":0.0,"gold_gain":0.0,"event_name":"Shining Light","player_choice":"Entered Light","floor":2.0,"gold_loss":0.0,"damage_taken":13.0,"cards_upgraded":["Survivor","Strike_G"]},{"damage_healed":0.0,"max_hp_gain":0.0,"max_hp_loss":0.0,"gold_gain":0.0,"event_name":"Match and Keep!","player_choice":"0 cards matched","floor":3.0,"gold_loss":0.0,"damage_taken":0.0,"cards_obtained":[]},{"damage_healed":0.0,"max_hp_gain":0.0,"max_hp_loss":0.0,"gold_gain":30.0,"event_name":"Dead Adventurer","player_choice":"Searched \u00273\u0027 times","floor":13.0,"gold_loss":0.0,"damage_taken":0.0,"relics_obtained":["StoneCalendar"]},{"damage_healed":0.0,"max_hp_gain":0.0,"max_hp_loss":0.0,"gold_gain":0.0,"event_name":"Living Wall","player_choice":"Grow","floor":14.0,"gold_loss":0.0,"damage_taken":0.0,"cards_upgraded":["Flechettes"]},{"cards_removed":["Strike_G"],"damage_healed":0,"gold_gain":0,"player_choice":"Elegance","damage_taken":0,"max_hp_gain":0,"max_hp_loss":0,"event_name":"Back to Basics","floor":19,"gold_loss":0},{"damage_healed":0,"gold_gain":0,"player_choice":"Obtained Book","damage_taken":16,"max_hp_gain":0,"max_hp_loss":0,"event_name":"Cursed Tome","floor":20,"gold_loss":0},{"damage_healed":0,"gold_gain":99,"player_choice":"Stole From Cult","damage_taken":0,"max_hp_gain":0,"max_hp_loss":0,"event_name":"Nest","floor":25,"gold_loss":0}],"is_beta":false,"boss_relics":[{"not_picked":["construct:WeddingRing","Calling Bell"],"picked":"Busted Crown"}],"items_purged_floors":[12],"is_endless":false,"potions_floor_spawned":[5,11,16],"killed_by":"Slavers","ascension_level":14}}