{"host":"15dd7v8o90xso62x","time":1611397346,"event":{"mods":["BaseMod","Minty Spire (QoL Compilation)","Quick Restart","StSLib","SuperFastMode"],"gold_per_floor":[119,119,119,119,137,171,171,321,347,366,21,21,21,47,47,122,122,140,150,165,181,231,231,231,231],"floor_reached":24,"language":"KOR","playtime":587,"items_purged":["Doubt"],"score":508,"play_id":"4949a110-ccbf-490b-b431-4b849404236e","local_time":"20210123192226","is_ascension_mode":true,"campfire_choices":[{"data":"Blade Dance","floor":7.0,"key":"SMITH"},{"data":"Tactician","floor":15,"key":"SMITH"},{"floor":23,"key":"REST"}],"circlet_count":0,"master_deck":["AscendersBane","Strike_G","Strike_G","Strike_G","Strike_G","Strike_G","Defend_G","Defend_G","Defend_G","Defend_G","Defend_G","Survivor+1","Neutralize","Tactician+1","Blade Dance+1","Accuracy+1","Acrobatics","Accuracy"],"relics":["Ring of the Snake","NeowsBlessing","Snake Skull","Pantograph","Oddly Smooth Stone","Singing Bowl","StrikeDummy","HoveringKite"],"acts_visited":["Exordium","TheCity"],"potions_floor_usage":[14,14,18],"damage_taken":[{"damage":0.0,"enemies":"Jaw Worm","floor":1.0,"turns":1.0},{"damage":0.0,"enemies":"Small Slimes","floor":5.0,"turns":1.0},{"damage":0.0,"enemies":"Gremlin Nob","floor":6.0,"turns":1.0},{"damage":2.0,"enemies":"Cultist","floor":10.0,"turns":4.0},{"damage":0,"enemies":"Lagavulin","floor":14,"turns":4},{"damage":10,"enemies":"The Guardian","floor":16,"turns":13},{"damage":15,"enemies":"Shell Parasite","floor":18,"turns":6},{"damage":6,"enemies":"Chosen","floor":19,"turns":5},{"damage":11,"enemies":"Centurion and Healer","floor":20,"turns":6},{"damage":33,"enemies":"Snecko","floor":21,"turns":5},{"damage":51,"enemies":"Cultist and Chosen","floor":24,"turns":3}],"seed_played":"6110593570102847499","potions_obtained":[{"floor":1.0,"key":"Swift Potion"},{"floor":4.0,"key":"DistilledChaos"},{"floor":10.0,"key":"FearPotion"},{"floor":16,"key":"FearPotion"},{"floor":18,"key":"Strength Potion"}],"is_trial":false,"path_per_floor":["M","$","?","?","M","E","R","?","T","M","$","?","?","E","R","B",null,"M","M","M","M","?","R","M"],"character_chosen":"THE_SILENT","items_purchased":["Singing Bowl"],"campfire_rested":1,"item_purchase_floors":[11],"current_hp_per_floor":[59,59,33,33,33,33,33,33,33,31,31,11,16,18,18,35,65,50,46,37,6,6,30,0,0],"gold":231,"neow_bonus":"THREE_ENEMY_KILL","is_daily":false,"chose_seed":false,"campfire_upgraded":2,"win_rate":0.0,"timestamp":1611397346,"path_taken":["M","$","?","?","?","E","R","?","T","M","$","?","?","E","R","BOSS","M","M","M","M","?","R","M"],"items_purchased_type":["Relic"],"build_version":"2020-12-22","purchased_purges":1,"victory":false,"max_hp_per_floor":[66,66,66,66,66,66,66,66,66,66,66,66,71,73,73,75,75,75,77,79,81,81,81,81,81],"card_choices":[{"not_picked":["Setup","Deflect"],"picked":"Tactician","floor":1.0},{"not_picked":["Sucker Punch","Masterful Stab"],"picked":"Blade Dance","floor":5.0},{"not_picked":["Backflip","Outmaneuver"],"picked":"Accuracy","floor":6.0},{"not_picked":["Bouncing Flask","Backflip"],"picked":"Acrobatics","floor":10.0},{"not_picked":["Quick Slash","Dagger Throw","Riddle With Holes"],"picked":"Singing Bowl","floor":14},{"not_picked":["Unload","Envenom","Bullet Time"],"picked":"Singing Bowl","floor":16},{"not_picked":["Flying Knee","Quick Slash"],"picked":"Accuracy","floor":18},{"not_picked":["Bane","Acrobatics+1","Endless Agony"],"picked":"Singing Bowl","floor":19},{"not_picked":["Slice","Acrobatics","Quick Slash"],"picked":"Singing Bowl","floor":20},{"not_picked":["Deflect","Flying Knee","Prepared"],"picked":"Singing Bowl","floor":21}],"player_experience":1073315,"relics_obtained":[{"floor":6.0,"key":"Pantograph"},{"floor":9.0,"key":"Oddly Smooth Stone"},{"floor":14,"key":"StrikeDummy"}],"event_choices":[{"damage_healed":0.0,"max_hp_gain":0.0,"max_hp_loss":0.0,"gold_gain":0.0,"event_name":"Scrap Ooze","player_choice":"Success","floor":3.0,"gold_loss":0.0,"damage_taken":26.0,"relics_obtained":["Snake Skull"]},{"damage_healed":0.0,"max_hp_gain":0.0,"max_hp_loss":0.0,"gold_gain":0.0,"event_name":"Lab","player_choice":"Got Potions","floor":4.0,"gold_loss":0.0,"damage_taken":0.0},{"damage_healed":0.0,"max_hp_gain":0.0,"max_hp_loss":0.0,"gold_gain":150.0,"event_name":"Liars Game","player_choice":"AGREE","floor":8.0,"gold_loss":0.0,"damage_taken":0.0,"cards_obtained":["Doubt"]},{"damage_healed":0.0,"max_hp_gain":0.0,"max_hp_loss":0.0,"gold_gain":0.0,"event_name":"Shining Light","player_choice":"Entered Light","floor":12.0,"gold_loss":0.0,"damage_taken":20.0,"cards_upgraded":["Survivor","Accuracy"]},{"damage_healed":0.0,"max_hp_gain":5.0,"max_hp_loss":0.0,"gold_gain":0.0,"event_name":"Big Fish","player_choice":"Donut","floor":13.0,"gold_loss":0.0,"damage_taken":0.0},{"damage_healed":0,"gold_gain":50,"player_choice":"Stole From Cult","damage_taken":0,"max_hp_gain":0,"max_hp_loss":0,"event_name":"Nest","floor":22,"gold_loss":0}],"is_beta":false,"boss_relics":[{"not_picked":["Coffee Dripper","Runic Dome"],"picked":"HoveringKite"}],"items_purged_floors":[11],"is_endless":false,"potions_floor_spawned":[1,10,16,18],"killed_by":"Cultist and Chosen","ascension_level":20}}