{"host":"gyphjc57tbbk9zp6","time":1611445755,"event":{"mods":["100% Spire Juice","Act Like it!","Arknights The Spire","BaseMod","Downfall","Elementarium","Friendly Minions","FruityMod","Gensokyo","Gremlin Skip","Hallownest","Hermit","Highlight Path","Hubris","Hyrulean Relics","Infinite Spire","Ironclad Rager","Jorbs\u0027s Wanderer Trilogy","KinomotoSakuraMod(????)","Kiyohime????","Koishi","Luminous","Mad Scientist","Marisa????????","Mimic Mod","Minty Spire (QoL Compilation)","Nova Terra(??·??)","Pale of the Ancients","Potionbrewer","Robot Space Explorer","Shedinja","StSLib","SuperFastMode","Td1madao Mod","The Administrix","The Blackbeard","The Bladedancer","The Bug Knight","The Construct","The Disciple","The Druid","The Elementalist","The Exalted","The Hayseed","The Hierophant","The Judge","The Juggle","The Jungle","The Mystic","The Poker Player","The Senshi","The Servant 0.9.4","The Trickster","The Vixen","The Wild Card","TheHero","TheSwordswoman","TheVelvet","Yuyuko"],"gold_per_floor":[0,18,18,31,31,41,41,141,159,1,30,48,62,95,105,105,105,105],"floor_reached":16,"language":"ENG","playtime":1229,"items_purged":[],"score":139,"play_id":"f5bd5c8f-9a4e-4e37-98c4-58d805e6b78e","local_time":"20210123174915","is_ascension_mode":false,"campfire_choices":[{"data":"champ:Taunt","floor":1,"key":"SMITH"}],"circlet_count":0,"master_deck":["champ:Strike","champ:Strike","champ:Strike","champ:Strike","champ:Defend","champ:Defend","champ:Defend","champ:Defend","champ:Execute","champ:Taunt+1","champ:FocusedDefense","champ:TornadoPunch","champ:MurderStrike","champ:IgnorePain","champ:ShieldSlam","champ:FalseCounter"],"relics":["champ:ChampionCrown","Gensokyo:OccultBall","HornCleat","Regal Pillow","potionbrewer:Torch","Lantern","hubris:AstralHammer"],"acts_visited":["Gensokyo:Gensokyo"],"potions_floor_usage":[14,16],"damage_taken":[{"damage":9,"enemies":"Gensokyo:Python","floor":2,"turns":3},{"damage":10,"enemies":"Gensokyo:2_Kodama","floor":4,"turns":2},{"damage":10,"enemies":"Gensokyo:3_Fairies","floor":6,"turns":3},{"damage":10,"enemies":"Gensokyo:Kitsune","floor":9,"turns":3},{"damage":22,"enemies":"Gensokyo:Aya","floor":11,"turns":5},{"damage":10,"enemies":"Gensokyo:VengefulSpirit","floor":12,"turns":5},{"damage":2,"enemies":"Gensokyo:2_Rabbits","floor":13,"turns":3},{"damage":20,"enemies":"Gensokyo:Mamizou","floor":14,"turns":6},{"damage":10,"enemies":"Gensokyo:3_Kodama","floor":15,"turns":2},{"damage":60,"enemies":"DF_ARCHETYPE_STREAMLINE","floor":16,"turns":14}],"seed_played":"-1858491639637731957","potions_obtained":[{"floor":2,"key":"champ:CounterPotion"},{"floor":12,"key":"PowerPotion"},{"floor":13,"key":"potionbrewer:BoundlessPotion"},{"floor":14,"key":"potionbrewer:CleansingPotion"},{"floor":15,"key":"potionbrewer:CleansingPotion"}],"is_trial":false,"path_per_floor":["R","M","?","M","?","M","T","?","M","COS","E","M","M","E","M","B"],"character_chosen":"THE_CHAMP","items_purchased":[],"campfire_rested":0,"item_purchase_floors":[],"current_hp_per_floor":[90,81,81,81,66,66,66,66,66,66,64,64,62,62,52,0,0,0],"gold":105,"neow_bonus":"THREE_RARE_CARDS","is_daily":false,"chose_seed":false,"campfire_upgraded":1,"win_rate":0.0,"timestamp":1611445755,"path_taken":["R","M","?","M","?","?","T","?","M","COS","E","M","M","E","M","BOSS"],"items_purchased_type":[],"build_version":"2020-12-22","purchased_purges":0,"victory":false,"max_hp_per_floor":[90,90,90,90,90,90,90,90,90,90,90,90,90,90,90,90,90,90],"card_choices":[{"not_picked":["champ:Improvising","champ:HeavySlash"],"picked":"champ:ShieldThrow","floor":0},{"not_picked":["champ:Backstep","champ:GladiatorStyle"],"picked":"champ:FocusedDefense","floor":2},{"not_picked":["champ:FanOfKnives","champ:CrownThrow"],"picked":"champ:TornadoPunch","floor":4},{"not_picked":["champ:Backstep","champ:HeartStrike"],"picked":"champ:MurderStrike","floor":6},{"not_picked":["champ:PerfectedStrike","champ:Encircle","champ:DeathBlow"],"picked":"SKIP","floor":9},{"not_picked":["champ:BerserkersShout","champ:FancyFootwork","champ:Circumvent"],"picked":"SKIP","floor":11},{"not_picked":["champ:TripleStrike","champ:DancingMaster"],"picked":"champ:IgnorePain","floor":12},{"not_picked":["champ:CrownThrow","champ:TornadoPunch","champ:Circumvent"],"picked":"SKIP","floor":12},{"not_picked":["champ:CrownThrow","champ:TornadoPunch","champ:Circumvent"],"picked":"SKIP","floor":12},{"not_picked":["champ:Shatter","champ:Encircle"],"picked":"champ:ShieldSlam","floor":13},{"not_picked":["champ:EnGarde","champ:Circumvent","champ:GutPunch"],"picked":"SKIP","floor":14},{"not_picked":["champ:Circumvent","champ:Shatter"],"picked":"champ:FalseCounter","floor":15}],"player_experience":1052977,"relics_obtained":[{"floor":7,"key":"HornCleat"},{"floor":11,"key":"Regal Pillow"},{"floor":14,"key":"Lantern"}],"event_choices":[],"is_beta":false,"boss_relics":[],"items_purged_floors":[],"is_endless":false,"potions_floor_spawned":[2,12,13,14,15],"killed_by":"DF_ARCHETYPE_STREAMLINE","ascension_level":0}}