{"host":"c97twqu0op5dg8i4","time":1611373415,"event":{"mods":["AchievementEnabler","BaseMod","Colored Map","Minty Spire (QoL Compilation)","Permanent Neow"],"gold_per_floor":[117,117,134,148,167,22,22,36,118,148,148,148,179,190,190,286,286,296,296,307,307,27,27,27,27,52,52,82,0,20,50,50,146,196,214,214,214,69,69,69,81,109,133,133,148,148,148,165,165,165,165,165,64,92,92,92],"floor_reached":55,"language":"ENG","playtime":2174,"items_purged":["Strike_B"],"score":992,"play_id":"69acf3f8-4268-45c7-a678-1157234ad881","local_time":"20210122224335","is_ascension_mode":true,"campfire_choices":[{"data":"Defragment","floor":7,"key":"SMITH"},{"data":"Fission","floor":11,"key":"SMITH"},{"floor":15,"key":"REST"},{"data":"White Noise","floor":23,"key":"SMITH"},{"data":"Zap","floor":25,"key":"SMITH"},{"data":"Chaos","floor":27,"key":"SMITH"},{"floor":32,"key":"REST"},{"data":"Defragment","floor":40,"key":"SMITH"},{"floor":44,"key":"RECALL"},{"data":"Coolheaded","floor":46,"key":"SMITH"},{"data":"Doom and Gloom","floor":49,"key":"SMITH"},{"floor":52,"key":"REST"}],"circlet_count":0,"master_deck":["Strike_B","Strike_B+1","Defend_B","Defend_B","Defend_B","Zap+1","Rebound","Defragment+1","Fission+1","Coolheaded+1","Steam","Genetic Algorithm","Coolheaded","Ball Lightning","Thunder Strike+1","Conserve Battery","Chaos+1","Loop+1","Self Repair","White Noise+1","Consume","Redo","Glacier+1","Core Surge","Defragment+1","Melter+1","Double Energy+1","Ball Lightning","Capacitor+1","Electrodynamics","Loop+1","Blind","The Bomb","Doom and Gloom+1","Tempest+1","Leap","Redo+1"],"relics":["Cracked Core","Bird Faced Urn","Lee\u0027s Waffle","HornCleat","Incense Burner","Omamori","Nuclear Battery","Art of War","Necronomicon","Smiling Mask","Calipers","Whetstone","Tiny House","Orrery","Boot","Du-Vu Doll","Thread and Needle"],"acts_visited":["Exordium","TheCity","TheBeyond","TheEnding"],"potions_floor_usage":[31,33,42,50,50,54,55],"damage_taken":[{"damage":2,"enemies":"2 Louse","floor":1,"turns":3},{"damage":0,"enemies":"Cultist","floor":3,"turns":3},{"damage":11,"enemies":"Jaw Worm","floor":4,"turns":4},{"damage":7,"enemies":"2 Fungi Beasts","floor":5,"turns":4},{"damage":21,"enemies":"3 Louse","floor":8,"turns":4},{"damage":26,"enemies":"Gremlin Nob","floor":10,"turns":4},{"damage":10,"enemies":"3 Sentries","floor":13,"turns":8},{"damage":3,"enemies":"Large Slime","floor":14,"turns":6},{"damage":13,"enemies":"Hexaghost","floor":16,"turns":12},{"damage":17,"enemies":"3 Byrds","floor":18,"turns":7},{"damage":2,"enemies":"Spheric Guardian","floor":20,"turns":6},{"damage":24,"enemies":"Book of Stabbing","floor":28,"turns":5},{"damage":7,"enemies":"Chosen and Byrds","floor":30,"turns":3},{"damage":24,"enemies":"Slavers","floor":31,"turns":7},{"damage":2,"enemies":"Champ","floor":33,"turns":8},{"damage":6,"enemies":"Orb Walker","floor":35,"turns":2},{"damage":0,"enemies":"3 Darklings","floor":41,"turns":6},{"damage":50,"enemies":"Reptomancer","floor":42,"turns":10},{"damage":0,"enemies":"4 Shapes","floor":45,"turns":6},{"damage":19,"enemies":"Transient","floor":48,"turns":5},{"damage":63,"enemies":"Donu and Deca","floor":50,"turns":9},{"damage":12,"enemies":"Shield and Spear","floor":54,"turns":4},{"damage":102,"enemies":"The Heart","floor":55,"turns":5}],"seed_played":"-3506306491915943843","potions_obtained":[{"floor":4,"key":"Dexterity Potion"},{"floor":8,"key":"SteroidPotion"},{"floor":10,"key":"Block Potion"},{"floor":28,"key":"Fire Potion"},{"floor":31,"key":"Swift Potion"},{"floor":34,"key":"Block Potion"},{"floor":41,"key":"EssenceOfDarkness"},{"floor":48,"key":"DistilledChaos"},{"floor":54,"key":"Dexterity Potion"}],"is_trial":false,"path_per_floor":["M","?","M","M","M","$","R","M","T","E","R","?","E","M","R","B",null,"M","?","M","?","$","R","?","R","T","R","E","?","M","E","R","B",null,"M","?","?","$","?","R","M","E","T","R","M","R","T","M","R","B",null,"R","$","E","B"],"character_chosen":"DEFECT","items_purchased":["Lee\u0027s Waffle","Self Repair","White Noise","Art of War","Orrery","Leap"],"campfire_rested":3,"item_purchase_floors":[6,22,22,22,38,53],"current_hp_per_floor":[48,48,48,39,34,82,82,63,63,39,39,39,31,30,54,43,72,57,57,57,57,57,57,41,41,41,41,32,32,40,31,55,68,84,80,80,80,80,75,75,87,56,56,56,75,75,75,68,68,32,73,87,87,81,0,0],"gold":92,"neow_bonus":"ONE_RARE_RELIC","is_daily":false,"chose_seed":false,"campfire_upgraded":8,"win_rate":0.0,"timestamp":1611373415,"path_taken":["M","?","?","M","M","$","R","M","T","E","R","?","E","M","R","BOSS","M","?","M","?","$","R","?","R","T","R","E","?","M","E","R","BOSS","M","?","?","$","?","R","M","E","T","R","?","R","?","?","R","BOSS","R","$","E","BOSS"],"items_purchased_type":["Relic","Card","Card","Relic","Relic","Card"],"build_version":"2020-12-22","purchased_purges":1,"victory":false,"max_hp_per_floor":[75,75,75,75,75,82,82,82,82,82,82,82,82,82,82,82,82,82,82,82,82,82,82,82,82,82,82,82,82,82,82,82,82,87,87,87,87,87,87,87,87,87,87,87,87,87,87,87,87,87,87,87,87,87,87,87],"card_choices":[{"not_picked":["Compile Driver","Redo"],"picked":"Rebound","floor":1},{"not_picked":["Darkness","Beam Cell"],"picked":"Defragment","floor":3},{"not_picked":["Stack","Redo"],"picked":"Fission","floor":4},{"not_picked":["Stack","Consume"],"picked":"Coolheaded","floor":5},{"not_picked":["Redo","Steam Power"],"picked":"Steam","floor":8},{"not_picked":["Stack","Steam"],"picked":"Genetic Algorithm","floor":10},{"not_picked":["Double Energy","Force Field"],"picked":"Coolheaded","floor":13},{"not_picked":["Gash","Turbo"],"picked":"Ball Lightning","floor":14},{"not_picked":["Hyperbeam","Amplify"],"picked":"Thunder Strike","floor":16},{"not_picked":["Gash+1","Beam Cell"],"picked":"Conserve Battery","floor":18},{"not_picked":["Turbo","Beam Cell"],"picked":"Loop+1","floor":20},{"not_picked":["Beam Cell","Genetic Algorithm"],"picked":"Consume","floor":28},{"not_picked":["FTL","Hologram"],"picked":"Redo","floor":30},{"not_picked":["Sunder","Leap"],"picked":"Glacier+1","floor":31},{"not_picked":["All For One","Rainbow"],"picked":"Core Surge","floor":33},{"not_picked":["Sweeping Beam","Gash+1"],"picked":"Defragment","floor":34},{"not_picked":["Rebound+1","Blizzard+1"],"picked":"Melter+1","floor":35},{"not_picked":["Sweeping Beam","Barrage"],"picked":"Double Energy+1","floor":38},{"not_picked":["Conserve Battery","Rebound"],"picked":"Ball Lightning","floor":38},{"not_picked":["Streamline","Cold Snap"],"picked":"Capacitor+1","floor":38},{"not_picked":["Coolheaded","Conserve Battery"],"picked":"Electrodynamics","floor":38},{"not_picked":["White Noise+1","Redo+1"],"picked":"Loop+1","floor":38},{"not_picked":["Trip","Chrysalis"],"picked":"Blind","floor":39},{"not_picked":["Mind Blast","Jack Of All Trades"],"picked":"The Bomb","floor":39},{"not_picked":["Gash","Beam Cell","Hologram+1"],"picked":"SKIP","floor":41},{"not_picked":["Beam Cell","Glacier"],"picked":"Doom and Gloom","floor":42},{"not_picked":["Reprogram+1","Beam Cell+1","Leap+1"],"picked":"SKIP","floor":45},{"not_picked":["Beam Cell+1","Cold Snap"],"picked":"Tempest+1","floor":48},{"not_picked":["Sweeping Beam","FTL+1"],"picked":"Redo+1","floor":54}],"player_experience":292024,"relics_obtained":[{"floor":9,"key":"HornCleat"},{"floor":10,"key":"Incense Burner"},{"floor":13,"key":"Omamori"},{"floor":24,"key":"Necronomicon"},{"floor":26,"key":"Smiling Mask"},{"floor":28,"key":"Calipers"},{"floor":31,"key":"Whetstone"},{"floor":42,"key":"Boot"},{"floor":47,"key":"Du-Vu Doll"},{"floor":54,"key":"Thread and Needle"}],"event_choices":[{"cards_removed":["Strike_B"],"damage_healed":0,"gold_gain":0,"player_choice":"Purged","damage_taken":0,"max_hp_gain":0,"max_hp_loss":0,"event_name":"Purifier","floor":2,"gold_loss":0},{"damage_healed":0,"gold_gain":0,"player_choice":"Ignored","damage_taken":0,"max_hp_gain":0,"max_hp_loss":0,"event_name":"Golden Wing","floor":12,"gold_loss":0},{"damage_healed":0,"gold_gain":0,"player_choice":"Read","damage_taken":0,"max_hp_gain":0,"max_hp_loss":0,"event_name":"The Library","floor":19,"gold_loss":0,"cards_obtained":["Chaos"]},{"cards_removed":["Defend_B"],"damage_healed":0,"gold_gain":0,"player_choice":"Elegance","damage_taken":0,"max_hp_gain":0,"max_hp_loss":0,"event_name":"Back to Basics","floor":21,"gold_loss":0},{"damage_healed":0,"gold_gain":0,"player_choice":"Obtained Book","damage_taken":16,"max_hp_gain":0,"max_hp_loss":0,"event_name":"Cursed Tome","floor":24,"gold_loss":0},{"damage_healed":0,"gold_gain":0,"player_choice":"Paid Fearfully","damage_taken":0,"max_hp_gain":0,"max_hp_loss":0,"event_name":"Masked Bandits","floor":29,"gold_loss":82},{"damage_healed":0,"gold_gain":0,"player_choice":"Ignored","damage_taken":0,"max_hp_gain":0,"max_hp_loss":0,"event_name":"Tomb of Lord Red Mask","floor":36,"gold_loss":0},{"cards_removed":["Dualcast"],"damage_healed":0,"gold_gain":0,"player_choice":"Removed Skill","damage_taken":0,"max_hp_gain":0,"max_hp_loss":0,"event_name":"Falling","floor":37,"gold_loss":0},{"damage_healed":0,"gold_gain":0,"player_choice":"Memory 2","damage_taken":5,"max_hp_gain":0,"max_hp_loss":0,"event_name":"SensoryStone","floor":39,"gold_loss":0}],"is_beta":false,"boss_relics":[{"not_picked":["Inserter","Philosopher\u0027s Stone"],"picked":"Nuclear Battery"},{"not_picked":["Busted Crown","SlaversCollar"],"picked":"Tiny House"}],"items_purged_floors":[53],"is_endless":false,"potions_floor_spawned":[4,8,10,13,20,28,31,41,48,54],"killed_by":"The Heart","ascension_level":7}}