{"host":"kpyoctgc7jne3jiy","time":1611424085,"event":{"mods":["AchievementEnabler","BaseMod","Minty Spire (QoL Compilation)","Relic Stats","Slay-I"],"gold_per_floor":[115,115,135,151,70,70,98,109,109,109,109],"floor_reached":10,"language":"ENG","playtime":404,"items_purged":[],"score":85,"play_id":"6b94558d-c024-4f97-9669-3e60db7aacf6","local_time":"20210123184805","is_ascension_mode":true,"campfire_choices":[{"floor":6.0,"key":"REST"}],"circlet_count":0,"master_deck":["Strike_R","Strike_R","Strike_R","Strike_R","Strike_R","Defend_R","Defend_R","Defend_R","Defend_R","Bash","Second Wind","Heavy Blade","Demon Form","Inflame","Cleave","Flex"],"relics":["Runic Cube","Blood Vial","White Beast Statue","Eternal Feather"],"acts_visited":["Exordium"],"potions_floor_usage":[7],"damage_taken":[{"damage":10.0,"enemies":"2 Louse","floor":1.0,"turns":4.0},{"damage":40.0,"enemies":"Cultist","floor":3.0,"turns":7.0},{"damage":7.0,"enemies":"Small Slimes","floor":4.0,"turns":4.0},{"damage":32,"enemies":"Gremlin Nob","floor":7,"turns":4},{"damage":19,"enemies":"Blue Slaver","floor":8,"turns":4},{"damage":15,"enemies":"3 Sentries","floor":10,"turns":2}],"seed_played":"919660093565753108","potions_obtained":[{"floor":1.0,"key":"Block Potion"},{"floor":3.0,"key":"FearPotion"},{"floor":8,"key":"Weak Potion"}],"is_trial":false,"path_per_floor":["M","?","M","M","$","R","E","M","T","E"],"character_chosen":"IRONCLAD","items_purchased":["Inflame"],"campfire_rested":1,"item_purchase_floors":[5],"current_hp_per_floor":[70,70,32,27,27,51,21,4,4,0,0],"gold":109,"neow_bonus":"BOSS_RELIC","is_daily":false,"chose_seed":false,"campfire_upgraded":0,"win_rate":0.0,"timestamp":1611424085,"path_taken":["M","?","M","?","$","R","E","M","T","E"],"items_purchased_type":["Card"],"build_version":"2020-12-22","purchased_purges":0,"victory":false,"max_hp_per_floor":[80,80,80,80,80,80,80,80,80,80,80],"relic_stats":{"Blood Vial":10,"counters":[6,25],"Eternal Feather":0,"obtain_stats":[{"Blood Vial":2,"Eternal Feather":9,"Burning Blood":0,"White Beast Statue":7,"Runic Cube":0},{"Blood Vial":1,"Eternal Feather":5,"Burning Blood":0,"White Beast Statue":4,"Runic Cube":0},{"Blood Vial":4,"Eternal Feather":23,"Burning Blood":0,"White Beast Statue":19,"Runic Cube":0}],"Runic Cube":[14]},"card_choices":[{"not_picked":["Power Through","Fire Breathing"],"picked":"Second Wind","floor":1.0},{"not_picked":["Warcry","Wild Strike"],"picked":"Heavy Blade","floor":3.0},{"not_picked":["True Grit","Perfected Strike"],"picked":"Demon Form","floor":4.0},{"not_picked":["Havoc","Heavy Blade"],"picked":"Cleave","floor":7},{"not_picked":["Sword Boomerang","Anger"],"picked":"Flex","floor":8}],"player_experience":313705,"relics_obtained":[{"floor":7,"key":"White Beast Statue"},{"floor":9,"key":"Eternal Feather"}],"event_choices":[{"damage_healed":0.0,"max_hp_gain":0.0,"max_hp_loss":0.0,"gold_gain":0.0,"event_name":"WeMeetAgain","player_choice":"Gave Potion","floor":2.0,"gold_loss":0.0,"damage_taken":0.0,"relics_obtained":["Blood Vial"]}],"is_beta":false,"boss_relics":[],"items_purged_floors":[],"is_endless":false,"potions_floor_spawned":[1,3,8],"killed_by":"3 Sentries","ascension_level":5}}