{"host":"lzqxvaqsxg63dd7g","time":1611397802,"event":{"mods":["BaseMod","Better Note","BetterRewards","Colored Map","Colored Powertips","Downfall","Infinite Spire","MarisaÅiñ∂âJÅ@ñÇóùçπÅj","Minty Spire (QoL Compilation)","Prisma Mod","Replay The Spire","StSLib","The Marked"],"gold_per_floor":[116,116,116,134,134,166,166,14,14,14,28,82,115,125,125,227,227,243,243,243,256,320,320,340,340,367,400,400,400,416,193,193,296,296,311,78,119,138,38,38,70,70,124,124,135,135,185,185,185,185,185],"floor_reached":50,"language":"ENG","playtime":13082,"items_purged":["Regret","Defend_P","Vigilance"],"score":440,"play_id":"7d320ddf-6944-4396-b00f-b21b73520a7a","local_time":"20210123023002","is_ascension_mode":true,"campfire_choices":[{"floor":10,"key":"REST"},{"floor":15,"key":"REST"},{"data":"Crescendo","floor":23,"key":"SMITH"},{"data":"Alpha","floor":25,"key":"SMITH"},{"floor":29,"key":"REST"},{"data":"Mayhem","floor":32,"key":"SMITH"},{"data":"Apotheosis","floor":40,"key":"SMITH"},{"floor":42,"key":"REST"},{"floor":49,"key":"REST"}],"circlet_count":0,"master_deck":["Defend_P","Defend_P","Defend_P","Alpha+1","Sanctity","Replay:AtTheReady","Blasphemy","Tantrum","Crescendo+1","Halt","DeceiveReality","Replay:LoomingThreat","FlurryOfBlows","Slimebound:Tackle+1","Slimebound:Tackle+1","Slimebound:Tackle+1","infinitespire:Collect","PathToVictory","ClearTheMind+1","Adaptation","PathToVictory+1","Mayhem+1","Pray","Wish","Apotheosis+1","Replay:DivineShield","infinitespire:Gouge"],"relics":["bronze:BronzeCore","Potion Belt","infinitespire:Cubic Diamond","infinitespire:WardingShard","Strawberry","Darkstone Periapt","Vajra","Bronze Scales","Empty Cage","Replay:Mystery Machine","ReplayTheSpireMod:Lightbulb","Simple Rune","Replay:Blank Codex","Painkiller Herb","InkBottle","Bird Faced Urn"],"acts_visited":["TheCity","TheBeyond"],"potions_floor_usage":[16,27,27,37,41,41,41,50,50],"damage_taken":[{"damage":3,"enemies":"Small Slimes","floor":1,"turns":3},{"damage":4,"enemies":"2 Louse","floor":4,"turns":3},{"damage":28,"enemies":"Lagavulin","floor":6,"turns":8},{"damage":5,"enemies":"Jaw Worm","floor":11,"turns":5},{"damage":12,"enemies":"3 Sentries","floor":13,"turns":6},{"damage":12,"enemies":"Blue Slaver","floor":14,"turns":4},{"damage":13,"enemies":"Hexaghost","floor":16,"turns":9},{"damage":2,"enemies":"Chosen","floor":18,"turns":4},{"damage":0,"enemies":"2 Thieves","floor":21,"turns":3},{"damage":6,"enemies":"Sentry and Sphere","floor":24,"turns":3},{"damage":7,"enemies":"Nightmare","floor":27,"turns":5},{"damage":6,"enemies":"Centurion and Healer","floor":30,"turns":4},{"damage":40,"enemies":"Automaton","floor":33,"turns":7},{"damage":8,"enemies":"3 Darklings","floor":35,"turns":3},{"damage":8,"enemies":"3 Shapes","floor":37,"turns":6},{"damage":1,"enemies":"Writhing Mass","floor":38,"turns":5},{"damage":33,"enemies":"Reptomancer","floor":41,"turns":4},{"damage":19,"enemies":"3 Darklings","floor":45,"turns":4},{"damage":0,"enemies":"Mind Bloom Boss Battle","floor":47,"turns":3},{"damage":100019,"enemies":"Donu and Deca","floor":50,"turns":4}],"seed_played":"4034974827234440716","potions_obtained":[{"floor":11,"key":"AttackPotion"},{"floor":13,"key":"Explosive Potion"},{"floor":14,"key":"hexamod:SoulburnPotion"},{"floor":21,"key":"Languid Potion"},{"floor":22,"key":"DuplicationPotion"},{"floor":30,"key":"AttackPotion"},{"floor":33,"key":"Reflective Coating"},{"floor":37,"key":"Adrenaline Potion"},{"floor":45,"key":"sneckomod:MuddlingPotion"},{"floor":47,"key":"BottledMiracle"}],"is_trial":false,"path_per_floor":["M","?","?","M","?","E","?","$","T","R","M","T","E","M","R","B",null,"M","?","AVR","M","?","R","M","R","T","NM","?","R","M","$","R","B",null,"?","T","?","?","T","T","E","T","T","AVR","?","?","?","?","T","B"],"character_chosen":"WATCHER","items_purchased":["Tantrum","Mayhem","Pray","Apotheosis","Replay:DivineShield"],"campfire_rested":5,"item_purchase_floors":[8,31,31,36,36],"current_hp_per_floor":[69,69,69,65,65,37,37,37,37,60,55,55,43,31,54,41,79,77,77,77,77,77,77,71,71,71,64,48,71,65,65,65,25,79,71,71,63,62,62,62,29,52,52,52,33,33,33,33,56,0,0],"gold":185,"neow_bonus":"THREE_RARE_CARDS","is_daily":false,"chose_seed":false,"campfire_upgraded":4,"win_rate":0.0,"timestamp":1611397802,"path_taken":["M","?","?","M","?","E","?","$","T","R","M","?","E","?","R","BOSS","M","?","AVR","M","?","R","M","R","T","NM","?","R","M","$","R","BOSS","?","T","?","?","T","T","E","T","T","AVR","?","?","?","?","T","BOSS"],"items_purchased_type":["Card","Card","Card","Card","Card"],"build_version":"2020-12-22","purchased_purges":3,"victory":false,"max_hp_per_floor":[72,72,72,72,72,72,79,79,79,79,79,79,79,79,79,79,79,79,79,79,79,79,79,79,79,79,79,79,79,79,79,79,79,79,79,79,79,79,79,79,79,79,79,79,79,79,79,79,79,79,79],"card_choices":[{"not_picked":["Replay:AllIn","DevaForm"],"picked":"Alpha","floor":0},{"not_picked":["Replay:AtTheReady","CrushJoints"],"picked":"Sanctity","floor":1},{"not_picked":["Replay:BluntJabs","Prostrate"],"picked":"Replay:AtTheReady","floor":4},{"not_picked":["Conclude","Meditate"],"picked":"Blasphemy","floor":6},{"not_picked":["ThirdEye","JustLucky"],"picked":"Crescendo","floor":11},{"not_picked":["Replay:ManipulateFuture","Crescendo"],"picked":"Halt","floor":13},{"not_picked":["BowlingBash","InnerPeace"],"picked":"DeceiveReality","floor":14},{"not_picked":["Judgement","Omniscience"],"picked":"Replay:LoomingThreat","floor":16},{"not_picked":["Conclude","Swivel+1"],"picked":"FlurryOfBlows","floor":18},{"not_picked":["CutThroughFate+1","Evaluate","Consecrate+1"],"picked":"SKIP","floor":21},{"not_picked":["Replay:AtTheReady+1","SashWhip"],"picked":"PathToVictory","floor":22},{"not_picked":["Protect+1","TalkToTheHand"],"picked":"ClearTheMind+1","floor":24},{"not_picked":["Protect","ThirdEye"],"picked":"Adaptation","floor":27},{"not_picked":["Protect","EmptyFist"],"picked":"PathToVictory+1","floor":30},{"not_picked":["Replay:AllIn","Ragnarok"],"picked":"Wish","floor":33},{"not_picked":["ThirdEye","Weave","Consecrate"],"picked":"SKIP","floor":35},{"not_picked":["Replay:Cycle","EmptyBody+1","WaveOfTheHand"],"picked":"SKIP","floor":37},{"not_picked":["FlyingSleeves+1","Crescendo"],"picked":"FearNoEvil+1","floor":38},{"not_picked":["EmptyFist","EmptyMind","Replay:BluntJabs"],"picked":"SKIP","floor":41},{"not_picked":["CutThroughFate+1","JustLucky+1","ThirdEye"],"picked":"SKIP","floor":45}],"player_experience":664005,"relics_obtained":[{"floor":6,"key":"infinitespire:WardingShard"},{"floor":9,"key":"Darkstone Periapt"},{"floor":12,"key":"Vajra"},{"floor":13,"key":"Bronze Scales"},{"floor":22,"key":"Replay:Mystery Machine"},{"floor":26,"key":"ReplayTheSpireMod:Lightbulb"},{"floor":27,"key":"Simple Rune"},{"floor":28,"key":"Replay:Blank Codex"},{"floor":41,"key":"InkBottle"},{"floor":47,"key":"Bird Faced Urn"}],"event_choices":[{"damage_healed":0,"gold_gain":0,"player_choice":"Box","damage_taken":0,"relics_obtained":["Potion Belt"],"max_hp_gain":0,"max_hp_loss":0,"event_name":"Big Fish","floor":2,"gold_loss":0,"cards_obtained":["Regret"]},{"damage_healed":0,"gold_gain":0,"player_choice":"Success","damage_taken":7,"relics_obtained":["Strawberry"],"max_hp_gain":0,"max_hp_loss":0,"event_name":"Scrap Ooze","floor":7,"gold_loss":0},{"damage_healed":0,"gold_gain":0,"player_choice":"Obtained Book","damage_taken":16,"max_hp_gain":0,"max_hp_loss":0,"event_name":"Cursed Tome","floor":28,"gold_loss":0},{"damage_healed":0,"gold_gain":0,"player_choice":"Ignored","damage_taken":0,"max_hp_gain":0,"max_hp_loss":0,"event_name":"Mysterious Sphere","floor":46,"gold_loss":0},{"damage_healed":0,"gold_gain":0,"player_choice":"Fight","damage_taken":0,"max_hp_gain":0,"max_hp_loss":0,"event_name":"MindBloom","floor":47,"gold_loss":0},{"cards_removed":["FearNoEvil"],"damage_healed":0,"gold_gain":0,"player_choice":"Removed Attack","damage_taken":0,"max_hp_gain":0,"max_hp_loss":0,"event_name":"Falling","floor":48,"gold_loss":0}],"is_beta":false,"boss_relics":[{"not_picked":["Tiny House","Philosopher\u0027s Stone"],"picked":"Empty Cage"},{"not_picked":["Pandora\u0027s Box","Replay:Bronze Core"],"picked":"Painkiller Herb"}],"items_purged_floors":[8,20,39],"is_endless":true,"potions_floor_spawned":[11,13,14,21,30,33,37,45,47],"killed_by":"Donu and Deca","ascension_level":1}}