{"host":"few9iyaxiywls251","time":1611427086,"event":{"mods":["BaseMod","Bestiary","Curses Come First","Highlight Path","Minty Spire (QoL Compilation)","Shop Mod","StSLib","The Marked"],"gold_per_floor":[114,129,144,158,174,200,200,200,247,270,270,295,333,353,353,460,460,400,400,400,253,253,253,253,253,253,69,69,69,69,69,69,69,69,69,69,69,69,69,69,69,69,69,69,69,69,0,0,0,0],"floor_reached":51,"language":"ENG","playtime":6096,"items_purged":["Defend_P+1","Defend_P+1"],"score":917,"play_id":"691262c2-cd94-4625-982e-4d196ce223d6","local_time":"20210123123806","is_ascension_mode":false,"campfire_choices":[{"data":"Scrawl","floor":8,"key":"SMITH"},{"data":"Crescendo","floor":15,"key":"SMITH"},{"data":"BattleHymn","floor":23,"key":"SMITH"},{"floor":30,"key":"REST"},{"data":"Establishment","floor":32,"key":"SMITH"},{"data":"FollowUp","floor":40,"key":"SMITH"},{"floor":45,"key":"REST"},{"floor":49,"key":"REST"}],"circlet_count":0,"master_deck":["Strike_P+1","Strike_P+1","Strike_P+1","Strike_P+1","Eruption+1","Vigilance+1","LessonLearned+1","FlyingSleeves+1","ThirdEye+1","Scrawl+1","WindmillStrike+1","Crescendo+1","Evaluate+1","EmptyMind+1","Blasphemy+1","BattleHymn+1","DeceiveReality+1","Dark Shackles+1","Establishment+1","FollowUp+1","ClearTheMind+1","FearNoEvil+1","Vault+1","Conclude+1"],"relics":["PureWater","Eternal Feather","CeramicFish","Toxic Egg 2","Ectoplasm","Strawberry","Pen Nib","Cursed Key","Shuriken","Red Mask"],"acts_visited":["Exordium","TheCity","TheBeyond"],"potions_floor_usage":[4,14,33,33,38,38,50,50,50],"damage_taken":[{"damage":0,"enemies":"Cultist","floor":1,"turns":2},{"damage":2,"enemies":"Small Slimes","floor":2,"turns":3},{"damage":4,"enemies":"Jaw Worm","floor":3,"turns":5},{"damage":6,"enemies":"Lots of Slimes","floor":4,"turns":4},{"damage":9,"enemies":"Exordium Wildlife","floor":5,"turns":5},{"damage":0,"enemies":"Gremlin Nob","floor":6,"turns":2},{"damage":8,"enemies":"Looter","floor":10,"turns":2},{"damage":3,"enemies":"Red Slaver","floor":11,"turns":3},{"damage":0,"enemies":"2 Fungi Beasts","floor":12,"turns":1},{"damage":2,"enemies":"Lagavulin","floor":13,"turns":5},{"damage":15,"enemies":"Exordium Thugs","floor":14,"turns":3},{"damage":0,"enemies":"Slime Boss","floor":16,"turns":4},{"damage":5,"enemies":"2 Thieves","floor":18,"turns":4},{"damage":4,"enemies":"3 Byrds","floor":20,"turns":6},{"damage":3,"enemies":"Snecko","floor":24,"turns":3},{"damage":0,"enemies":"Chosen and Byrds","floor":25,"turns":4},{"damage":0,"enemies":"Snake Plant","floor":28,"turns":2},{"damage":23,"enemies":"Slavers","floor":29,"turns":4},{"damage":0,"enemies":"Champ","floor":33,"turns":6},{"damage":0,"enemies":"Orb Walker","floor":35,"turns":2},{"damage":10,"enemies":"3 Darklings","floor":37,"turns":3},{"damage":23,"enemies":"Writhing Mass","floor":38,"turns":4},{"damage":6,"enemies":"Reptomancer","floor":41,"turns":3},{"damage":24,"enemies":"Jaw Worm Horde","floor":42,"turns":3},{"damage":0,"enemies":"Transient","floor":44,"turns":5},{"damage":1,"enemies":"Spire Growth","floor":46,"turns":3},{"damage":0,"enemies":"Jaw Worm Horde","floor":48,"turns":3},{"damage":66,"enemies":"Donu and Deca","floor":50,"turns":7}],"seed_played":"-8943592839053216191","potions_obtained":[{"floor":1,"key":"EssenceOfSteel"},{"floor":3,"key":"LiquidMemories"},{"floor":5,"key":"CultistPotion"},{"floor":6,"key":"Explosive Potion"},{"floor":14,"key":"PowerPotion"},{"floor":24,"key":"SteroidPotion"},{"floor":29,"key":"Weak Potion"},{"floor":33,"key":"StancePotion"},{"floor":37,"key":"ColorlessPotion"},{"floor":38,"key":"Fruit Juice"},{"floor":44,"key":"Swift Potion"},{"floor":46,"key":"Ancient Potion"}],"is_trial":false,"path_per_floor":["M","M","M","M","M","E","?","R","T","M","M","M","E","M","R","B",null,"M","?","M","$","?","R","M","M","T","$","M","E","R","?","R","B",null,"M","T","M","M","?","R","E","M","T","M","R","M","?","M","R","B",null],"character_chosen":"WATCHER","items_purchased":["BattleHymn","Dark Shackles+1"],"campfire_rested":3,"item_purchase_floors":[21,27],"current_hp_per_floor":[65,63,59,53,44,44,37,43,43,35,32,32,30,15,24,24,65,60,60,56,56,45,54,51,51,58,58,58,35,67,67,76,76,77,77,77,67,49,92,92,86,62,62,62,92,91,91,91,92,26],"gold":0,"neow_bonus":"THREE_RARE_CARDS","is_daily":false,"chose_seed":false,"campfire_upgraded":5,"win_rate":0.0,"timestamp":1611427086,"path_taken":["M","?","M","M","M","E","?","R","T","M","M","M","E","M","R","BOSS","M","?","?","$","?","R","M","M","T","$","M","E","R","?","R","BOSS","M","?","M","M","?","R","E","M","T","M","R","?","?","M","R","BOSS"],"items_purchased_type":["Card","Card"],"build_version":"2020-12-22","purchased_purges":2,"victory":true,"max_hp_per_floor":[65,65,65,65,65,65,65,65,65,65,65,65,65,65,65,65,65,65,65,65,65,70,70,70,70,77,77,77,77,77,77,77,77,77,77,77,77,82,92,92,92,92,92,92,92,92,92,92,92,92],"card_choices":[{"not_picked":["Vault","Omniscience"],"picked":"LessonLearned","floor":0},{"not_picked":["Weave","PathToVictory","JustLucky"],"picked":"SKIP","floor":1},{"not_picked":["SashWhip","Adaptation"],"picked":"FlyingSleeves","floor":2},{"not_picked":["WreathOfFlame","Vengeance"],"picked":"ThirdEye","floor":3},{"not_picked":["Evaluate","Halt"],"picked":"Scrawl","floor":4},{"not_picked":["Adaptation","Halt","FlyingSleeves"],"picked":"SKIP","floor":5},{"not_picked":["Adaptation","Halt","FlyingSleeves"],"picked":"SKIP","floor":5},{"not_picked":["Adaptation","Weave"],"picked":"WindmillStrike","floor":6},{"not_picked":["ThirdEye","ClearTheMind"],"picked":"Crescendo","floor":10},{"not_picked":["Halt","Perseverance","PathToVictory"],"picked":"SKIP","floor":11},{"not_picked":["WaveOfTheHand","Crescendo"],"picked":"Evaluate","floor":12},{"not_picked":["Swivel+1","Prostrate+1"],"picked":"EmptyMind+1","floor":13},{"not_picked":["WheelKick","JustLucky","Halt+1"],"picked":"SKIP","floor":14},{"not_picked":["LessonLearned","Devotion"],"picked":"Blasphemy+1","floor":16},{"not_picked":["Consecrate+1","EmptyFist","EmptyBody+1"],"picked":"SKIP","floor":18},{"not_picked":["FlurryOfBlows","ForeignInfluence+1","EmptyFist"],"picked":"SKIP","floor":20},{"not_picked":["Adaptation","CutThroughFate"],"picked":"DeceiveReality+1","floor":24},{"not_picked":["Crescendo+1","Consecrate+1","Weave"],"picked":"SKIP","floor":25},{"not_picked":["Study","FlurryOfBlows","Nirvana"],"picked":"SKIP","floor":28},{"not_picked":["Collect+1","EmptyBody+1","Prostrate+1"],"picked":"SKIP","floor":29},{"not_picked":["DevaForm","Establishment"],"picked":"Scrawl+1","floor":33},{"not_picked":["PathToVictory+1","MentalFortress+1"],"picked":"FollowUp","floor":35},{"not_picked":["Sanctity+1","FlyingSleeves+1"],"picked":"ClearTheMind+1","floor":37},{"not_picked":["Crescendo+1","Halt+1","ClearTheMind+1"],"picked":"SKIP","floor":38},{"not_picked":["SignatureMove+1","Wireheading+1"],"picked":"FearNoEvil","floor":41},{"not_picked":["ThirdEye+1","JustLucky","Collect+1"],"picked":"SKIP","floor":42},{"not_picked":["WindmillStrike+1","Wallop+1"],"picked":"Vault+1","floor":44},{"not_picked":["WreathOfFlame+1","BowlingBash"],"picked":"Conclude+1","floor":46},{"not_picked":["BattleHymn","SashWhip+1","PathToVictory+1"],"picked":"SKIP","floor":48}],"player_experience":153042,"relics_obtained":[{"floor":6,"key":"Eternal Feather"},{"floor":9,"key":"CeramicFish"},{"floor":13,"key":"Toxic Egg 2"},{"floor":26,"key":"Strawberry"},{"floor":29,"key":"Pen Nib"},{"floor":41,"key":"Shuriken"}],"event_choices":[{"cards_removed":["Defend_P"],"damage_healed":0,"gold_gain":0,"player_choice":"Card Removal","damage_taken":7,"max_hp_gain":0,"max_hp_loss":0,"event_name":"Golden Wing","floor":7,"gold_loss":0},{"damage_healed":0,"gold_gain":0,"player_choice":"Forge","damage_taken":0,"max_hp_gain":0,"max_hp_loss":0,"event_name":"Accursed Blacksmith","floor":19,"gold_loss":0,"cards_upgraded":["Evaluate"]},{"damage_healed":0,"gold_gain":0,"player_choice":"Shed Blood","damage_taken":16,"max_hp_gain":5,"max_hp_loss":0,"event_name":"Forgotten Altar","floor":22,"gold_loss":0},{"damage_healed":0,"gold_gain":0,"cards_transformed":["Defend_P"],"player_choice":"Transformed","damage_taken":0,"max_hp_gain":0,"max_hp_loss":0,"event_name":"Transmorgrifier","floor":31,"gold_loss":0,"cards_obtained":["Establishment"]},{"cards_removed":["Scrawl"],"damage_healed":33,"gold_gain":0,"player_choice":"Offered Rare","damage_taken":0,"max_hp_gain":10,"max_hp_loss":0,"event_name":"Bonfire Elementals","floor":39,"gold_loss":0},{"damage_healed":0,"gold_gain":0,"player_choice":"Paid","damage_taken":0,"relics_obtained":["Red Mask"],"max_hp_gain":0,"max_hp_loss":0,"event_name":"Tomb of Lord Red Mask","floor":47,"gold_loss":69}],"is_beta":false,"boss_relics":[{"not_picked":["HolyWater","Snecko Eye"],"picked":"Ectoplasm"},{"not_picked":["Black Star","Calling Bell"],"picked":"Cursed Key"}],"items_purged_floors":[21,27],"is_endless":false,"potions_floor_spawned":[1,3,5,6,12,14,24,29,33,37,38,44,46],"ascension_level":0}}