{"host":"kpklgwyuz86bov3e","time":1611388797,"event":{"mods":["100% Spire Juice","Act Like it!","Aspiration","BaseMod","Better Third Choice","CCEM","Colored Powertips","Conspire","Energized Spire","GifTheSpireLib","Halation","Hallownest","Highlight Path","Hubris","Jedi Mod","Melee Mod","Minty Spire (QoL Compilation)","Rare Cards Sparkle","Relic Sorter","Relic Stats","Replay The Spire","Shedinja","Shop Mod","Spicy Shops","Spikes Relics","StS++","StSLib","Stuff the Spire","The Blue Laboratory","The Poker Player","TheBandit","Waifu the Spire","slay the spire mod where everything is the same but ironclad has a cowboy hat"],"gold_per_floor":[118,183,198,214,28,63,63,90,90,90,119,180,234,12,12,107,107,123,123,137,150,53,53,79,34,34,19,32,32,57,22,22,120,120,131,131,131,131,131,27,27,27,42,42,42,42,56,56,56,69,69,69,69,69],"floor_reached":52,"language":"ENG","playtime":5104,"items_purged":["Clumsy","Shame"],"score":567,"play_id":"c306a606-f01a-4163-abf0-72bb48efbe7e","local_time":"20210123025956","is_ascension_mode":false,"metric_token":2130,"campfire_choices":[{"floor":7,"key":"REST"},{"data":"PokerPlayerMod:CardPrinter","floor":10,"key":"SMITH"},{"floor":15,"key":"REST"},{"data":"BlessedFruit","floor":23,"key":"SMITH"},{"floor":29,"key":"REST"},{"data":"PokerPlayerMod:CardPrinter+1","floor":32,"key":"SMITH"},{"data":"PokerPlayerMod:Duplicate","floor":42,"key":"SMITH"},{"data":"BlessedFruit","floor":46,"key":"SMITH"},{"data":"PokerPlayerMod:Mulligan","floor":48,"key":"SMITH"},{"data":"PokerPlayerMod:Promotion","floor":51,"key":"SMITH"}],"circlet_count":0,"master_deck":["PokerPlayerMod:Diamond1","PokerPlayerMod:Diamond2","PokerPlayerMod:Diamond3","PokerPlayerMod:Diamond4","PokerPlayerMod:Diamond5","PokerPlayerMod:Spade1","PokerPlayerMod:Spade2","PokerPlayerMod:Spade3","PokerPlayerMod:Spade4","PokerPlayerMod:Club1","PokerPlayerMod:Club2","PokerPlayerMod:Heart2","PokerPlayerMod:BadJoker","PokerPlayerMod:Mulligan+1","PokerPlayerMod:CardBurn","PokerPlayerMod:DiamondStrike","PokerPlayerMod:MagicTrick","PokerPlayerMod:Promotion+1","BlessedFruit+1","BlessedFruit+1","PokerPlayerMod:DartThrow","PokerPlayerMod:Diamond10+","PokerPlayerMod:Club4","PokerPlayerMod:Diamond10+","PokerPlayerMod:Diamond10+","PokerPlayerMod:Diamond2","PokerPlayerMod:Duplicate+1","Clumsy","ReplayTheSpireMod:IOU","PokerPlayerMod:ClubStrike","PokerPlayerMod:CloakAndDiamond"],"relics":["PokerPlayerMod:DeckCase","NeowsBlessing","TheAbacus","White Beast Statue","PokerPlayerMod:BottledPoker","aspiration:StickyExplosives_weak","hubris:SphereOfDissonance","StuffTheSpire:OldFever","aspiration:RitualDagger","MerchantsRug","CCEMRelics:PorcelainBowl","ReplayTheSpireMod:TigerMarble","Toy Ornithopter","PokerPlayerMod:Splitter","CCEMRelics:DissonantTune","conspire:InfiniteJournal","PrismaticShard","ReplayTheSpireMod:Lightbulb"],"acts_visited":["Exordium","Exordium","TheBeyond"],"potions_floor_usage":[11,12,16,18,21,30,50,52,52,52],"damage_taken":[{"damage":0,"enemies":"Small Slimes","floor":1,"turns":1},{"damage":0,"enemies":"Jaw Worm","floor":3,"turns":1},{"damage":0,"enemies":"Cultist","floor":4,"turns":1},{"damage":39,"enemies":"Gremlin Nob","floor":6,"turns":5},{"damage":9,"enemies":"conspire:MimicChest","floor":8,"turns":5},{"damage":10,"enemies":"Lagavulin","floor":11,"turns":6},{"damage":12,"enemies":"Gremlin Nob","floor":12,"turns":2},{"damage":26,"enemies":"The Guardian","floor":16,"turns":11},{"damage":29,"enemies":"Hallownest:3_Youths","floor":18,"turns":3},{"damage":9,"enemies":"Hallownest:Flukemon_and_Top","floor":20,"turns":3},{"damage":22,"enemies":"Hallownest:3_Mistakes","floor":21,"turns":6},{"damage":61,"enemies":"Hallownest:eliteWatcherKnight","floor":24,"turns":10},{"damage":20,"enemies":"Hallownest:2_Husk_Sentries","floor":28,"turns":3},{"damage":30,"enemies":"Hallownest:eliteSoulWarrior","floor":30,"turns":4},{"damage":50,"enemies":"Hallownest:BossGrimm","floor":33,"turns":7},{"damage":6,"enemies":"3 Shapes","floor":35,"turns":2},{"damage":6,"enemies":"Orb Walker","floor":43,"turns":2},{"damage":25,"enemies":"3 Darklings","floor":47,"turns":3},{"damage":6,"enemies":"Sphere and 2 Shapes","floor":50,"turns":2},{"damage":107,"enemies":"Replay:Hell Engine","floor":52,"turns":8}],"seed_played":"6230935088191940223","potions_obtained":[{"floor":2,"key":"blueLaboratory:HummingbirdPotion"},{"floor":2,"key":"blueLaboratory:NullPotion"},{"floor":2,"key":"Death Potion"},{"floor":6,"key":"Explosive Potion"},{"floor":11,"key":"PowerPotion"},{"floor":12,"key":"blueLaboratory:Moonshine"},{"floor":16,"key":"blueLaboratory:BottleOfVodka"},{"floor":18,"key":"jedi:wingpotion"},{"floor":20,"key":"blueLaboratory:StoneskinPotion"},{"floor":21,"key":"blueLaboratory:ForbiddenFruitJuice"},{"floor":24,"key":"jedi:holywater"},{"floor":28,"key":"SpeedPotion"},{"floor":30,"key":"blueLaboratory:LouseDecoction"},{"floor":33,"key":"blueLaboratory:HummingbirdPotion"},{"floor":35,"key":"ColorlessPotion"},{"floor":43,"key":"blueLaboratory:PolymorphPotion"},{"floor":50,"key":"blueLaboratory:Moonshine"}],"is_trial":false,"path_per_floor":["M","?","M","M","$","E","R","?","T","R","E","?","T","$","R","B",null,"M","?","M","M","$","R","E","?","T","$","M","R","E","$","R","B",null,"M","?","PTL","PTL","?","$","?","R","M","$","T","R","M","R","?","M","R","B"],"character_chosen":"THE_POKER_PLAYER","items_purchased":["TheAbacus","White Beast Statue","StuffTheSpire:OldFever","MerchantsRug","CCEMRelics:PorcelainBowl","PokerPlayerMod:Diamond10+","PokerPlayerMod:Diamond10+","PokerPlayerMod:Diamond2","PrismaticShard","blueLaboratory:FruitPunch"],"campfire_rested":3,"item_purchase_floors":[5,5,14,22,22,27,31,31,40,40],"current_hp_per_floor":[52,39,43,43,43,8,23,19,19,19,15,9,9,9,37,17,58,33,39,37,23,23,23,42,42,42,42,32,52,51,51,51,24,72,71,68,68,68,68,68,68,68,68,68,68,68,50,50,50,68,68,0,0,0],"gold":69,"neow_bonus":"THREE_ENEMY_KILL","is_daily":false,"chose_seed":false,"campfire_upgraded":7,"win_rate":0.0,"timestamp":1611388796,"path_taken":["M","?","M","?","$","E","R","?","T","R","E","?","?","$","R","BOSS","M","?","M","?","$","R","E","?","T","?","?","R","E","$","R","BOSS","M","?","PTL","PTL","?","$","?","R","M","$","T","R","?","R","?","?","R","BOSS"],"items_purchased_type":["Relic","Relic","Relic","Relic","Relic","Undefined","Undefined","Card","Relic","Potion"],"build_version":"2020-12-22","purchased_purges":2,"victory":false,"max_hp_per_floor":[52,52,52,52,52,52,52,52,52,52,54,56,56,56,56,58,58,59,59,60,62,62,62,65,65,65,65,67,67,69,69,69,72,72,72,68,68,68,68,68,68,68,69,69,69,69,69,69,69,73,73,78,78,78],"relic_stats":{"TheAbacus":[114],"counters":[20,84],"obtain_stats":[{"MerchantsRug":22,"CCEMRelics:PorcelainBowl":22,"NeowsBlessing":0,"halation:BottledLove":26,"hubris:SphereOfDissonance":12,"Oddly Smooth Stone":13,"Eternal Feather":11,"Replay:Ancient Bell":34,"HeavenlyBonsai":9,"PrismaticShard":40,"White Beast Statue":5,"aspiration:StickyExplosives_weak":8,"conspire:InfiniteJournal":34,"PokerPlayerMod:BottledPoker":6,"PokerPlayerMod:DeckCase":0,"TheAbacus":5,"CCEMRelics:DissonantTune":34,"ReplayTheSpireMod:TigerMarble":24,"aspiration:RitualDagger":17,"ReplayTheSpireMod:Lightbulb":45,"StuffTheSpire:OldFever":14,"Toy Ornithopter":30,"PokerPlayerMod:Splitter":34},{"MerchantsRug":11,"CCEMRelics:PorcelainBowl":11,"NeowsBlessing":0,"halation:BottledLove":12,"hubris:SphereOfDissonance":7,"Oddly Smooth Stone":7,"Eternal Feather":6,"Replay:Ancient Bell":15,"HeavenlyBonsai":5,"PrismaticShard":16,"White Beast Statue":3,"aspiration:StickyExplosives_weak":5,"conspire:InfiniteJournal":15,"PokerPlayerMod:BottledPoker":4,"PokerPlayerMod:DeckCase":0,"TheAbacus":3,"CCEMRelics:DissonantTune":15,"ReplayTheSpireMod:TigerMarble":12,"aspiration:RitualDagger":8,"ReplayTheSpireMod:Lightbulb":17,"StuffTheSpire:OldFever":7,"Toy Ornithopter":14,"PokerPlayerMod:Splitter":15},{"MerchantsRug":44,"CCEMRelics:PorcelainBowl":44,"NeowsBlessing":0,"halation:BottledLove":54,"hubris:SphereOfDissonance":21,"Oddly Smooth Stone":21,"Eternal Feather":19,"Replay:Ancient Bell":67,"HeavenlyBonsai":13,"PrismaticShard":69,"White Beast Statue":3,"aspiration:StickyExplosives_weak":13,"conspire:InfiniteJournal":67,"PokerPlayerMod:BottledPoker":8,"PokerPlayerMod:DeckCase":0,"TheAbacus":3,"CCEMRelics:DissonantTune":67,"ReplayTheSpireMod:TigerMarble":54,"aspiration:RitualDagger":32,"ReplayTheSpireMod:Lightbulb":71,"StuffTheSpire:OldFever":21,"Toy Ornithopter":60,"PokerPlayerMod:Splitter":67}],"Toy Ornithopter":18},"card_choices":[{"not_picked":["PokerPlayerMod:Configure","PokerPlayerMod:Fold"],"picked":"PokerPlayerMod:CardBurn","floor":1},{"not_picked":["PokerPlayerMod:JackOfSpades","PokerPlayerMod:Raise"],"picked":"PokerPlayerMod:DiamondStrike","floor":2},{"not_picked":["PokerPlayerMod:Diamond5","PokerPlayerMod:Club3"],"picked":"PokerPlayerMod:MagicTrick","floor":3},{"not_picked":["PokerPlayerMod:HiddenCard","PokerPlayerMod:Fold"],"picked":"PokerPlayerMod:Promotion","floor":4},{"not_picked":["PokerPlayerMod:HiddenCard","PokerPlayerMod:Spade5"],"picked":"PokerPlayerMod:CardPrinter","floor":6},{"not_picked":["PokerPlayerMod:Club4","PokerPlayerMod:Configure","PokerPlayerMod:Diamond5"],"picked":"SKIP","floor":11},{"not_picked":["PokerPlayerMod:Club1","PokerPlayerMod:Club3"],"picked":"PokerPlayerMod:DartThrow","floor":12},{"not_picked":["PokerPlayerMod:Diamond7","PokerPlayerMod:TheDieIsCast"],"picked":"PokerPlayerMod:Diamond10+","floor":16},{"not_picked":["PokerPlayerMod:Club2","PokerPlayerMod:CloakAndDiamond"],"picked":"PokerPlayerMod:Club4","floor":18},{"not_picked":["PokerPlayerMod:ClubsClub+1","PokerPlayerMod:JackOfSpades","PokerPlayerMod:Club1"],"picked":"SKIP","floor":20},{"not_picked":["PokerPlayerMod:MagicTrick","PokerPlayerMod:Diamond1","PokerPlayerMod:Spade1"],"picked":"SKIP","floor":21},{"not_picked":["PokerPlayerMod:Spade1","PokerPlayerMod:Club2","PokerPlayerMod:Raise"],"picked":"SKIP","floor":24},{"not_picked":["PokerPlayerMod:DiamondStrike","PokerPlayerMod:MagicTrick","PokerPlayerMod:Spade3"],"picked":"SKIP","floor":28},{"not_picked":["PokerPlayerMod:Spade4","PokerPlayerMod:FlyingCard","PokerPlayerMod:Raise"],"picked":"SKIP","floor":30},{"not_picked":["PokerPlayerMod:Club8","PokerPlayerMod:Spade7"],"picked":"PokerPlayerMod:Duplicate","floor":33},{"not_picked":["Looming Evil","hubris:Disease"],"picked":"Shame","floor":34},{"not_picked":["Hallucinations","Looming Evil"],"picked":"Clumsy","floor":34},{"not_picked":["Replay:Hysterical Blindness","Clumsy"],"picked":"ReplayTheSpireMod:IOU","floor":34},{"not_picked":["PokerPlayerMod:Diamond6","PokerPlayerMod:SecondChance","PokerPlayerMod:Harden+1"],"picked":"SKIP","floor":35},{"not_picked":["meleeMod_RaptorBoost+1","PokerPlayerMod:Heart3","meleeMod_DownTilt"],"picked":"SKIP","floor":43},{"not_picked":["PokerPlayerMod:Club1","PokerPlayerMod:Diamond4","Rip and Tear+1"],"picked":"SKIP","floor":47},{"not_picked":["StuffTheSpire:Incineration+1","StuffTheSpire:LoadUp","ReplayTheSpireMod:Strike From Hell+1"],"picked":"SKIP","floor":50}],"player_experience":414678,"relics_obtained":[{"floor":6,"key":"PokerPlayerMod:BottledPoker"},{"floor":8,"key":"aspiration:StickyExplosives_weak"},{"floor":9,"key":"HeavenlyBonsai"},{"floor":11,"key":"Eternal Feather"},{"floor":12,"key":"hubris:SphereOfDissonance"},{"floor":13,"key":"Oddly Smooth Stone"},{"floor":24,"key":"ReplayTheSpireMod:TigerMarble"},{"floor":26,"key":"halation:BottledLove"},{"floor":30,"key":"Toy Ornithopter"},{"floor":45,"key":"ReplayTheSpireMod:Lightbulb"}],"event_choices":[{"damage_healed":0,"gold_gain":0,"player_choice":"Searched \u00272\u0027 times","damage_taken":0,"max_hp_gain":0,"max_hp_loss":0,"event_name":"Dead Adventurer","floor":12,"gold_loss":0},{"damage_healed":0,"gold_gain":0,"player_choice":"Max HP","damage_taken":0,"max_hp_gain":0,"max_hp_loss":4,"event_name":"Winding Halls","floor":36,"gold_loss":0},{"cards_removed":["PokerPlayerMod:CardPrinter"],"damage_healed":0,"gold_gain":0,"player_choice":"Removed Power","damage_taken":0,"max_hp_gain":0,"max_hp_loss":0,"event_name":"Falling","floor":39,"gold_loss":0},{"damage_healed":0,"gold_gain":0,"cards_transformed":["PokerPlayerMod:TrumpStrike"],"player_choice":"Transformed","damage_taken":0,"max_hp_gain":0,"max_hp_loss":0,"event_name":"Transmorgrifier","floor":41,"gold_loss":0,"cards_obtained":["PokerPlayerMod:ClubStrike"]},{"damage_healed":0,"gold_gain":0,"player_choice":"1 cards matched","damage_taken":0,"max_hp_gain":0,"max_hp_loss":0,"event_name":"Match and Keep!","floor":49,"gold_loss":0,"cards_obtained":["PokerPlayerMod:CloakAndDiamond"]}],"is_beta":false,"boss_relics":[{"not_picked":["halation:Yufonium","energizedSpire:OgreHead"],"picked":"aspiration:RitualDagger"},{"not_picked":["conspire:RoyalGoblet","halation:Risk"],"picked":"Replay:Ancient Bell"},{"not_picked":["StuffTheSpire:Experiment12","jedi:arcanewood"],"picked":"PokerPlayerMod:Splitter"},{"not_picked":["Sundial","Mirror"],"picked":"CCEMRelics:DissonantTune"},{"not_picked":["StSpp:WoodenStick","Replay:PocketPolymizer"],"picked":"conspire:InfiniteJournal"}],"items_purged_floors":[14,40],"is_endless":false,"potions_floor_spawned":[6,8,11,12,16,18,20,21,24,28,30,33,35,43,47,50],"killed_by":"Replay:Hell Engine","ascension_level":0}}