{"host":"4qkvkh7pd9qr2mca","time":1611445821,"event":{"mods":["AchievementEnabler","Act Like it!","BaseMod","Colored Map","Colored Powertips","Highlight Path","Minty Spire (QoL Compilation)","Pale of the Ancients","Permanent Neow","Quick Restart","Relic Stats","StSLib","SuperFastMode"],"gold_per_floor":[114,114,131,149,167,167,194,194,242,255,288,299,299,318,318,393,393,412,431,431,431,431,456,466,466,548,548,578,596,596,317,317,396,396,406,425,442,453,468,498,498,526,526,546,546,571,588,599,599,599,599],"floor_reached":52,"language":"ENG","playtime":2786,"items_purged":["Strike_G"],"score":2171,"play_id":"6bf1d5cd-2746-4363-8762-6cce742f0415","local_time":"20210124005021","is_ascension_mode":true,"campfire_choices":[{"floor":6.0,"key":"REST"},{"data":"Neutralize","floor":8.0,"key":"SMITH"},{"data":"Footwork","floor":15.0,"key":"SMITH"},{"data":"Wraith Form v2","floor":25.0,"key":"SMITH"},{"data":"Wraith Form v2","floor":27.0,"key":"SMITH"},{"data":"Panacea","floor":32.0,"key":"SMITH"},{"data":"Tools of the Trade","floor":41,"key":"SMITH"},{"data":"Ghostly","floor":45,"key":"SMITH"},{"data":"Well Laid Plans","floor":49,"key":"SMITH"}],"circlet_count":0,"master_deck":["AscendersBane","Strike_G","Strike_G","Strike_G","Strike_G","Defend_G","Defend_G","Defend_G","Defend_G","Defend_G","Survivor","Neutralize+1","Infinite Blades","Flying Knee","Blade Dance","Blade Dance","Acrobatics","Finisher","Backflip","Footwork+1","Wraith Form v2+1","CurseOfTheBell","Deflect","Sucker Punch+1","Ghostly+1","Ghostly+1","Ghostly","Wraith Form v2+1","Panacea+1","Calculated Gamble+1","Dodge and Roll","Blade Dance","Tools of the Trade+1","Accuracy+1","Regret","Acrobatics","Blade Dance","Well Laid Plans+1"],"relics":["WristBlade","The Courier","Akabeko","Tiny Chest","StrikeDummy","Calling Bell","Boot","Shuriken","Du-Vu Doll","Enchiridion","Letter Opener","FossilizedHelix","Meat on the Bone","Unceasing Top","PreservedInsect","Cursed Key","Potion Belt","Darkstone Periapt","Ninja Scroll","Bird Faced Urn"],"acts_visited":["Exordium","TheCity","TheBeyond"],"potions_floor_usage":[],"damage_taken":[{"damage":0.0,"enemies":"Small Slimes","floor":1.0,"turns":4.0},{"damage":1.0,"enemies":"Cultist","floor":3.0,"turns":4.0},{"damage":4.0,"enemies":"Jaw Worm","floor":4.0,"turns":4.0},{"damage":11.0,"enemies":"Blue Slaver","floor":5.0,"turns":4.0},{"damage":0.0,"enemies":"Gremlin Nob","floor":7.0,"turns":2.0},{"damage":12.0,"enemies":"Large Slime","floor":10.0,"turns":3.0},{"damage":10.0,"enemies":"Lagavulin","floor":11.0,"turns":5.0},{"damage":0.0,"enemies":"Exordium Thugs","floor":12.0,"turns":2.0},{"damage":0.0,"enemies":"3 Louse","floor":14.0,"turns":2.0},{"damage":4.0,"enemies":"The Guardian","floor":16.0,"turns":14.0},{"damage":0.0,"enemies":"Chosen","floor":18.0,"turns":3.0},{"damage":2.0,"enemies":"2 Thieves","floor":19.0,"turns":4.0},{"damage":2.0,"enemies":"Slavers","floor":23.0,"turns":5.0},{"damage":5.0,"enemies":"Sentry and Sphere","floor":24.0,"turns":6.0},{"damage":3.0,"enemies":"Gremlin Leader","floor":28.0,"turns":7.0},{"damage":2.0,"enemies":"Snake Plant","floor":29.0,"turns":5.0},{"damage":4.0,"enemies":"Champ","floor":33.0,"turns":8.0},{"damage":0.0,"enemies":"3 Darklings","floor":35.0,"turns":3.0},{"damage":4.0,"enemies":"3 Shapes","floor":36.0,"turns":4.0},{"damage":1,"enemies":"Spire Growth","floor":37,"turns":6},{"damage":0,"enemies":"Transient","floor":38,"turns":6},{"damage":3,"enemies":"4 Shapes","floor":39,"turns":6},{"damage":0,"enemies":"Reptomancer","floor":40,"turns":6},{"damage":0,"enemies":"Nemesis","floor":42,"turns":5},{"damage":0,"enemies":"Jaw Worm Horde","floor":44,"turns":3},{"damage":0,"enemies":"Reptomancer","floor":46,"turns":2},{"damage":0,"enemies":"Maw","floor":47,"turns":6},{"damage":0,"enemies":"Spire Growth","floor":48,"turns":3},{"damage":3,"enemies":"Time Eater","floor":50,"turns":10},{"damage":8,"enemies":"Donu and Deca","floor":51,"turns":8}],"seed_played":"1327656086970391696","potions_obtained":[{"floor":3.0,"key":"SteroidPotion"},{"floor":4.0,"key":"CunningPotion"},{"floor":11.0,"key":"GamblersBrew"},{"floor":12.0,"key":"DuplicationPotion"},{"floor":24.0,"key":"Strength Potion"},{"floor":28.0,"key":"CunningPotion"},{"floor":33.0,"key":"BlessingOfTheForge"},{"floor":38,"key":"SpeedPotion"},{"floor":39,"key":"Block Potion"},{"floor":42,"key":"EntropicBrew"},{"floor":46,"key":"SpeedPotion"}],"is_trial":false,"path_per_floor":["M","?","M","M","M","R","E","R","T","M","E","M","?","M","R","B",null,"M","M","?","?","T","E","M","R","T","R","E","M","?","$","R","B",null,"M","M","M","M","M","E","R","E","T","M","R","E","M","M","R","B","B",null],"character_chosen":"THE_SILENT","items_purchased":["PreservedInsect","Panacea"],"campfire_rested":1,"item_purchase_floors":[31,31],"current_hp_per_floor":[59,54,53,49,38,57,57,57,57,45,35,35,66,66,66,62,65,65,63,42,33,33,31,26,26,26,26,23,21,21,21,21,17,29,29,25,24,24,21,21,21,21,27,27,27,27,39,39,39,38,39],"gold":599,"neow_bonus":"BOSS_RELIC","is_daily":false,"chose_seed":false,"campfire_upgraded":8,"win_rate":0.0,"timestamp":1611445821,"path_taken":["M","?","M","M","M","R","E","R","T","M","E","M","?","M","R","BOSS","M","M","?","?","?","E","M","R","T","R","E","M","?","$","R","BOSS","M","M","M","M","M","E","R","E","T","M","R","E","M","M","R","BOSS","BOSS"],"items_purchased_type":["Relic","Card"],"build_version":"2020-12-22","purchased_purges":1,"victory":true,"max_hp_per_floor":[66,66,66,66,66,66,66,66,66,66,66,66,66,66,66,66,66,66,66,66,33,33,33,33,33,33,33,33,33,33,33,33,33,33,33,33,33,33,33,33,33,33,39,39,39,39,39,39,39,39,39],"relic_stats":{"Darkstone Periapt":6,"counters":[30,150],"Shuriken":[78],"Bird Faced Urn":[23],"Tiny Chest":1,"PreservedInsect":170,"Letter Opener":[169],"Boot":[48],"Cursed Key":1,"obtain_stats":[{"Potion Belt":40,"Darkstone Periapt":42,"Enchiridion":20,"The Courier":2,"PreservedInsect":31,"Letter Opener":22,"Boot":17,"Cursed Key":34,"Akabeko":7,"Calling Bell":17,"Du-Vu Doll":17,"WristBlade":0,"Shuriken":17,"Ninja Scroll":43,"Bird Faced Urn":46,"Tiny Chest":9,"StrikeDummy":11,"FossilizedHelix":23,"Unceasing Top":28,"Ring of the Snake":0,"Meat on the Bone":26},{"Potion Belt":23,"Darkstone Periapt":24,"Enchiridion":12,"The Courier":1,"PreservedInsect":16,"Letter Opener":12,"Boot":10,"Cursed Key":17,"Akabeko":5,"Calling Bell":10,"Du-Vu Doll":10,"WristBlade":0,"Shuriken":10,"Ninja Scroll":24,"Bird Faced Urn":26,"Tiny Chest":5,"StrikeDummy":7,"FossilizedHelix":13,"Unceasing Top":15,"Ring of the Snake":0,"Meat on the Bone":14},{"Potion Belt":113,"Darkstone Periapt":118,"Enchiridion":51,"The Courier":4,"PreservedInsect":74,"Letter Opener":51,"Boot":44,"Cursed Key":82,"Akabeko":18,"Calling Bell":44,"Du-Vu Doll":44,"WristBlade":0,"Shuriken":44,"Ninja Scroll":118,"Bird Faced Urn":123,"Tiny Chest":18,"StrikeDummy":26,"FossilizedHelix":56,"Unceasing Top":69,"Ring of the Snake":0,"Meat on the Bone":62}],"Unceasing Top":[2],"Meat on the Bone":0},"card_choices":[{"not_picked":["Quick Slash","Terror"],"picked":"Infinite Blades","floor":1.0},{"not_picked":["Deadly Poison","Dagger Spray"],"picked":"Flying Knee","floor":3.0},{"not_picked":["Terror","Bane"],"picked":"Blade Dance","floor":4.0},{"not_picked":["Slice","Cloak And Dagger"],"picked":"Blade Dance","floor":5.0},{"not_picked":["Grand Finale","Prepared"],"picked":"Acrobatics","floor":7.0},{"not_picked":["Dodge and Roll","Expertise"],"picked":"Endless Agony","floor":10.0},{"not_picked":["Dagger Spray","Terror"],"picked":"Finisher","floor":11.0},{"not_picked":["Finisher","Dodge and Roll"],"picked":"Backflip","floor":12.0},{"not_picked":["Deflect","Concentrate"],"picked":"Footwork","floor":14.0},{"not_picked":["Tools of the Trade","Grand Finale"],"picked":"Wraith Form v2","floor":16.0},{"not_picked":["PiercingWail","Concentrate"],"picked":"Deflect","floor":18.0},{"not_picked":["Prepared","Blade Dance"],"picked":"Sucker Punch+1","floor":19.0},{"not_picked":["Underhanded Strike","Dagger Spray+1","Distraction"],"picked":"SKIP","floor":23.0},{"not_picked":["Finisher","Dagger Spray"],"picked":"Wraith Form v2","floor":24.0},{"not_picked":["Distraction","Acrobatics","Catalyst"],"picked":"SKIP","floor":28.0},{"not_picked":["Expertise+1","PiercingWail","Backflip"],"picked":"SKIP","floor":29.0},{"not_picked":["All Out Attack","Backflip"],"picked":"Calculated Gamble+1","floor":35.0},{"not_picked":["All Out Attack+1","Slice","Backstab"],"picked":"SKIP","floor":36.0},{"not_picked":["Poisoned Stab","Dagger Spray"],"picked":"Dodge and Roll","floor":37},{"not_picked":["Dodge and Roll+1","Underhanded Strike"],"picked":"Blade Dance","floor":38},{"not_picked":["Dodge and Roll","Expertise+1","Bane+1"],"picked":"SKIP","floor":39},{"not_picked":["Envenom","Masterful Stab"],"picked":"Tools of the Trade","floor":40},{"not_picked":["Deadly Poison","Cloak And Dagger+1"],"picked":"Accuracy+1","floor":42},{"not_picked":["Catalyst","Dodge and Roll"],"picked":"Acrobatics","floor":44},{"not_picked":["Unload","Slice"],"picked":"Blade Dance","floor":46},{"not_picked":["Heel Hook+1","Backflip","Flying Knee"],"picked":"SKIP","floor":47},{"not_picked":["Setup","Blade Dance"],"picked":"Well Laid Plans","floor":48}],"player_experience":579511,"relics_obtained":[{"floor":7.0,"key":"Akabeko"},{"floor":9.0,"key":"Tiny Chest"},{"floor":11.0,"key":"StrikeDummy"},{"floor":17.0,"key":"Boot"},{"floor":17.0,"key":"Shuriken"},{"floor":17.0,"key":"Du-Vu Doll"},{"floor":20.0,"key":"Enchiridion"},{"floor":22.0,"key":"Letter Opener"},{"floor":23.0,"key":"FossilizedHelix"},{"floor":26.0,"key":"Meat on the Bone"},{"floor":28.0,"key":"Unceasing Top"},{"floor":40,"key":"Potion Belt"},{"floor":42,"key":"Darkstone Periapt"},{"floor":43,"key":"Ninja Scroll"},{"floor":46,"key":"Bird Faced Urn"}],"event_choices":[{"damage_healed":0.0,"max_hp_gain":0.0,"max_hp_loss":0.0,"gold_gain":0.0,"event_name":"Scrap Ooze","player_choice":"Success","floor":2.0,"gold_loss":0.0,"damage_taken":5.0,"relics_obtained":["The Courier"]},{"cards_removed":["Endless Agony"],"damage_healed":31.0,"max_hp_gain":0.0,"max_hp_loss":0.0,"gold_gain":0.0,"event_name":"Bonfire Elementals","player_choice":"Offered Uncommon","floor":13.0,"gold_loss":0.0,"damage_taken":0.0},{"damage_healed":0.0,"max_hp_gain":0.0,"max_hp_loss":0.0,"gold_gain":0.0,"event_name":"Cursed Tome","player_choice":"Obtained Book","floor":20.0,"gold_loss":0.0,"damage_taken":21.0},{"damage_healed":0.0,"max_hp_gain":0.0,"max_hp_loss":33.0,"gold_gain":0.0,"event_name":"Ghosts","player_choice":"Became a Ghost","floor":21.0,"gold_loss":0.0,"damage_taken":0.0,"cards_obtained":["Ghostly","Ghostly","Ghostly"]},{"damage_healed":0.0,"max_hp_gain":0.0,"max_hp_loss":0.0,"gold_gain":0.0,"event_name":"Upgrade Shrine","player_choice":"Upgraded","floor":30.0,"gold_loss":0.0,"damage_taken":0.0,"cards_upgraded":["Ghostly"]}],"is_beta":false,"boss_relics":[{"not_picked":["SlaversCollar","Runic Pyramid"],"picked":"Calling Bell"},{"not_picked":["Snecko Eye","SacredBark"],"picked":"Cursed Key"}],"items_purged_floors":[31],"is_endless":false,"potions_floor_spawned":[3,4,11,12,14,24,28,33,38,39,42,46,47],"ascension_level":20}}