{"host":"tbhNathan","time":1611373126,"event":{"mods":["AchievementEnabler","Astrologer","BaseMod","Better Third Choice","Downfall","Googly Eyes","Highlight Path","Minty Spire (QoL Compilation)","StSLib","The Disciple","The Hierophant"],"gold_per_floor":[99,116,116,129,144,158,158,191,203,223,240,256,256,272,289,289,289,289],"floor_reached":16,"language":"ENG","playtime":2409,"items_purged":[],"score":110,"play_id":"7cd26c6b-78dc-4635-b0eb-bb68ee71922e","local_time":"20210123033846","is_ascension_mode":false,"campfire_choices":[{"floor":1,"key":"RECALL"},{"floor":13,"key":"REST"}],"circlet_count":0,"master_deck":["Guardian:Strike_Guardian","Guardian:Strike_Guardian","Guardian:Strike_Guardian","Guardian:Strike_Guardian","Guardian:Defend_Guardian","Guardian:Defend_Guardian","Guardian:Defend_Guardian","Guardian:Defend_Guardian","Guardian:CurlUp","Guardian:TwinSlam","Guardian:RollAttack","Guardian:SpikerProtocol","Guardian:Recover","Guardian:ChargeCore","Guardian:TimeBomb","Guardian:SentryBeam","Guardian:Incinerate","Guardian:Planning"],"relics":["Guardian:ModeShifter","Omamori"],"acts_visited":["Exordium"],"potions_floor_usage":[8,8,14,16],"damage_taken":[{"damage":6,"enemies":"Jaw Worm","floor":2,"turns":3},{"damage":6,"enemies":"Cultist","floor":4,"turns":4},{"damage":6,"enemies":"Small Slimes","floor":5,"turns":3},{"damage":6,"enemies":"Blue Slaver","floor":6,"turns":5},{"damage":12,"enemies":"3 Sentries","floor":8,"turns":6},{"damage":8,"enemies":"3 Louse","floor":9,"turns":2},{"damage":12,"enemies":"Exordium Wildlife","floor":10,"turns":7},{"damage":4,"enemies":"Blue Slaver","floor":11,"turns":3},{"damage":8,"enemies":"Lots of Slimes","floor":12,"turns":4},{"damage":1,"enemies":"3 Louse","floor":14,"turns":6},{"damage":4,"enemies":"Exordium Wildlife","floor":15,"turns":4},{"damage":49,"enemies":"WA_ARCHETYPE_RETAIN","floor":16,"turns":12}],"seed_played":"2285451624103839967","potions_obtained":[{"floor":4,"key":"DistilledChaos"},{"floor":5,"key":"champ:CounterPotion"},{"floor":6,"key":"DuplicationPotion"},{"floor":15,"key":"Block Potion"}],"is_trial":false,"path_per_floor":["R","M","?","M","M","M","T","E","M","M","M","M","R","M","M","B"],"character_chosen":"GUARDIAN","items_purchased":[],"campfire_rested":1,"item_purchase_floors":[],"current_hp_per_floor":[88,82,82,76,70,64,64,52,44,32,28,20,46,45,41,0,0,0],"gold":289,"neow_bonus":"TEN_PERCENT_HP_BONUS","is_daily":false,"chose_seed":false,"campfire_upgraded":0,"win_rate":0.0,"timestamp":1611373126,"path_taken":["R","M","?","M","M","M","T","E","M","M","M","?","R","M","M","BOSS"],"items_purchased_type":[],"build_version":"2020-12-18","purchased_purges":0,"victory":false,"max_hp_per_floor":[88,88,88,88,88,88,88,88,88,88,88,88,88,88,88,88,88,88],"card_choices":[{"not_picked":["Guardian:Incinerate","Guardian:PiercingHide"],"picked":"Guardian:Gem_Red","floor":2},{"not_picked":["Guardian:Repulse","Guardian:TemporalStrike"],"picked":"Guardian:RollAttack","floor":4},{"not_picked":["Guardian:PiercingHide","Guardian:RollAttack"],"picked":"Guardian:Gem_Lightblue","floor":5},{"not_picked":["Guardian:WalkerClaw","Guardian:Recover"],"picked":"Guardian:Gem_Cyan","floor":6},{"not_picked":["Guardian:Planning","Guardian:PrismaticBeam"],"picked":"Guardian:SpikerProtocol","floor":8},{"not_picked":["Guardian:ChargeCore","Guardian:VentSteam"],"picked":"Guardian:Recover","floor":9},{"not_picked":["Guardian:ConstructionForm","Guardian:BodySlam"],"picked":"Guardian:ChargeCore","floor":10},{"not_picked":["Guardian:VentSteam","Guardian:CrystalBeam"],"picked":"Guardian:TimeBomb","floor":11},{"not_picked":["Guardian:BronzeOrb","Guardian:TemporalShield"],"picked":"Guardian:SentryBeam","floor":12},{"not_picked":["Guardian:TemporalShield","Guardian:SpikerProtocol"],"picked":"Guardian:Incinerate","floor":14},{"not_picked":["Guardian:TimeBomb","Guardian:TimeCapacitor"],"picked":"Guardian:Planning","floor":15}],"player_experience":190854,"relics_obtained":[{"floor":8,"key":"Omamori"}],"event_choices":[],"is_beta":true,"boss_relics":[],"items_purged_floors":[],"is_endless":false,"potions_floor_spawned":[4,5,6,15],"killed_by":"WA_ARCHETYPE_RETAIN","ascension_level":0}}