{"host":"sian7qp8a9pc9xwd","time":1611396458,"event":{"mods":["BaseMod","Minty Spire (QoL Compilation)","StSLib","SuperFastMode"],"gold_per_floor":[112,112,123,123,123,123,47,79,79,79,93,93,93,119,119,218,218,238,249,263,263,274,301,301,301,375,20,20,50,66,82,82,183,183,193,210,210,210,210,210,135,155,200,233,233,233],"floor_reached":45,"language":"ENG","playtime":11049,"items_purged":["Strike_B"],"score":847,"play_id":"80e3b7ba-3b11-430b-8639-55e8cf78589c","local_time":"20210123050738","is_ascension_mode":true,"campfire_choices":[{"data":"Zap","floor":6.0,"key":"SMITH"},{"data":"Chaos","floor":10.0,"key":"SMITH"},{"data":"Dualcast","floor":13.0,"key":"SMITH"},{"data":"Glacier","floor":15.0,"key":"SMITH"},{"floor":24.0,"key":"REST"},{"floor":32.0,"key":"REST"},{"data":"Finesse","floor":40.0,"key":"SMITH"}],"circlet_count":0,"master_deck":["AscendersBane","Strike_B+1","Strike_B","Defend_B","Defend_B","Defend_B","Defend_B","Zap+1","Dualcast+1","Ball Lightning","Ball Lightning","Glacier+1","Chaos+1","White Noise","Coolheaded","Cold Snap+1","Cold Snap","Defragment+1","Seek","Loop+1","Finesse+1","Blind","Finesse","Cold Snap+1"],"relics":["Cracked Core","NeowsBlessing","Singing Bowl","Mercury Hourglass","Darkstone Periapt","StoneCalendar","Du-Vu Doll","SlaversCollar","Ancient Tea Set","Eternal Feather","Letter Opener","Matryoshka","Mango","Black Star","MealTicket","Nunchaku","Whetstone","Question Card"],"acts_visited":["Exordium","TheCity","TheBeyond"],"potions_floor_usage":[],"damage_taken":[{"damage":0.0,"enemies":"2 Louse","floor":1.0,"turns":1.0},{"damage":0.0,"enemies":"Jaw Worm","floor":3.0,"turns":1.0},{"damage":0.0,"enemies":"Gremlin Nob","floor":8.0,"turns":1.0},{"damage":0.0,"enemies":"Cultist","floor":11.0,"turns":2.0},{"damage":14.0,"enemies":"Lagavulin","floor":14.0,"turns":5.0},{"damage":14.0,"enemies":"The Guardian","floor":16.0,"turns":7.0},{"damage":6.0,"enemies":"Shell Parasite","floor":18.0,"turns":5.0},{"damage":5.0,"enemies":"Chosen","floor":19.0,"turns":3.0},{"damage":18.0,"enemies":"Sentry and Sphere","floor":20.0,"turns":6.0},{"damage":19.0,"enemies":"Centurion and Healer","floor":22.0,"turns":7.0},{"damage":13.0,"enemies":"Book of Stabbing","floor":23.0,"turns":5.0},{"damage":15.0,"enemies":"Gremlin Leader","floor":29.0,"turns":5.0},{"damage":8.0,"enemies":"3 Cultists","floor":30.0,"turns":5.0},{"damage":16.0,"enemies":"Shelled Parasite and Fungi","floor":31.0,"turns":6.0},{"damage":50.0,"enemies":"Automaton","floor":33.0,"turns":11.0},{"damage":4.0,"enemies":"3 Shapes","floor":35.0,"turns":5.0},{"damage":20.0,"enemies":"Orb Walker","floor":36.0,"turns":4.0},{"damage":38.0,"enemies":"Writhing Mass","floor":42.0,"turns":5.0},{"damage":10.0,"enemies":"Nemesis","floor":44.0,"turns":7.0},{"damage":52,"enemies":"Spire Growth","floor":45,"turns":5}],"seed_played":"-3173794939257317579","potions_obtained":[{"floor":8.0,"key":"Energy Potion"},{"floor":14.0,"key":"Energy Potion"},{"floor":18.0,"key":"Block Potion"},{"floor":20.0,"key":"Regen Potion"},{"floor":22.0,"key":"AttackPotion"},{"floor":30.0,"key":"SmokeBomb"}],"is_trial":false,"path_per_floor":["M","?","M","?","?","R","$","E","T","R","M","T","R","E","R","B",null,"M","M","M","?","M","E","R","?","T","$","?","E","M","M","R","B",null,"M","M","?","?","?","R","$","M","T","E","M"],"character_chosen":"DEFECT","items_purchased":["Glacier","FairyPotion","Letter Opener"],"campfire_rested":2,"item_purchase_floors":[7,27,27],"current_hp_per_floor":[68,56,56,49,54,54,54,54,54,54,56,56,56,44,44,30,71,65,60,44,44,25,28,54,54,54,54,54,53,47,33,73,23,85,81,61,61,51,51,63,63,27,27,17,0,0],"gold":233,"neow_bonus":"THREE_ENEMY_KILL","is_daily":false,"chose_seed":false,"campfire_upgraded":5,"win_rate":0.0,"timestamp":1611396458,"path_taken":["M","?","M","?","?","R","?","E","T","R","M","?","R","E","R","BOSS","M","?","M","?","M","E","R","?","T","$","?","E","?","M","R","BOSS","M","M","?","?","?","R","$","M","T","E","M"],"items_purchased_type":["Card","Potion","Relic"],"build_version":"2020-12-22","purchased_purges":1,"victory":false,"max_hp_per_floor":[75,75,75,75,80,80,80,80,80,80,82,82,82,84,84,84,84,84,84,86,86,86,88,88,88,88,88,88,102,104,106,106,106,106,106,106,101,101,101,101,101,103,103,103,103,103],"card_choices":[{"not_picked":["Sweeping Beam","Cold Snap"],"picked":"Ball Lightning","floor":1.0},{"not_picked":["Steam","Compile Driver"],"picked":"Ball Lightning","floor":3.0},{"not_picked":["Darkness","Streamline"],"picked":"Chaos","floor":8.0},{"not_picked":["Lockon","Reinforced Body","Hologram"],"picked":"Singing Bowl","floor":11.0},{"not_picked":["Conserve Battery","Fusion","Creative AI"],"picked":"Singing Bowl","floor":14.0},{"not_picked":["Rainbow","Echo Form"],"picked":"Fission","floor":16.0},{"not_picked":["Steam","Lockon+1"],"picked":"White Noise","floor":18.0},{"not_picked":["Steam Power","Sunder"],"picked":"Coolheaded","floor":19.0},{"not_picked":["Hologram","Redo","Turbo"],"picked":"Singing Bowl","floor":20.0},{"not_picked":["Turbo","Recycle"],"picked":"Cold Snap","floor":22.0},{"not_picked":["Rainbow","Melter","Double Energy"],"picked":"Singing Bowl","floor":23.0},{"not_picked":["Leap","Tempest+1"],"picked":"Defragment+1","floor":29.0},{"not_picked":["Sweeping Beam","Gash","Hologram"],"picked":"Singing Bowl","floor":30.0},{"not_picked":["Genetic Algorithm","Leap","Gash"],"picked":"Singing Bowl","floor":31.0},{"not_picked":["Buffer","Biased Cognition"],"picked":"Seek","floor":33.0},{"not_picked":["Reprogram","Rebound"],"picked":"Loop+1","floor":35.0},{"not_picked":["Rebound+1","Conserve Battery","Stack"],"picked":"SKIP","floor":36.0},{"not_picked":["Enlightenment","Forethought"],"picked":"Finesse","floor":38.0},{"not_picked":["HandOfGreed","Good Instincts"],"picked":"Blind","floor":38.0},{"not_picked":["Panacea","Dramatic Entrance"],"picked":"Finesse","floor":38.0},{"not_picked":["Rip and Tear","Go for the Eyes","Rebound"],"picked":"Singing Bowl","floor":42.0},{"not_picked":["Loop","Go for the Eyes"],"picked":"Cold Snap+1","floor":44.0}],"player_experience":740702,"relics_obtained":[{"floor":8.0,"key":"Mercury Hourglass"},{"floor":9.0,"key":"Darkstone Periapt"},{"floor":12.0,"key":"StoneCalendar"},{"floor":14.0,"key":"Du-Vu Doll"},{"floor":23.0,"key":"Ancient Tea Set"},{"floor":26.0,"key":"Eternal Feather"},{"floor":29.0,"key":"Mango"},{"floor":43.0,"key":"MealTicket"},{"floor":43.0,"key":"Nunchaku"},{"floor":44.0,"key":"Whetstone"},{"floor":44.0,"key":"Question Card"}],"event_choices":[{"damage_healed":0.0,"max_hp_gain":0.0,"max_hp_loss":0.0,"gold_gain":0.0,"event_name":"Scrap Ooze","player_choice":"Success","floor":2.0,"gold_loss":0.0,"damage_taken":12.0,"relics_obtained":["Singing Bowl"]},{"cards_removed":["Strike_B"],"damage_healed":0.0,"max_hp_gain":0.0,"max_hp_loss":0.0,"gold_gain":0.0,"event_name":"Golden Wing","player_choice":"Card Removal","floor":4.0,"gold_loss":0.0,"damage_taken":7.0},{"damage_healed":0.0,"max_hp_gain":5.0,"max_hp_loss":0.0,"gold_gain":0.0,"event_name":"Big Fish","player_choice":"Donut","floor":5.0,"gold_loss":0.0,"damage_taken":0.0},{"damage_healed":0.0,"max_hp_gain":0.0,"max_hp_loss":0.0,"gold_gain":0.0,"event_name":"The Library","player_choice":"Read","floor":21.0,"gold_loss":0.0,"damage_taken":0.0,"cards_obtained":["Cold Snap"]},{"damage_healed":0.0,"max_hp_gain":0.0,"max_hp_loss":0.0,"gold_gain":0.0,"event_name":"Vampires","player_choice":"Ignored","floor":25.0,"gold_loss":0.0,"damage_taken":0.0},{"cards_removed":["Fission"],"damage_healed":0.0,"max_hp_gain":0.0,"max_hp_loss":0.0,"gold_gain":0.0,"event_name":"WeMeetAgain","player_choice":"Gave Card","floor":28.0,"gold_loss":0.0,"damage_taken":0.0,"relics_obtained":["Matryoshka"]},{"damage_healed":0.0,"max_hp_gain":0.0,"max_hp_loss":5.0,"gold_gain":0.0,"event_name":"Winding Halls","player_choice":"Max HP","floor":37.0,"gold_loss":0.0,"damage_taken":0.0},{"damage_healed":0.0,"max_hp_gain":0.0,"max_hp_loss":0.0,"gold_gain":0.0,"event_name":"SensoryStone","player_choice":"Memory 3","floor":38.0,"gold_loss":0.0,"damage_taken":10.0},{"damage_healed":0.0,"max_hp_gain":0.0,"max_hp_loss":0.0,"gold_gain":0.0,"event_name":"Mysterious Sphere","player_choice":"Ignored","floor":39.0,"gold_loss":0.0,"damage_taken":0.0}],"is_beta":false,"boss_relics":[{"not_picked":["Ectoplasm","Tiny House"],"picked":"SlaversCollar"},{"not_picked":["Pandora\u0027s Box","Fusion Hammer"],"picked":"Black Star"}],"items_purged_floors":[41],"is_endless":false,"potions_floor_spawned":[8,14,18,20,22,30,33,36,42],"killed_by":"Spire Growth","ascension_level":12}}