{"host":"vyjryxuuuxkt43k4","time":1611404875,"event":{"mods":["AchievementEnabler","BaseMod","Colored Map","DeckTracker","Keyboard Shortcuts","Minty Spire (QoL Compilation)","Permanent Neow","Quick Restart","StSLib","SuperFastMode","everything is the same but u backflip on backflip"],"gold_per_floor":[111,122,122,122,33,65,80,100,125,157,177,177,177,177],"floor_reached":13,"language":"KOR","playtime":320,"items_purged":[],"score":240,"play_id":"5ee1c5e4-8792-40c4-8d1b-74139a513ff4","local_time":"20210123212755","is_ascension_mode":true,"campfire_choices":[],"circlet_count":0,"master_deck":["AscendersBane","Strike_R","Strike_R","Strike_R","Strike_R","Strike_R","Defend_R","Defend_R+1","Defend_R","Defend_R","Bash","Perfected Strike+1","Twin Strike","Feel No Pain","Inflame","Offering"],"relics":["Burning Blood","NeowsBlessing","Happy Flower","Smiling Mask","PreservedInsect","HornCleat"],"acts_visited":["Exordium"],"potions_floor_usage":[13,13],"damage_taken":[{"damage":0,"enemies":"Jaw Worm","floor":1,"turns":1},{"damage":0,"enemies":"2 Louse","floor":2,"turns":1},{"damage":0,"enemies":"Lagavulin","floor":6,"turns":2},{"damage":9,"enemies":"Small Slimes","floor":7,"turns":3},{"damage":10,"enemies":"Red Slaver","floor":8,"turns":3},{"damage":20,"enemies":"3 Sentries","floor":10,"turns":8},{"damage":16,"enemies":"Exordium Thugs","floor":11,"turns":3},{"damage":6,"enemies":"Lagavulin","floor":13,"turns":3}],"seed_played":"6179750219788157369","potions_obtained":[{"floor":8,"key":"AttackPotion"},{"floor":10,"key":"EssenceOfSteel"}],"is_trial":false,"path_per_floor":["M","M","?","?","$","E","M","M","T","E","M","?","E"],"character_chosen":"IRONCLAD","items_purchased":["Feel No Pain"],"campfire_rested":0,"item_purchase_floors":[5],"current_hp_per_floor":[74,75,52,57,57,63,60,56,56,42,32,6,0,0],"gold":177,"neow_bonus":"THREE_ENEMY_KILL","is_daily":false,"chose_seed":false,"campfire_upgraded":0,"win_rate":0.0,"timestamp":1611404875,"path_taken":["M","M","?","?","$","E","M","M","T","E","M","?","E"],"items_purchased_type":["Card"],"build_version":"2020-12-22","purchased_purges":0,"victory":false,"max_hp_per_floor":[75,75,75,80,80,80,80,80,80,80,80,80,80,80],"card_choices":[{"not_picked":["Disarm","Second Wind"],"picked":"Perfected Strike","floor":1},{"not_picked":["Iron Wave","Cleave"],"picked":"Twin Strike","floor":2},{"not_picked":["Havoc","Reaper"],"picked":"Inflame","floor":6},{"not_picked":["Dual Wield","Sword Boomerang","True Grit"],"picked":"SKIP","floor":7},{"not_picked":["Dropkick","Sword Boomerang","Heavy Blade"],"picked":"SKIP","floor":8},{"not_picked":["Dropkick","Sword Boomerang","Heavy Blade"],"picked":"SKIP","floor":8},{"not_picked":["Dropkick","Sword Boomerang","Heavy Blade"],"picked":"SKIP","floor":8},{"not_picked":["Clash","Pommel Strike"],"picked":"Offering","floor":10},{"not_picked":["Blood for Blood","Cleave","Feel No Pain"],"picked":"SKIP","floor":11}],"player_experience":264857,"relics_obtained":[{"floor":6,"key":"Happy Flower"},{"floor":9,"key":"Smiling Mask"},{"floor":10,"key":"PreservedInsect"}],"event_choices":[{"damage_healed":0,"gold_gain":0,"player_choice":"Entered Light","damage_taken":23,"max_hp_gain":0,"max_hp_loss":0,"event_name":"Shining Light","floor":3,"gold_loss":0,"cards_upgraded":["Defend_R","Perfected Strike"]},{"damage_healed":0,"gold_gain":0,"player_choice":"Donut","damage_taken":0,"max_hp_gain":5,"max_hp_loss":0,"event_name":"Big Fish","floor":4,"gold_loss":0},{"damage_healed":0,"gold_gain":0,"player_choice":"Success","damage_taken":26,"relics_obtained":["HornCleat"],"max_hp_gain":0,"max_hp_loss":0,"event_name":"Scrap Ooze","floor":12,"gold_loss":0}],"is_beta":false,"boss_relics":[],"items_purged_floors":[],"is_endless":false,"potions_floor_spawned":[8,10],"killed_by":"Lagavulin","ascension_level":20}}