{"host":"awrw1gk2acwismlg","time":1611402526,"event":{"mods":["100% Spire Juice","ATMod(°¢èªMod)","BaseMod","Bestiary","Hero for Fun","KinomotoSakuraMod(Ä¾Ö®±¾Ó£)","Marisa£¨ìFÓê¡¡Ä§ÀíÉ³£©","Minty Spire (QoL Compilation)","Remilia£¨ÀÙÃ×ÀòÑÇ£©","Robot Space Explorer","Small Relic Pack","StSLib","The Dragon Tamer","Wide Potions","Yakumo Yukari mod","Youmu£¨»êÆÇÑýÃÎ£©","¡¾ÒÅÎï¿¨ÅÆ¡¿REMEMod","óô»ðÖ¸ÄÏ"],"gold_per_floor":[112,129,129,147,164,164,196,196,220,244,244,254,254,224,224,329,329,540,465,683,284,512,256,466,53,79,79,79,79,178,178,178],"floor_reached":31,"language":"ZHS","playtime":1891,"items_purged":["Doubt","Writhe","Decay"],"score":281,"play_id":"16fc7a37-82cd-4b01-9cc0-ee492dd5648c","local_time":"20210123194846","is_ascension_mode":false,"campfire_choices":[{"data":"AT_FamilyPortrait","floor":6,"key":"SMITH"},{"data":"BloodRain","floor":8,"key":"SMITH"},{"data":"Vigilance","floor":11,"key":"SMITH"},{"data":"Eruption","floor":15,"key":"SMITH"},{"floor":27,"key":"DIG"},{"floor":29,"key":"DIG"}],"circlet_count":0,"master_deck":["Strike_P","Strike_P","Strike_P","Defend_P","Defend_P","Defend_P","Eruption+1","Vigilance+1","BloodRain+1","AT_FamilyPortrait+1","Worship","EmptyBody","FlurryOfBlows","ClearTheMind","AT_IrregularMenstruation","relicPack:TruthCard"],"relics":["PureWater","AT_ATBox","REME_ComplimentaryCards","Boot","ScarletDevilRocket","Potion Belt","Odd Mushroom","Mercury Hourglass","REME_DemonsWealth","Mummified Hand","Red Mask","AT_BellDemon","Shovel","Juzu Bracelet","REME_PuzzleBoxRelic","Bronze Scales"],"acts_visited":["Exordium","TheCity"],"potions_floor_usage":[7,14,16,16,18,20,22,22,22],"damage_taken":[{"damage":0,"enemies":"Jaw Worm","floor":1,"turns":3},{"damage":0,"enemies":"2 Louse","floor":2,"turns":1},{"damage":1,"enemies":"Cultist","floor":4,"turns":4},{"damage":0,"enemies":"3 Louse","floor":5,"turns":1},{"damage":0,"enemies":"Gremlin Nob","floor":7,"turns":2},{"damage":9,"enemies":"The Mushroom Lair","floor":10,"turns":3},{"damage":0,"enemies":"Looter","floor":12,"turns":3},{"damage":38,"enemies":"The Guardian","floor":16,"turns":9},{"damage":17,"enemies":"Shell Parasite","floor":18,"turns":6},{"damage":0,"enemies":"Chosen","floor":20,"turns":3},{"damage":11,"enemies":"Masked Bandits","floor":22,"turns":2},{"damage":23,"enemies":"Snake Plant","floor":24,"turns":4},{"damage":21,"enemies":"Centurion and Healer","floor":31,"turns":6}],"seed_played":"1300018554891709877","potions_obtained":[{"floor":1,"key":"SteroidPotion"},{"floor":2,"key":"Fire Potion"},{"floor":10,"key":"Weak Potion"},{"floor":14,"key":"REME_GoldPotion"},{"floor":14,"key":"Fire Potion"},{"floor":16,"key":"Swift Potion"},{"floor":20,"key":"REME_GoldPotion"},{"floor":22,"key":"StancePotion"}],"is_trial":false,"path_per_floor":["M","M","?","M","M","R","E","R","T","?","R","M","T","?","R","B",null,"M","?","M","$","?","R","M","R","T","R","$","R","?","M"],"character_chosen":"WATCHER","items_purchased":["Mummified Hand","StancePotion","AT_BellDemon","Shovel"],"campfire_rested":0,"item_purchase_floors":[21,21,23,25],"current_hp_per_floor":[72,72,65,64,64,64,64,64,64,55,55,55,55,55,55,17,72,55,55,55,55,44,44,21,21,21,21,21,21,21,0,0],"gold":178,"neow_bonus":"RANDOM_COMMON_RELIC","is_daily":false,"chose_seed":false,"campfire_upgraded":4,"win_rate":0.0,"timestamp":1611402526,"path_taken":["M","M","?","M","M","R","E","R","T","?","R","M","?","?","R","BOSS","M","?","M","$","?","R","M","R","T","R","$","R","?","M"],"items_purchased_type":["Relic","Potion","Relic","Relic"],"build_version":"2020-12-22","purchased_purges":3,"victory":false,"max_hp_per_floor":[72,72,72,72,72,72,72,72,72,72,72,72,72,72,72,72,72,72,72,72,72,72,72,72,72,72,72,72,72,72,72,72],"card_choices":[{"not_picked":["SashWhip","Evaluate"],"picked":"Worship","floor":1},{"not_picked":["BowlingBash","REME_MusicOfDeath","Halt"],"picked":"SKIP","floor":2},{"not_picked":["CutThroughFate","LikeWater"],"picked":"EmptyBody","floor":4},{"not_picked":["Adaptation","CrushJoints"],"picked":"FlurryOfBlows","floor":5},{"not_picked":["FlyingSleeves","REME_MusicOfDeath","Perseverance"],"picked":"SKIP","floor":7},{"not_picked":["FollowUp","SignatureMove"],"picked":"ClearTheMind","floor":10},{"not_picked":["Halt","FlyingSleeves","DeceiveReality"],"picked":"SKIP","floor":12},{"not_picked":["LessonLearned","ConjureBlade"],"picked":"AT_IrregularMenstruation","floor":16},{"not_picked":["PathToVictory+1","Wallop","Evaluate","Consecrate"],"picked":"relicPack:TruthCard","floor":18},{"not_picked":["Collect","Judgement","PathToVictory+1"],"picked":"Doubt","floor":20},{"not_picked":["REME_Repentance","WaveOfTheHand","Halt"],"picked":"Writhe","floor":22},{"not_picked":["REME_MusicOfDeath","FearNoEvil","CrushJoints"],"picked":"Decay","floor":24}],"player_experience":31185,"relics_obtained":[{"floor":7,"key":"ScarletDevilRocket"},{"floor":9,"key":"Potion Belt"},{"floor":10,"key":"Odd Mushroom"},{"floor":13,"key":"Mercury Hourglass"},{"floor":22,"key":"Red Mask"},{"floor":26,"key":"Juzu Bracelet"},{"floor":27,"key":"REME_PuzzleBoxRelic"},{"floor":29,"key":"Bronze Scales"}],"event_choices":[{"cards_removed":["Defend_P"],"damage_healed":0,"gold_gain":0,"player_choice":"Card Removal","damage_taken":7,"max_hp_gain":0,"max_hp_loss":0,"event_name":"Golden Wing","floor":3,"gold_loss":0},{"damage_healed":0,"gold_gain":0,"player_choice":"Fought Mushrooms","damage_taken":0,"max_hp_gain":0,"max_hp_loss":0,"event_name":"Mushrooms","floor":10,"gold_loss":0},{"damage_healed":0,"gold_gain":0,"player_choice":"Bought 2 Potions","damage_taken":0,"max_hp_gain":0,"max_hp_loss":0,"event_name":"The Woman in Blue","floor":14,"gold_loss":0},{"cards_removed":["Strike_P"],"damage_healed":0,"gold_gain":0,"player_choice":"Gave Gold","damage_taken":0,"max_hp_gain":0,"max_hp_loss":0,"event_name":"Beggar","floor":19,"gold_loss":75},{"damage_healed":0,"gold_gain":0,"player_choice":"Fought Bandits","damage_taken":0,"max_hp_gain":0,"max_hp_loss":0,"event_name":"Masked Bandits","floor":22,"gold_loss":0},{"damage_healed":0,"gold_gain":99,"player_choice":"Stole From Cult","damage_taken":0,"max_hp_gain":0,"max_hp_loss":0,"event_name":"Nest","floor":30,"gold_loss":0}],"is_beta":false,"boss_relics":[{"not_picked":["Philosopher\u0027s Stone","relicPack:KazumaCape"],"picked":"REME_DemonsWealth"}],"items_purged_floors":[21,23,25],"is_endless":false,"potions_floor_spawned":[1,2,10,16,20,22],"killed_by":"Centurion and Healer","ascension_level":0}}