{"host":"3jpwrwmmgyabjceh","time":1611404932,"event":{"mods":["AchievementEnabler","BaseMod","Colored Map","Colored Powertips","Highlight Path","Minty Spire (QoL Compilation)","Quick Restart","Relic Stats","StSLib","SuperFastMode"],"gold_per_floor":[112,130,140,140,151,151,178,178,248,248,92,112,112,130,130,233,233,252,270,286,306,321,321,338,350,350,368,393,393,56,68,68,168,168,178,194,211,211,211,243,41,74,126,226,226,258,57,67,67,67,67,67,67,92,92,92],"floor_reached":55,"language":"ENG","playtime":2102,"items_purged":["Strike_B","Strike_B","Strike_B","Defend_B"],"score":1075,"play_id":"99ba9094-c806-4e5f-a03f-27c6d2823b78","local_time":"20210123152852","is_ascension_mode":true,"campfire_choices":[{"data":"Zap","floor":6.0,"key":"SMITH"},{"floor":8.0,"key":"REST"},{"data":"Electrodynamics","floor":10.0,"key":"SMITH"},{"data":"FTL","floor":15.0,"key":"SMITH"},{"floor":23.0,"key":"REST"},{"data":"Barrage","floor":29.0,"key":"SMITH"},{"data":"Defragment","floor":32.0,"key":"SMITH"},{"data":"Capacitor","floor":45.0,"key":"SMITH"},{"floor":49.0,"key":"RECALL"},{"data":"Biased Cognition","floor":52.0,"key":"SMITH"}],"circlet_count":0,"master_deck":["Defend_B","Defend_B","Zap+1","Dualcast","White Noise","Barrage+1","FTL+1","Electrodynamics+1","Doom and Gloom","Capacitor+1","Cold Snap","Chill+1","Coolheaded+1","Biased Cognition+1","Barrage","Redo+1","Ball Lightning","Reinforced Body+1","Steam+1","Chaos+1","Coolheaded+1","Self Repair","Ball Lightning+1","Defragment+1","Coolheaded+1","Reboot+1","Double Energy+1","Reinforced Body+1","Lockon+1","Coolheaded+1"],"relics":["Inserter","Torii","Toxic Egg 2","Cursed Key","Pen Nib","Blood Vial","Busted Crown","Bottled Flame","Omamori","Thread and Needle","Letter Opener"],"acts_visited":["Exordium","TheCity","TheBeyond","TheEnding"],"potions_floor_usage":[54,55,55],"damage_taken":[{"damage":10.0,"enemies":"2 Louse","floor":1.0,"turns":2.0},{"damage":0.0,"enemies":"Cultist","floor":2.0,"turns":4.0},{"damage":0.0,"enemies":"Small Slimes","floor":3.0,"turns":3.0},{"damage":8.0,"enemies":"Red Slaver","floor":5.0,"turns":3.0},{"damage":25.0,"enemies":"3 Sentries","floor":7.0,"turns":5.0},{"damage":1.0,"enemies":"2 Fungi Beasts","floor":12.0,"turns":2.0},{"damage":9.0,"enemies":"Exordium Thugs","floor":14.0,"turns":4.0},{"damage":17.0,"enemies":"The Guardian","floor":16.0,"turns":8.0},{"damage":0.0,"enemies":"Spheric Guardian","floor":18.0,"turns":3.0},{"damage":2.0,"enemies":"Shell Parasite","floor":19.0,"turns":5.0},{"damage":30.0,"enemies":"Snake Plant","floor":20.0,"turns":3.0},{"damage":2.0,"enemies":"Snecko","floor":21.0,"turns":4.0},{"damage":7.0,"enemies":"3 Cultists","floor":22.0,"turns":5.0},{"damage":26.0,"enemies":"Centurion and Healer","floor":24.0,"turns":5.0},{"damage":17.0,"enemies":"Snake Plant","floor":25.0,"turns":4.0},{"damage":1.0,"enemies":"Chosen and Byrds","floor":27.0,"turns":3.0},{"damage":10.0,"enemies":"Gremlin Leader","floor":28.0,"turns":6.0},{"damage":0.0,"enemies":"Shelled Parasite and Fungi","floor":31.0,"turns":5.0},{"damage":12.0,"enemies":"Champ","floor":33.0,"turns":9.0},{"damage":1.0,"enemies":"3 Darklings","floor":35.0,"turns":4.0},{"damage":6.0,"enemies":"3 Shapes","floor":36.0,"turns":4.0},{"damage":0.0,"enemies":"Maw","floor":37.0,"turns":6.0},{"damage":38.0,"enemies":"Giant Head","floor":40.0,"turns":8.0},{"damage":0.0,"enemies":"Reptomancer","floor":42.0,"turns":5.0},{"damage":1.0,"enemies":"Nemesis","floor":46.0,"turns":9.0},{"damage":0.0,"enemies":"3 Darklings","floor":48.0,"turns":4.0},{"damage":0.0,"enemies":"Donu and Deca","floor":50.0,"turns":7.0},{"damage":18,"enemies":"Shield and Spear","floor":54,"turns":6},{"damage":66,"enemies":"The Heart","floor":55,"turns":3}],"seed_played":"-1991617942597173110","potions_obtained":[{"floor":1.0,"key":"FocusPotion"},{"floor":3.0,"key":"FairyPotion"},{"floor":14.0,"key":"FocusPotion"},{"floor":20.0,"key":"Block Potion"},{"floor":21.0,"key":"FocusPotion"},{"floor":24.0,"key":"FocusPotion"},{"floor":28.0,"key":"EssenceOfSteel"},{"floor":33.0,"key":"Energy Potion"},{"floor":36.0,"key":"Strength Potion"},{"floor":42.0,"key":"FearPotion"},{"floor":46.0,"key":"Energy Potion"}],"is_trial":false,"path_per_floor":["M","M","M","?","M","R","E","R","T","R","$","M","?","M","R","B",null,"M","M","M","M","M","R","M","M","T","M","E","R","$","M","R","B",null,"M","M","M","?","?","E","$","E","T","?","R","E","$","M","R","B",null,"R","$","E","B"],"character_chosen":"DEFECT","items_purchased":["Capacitor","Defragment","Coolheaded+1","Blood Vial","Reinforced Body+1","Coolheaded+1"],"campfire_rested":2,"item_purchase_floors":[11,30,30,30,41,47],"current_hp_per_floor":[58,58,58,51,43,43,18,40,40,40,40,39,39,30,30,13,60,60,58,28,26,19,41,15,22,22,21,18,18,18,27,27,24,62,70,73,75,75,75,44,44,53,53,53,53,61,61,70,70,75,75,75,75,64,0,0],"gold":92,"neow_bonus":"BOSS_RELIC","is_daily":false,"chose_seed":false,"campfire_upgraded":7,"win_rate":0.0,"timestamp":1611404932,"path_taken":["M","M","M","?","M","R","E","R","T","R","$","M","?","M","R","BOSS","M","M","M","?","M","R","M","M","T","M","E","R","$","M","R","BOSS","M","M","M","?","?","E","$","E","T","?","R","E","$","M","R","BOSS","R","$","E","BOSS"],"items_purchased_type":["Card","Card","Card","Relic","Card","Card"],"build_version":"2020-12-22","purchased_purges":4,"victory":false,"max_hp_per_floor":[75,75,75,75,75,75,75,75,75,75,75,75,75,75,75,75,75,75,75,75,75,75,75,75,75,75,75,75,75,75,75,75,75,75,75,75,75,75,75,75,75,75,75,75,75,75,75,75,75,75,75,75,75,75,75,75],"relic_stats":{"Blood Vial":20,"Inserter":[69],"Busted Crown":16,"Torii":27,"counters":[29,139],"Pen Nib":[11],"Letter Opener":[0],"Cursed Key":1,"obtain_stats":[{"Blood Vial":30,"Bottled Flame":40,"Inserter":0,"Busted Crown":34,"Torii":7,"Thread and Needle":46,"Pen Nib":28,"Omamori":42,"Letter Opener":54,"Toxic Egg 2":9,"Cracked Core":0,"Cursed Key":17},{"Blood Vial":17,"Bottled Flame":23,"Inserter":0,"Busted Crown":19,"Torii":5,"Thread and Needle":25,"Pen Nib":17,"Omamori":24,"Letter Opener":28,"Toxic Egg 2":5,"Cracked Core":0,"Cursed Key":8},{"Blood Vial":69,"Bottled Flame":105,"Inserter":0,"Busted Crown":83,"Torii":17,"Thread and Needle":119,"Pen Nib":69,"Omamori":110,"Letter Opener":136,"Toxic Egg 2":17,"Cracked Core":0,"Cursed Key":31}]},"card_choices":[{"not_picked":["Stack","Recycle"],"picked":"White Noise","floor":1.0},{"not_picked":["Redo","Stack"],"picked":"Barrage","floor":2.0},{"not_picked":["Recycle","Turbo"],"picked":"FTL","floor":3.0},{"not_picked":["Rebound","Aggregate"],"picked":"Electrodynamics","floor":5.0},{"not_picked":["Capacitor","Redo"],"picked":"Doom and Gloom","floor":7.0},{"not_picked":["Beam Cell","FTL"],"picked":"Cold Snap","floor":12.0},{"not_picked":["Streamline","Self Repair"],"picked":"Coolheaded+1","floor":14.0},{"not_picked":["Amplify+1","Machine Learning"],"picked":"Biased Cognition","floor":16.0},{"not_picked":["Rebound","Conserve Battery+1"],"picked":"Barrage","floor":18.0},{"not_picked":["Compile Driver","FTL"],"picked":"Redo+1","floor":19.0},{"not_picked":["Doom and Gloom+1","Beam Cell"],"picked":"Ball Lightning","floor":20.0},{"not_picked":["Blizzard+1","Rip and Tear+1"],"picked":"Reinforced Body+1","floor":21.0},{"not_picked":["Go for the Eyes","FTL"],"picked":"Steam+1","floor":22.0},{"not_picked":["Tempest+1","Go for the Eyes"],"picked":"Chaos+1","floor":24.0},{"not_picked":["FTL","Gash"],"picked":"Coolheaded+1","floor":25.0},{"not_picked":["Scrape","Rip and Tear"],"picked":"Self Repair","floor":27.0},{"not_picked":["Streamline","BootSequence+1"],"picked":"Ball Lightning+1","floor":28.0},{"not_picked":["Hologram+1","Go for the Eyes+1","Redo+1"],"picked":"SKIP","floor":31.0},{"not_picked":["Buffer","Hyperbeam"],"picked":"Reboot+1","floor":33.0},{"not_picked":["Leap+1"],"picked":"SKIP","floor":35.0},{"not_picked":[],"picked":"Double Energy+1","floor":36.0},{"not_picked":["Ball Lightning+1"],"picked":"SKIP","floor":37.0},{"not_picked":["Meteor Strike"],"picked":"SKIP","floor":40.0},{"not_picked":[],"picked":"Lockon+1","floor":42.0},{"not_picked":["Compile Driver"],"picked":"SKIP","floor":46.0},{"not_picked":["Hologram+1"],"picked":"SKIP","floor":48.0},{"not_picked":["Go for the Eyes+1"],"picked":"SKIP","floor":54}],"player_experience":266865,"relics_obtained":[{"floor":7.0,"key":"Torii"},{"floor":9.0,"key":"Toxic Egg 2"},{"floor":28.0,"key":"Pen Nib"},{"floor":40.0,"key":"Bottled Flame"},{"floor":42.0,"key":"Omamori"},{"floor":46.0,"key":"Thread and Needle"},{"floor":54,"key":"Letter Opener"}],"event_choices":[{"cards_removed":["Strike_B"],"damage_healed":0.0,"max_hp_gain":0.0,"max_hp_loss":0.0,"gold_gain":0.0,"event_name":"Golden Wing","player_choice":"Card Removal","floor":4.0,"gold_loss":0.0,"damage_taken":7.0},{"damage_healed":0.0,"max_hp_gain":0.0,"max_hp_loss":0.0,"gold_gain":0.0,"event_name":"Match and Keep!","player_choice":"1 cards matched","floor":13.0,"gold_loss":0.0,"damage_taken":0.0,"cards_obtained":["Chill"]},{"cards_removed":["Defend_B"],"damage_healed":0.0,"max_hp_gain":0.0,"max_hp_loss":0.0,"gold_gain":0.0,"event_name":"Falling","player_choice":"Removed Skill","floor":38.0,"gold_loss":0.0,"damage_taken":0.0},{"damage_healed":0.0,"max_hp_gain":0.0,"max_hp_loss":0.0,"gold_gain":0.0,"event_name":"Tomb of Lord Red Mask","player_choice":"Ignored","floor":39.0,"gold_loss":0.0,"damage_taken":0.0},{"damage_healed":0.0,"max_hp_gain":0.0,"max_hp_loss":0.0,"gold_gain":100.0,"event_name":"Golden Shrine","player_choice":"Pray","floor":44.0,"gold_loss":0.0,"damage_taken":0.0}],"is_beta":false,"boss_relics":[{"not_picked":["Empty Cage","Fusion Hammer"],"picked":"Cursed Key"},{"not_picked":["Nuclear Battery","Runic Pyramid"],"picked":"Busted Crown"}],"items_purged_floors":[11,30,41,47],"is_endless":false,"potions_floor_spawned":[1,3,14,20,21,24,28,33,36,42,46,48],"killed_by":"The Heart","ascension_level":6}}