{"host":"3a1ypf1irl30q4k8","time":1611402750,"event":{"mods":["AchievementEnabler","BaseMod","Bestiary","Colored Map","Minty Spire (QoL Compilation)","Relic Stats"],"gold_per_floor":[146,157,207,227,1,1,1,1,70,70,128,128,153,166,166,270,270,283,302,5,5,55,83,83,108,108,135,12,42,42,142,142,241,241,259,309,66,112,124,179,179,198,198,198,228,244,244,254,254,254,254,254,58,84,84,84],"floor_reached":55,"language":"ENG","playtime":4907,"items_purged":["Strike_P","Strike_P","PathToVictory+1","JustLucky"],"score":1051,"play_id":"fd60e442-fd30-4eb9-96e2-0df57d32b315","local_time":"20210123115230","is_ascension_mode":true,"campfire_choices":[{"data":"PathToVictory","floor":6,"key":"SMITH"},{"data":"Pray","floor":8,"key":"SMITH"},{"data":"Vigilance","floor":10,"key":"SMITH"},{"data":"CutThroughFate","floor":12,"key":"SMITH"},{"floor":15,"key":"REST"},{"floor":24,"key":"REST"},{"floor":32,"key":"REST"},{"floor":41,"key":"RECALL"},{"floor":44,"key":"REST"},{"floor":49,"key":"REST"},{"floor":52,"key":"REST"}],"circlet_count":0,"master_deck":["Defend_P","Defend_P","Eruption","Vigilance+1","Wish+1","Devotion+1","Scrawl+1","ThirdEye","Prostrate","Pray+1","CutThroughFate+1","Crescendo","EmptyFist","Ragnarok","FlyingSleeves+1","CutThroughFate+1","Wireheading+1","CutThroughFate","Evaluate","Nirvana+1","Brilliance","JustLucky+1","FlurryOfBlows","Weave","MentalFortress+1","ClearTheMind","Adaptation+1","Scrawl","CutThroughFate+1"],"relics":["Astrolabe","OrangePellets","Frozen Egg 2","Akabeko","Smiling Mask","Fusion Hammer","Thread and Needle","Boot","Art of War","Centennial Puzzle","Question Card","Black Star","TheAbacus","Lizard Tail","Sundial","Eternal Feather","Bronze Scales","Potion Belt","Medical Kit","Orichalcum","Toy Ornithopter"],"acts_visited":["Exordium","TheCity","TheBeyond","TheEnding"],"potions_floor_usage":[4,11,16,23,29,29,40,42,45,45,46,50],"damage_taken":[{"damage":15,"enemies":"Cultist","floor":1,"turns":6},{"damage":4,"enemies":"Jaw Worm","floor":2,"turns":2},{"damage":4,"enemies":"Small Slimes","floor":3,"turns":5},{"damage":9,"enemies":"Exordium Thugs","floor":4,"turns":5},{"damage":0,"enemies":"Lagavulin","floor":11,"turns":7},{"damage":8,"enemies":"Gremlin Nob","floor":13,"turns":4},{"damage":6,"enemies":"Exordium Wildlife","floor":14,"turns":3},{"damage":16,"enemies":"The Guardian","floor":16,"turns":9},{"damage":2,"enemies":"Shell Parasite","floor":18,"turns":4},{"damage":0,"enemies":"Spheric Guardian","floor":19,"turns":1},{"damage":0,"enemies":"Centurion and Healer","floor":22,"turns":4},{"damage":12,"enemies":"Book of Stabbing","floor":23,"turns":5},{"damage":7,"enemies":"Gremlin Leader","floor":27,"turns":4},{"damage":31,"enemies":"Slavers","floor":29,"turns":6},{"damage":0,"enemies":"Automaton","floor":33,"turns":6},{"damage":3,"enemies":"3 Darklings","floor":35,"turns":5},{"damage":0,"enemies":"3 Shapes","floor":36,"turns":4},{"damage":8,"enemies":"Writhing Mass","floor":38,"turns":5},{"damage":8,"enemies":"Sphere and 2 Shapes","floor":39,"turns":3},{"damage":0,"enemies":"Giant Head","floor":40,"turns":5},{"damage":0,"enemies":"Spire Growth","floor":42,"turns":1},{"damage":22,"enemies":"Reptomancer","floor":45,"turns":4},{"damage":0,"enemies":"Transient","floor":46,"turns":5},{"damage":42,"enemies":"Writhing Mass","floor":48,"turns":5},{"damage":37,"enemies":"Time Eater","floor":50,"turns":10},{"damage":92,"enemies":"Shield and Spear","floor":54,"turns":6},{"damage":42,"enemies":"The Heart","floor":55,"turns":3}],"seed_played":"6163226183725405022","potions_obtained":[{"floor":2,"key":"Weak Potion"},{"floor":4,"key":"PowerPotion"},{"floor":11,"key":"Ambrosia"},{"floor":14,"key":"DuplicationPotion"},{"floor":19,"key":"Fruit Juice"},{"floor":22,"key":"Strength Potion"},{"floor":29,"key":"Explosive Potion"},{"floor":38,"key":"Energy Potion"},{"floor":39,"key":"Ambrosia"},{"floor":42,"key":"Explosive Potion"},{"floor":45,"key":"LiquidMemories"},{"floor":48,"key":"Block Potion"}],"is_trial":false,"path_per_floor":["M","M","M","M","$","R","?","R","T","R","E","R","E","M","R","B",null,"M","M","$","?","M","E","R","T","T","E","$","E","$","?","R","B",null,"M","M","$","M","M","E","R","M","T","R","E","M","?","M","R","B",null,"R","$","E","B"],"character_chosen":"WATCHER","items_purchased":["OrangePellets","Thread and Needle","Nirvana+1","Weave","TheAbacus","Medical Kit"],"campfire_rested":6,"item_purchase_floors":[5,20,28,37,37,53],"current_hp_per_floor":[57,53,49,40,40,40,40,40,40,40,40,40,32,26,47,31,72,70,70,70,57,57,45,68,68,68,61,61,35,35,35,59,59,82,79,79,79,71,63,63,63,63,63,82,60,60,60,18,60,23,82,82,82,41,0,0],"gold":84,"neow_bonus":"BOSS_RELIC","is_daily":false,"chose_seed":false,"campfire_upgraded":4,"win_rate":0.0,"timestamp":1611402750,"path_taken":["M","M","?","M","$","R","?","R","T","R","E","R","E","M","R","BOSS","M","M","$","?","M","E","R","?","T","E","$","E","?","?","R","BOSS","M","M","?","M","M","E","R","M","T","R","E","M","?","M","R","BOSS","R","$","E","BOSS"],"items_purchased_type":["Relic","Relic","Card","Card","Relic","Relic"],"build_version":"2020-12-22","purchased_purges":4,"victory":false,"max_hp_per_floor":[72,72,72,72,72,72,72,72,72,72,72,72,72,72,72,72,72,72,72,72,77,77,77,77,77,77,77,77,82,82,82,82,82,82,82,82,82,82,82,82,82,82,82,82,82,82,82,82,82,82,82,82,82,82,82,82],"relic_stats":{"counters":[27,127],"Astrolabe":["Wish","Devotion","Scrawl"],"Eternal Feather":33,"Orichalcum":[6],"Smiling Mask":225,"Boot":[101],"Question Card":11,"Medical Kit":[2],"OrangePellets":[9],"Centennial Puzzle":[27],"Lizard Tail":41,"TheAbacus":[78],"Sundial":[6],"Bronze Scales":[141],"Art of War":[7],"Black Star":3,"obtain_stats":[{"Potion Belt":45,"Astrolabe":0,"Thread and Needle":20,"Eternal Feather":43,"Frozen Egg 2":9,"Orichalcum":54,"Smiling Mask":13,"Boot":23,"Question Card":29,"Medical Kit":53,"Akabeko":11,"OrangePellets":5,"Centennial Puzzle":27,"Lizard Tail":40,"TheAbacus":37,"Sundial":40,"Bronze Scales":45,"Fusion Hammer":17,"Art of War":25,"Black Star":34,"PureWater":0,"Toy Ornithopter":54},{"Potion Belt":22,"Astrolabe":0,"Thread and Needle":10,"Eternal Feather":21,"Frozen Egg 2":4,"Orichalcum":26,"Smiling Mask":6,"Boot":12,"Question Card":14,"Medical Kit":25,"Akabeko":5,"OrangePellets":4,"Centennial Puzzle":13,"Lizard Tail":20,"TheAbacus":17,"Sundial":20,"Bronze Scales":22,"Fusion Hammer":8,"Art of War":12,"Black Star":15,"PureWater":0,"Toy Ornithopter":26},{"Potion Belt":98,"Astrolabe":0,"Thread and Needle":46,"Eternal Feather":94,"Frozen Egg 2":18,"Orichalcum":124,"Smiling Mask":29,"Boot":55,"Question Card":65,"Medical Kit":118,"Akabeko":25,"OrangePellets":18,"Centennial Puzzle":59,"Lizard Tail":93,"TheAbacus":80,"Sundial":93,"Bronze Scales":98,"Fusion Hammer":41,"Art of War":55,"Black Star":71,"PureWater":0,"Toy Ornithopter":124}],"Toy Ornithopter":0},"card_choices":[{"not_picked":["EmptyMind","Halt"],"picked":"PathToVictory","floor":1},{"not_picked":["JustLucky","Crescendo"],"picked":"ThirdEye","floor":2},{"not_picked":["Consecrate","Halt"],"picked":"Prostrate","floor":3},{"not_picked":["Vengeance","Protect"],"picked":"Pray","floor":4},{"not_picked":["ConjureBlade","Consecrate"],"picked":"CutThroughFate","floor":11},{"not_picked":["Indignation","SashWhip"],"picked":"Crescendo","floor":13},{"not_picked":["ClearTheMind","ThirdEye"],"picked":"EmptyFist","floor":14},{"not_picked":["ConjureBlade","Judgement"],"picked":"Ragnarok","floor":16},{"not_picked":["Evaluate","Indignation"],"picked":"FlyingSleeves+1","floor":18},{"not_picked":["Consecrate","FlyingSleeves"],"picked":"CutThroughFate+1","floor":19},{"not_picked":["Fasting2+1","FlurryOfBlows"],"picked":"Wireheading+1","floor":22},{"not_picked":["Pray","Study+1"],"picked":"CutThroughFate","floor":23},{"not_picked":["SandsOfTime+1","Collect"],"picked":"Evaluate","floor":27},{"not_picked":["SandsOfTime","PathToVictory"],"picked":"JustLucky","floor":29},{"not_picked":["Blasphemy","Devotion+1","Judgement"],"picked":"Brilliance","floor":33},{"not_picked":["Conclude+1","Evaluate","CrushJoints+1"],"picked":"JustLucky+1","floor":35},{"not_picked":["Indignation","Pray+1","LikeWater+1"],"picked":"FlurryOfBlows","floor":36},{"not_picked":["FlurryOfBlows+1","Prostrate","Protect+1"],"picked":"MentalFortress+1","floor":38},{"not_picked":["BattleHymn+1","SashWhip","Protect","Evaluate"],"picked":"SKIP","floor":39},{"not_picked":["WaveOfTheHand+1","PathToVictory+1","Halt+1"],"picked":"ClearTheMind","floor":40},{"not_picked":["LikeWater+1","FlyingSleeves+1","Pray"],"picked":"Adaptation+1","floor":42},{"not_picked":["BowlingBash+1","FlyingSleeves","EmptyFist"],"picked":"Scrawl","floor":45},{"not_picked":["PathToVictory+1","SashWhip+1","Crescendo+1","Vengeance+1"],"picked":"SKIP","floor":46},{"not_picked":["FollowUp+1","FlurryOfBlows","SashWhip+1"],"picked":"CutThroughFate+1","floor":48},{"not_picked":["Evaluate","BowlingBash","ClearTheMind","Devotion+1"],"picked":"SKIP","floor":54}],"player_experience":1169346,"relics_obtained":[{"floor":9,"key":"Frozen Egg 2"},{"floor":11,"key":"Akabeko"},{"floor":13,"key":"Smiling Mask"},{"floor":23,"key":"Boot"},{"floor":25,"key":"Art of War"},{"floor":27,"key":"Centennial Puzzle"},{"floor":29,"key":"Question Card"},{"floor":40,"key":"Lizard Tail"},{"floor":40,"key":"Sundial"},{"floor":43,"key":"Eternal Feather"},{"floor":45,"key":"Bronze Scales"},{"floor":45,"key":"Potion Belt"},{"floor":54,"key":"Orichalcum"},{"floor":54,"key":"Toy Ornithopter"}],"event_choices":[{"cards_removed":["Strike_P"],"damage_healed":0,"gold_gain":0,"player_choice":"Forget","damage_taken":0,"max_hp_gain":0,"max_hp_loss":0,"event_name":"Living Wall","floor":7,"gold_loss":0},{"damage_healed":0,"gold_gain":0,"player_choice":"Shed Blood","damage_taken":18,"max_hp_gain":5,"max_hp_loss":0,"event_name":"Forgotten Altar","floor":21,"gold_loss":0},{"damage_healed":0,"gold_gain":100,"player_choice":"Pray","damage_taken":0,"max_hp_gain":0,"max_hp_loss":0,"event_name":"Golden Shrine","floor":31,"gold_loss":0},{"damage_healed":0,"gold_gain":0,"player_choice":"Ignored","damage_taken":0,"max_hp_gain":0,"max_hp_loss":0,"event_name":"Tomb of Lord Red Mask","floor":47,"gold_loss":0}],"is_beta":false,"boss_relics":[{"not_picked":["Velvet Choker","Sozu"],"picked":"Fusion Hammer"},{"not_picked":["Coffee Dripper","Empty Cage"],"picked":"Black Star"}],"items_purged_floors":[5,28,37,53],"is_endless":false,"potions_floor_spawned":[2,4,11,14,19,22,29,38,39,42,45,48],"killed_by":"The Heart","ascension_level":3}}