{"host":"fxrgx7wt2cpkbhka","time":1611373299,"event":{"mods":["AchievementEnabler","BaseMod","Colored Powertips","Minty Spire (QoL Compilation)","Permanent Neow","Quick Restart","Slay-I","StSLib","Waifu the Spire"],"gold_per_floor":[114,114,132,149,149,149,176,176,176,190,190,244,262,279,279,381,381,361,276,375,49,49,49,49,49,49],"floor_reached":25,"language":"ENG","playtime":791,"items_purged":[],"score":299,"play_id":"bf80d4d0-aeda-4e2c-ac8a-0510ec706bc8","local_time":"20210122194139","is_ascension_mode":true,"campfire_choices":[{"data":"Neutralize","floor":6,"key":"SMITH"},{"data":"Dash","floor":8,"key":"SMITH"},{"data":"Neutralize","floor":11,"key":"SMITH"},{"data":"Bouncing Flask","floor":15,"key":"SMITH"},{"data":"Deadly Poison","floor":23,"key":"SMITH"}],"circlet_count":0,"master_deck":["AscendersBane","Strike_G+1","Strike_G+1","Strike_G+1","Strike_G+1","Strike_G+1","Defend_G+1","Defend_G+1","Defend_G+1","Defend_G+1","Defend_G+1","Survivor","Neutralize+1","Dagger Spray","Deadly Poison+1","Neutralize+1","Dash+1","Backflip","Caltrops","Poisoned Stab","Bouncing Flask+1","Die Die Die","Sucker Punch","Flying Knee","Bane"],"relics":["Ring of the Snake","Lizard Tail","Letter Opener","Black Star","Matryoshka","Pear"],"acts_visited":["Exordium","TheCity"],"potions_floor_usage":[14,16,16,16,25],"damage_taken":[{"damage":3,"enemies":"2 Louse","floor":1,"turns":2},{"damage":0,"enemies":"Cultist","floor":3,"turns":4},{"damage":2,"enemies":"Jaw Worm","floor":4,"turns":5},{"damage":22,"enemies":"3 Sentries","floor":7,"turns":11},{"damage":1,"enemies":"Red Slaver","floor":10,"turns":3},{"damage":2,"enemies":"2 Fungi Beasts","floor":13,"turns":3},{"damage":7,"enemies":"3 Louse","floor":14,"turns":3},{"damage":71,"enemies":"Slime Boss","floor":16,"turns":15},{"damage":15,"enemies":"2 Thieves","floor":18,"turns":4},{"damage":60,"enemies":"Gremlin Leader","floor":25,"turns":5}],"seed_played":"2074627600238451094","potions_obtained":[{"floor":1,"key":"BlessingOfTheForge"},{"floor":4,"key":"FairyPotion"},{"floor":5,"key":"Fire Potion"},{"floor":5,"key":"EntropicBrew"},{"floor":14,"key":"GhostInAJar"},{"floor":16,"key":"Block Potion"},{"floor":18,"key":"BlessingOfTheForge"}],"is_trial":false,"path_per_floor":["M","?","M","M","?","R","E","R","T","M","R","?","M","M","R","B",null,"M","?","?","$","?","R","$","E"],"character_chosen":"THE_SILENT","items_purchased":["Pear","Flying Knee","Bane"],"campfire_rested":0,"item_purchase_floors":[21,21,21],"current_hp_per_floor":[60,60,60,58,58,58,36,36,36,35,35,35,33,26,26,28,60,45,45,45,55,55,55,55,0,0],"gold":49,"neow_bonus":"THREE_CARDS","is_daily":false,"chose_seed":false,"campfire_upgraded":5,"win_rate":0.0,"timestamp":1611373299,"path_taken":["M","?","M","?","?","R","E","R","T","?","R","?","M","M","R","BOSS","M","?","?","$","?","R","$","E"],"items_purchased_type":["Relic","Card","Card"],"build_version":"2020-12-22","purchased_purges":0,"victory":false,"max_hp_per_floor":[70,70,70,70,70,70,70,70,70,70,70,70,70,70,70,70,70,70,70,70,80,80,80,80,80,80],"card_choices":[{"not_picked":["Dodge and Roll","Flying Knee"],"picked":"Dagger Spray","floor":0},{"not_picked":["Distraction","Prepared","Tactician"],"picked":"SKIP","floor":1},{"not_picked":["Dodge and Roll","Crippling Poison"],"picked":"Dash","floor":3},{"not_picked":["Heel Hook","Tactician"],"picked":"Backflip","floor":4},{"not_picked":["Bane","Flechettes"],"picked":"Caltrops","floor":7},{"not_picked":["Dagger Spray","Reflex","Dodge and Roll"],"picked":"SKIP","floor":10},{"not_picked":["Flechettes","Infinite Blades"],"picked":"Poisoned Stab","floor":13},{"not_picked":["Flying Knee","Blade Dance"],"picked":"Bouncing Flask","floor":14},{"not_picked":["Doppelganger","Glass Knife"],"picked":"Die Die Die","floor":16},{"not_picked":["Tactician","PiercingWail+1"],"picked":"Sucker Punch","floor":18}],"player_experience":729518,"relics_obtained":[{"floor":7,"key":"Lizard Tail"},{"floor":9,"key":"Letter Opener"}],"event_choices":[{"damage_healed":0,"gold_gain":0,"player_choice":"2 cards matched","damage_taken":0,"max_hp_gain":0,"max_hp_loss":0,"event_name":"Match and Keep!","floor":2,"gold_loss":0,"cards_obtained":["Deadly Poison","Neutralize"]},{"damage_healed":0,"gold_gain":0,"player_choice":"Got Potions","damage_taken":0,"max_hp_gain":0,"max_hp_loss":0,"event_name":"Lab","floor":5,"gold_loss":0},{"damage_healed":0,"gold_gain":54,"player_choice":"Gained Gold","damage_taken":0,"max_hp_gain":0,"max_hp_loss":0,"event_name":"Golden Wing","floor":12,"gold_loss":0},{"damage_healed":0,"gold_gain":0,"player_choice":"Obtained Relic","damage_taken":0,"relics_obtained":["Matryoshka"],"max_hp_gain":0,"max_hp_loss":0,"event_name":"Addict","floor":19,"gold_loss":85},{"damage_healed":0,"gold_gain":99,"player_choice":"Stole From Cult","damage_taken":0,"max_hp_gain":0,"max_hp_loss":0,"event_name":"Nest","floor":20,"gold_loss":0},{"damage_healed":0,"gold_gain":0,"player_choice":"Simplicity","damage_taken":0,"max_hp_gain":0,"max_hp_loss":0,"event_name":"Back to Basics","floor":22,"gold_loss":0,"cards_upgraded":["Strike_G","Strike_G","Strike_G","Strike_G","Strike_G","Defend_G","Defend_G","Defend_G","Defend_G","Defend_G"]}],"is_beta":false,"boss_relics":[{"not_picked":["Philosopher\u0027s Stone","Fusion Hammer"],"picked":"Black Star"}],"items_purged_floors":[],"is_endless":false,"potions_floor_spawned":[1,4,7,10,14,16,18],"killed_by":"Gremlin Leader","ascension_level":10}}