{"host":"zhec3g4cvsmevugl","time":1611413464,"event":{"mods":["BaseMod","BetterRewards","Curses Come First","Minty Spire (QoL Compilation)","Relic Stats","Slay-I","StSLib"],"gold_per_floor":[114,114,114,16,31,31,46,46,46,61,76,76,106,121,121,221,221,236,251,251,251,49,79,79,109,109,109,109,124,454,469,469,569,569,584,24,24,39,54,84,84,99,99,99,114,144,159,189,189,189],"floor_reached":51,"language":"ENG","playtime":2516,"items_purged":[],"score":1022,"play_id":"5be1dee6-e61c-4722-8023-fba4b3201b06","local_time":"20210123225104","daily_mods":["Cursed Run","Purple Cards","DeadlyEvents"],"is_ascension_mode":false,"campfire_choices":[{"data":"DevaForm","floor":6.0,"key":"SMITH"},{"data":"BattleHymn","floor":8.0,"key":"SMITH"},{"data":"Carnage","floor":12.0,"key":"SMITH"},{"floor":15.0,"key":"REST"},{"floor":24,"key":"REST"},{"floor":27,"key":"REST"},{"data":"Omniscience","floor":32,"key":"SMITH"},{"floor":41,"key":"REST"},{"floor":44,"key":"REST"},{"floor":49,"key":"REST"}],"circlet_count":0,"master_deck":["Strike_R","Strike_R","Strike_R","Strike_R","Strike_R","Defend_R","Defend_R","Defend_R","Defend_R","Bash","DevaForm+1","Iron Wave","BattleHymn+1","Consecrate","Carnage+1","Shame","Swivel","Combust","Flex","Pommel Strike","Injury","Omniscience+1","CurseOfTheBell","Pommel Strike+1","Feel No Pain","Necronomicurse","ThirdEye","Intimidate","Consecrate+1","Clumsy","Shrug It Off+1","BowlingBash","Sanctity","Normality","Juggernaut","Consecrate+1","Dramatic Entrance","Bandage Up+1","Panacea","Sword Boomerang","Iron Wave+1","True Grit","Shame","Thunderclap","Parasite"],"relics":["Cursed Key","Darkstone Periapt","Du-Vu Doll","InkBottle","Turnip","Calling Bell","Bag of Preparation","Paper Frog","Pocketwatch","Necronomicon","MutagenicStrength","Regal Pillow","Oddly Smooth Stone","The Courier","Kunai","Old Coin","Busted Crown","Pen Nib","Gremlin Horn","ClockworkSouvenir","Potion Belt","Toy Ornithopter","Peace Pipe","War Paint","Akabeko"],"acts_visited":["Exordium","TheCity","TheBeyond"],"potions_floor_usage":[23,33,33,39,40,50],"damage_taken":[{"damage":6.0,"enemies":"Jaw Worm","floor":1.0,"turns":2.0},{"damage":12.0,"enemies":"2 Louse","floor":5.0,"turns":2.0},{"damage":6.0,"enemies":"Cultist","floor":7.0,"turns":3.0},{"damage":17.0,"enemies":"Exordium Thugs","floor":10.0,"turns":4.0},{"damage":1.0,"enemies":"Exordium Wildlife","floor":11.0,"turns":2.0},{"damage":31.0,"enemies":"Lagavulin","floor":13.0,"turns":4.0},{"damage":5.0,"enemies":"3 Louse","floor":14.0,"turns":2.0},{"damage":28.0,"enemies":"Hexaghost","floor":16.0,"turns":7.0},{"damage":31.0,"enemies":"3 Byrds","floor":18.0,"turns":5.0},{"damage":0.0,"enemies":"Spheric Guardian","floor":19.0,"turns":3.0},{"damage":49,"enemies":"Book of Stabbing","floor":23,"turns":4},{"damage":12,"enemies":"Gremlin Leader","floor":25,"turns":2},{"damage":0,"enemies":"Snake Plant","floor":29,"turns":1},{"damage":7,"enemies":"Slavers","floor":30,"turns":3},{"damage":0,"enemies":"Sentry and Sphere","floor":31,"turns":3},{"damage":53,"enemies":"Automaton","floor":33,"turns":7},{"damage":8,"enemies":"3 Darklings","floor":35,"turns":4},{"damage":12,"enemies":"Orb Walker","floor":38,"turns":2},{"damage":21,"enemies":"Writhing Mass","floor":39,"turns":3},{"damage":49,"enemies":"Nemesis","floor":40,"turns":5},{"damage":8,"enemies":"Transient","floor":42,"turns":5},{"damage":9,"enemies":"4 Shapes","floor":45,"turns":1},{"damage":16,"enemies":"Giant Head","floor":46,"turns":4},{"damage":0,"enemies":"Jaw Worm Horde","floor":47,"turns":2},{"damage":49,"enemies":"Nemesis","floor":48,"turns":5},{"damage":76,"enemies":"Time Eater","floor":50,"turns":6}],"seed_played":"-4692305807027556167","potions_obtained":[{"floor":5.0,"key":"FearPotion"},{"floor":11.0,"key":"Fruit Juice"},{"floor":13.0,"key":"Regen Potion"},{"floor":14.0,"key":"Weak Potion"},{"floor":19,"key":"Swift Potion"},{"floor":25,"key":"ColorlessPotion"},{"floor":31,"key":"Swift Potion"},{"floor":38,"key":"LiquidBronze"},{"floor":39,"key":"SkillPotion"},{"floor":42,"key":"Weak Potion"},{"floor":47,"key":"Explosive Potion"},{"floor":48,"key":"LiquidBronze"}],"is_trial":false,"path_per_floor":["M","?","?","$","M","R","M","R","T","M","M","R","E","M","R","B",null,"M","M","?","?","$","E","R","E","T","R","$","M","E","M","R","B",null,"M","$","?","M","M","E","R","M","T","R","M","E","M","E","R","B",null],"character_chosen":"IRONCLAD","items_purchased":["Iron Wave","BattleHymn","Regal Pillow","ThirdEye","Pen Nib","Gremlin Horn","ClockworkSouvenir","Potion Belt"],"campfire_rested":6,"item_purchase_floors":[4,4,22,22,36,36,36,36],"current_hp_per_floor":[74,74,74,74,62,62,56,56,62,45,44,44,18,13,40,27,103,72,72,62,62,62,13,60,48,54,103,103,103,96,96,96,49,121,113,113,103,91,70,25,76,72,78,127,118,106,106,63,116,51],"gold":189,"neow_bonus":"","is_daily":true,"chose_seed":false,"campfire_upgraded":4,"win_rate":0.0,"timestamp":1611413464,"path_taken":["M","?","?","$","M","R","M","R","T","?","M","R","?","M","R","BOSS","M","M","?","?","$","?","R","E","T","R","?","?","?","?","R","BOSS","M","$","?","M","M","E","R","M","T","R","M","E","?","E","R","BOSS"],"items_purchased_type":["Card","Card","Relic","Card","Relic","Relic","Relic","Relic"],"build_version":"2020-12-22","purchased_purges":0,"victory":true,"max_hp_per_floor":[80,80,80,80,80,80,80,80,86,86,86,86,91,91,91,97,103,103,103,109,109,109,109,109,109,115,115,115,115,115,115,115,121,121,121,121,121,121,121,121,121,121,127,127,127,127,127,127,127,133],"relic_stats":{"Darkstone Periapt":48,"Regal Pillow":71,"Gremlin Horn":[5,5],"counters":[26,91],"Pen Nib":[8],"Bag of Preparation":[36],"War Paint":["Bandage Up","Shrug It Off"],"Cursed Key":3,"Peace Pipe":0,"Busted Crown":24,"Turnip":[19],"Necronomicon":[17],"Kunai":[33],"obtain_stats":[{"Darkstone Periapt":0,"Regal Pillow":22,"Gremlin Horn":36,"Bag of Preparation":17,"Cursed Key":0,"Old Coin":30,"ClockworkSouvenir":36,"Necronomicon":20,"Kunai":26,"InkBottle":9,"Paper Frog":17,"Potion Belt":36,"Oddly Smooth Stone":23,"The Courier":25,"Pen Nib":36,"War Paint":46,"Akabeko":48,"Du-Vu Doll":0,"Calling Bell":17,"Peace Pipe":43,"Busted Crown":34,"MutagenicStrength":21,"Turnip":13,"Toy Ornithopter":40,"Pocketwatch":17},{"Darkstone Periapt":0,"Regal Pillow":10,"Gremlin Horn":17,"Bag of Preparation":8,"Cursed Key":0,"Old Coin":14,"ClockworkSouvenir":17,"Necronomicon":10,"Kunai":12,"InkBottle":3,"Paper Frog":8,"Potion Belt":17,"Oddly Smooth Stone":11,"The Courier":12,"Pen Nib":17,"War Paint":23,"Akabeko":25,"Du-Vu Doll":0,"Calling Bell":8,"Peace Pipe":21,"Busted Crown":16,"MutagenicStrength":10,"Turnip":6,"Toy Ornithopter":20,"Pocketwatch":8},{"Darkstone Periapt":0,"Regal Pillow":34,"Gremlin Horn":58,"Bag of Preparation":26,"Cursed Key":0,"Old Coin":44,"ClockworkSouvenir":58,"Necronomicon":34,"Kunai":40,"InkBottle":7,"Paper Frog":26,"Potion Belt":58,"Oddly Smooth Stone":38,"The Courier":40,"Pen Nib":58,"War Paint":78,"Akabeko":85,"Du-Vu Doll":0,"Calling Bell":26,"Peace Pipe":73,"Busted Crown":54,"MutagenicStrength":34,"Turnip":17,"Toy Ornithopter":68,"Pocketwatch":26}],"InkBottle":[33],"Toy Ornithopter":5,"Pocketwatch":[24]},"card_choices":[{"not_picked":["CrushJoints","Prostrate"],"picked":"Thunderclap","floor":1.0},{"not_picked":["BowlingBash","Shrug It Off"],"picked":"Consecrate","floor":5.0},{"not_picked":["FearNoEvil","LikeWater"],"picked":"Carnage","floor":7.0},{"not_picked":["Halt","FlyingSleeves"],"picked":"Swivel","floor":10.0},{"not_picked":["Evaluate","DevaForm"],"picked":"Combust","floor":11.0},{"not_picked":["Inflame","Evolve"],"picked":"Flex","floor":13.0},{"not_picked":["EmptyFist","JustLucky"],"picked":"Pommel Strike","floor":14.0},{"not_picked":["Barricade","Exhume"],"picked":"Omniscience","floor":16.0},{"not_picked":["Wild Strike","Spot Weakness+1"],"picked":"Pommel Strike+1","floor":18.0},{"not_picked":["PathToVictory","Juggernaut"],"picked":"Feel No Pain","floor":19},{"not_picked":["JustLucky+1","Clash"],"picked":"Intimidate","floor":23},{"not_picked":["Sever Soul+1","Omniscience"],"picked":"Consecrate+1","floor":25},{"not_picked":["Tantrum","Heavy Blade"],"picked":"Shrug It Off","floor":29},{"not_picked":["EmptyFist","Second Wind"],"picked":"BowlingBash","floor":30},{"not_picked":["Reckless Charge","Collect"],"picked":"Sanctity","floor":31},{"not_picked":["Brilliance","Double Tap"],"picked":"Juggernaut","floor":33},{"not_picked":[],"picked":"Consecrate+1","floor":35},{"not_picked":[],"picked":"Dramatic Entrance","floor":37},{"not_picked":[],"picked":"Bandage Up","floor":37},{"not_picked":[],"picked":"Panacea","floor":37},{"not_picked":[],"picked":"Sword Boomerang","floor":38},{"not_picked":["InnerPeace"],"picked":"SKIP","floor":39},{"not_picked":[],"picked":"Iron Wave+1","floor":40},{"not_picked":[],"picked":"True Grit","floor":42},{"not_picked":["Dark Embrace+1"],"picked":"SKIP","floor":45},{"not_picked":["Iron Wave"],"picked":"SKIP","floor":46},{"not_picked":["Twin Strike"],"picked":"SKIP","floor":47},{"not_picked":[],"picked":"Thunderclap","floor":48}],"player_experience":213593,"relics_obtained":[{"floor":9.0,"key":"InkBottle"},{"floor":13.0,"key":"Turnip"},{"floor":17.0,"key":"Bag of Preparation"},{"floor":17.0,"key":"Paper Frog"},{"floor":17.0,"key":"Pocketwatch"},{"floor":20,"key":"Necronomicon"},{"floor":23,"key":"Oddly Smooth Stone"},{"floor":25,"key":"The Courier"},{"floor":26,"key":"Kunai"},{"floor":30,"key":"Old Coin"},{"floor":40,"key":"Toy Ornithopter"},{"floor":43,"key":"Peace Pipe"},{"floor":46,"key":"War Paint"},{"floor":48,"key":"Akabeko"}],"event_choices":[{"damage_healed":0.0,"max_hp_gain":0.0,"max_hp_loss":0.0,"gold_gain":0.0,"cards_transformed":["Thunderclap"],"event_name":"Living Wall","player_choice":"Change","floor":2.0,"gold_loss":0.0,"damage_taken":0.0,"cards_obtained":["DevaForm"]},{"damage_healed":0.0,"max_hp_gain":0.0,"max_hp_loss":0.0,"gold_gain":0.0,"event_name":"The Cleric","player_choice":"Leave","floor":3.0,"gold_loss":0.0,"damage_taken":0.0},{"damage_healed":0,"gold_gain":0,"player_choice":"Obtained Book","damage_taken":16,"max_hp_gain":0,"max_hp_loss":0,"event_name":"Cursed Tome","floor":20,"gold_loss":0},{"damage_healed":0,"gold_gain":0,"player_choice":"Inject Mutagens","damage_taken":0,"relics_obtained":["MutagenicStrength"],"max_hp_gain":0,"max_hp_loss":0,"event_name":"Drug Dealer","floor":21,"gold_loss":0},{"damage_healed":0,"gold_gain":0,"player_choice":"Memory 3","damage_taken":10,"max_hp_gain":0,"max_hp_loss":0,"event_name":"SensoryStone","floor":37,"gold_loss":0}],"is_beta":false,"boss_relics":[{"not_picked":["SacredBark","SlaversCollar"],"picked":"Calling Bell"},{"not_picked":["Runic Dome","Velvet Choker"],"picked":"Busted Crown"}],"items_purged_floors":[],"is_endless":false,"potions_floor_spawned":[5,11,13,14,19,25,31,38,39,42,47,48],"ascension_level":0}}