{"host":"cjczijzq2n4uvi0v","time":1611445240,"event":{"mods":["2.2 Compatiblity","Act Like it!","Aspiration","Astrologer","BaseMod","BetterRewards","Challenge The Spire","Colored Map","Colored Powertips","Conspire","Elementarium","Gensokyo","GifTheSpireLib","GungeonMod","Halation","Hallownest","Highlight Path","Hubris","Infinite Spire","Jorbs\u0027s Wanderer Trilogy","Lobotomy","Mimic Mod","Minty Spire (QoL Compilation)","Pale of the Ancients","Permanent Neow","Rare Cards Sparkle","Replay The Spire","Shop Mod","Spikes Relics","StSLib","Stuff the Spire","The Animator","The Bug Knight","The Construct","The Disciple","The Jungle","The Problem Sleuth","Unknown Chances","Wandering Minibosses"],"gold_per_floor":[19,19,35,45,1734,1734,1762,1775,1806,1818,1818,965,965,965],"floor_reached":13,"language":"ENG","playtime":551,"items_purged":["Strike_B","Strike_B"],"score":135,"play_id":"24feec1e-39fc-4f66-a716-eb34d3c15539","local_time":"20210123234040","is_ascension_mode":false,"campfire_choices":[{"floor":6,"key":"REST"},{"data":"Capacitor","floor":6,"key":"SMITH"}],"circlet_count":0,"master_deck":["Strike_B","Strike_B","Defend_B","Defend_B","Defend_B","Defend_B","Zap","Dualcast","Ball Lightning","Capacitor+1","StuffTheSpire:Plugnplay","Cold Snap","Sweeping Beam","RefreshScreen"],"relics":["aspiration:RitualStick","SpringShield","StuffTheSpire:Wildfire","Elementarium:HuntersSling","halation:Convergence","aspiration:PoetsPen_weak","Bottled Tornado","infinitespire:Chaos","Gremlin Horn","MerchantsRug"],"acts_visited":["Hallownest:Greenpath"],"potions_floor_usage":[],"damage_taken":[{"damage":2,"enemies":"Hallownest:2_Baldur","floor":1,"turns":3},{"damage":4,"enemies":"Hallownest:2_MossCreeps","floor":3,"turns":5},{"damage":8,"enemies":"Hallownest:monsterHuskWarrior","floor":4,"turns":2},{"damage":17,"enemies":"Hallownest:eliteVengeflyKing","floor":7,"turns":6},{"damage":39,"enemies":"Hallownest:1_Ooma_and_2_Uuma","floor":8,"turns":7},{"damage":2,"enemies":"Hallownest:MossCreep_and_Mosskin","floor":9,"turns":4},{"damage":16,"enemies":"Hallownest:MossCreep_and_Mosskin","floor":10,"turns":4},{"damage":14,"enemies":"Hallownest:eliteCrystalGuardian","floor":13,"turns":3}],"seed_played":"7095811081707259167","potions_obtained":[{"floor":7,"key":"Languid Potion"},{"floor":10,"key":"Energy Potion"}],"is_trial":false,"path_per_floor":["M","?","M","M","$","R","E","M","MIM","M","?","$","E"],"character_chosen":"DEFECT","items_purchased":["aspiration:TomeofQuesting","Capacitor","ReplayTheSpireMod:Lightbulb","RefreshScreen","infinitespire:Chaos","Gremlin Horn","MerchantsRug"],"campfire_rested":1,"item_purchase_floors":[5,5,12,12,12,12,12],"current_hp_per_floor":[73,73,69,61,61,75,58,19,17,1,9,9,0,0],"gold":965,"neow_bonus":"ONE_RARE_RELIC","is_daily":false,"chose_seed":false,"campfire_upgraded":1,"win_rate":0.0,"timestamp":1611445240,"path_taken":["M","?","?","M","$","R","E","M","MIM","M","?","$","E"],"items_purchased_type":["Relic","Card","Relic","Card","Relic","Relic","Relic"],"build_version":"2020-12-22","purchased_purges":2,"victory":false,"max_hp_per_floor":[75,75,75,75,75,75,75,75,75,75,75,75,75,75],"card_choices":[{"not_picked":["conspire:SharedLibrary","Compile Driver","Hologram"],"picked":"SKIP","floor":1},{"not_picked":["Self Repair","Genetic Algorithm","Steam Power"],"picked":"SKIP","floor":3},{"not_picked":["Leap","Compile Driver"],"picked":"Ball Lightning","floor":4},{"not_picked":["Panic Button","Recycle"],"picked":"StuffTheSpire:Plugnplay","floor":7},{"not_picked":["Hello World","StuffTheSpire:GlassShard"],"picked":"Cold Snap","floor":8},{"not_picked":["StuffTheSpire:Purify","Steam Power"],"picked":"Sweeping Beam","floor":9},{"not_picked":["Go for the Eyes","Barrage","Aggregate"],"picked":"SKIP","floor":10}],"player_experience":42184,"relics_obtained":[{"floor":7,"key":"Smiling Mask"},{"floor":9,"key":"DemoMod:Metronome"}],"event_choices":[],"is_beta":false,"boss_relics":[],"items_purged_floors":[5,12],"is_endless":false,"potions_floor_spawned":[7,10],"killed_by":"Hallownest:eliteCrystalGuardian","ascension_level":0}}