{"host":"neeznpvpgo0qgfkd","time":1611428018,"event":{"mods":["AchievementEnabler","BaseMod","BetterRewards","Colored Map","Colored Powertips","Exacting","Minty Spire (QoL Compilation)","Permanent Neow","Quick Restart","Shop Mod"],"gold_per_floor":[147,165,165,185,201,229,229,261,261,279,279,279,292,331,331,427,427,450,22,41,41,57,92,92,106,133,158,198,198,222,222,222,313,313,336,361,425,480,480,480],"floor_reached":39,"language":"ENG","playtime":13817,"items_purged":[],"score":829,"play_id":"efb610a1-0036-41b9-b66b-59d8db24e872","local_time":"20210123135338","is_ascension_mode":true,"campfire_choices":[{"floor":7.0,"key":"REST"},{"floor":15.0,"key":"REST"},{"floor":24.0,"key":"REST"},{"floor":29.0,"key":"REST"},{"floor":32.0,"key":"REST"}],"circlet_count":0,"master_deck":["AscendersBane","Strike_G","Strike_G","Strike_G","Defend_G","Defend_G","Defend_G","Defend_G","Survivor","Neutralize","Accuracy","Blade Dance","Blade Dance","Cloak And Dagger+1","Quick Slash","Deflect","Crippling Poison","Footwork","Injury","After Image","Die Die Die","Envenom","Backflip+1","After Image","Dagger Spray+1","Decay","Dagger Spray","Dash","Underhanded Strike","Cloak And Dagger","Cloak And Dagger","Cloak And Dagger","Catalyst","Blade Dance","Glass Knife","Dodge and Roll","Accuracy","Cloak And Dagger"],"relics":["Empty Cage","Regal Pillow","Art of War","Vajra","Golden Idol","Mummified Hand","WristBlade","TungstenRod","PreservedInsect","Anchor","Dream Catcher","SlaversCollar","The Specimen"],"acts_visited":["Exordium","TheCity","TheBeyond"],"potions_floor_usage":[],"damage_taken":[{"damage":3.0,"enemies":"Small Slimes","floor":1.0,"turns":6.0},{"damage":5.0,"enemies":"Cultist","floor":2.0,"turns":5.0},{"damage":8.0,"enemies":"2 Louse","floor":4.0,"turns":3.0},{"damage":3.0,"enemies":"Looter","floor":5.0,"turns":3.0},{"damage":14.0,"enemies":"3 Sentries","floor":6.0,"turns":7.0},{"damage":20.0,"enemies":"Gremlin Nob","floor":8.0,"turns":4.0},{"damage":6.0,"enemies":"Gremlin Gang","floor":10.0,"turns":3.0},{"damage":15.0,"enemies":"Exordium Thugs","floor":13.0,"turns":5.0},{"damage":6.0,"enemies":"Lagavulin","floor":14.0,"turns":4.0},{"damage":23.0,"enemies":"Slime Boss","floor":16.0,"turns":10.0},{"damage":26.0,"enemies":"2 Thieves","floor":18.0,"turns":4.0},{"damage":0.0,"enemies":"Spheric Guardian","floor":20.0,"turns":3.0},{"damage":7.0,"enemies":"3 Cultists","floor":22.0,"turns":4.0},{"damage":26.0,"enemies":"Slavers","floor":23.0,"turns":5.0},{"damage":8.0,"enemies":"Snake Plant","floor":25.0,"turns":5.0},{"damage":9.0,"enemies":"Shelled Parasite and Fungi","floor":27.0,"turns":4.0},{"damage":5.0,"enemies":"Book of Stabbing","floor":28.0,"turns":3.0},{"damage":6.0,"enemies":"3 Cultists","floor":30.0,"turns":4.0},{"damage":42.0,"enemies":"Automaton","floor":33.0,"turns":7.0},{"damage":18.0,"enemies":"3 Darklings","floor":35.0,"turns":5.0},{"damage":0.0,"enemies":"Orb Walker","floor":36.0,"turns":4.0},{"damage":37.0,"enemies":"2 Orb Walkers","floor":37.0,"turns":5.0},{"damage":6,"enemies":"4 Shapes","floor":38,"turns":7},{"damage":8,"enemies":"3 Darklings","floor":39,"turns":2}],"seed_played":"2768723948667445252","potions_obtained":[{"floor":4.0,"key":"Fruit Juice"},{"floor":5.0,"key":"SpeedPotion"},{"floor":8.0,"key":"SneckoOil"},{"floor":14.0,"key":"Ancient Potion"},{"floor":20.0,"key":"SpeedPotion"},{"floor":25.0,"key":"SpeedPotion"},{"floor":30.0,"key":"AttackPotion"},{"floor":31.0,"key":"CultistPotion"},{"floor":33.0,"key":"EssenceOfSteel"},{"floor":35.0,"key":"Dexterity Potion"},{"floor":35.0,"key":"DuplicationPotion"}],"is_trial":false,"path_per_floor":["M","M","?","M","M","E","R","E","T","M","?","?","M","E","R","B",null,"M","$","M","?","M","E","R","M","T","M","E","R","M","?","R","B",null,"M","M","?","M","M"],"character_chosen":"THE_SILENT","items_purchased":["TungstenRod","After Image"],"campfire_rested":5,"item_purchase_floors":[19,19],"current_hp_per_floor":[56,51,51,48,45,31,67,47,47,41,41,41,26,20,56,33,62,36,36,36,36,29,5,41,33,33,34,29,65,59,59,73,31,63,45,45,8,2,0,0],"gold":480,"neow_bonus":"BOSS_RELIC","is_daily":false,"chose_seed":false,"campfire_upgraded":0,"win_rate":0.0,"timestamp":1611428018,"path_taken":["M","M","?","?","M","E","R","E","T","M","?","?","M","E","R","BOSS","M","$","?","?","M","E","R","M","T","M","E","R","?","?","R","BOSS","M","?","?","M","M"],"items_purchased_type":["Relic","Card"],"build_version":"2020-12-22","purchased_purges":0,"victory":false,"max_hp_per_floor":[66,66,66,71,71,71,71,71,71,71,71,71,71,71,71,71,71,71,71,71,71,71,73,73,73,73,73,73,73,73,73,73,73,73,73,73,73,73,73,73],"card_choices":[{"not_picked":["Dagger Spray","Noxious Fumes"],"picked":"Accuracy","floor":1.0},{"not_picked":["Acrobatics","Bane"],"picked":"Blade Dance","floor":2.0},{"not_picked":["Backflip","Underhanded Strike"],"picked":"Blade Dance","floor":4.0},{"not_picked":["Accuracy","Dash"],"picked":"Cloak And Dagger","floor":5.0},{"not_picked":["Setup","Escape Plan"],"picked":"Quick Slash","floor":5.0},{"not_picked":["Escape Plan","Deadly Poison"],"picked":"Deflect","floor":6.0},{"not_picked":["Dodge and Roll","Masterful Stab"],"picked":"Crippling Poison","floor":8.0},{"not_picked":["Slice","Underhanded Strike"],"picked":"Footwork","floor":10.0},{"not_picked":["Flying Knee","Acrobatics"],"picked":"After Image","floor":13.0},{"not_picked":["Slice","Well Laid Plans"],"picked":"Die Die Die","floor":14.0},{"not_picked":["Phantasmal Killer","Burst"],"picked":"Envenom","floor":16.0},{"not_picked":["Dagger Throw","Calculated Gamble"],"picked":"Backflip+1","floor":18.0},{"not_picked":["Blur","Backflip+1"],"picked":"Dagger Spray+1","floor":20.0},{"not_picked":["Finisher","Catalyst"],"picked":"Dagger Spray","floor":22.0},{"not_picked":["Acrobatics","Deadly Poison"],"picked":"Dash","floor":23.0},{"not_picked":["Masterful Stab","Deflect"],"picked":"Underhanded Strike","floor":25.0},{"not_picked":["Predator+1","Deflect"],"picked":"Cloak And Dagger","floor":27.0},{"not_picked":["Finisher","Blade Dance"],"picked":"Cloak And Dagger","floor":28.0},{"not_picked":["Blur","Bullet Time"],"picked":"Cloak And Dagger","floor":29.0},{"not_picked":["Slice","Acrobatics"],"picked":"Catalyst","floor":30.0},{"not_picked":["Deflect","Expertise"],"picked":"Blade Dance","floor":32.0},{"not_picked":["Malaise","Wraith Form v2"],"picked":"Glass Knife","floor":33.0},{"not_picked":["Deadly Poison","Outmaneuver+1","Endless Agony"],"picked":"SKIP","floor":35.0},{"not_picked":["Quick Slash","Backflip"],"picked":"Dodge and Roll","floor":36.0},{"not_picked":["Endless Agony","Distraction+1"],"picked":"Accuracy","floor":37},{"not_picked":["Deadly Poison","Crippling Poison"],"picked":"Cloak And Dagger","floor":38}],"player_experience":1911800,"relics_obtained":[{"floor":6.0,"key":"Regal Pillow"},{"floor":8.0,"key":"Art of War"},{"floor":9.0,"key":"Vajra"},{"floor":14.0,"key":"Mummified Hand"},{"floor":23.0,"key":"PreservedInsect"},{"floor":26.0,"key":"Anchor"},{"floor":28.0,"key":"Dream Catcher"},{"floor":37,"key":"The Specimen"}],"event_choices":[{"cards_removed":["Strike_G"],"damage_healed":0.0,"max_hp_gain":0.0,"max_hp_loss":0.0,"gold_gain":0.0,"event_name":"Purifier","player_choice":"Purged","floor":3.0,"gold_loss":0.0,"damage_taken":0.0},{"damage_healed":0.0,"max_hp_gain":0.0,"max_hp_loss":0.0,"gold_gain":0.0,"event_name":"Golden Idol","player_choice":"Take Wound","floor":11.0,"gold_loss":0.0,"damage_taken":0.0,"relics_obtained":["Golden Idol"],"cards_obtained":["Injury"]},{"damage_healed":0.0,"max_hp_gain":0.0,"max_hp_loss":0.0,"gold_gain":0.0,"event_name":"Upgrade Shrine","player_choice":"Upgraded","floor":12.0,"gold_loss":0.0,"damage_taken":0.0,"cards_upgraded":["Cloak And Dagger"]},{"damage_healed":0.0,"max_hp_gain":0.0,"max_hp_loss":0.0,"gold_gain":0.0,"event_name":"Wheel of Change","player_choice":"Cursed","floor":21.0,"gold_loss":0.0,"damage_taken":0.0,"cards_obtained":["Decay"]},{"damage_healed":0.0,"max_hp_gain":0.0,"max_hp_loss":0.0,"gold_gain":0.0,"event_name":"Lab","player_choice":"Got Potions","floor":31.0,"gold_loss":0.0,"damage_taken":0.0},{"damage_healed":0.0,"max_hp_gain":0.0,"max_hp_loss":0.0,"gold_gain":0.0,"event_name":"Mysterious Sphere","player_choice":"Fight","floor":37.0,"gold_loss":0.0,"damage_taken":0.0}],"is_beta":false,"boss_relics":[{"not_picked":["HoveringKite","Black Star"],"picked":"WristBlade"},{"not_picked":["Runic Dome","Snecko Eye"],"picked":"SlaversCollar"}],"items_purged_floors":[],"is_endless":false,"potions_floor_spawned":[4,5,8,14,20,25,30,33,35],"killed_by":"3 Darklings","ascension_level":15}}