{"host":"hw13b7hbn5su36xt","time":1611413170,"event":{"mods":["2.2 Compatiblity","BaseMod","Bestiary","Colored Map","Colored Powertips","Curses Come First","Dark Map","Downfall","Highlight Path","Minty Spire (QoL Compilation)","RNG Fix","Relic Filter","Relic Sorter","Relic Stats","StSLib"],"gold_per_floor":[99,99,99,199,199,227,306,306,316,332,507,533,207,207,220,332,332,232,243,47,62,239,265,290,299,199,199,215,257,257,274,299,406,406,406,421,440,453,462,308,308,308,308,308],"floor_reached":42,"language":"ENG","playtime":2147,"items_purged":["downfall:Aged"],"score":772,"play_id":"6e7b6680-401a-462d-8d66-19d539df88d5","local_time":"20210123144610","is_ascension_mode":true,"campfire_choices":[{"data":"hexamod:Strike","floor":1,"key":"SMITH"},{"data":"hexamod:GiftsFromTheDead","floor":18,"key":"SMITH"},{"floor":26,"key":"REST"},{"floor":30,"key":"REST"},{"floor":35,"key":"RECALL"}],"circlet_count":0,"master_deck":["hexamod:Strike","hexamod:Strike","hexamod:Strike","hexamod:Strike+1","hexamod:Defend","hexamod:Defend","hexamod:Defend","hexamod:Defend","hexamod:Sear","hexamod:Float","hexamod:RecurringNightmare+1","downfall:Haunted","downfall:Haunted","hexamod:UnlimitedPower","Injury","downfall:Haunted","hexamod:GhostLash","hexamod:Hexaguard","hexamod:Hexaguard","hexamod:Haunt","Doubt","hexamod:ParanormalForm","hexamod:GiftsFromTheDead+1","hexamod:Hexaguard","hexamod:GhostLash","hexamod:ParanormalForm","hexamod:GhostLash","hexamod:NightmareGuise","hexamod:NightmareStrike","hexamod:PowerFromBeyond","hexamod:UnleashSpirits","expansioncontent:StudyTheSpire","Deep Breath","hexamod:Sear","hexamod:Haunt","hexamod:NightmareGuise","hexamod:ApocalypseNow","expansioncontent:AwakenDeath+1"],"relics":["hexamod:SpiritBrand","downfall:HeartsMalice","Du-Vu Doll","Dream Catcher","Shuriken","CeramicFish","Orrery","hexamod:IceCube","downfall:HeartBlessingGreen","Frozen Egg 2","downfall:HeartBlessingBlue","Matryoshka","Coffee Dripper","MealTicket","Bag of Preparation","hexamod:CandleOfCauterizing"],"acts_visited":["Exordium","TheCity","TheBeyond"],"potions_floor_usage":[16,23,23,29,31,33,37,38],"damage_taken":[{"damage":0,"enemies":"2 Louse","floor":2,"turns":1},{"damage":0,"enemies":"Cultist","floor":3,"turns":1},{"damage":0,"enemies":"Jaw Worm","floor":5,"turns":1},{"damage":23,"enemies":"Gremlin Nob","floor":6,"turns":4},{"damage":4,"enemies":"Red Slaver","floor":9,"turns":3},{"damage":19,"enemies":"Exordium Wildlife","floor":10,"turns":4},{"damage":18,"enemies":"3 Sentries","floor":12,"turns":8},{"damage":0,"enemies":"downfall:FleeingMerchant","floor":13,"turns":4},{"damage":0,"enemies":"3 Louse","floor":15,"turns":3},{"damage":3,"enemies":"IC_STATUS_ARCHETYPE","floor":16,"turns":4},{"damage":7,"enemies":"Spheric Guardian","floor":19,"turns":4},{"damage":6,"enemies":"downfall:FleeingMerchant","floor":20,"turns":4},{"damage":5,"enemies":"Chosen and Byrds","floor":21,"turns":6},{"damage":0,"enemies":"downfall:FleeingMerchant","floor":22,"turns":4},{"damage":15,"enemies":"Book of Stabbing","floor":23,"turns":3},{"damage":11,"enemies":"Cultist and Chosen","floor":28,"turns":5},{"damage":1,"enemies":"Gremlin Leader","floor":29,"turns":4},{"damage":15,"enemies":"Shelled Parasite and Fungi","floor":31,"turns":3},{"damage":0,"enemies":"3 Cultists","floor":32,"turns":2},{"damage":37,"enemies":"DF_ARCHETYPE_CLAW","floor":33,"turns":6},{"damage":0,"enemies":"3 Shapes","floor":36,"turns":3},{"damage":3,"enemies":"Orb Walker","floor":37,"turns":2},{"damage":28,"enemies":"3 Darklings","floor":38,"turns":4},{"damage":53,"enemies":"4 Shapes","floor":42,"turns":3}],"seed_played":"3430144749936984983","potions_obtained":[{"floor":9,"key":"Fire Potion"},{"floor":10,"key":"Guardian:BlockOnCardUsePotion"},{"floor":12,"key":"SneckoOil"},{"floor":23,"key":"bronze:BurnAndBuffPotion"},{"floor":28,"key":"hexamod:DoubleChargePotion"},{"floor":29,"key":"AttackPotion"},{"floor":33,"key":"hexamod:DoubleChargePotion"},{"floor":38,"key":"Fruit Juice"}],"is_trial":false,"path_per_floor":["R","M","M","?","M","E","T","?","M","M","?","E","$","?","M","B",null,"R","M","$","M","$","E","T","?","R","?","M","E","R","M","M","B",null,"R","M","M","M","?","$","T","M"],"character_chosen":"THE_SPIRIT","items_purchased":["hexamod:GiftsFromTheDead","hexamod:Hexaguard","hexamod:GhostLash","Orrery","expansioncontent:StudyTheSpire","Deep Breath","MealTicket"],"campfire_rested":2,"item_purchase_floors":[13,13,13,13,20,22,40],"current_hp_per_floor":[63,63,63,68,68,45,45,45,41,22,22,4,4,4,4,1,57,57,50,44,39,39,24,24,24,59,59,48,47,72,57,57,20,69,69,69,66,43,43,43,43,0,0,0],"gold":308,"neow_bonus":"THREE_ENEMY_KILL","is_daily":false,"chose_seed":false,"campfire_upgraded":2,"win_rate":0.0,"timestamp":1611413170,"path_taken":["R","M","M","?","M","E","T","?","M","M","?","E","?","?","M","BOSS","R","M","$","M","$","E","T","?","R","?","M","E","R","?","M","BOSS","R","M","M","?","?","$","T","M"],"items_purchased_type":["Card","Card","Card","Relic","Card","Card","Relic"],"build_version":"2020-12-22","purchased_purges":1,"victory":false,"max_hp_per_floor":[70,70,70,75,75,75,75,75,75,75,75,75,75,75,75,75,75,75,75,75,75,75,75,75,75,85,85,85,85,85,85,85,85,85,85,85,85,90,90,90,90,90,90,90],"relic_stats":{"Dream Catcher":2,"counters":[24,83],"Shuriken":[9],"CeramicFish":153,"MealTicket":0,"Bag of Preparation":[2],"obtain_stats":[{"hexamod:CandleOfCauterizing":41,"CeramicFish":12,"downfall:HeartsMalice":0,"downfall:HeartBlessingGreen":18,"Bag of Preparation":41,"Frozen Egg 2":23,"Du-Vu Doll":4,"Dream Catcher":6,"Matryoshka":29,"Shuriken":7,"downfall:HeartBlessingBlue":26,"Orrery":13,"MealTicket":40,"Coffee Dripper":34,"hexamod:SpiritBrand":0,"hexamod:IceCube":17},{"hexamod:CandleOfCauterizing":23,"CeramicFish":7,"downfall:HeartsMalice":0,"downfall:HeartBlessingGreen":10,"Bag of Preparation":23,"Frozen Egg 2":15,"Du-Vu Doll":2,"Dream Catcher":4,"Matryoshka":17,"Shuriken":4,"downfall:HeartBlessingBlue":15,"Orrery":8,"MealTicket":23,"Coffee Dripper":20,"hexamod:SpiritBrand":0,"hexamod:IceCube":10},{"hexamod:CandleOfCauterizing":80,"CeramicFish":19,"downfall:HeartsMalice":0,"downfall:HeartBlessingGreen":30,"Bag of Preparation":80,"Frozen Egg 2":51,"Du-Vu Doll":0,"Dream Catcher":4,"Matryoshka":60,"Shuriken":4,"downfall:HeartBlessingBlue":51,"Orrery":23,"MealTicket":80,"Coffee Dripper":71,"hexamod:SpiritBrand":0,"hexamod:IceCube":30}]},"card_choices":[{"not_picked":["hexamod:NightmareGuise","hexamod:EtherealExpedition","hexamod:BacktrackSmack"],"picked":"SKIP","floor":2},{"not_picked":["hexamod:NecessarySacrifice","hexamod:Rewind"],"picked":"hexamod:RecurringNightmare","floor":3},{"not_picked":["hexamod:FlamesFromBeyond","hexamod:SuperheatedStrike"],"picked":"hexamod:GhostLash","floor":5},{"not_picked":["hexamod:FastForward","hexamod:ShieldOfDarkness"],"picked":"hexamod:Hexaguard","floor":6},{"not_picked":["hexamod:AdvancingGuard","hexamod:HauntingEcho"],"picked":"hexamod:Hexaguard","floor":9},{"not_picked":["hexamod:AdvancingGuard","hexamod:HauntingEcho"],"picked":"hexamod:Haunt","floor":10},{"not_picked":["hexamod:HauntingEcho","hexamod:SwordOfDarkness","hexamod:StepThrough"],"picked":"SKIP","floor":12},{"not_picked":["hexamod:SkipABeat","hexamod:Hexaguard"],"picked":"hexamod:ParanormalForm","floor":13},{"not_picked":["hexamod:InspiringFlames","hexamod:PowerFromBeyond"],"picked":"hexamod:ParanormalForm","floor":13},{"not_picked":["hexamod:ThermalTransfer","hexamod:SpectralAdrenaline"],"picked":"hexamod:GhostLash","floor":13},{"not_picked":["hexamod:ShieldOfDarkness","hexamod:PowerFromBeyond"],"picked":"hexamod:NightmareGuise","floor":13},{"not_picked":["hexamod:FlameSwitch","hexamod:AdvancingGuard"],"picked":"hexamod:NightmareStrike","floor":13},{"not_picked":["hexamod:NightmareStrike","hexamod:GhostOfSpirePast"],"picked":"hexamod:PowerFromBeyond","floor":13},{"not_picked":["hexamod:NecessarySacrifice","hexamod:NightmareStrike","hexamod:Firestarter"],"picked":"SKIP","floor":15},{"not_picked":["hexamod:ApocalypseNow","hexamod:HexaLevel"],"picked":"hexamod:UnleashSpirits","floor":16},{"not_picked":["hexamod:HauntingEcho","hexamod:RainOfEmbers","hexamod:SoulSteal"],"picked":"SKIP","floor":19},{"not_picked":["hexamod:GhostOfSpireFuture","hexamod:GhostOfSpirePast+1","hexamod:HeatMetal"],"picked":"SKIP","floor":20},{"not_picked":["hexamod:SecondSeal","hexamod:SuperheatedStrike","hexamod:SearingWound"],"picked":"SKIP","floor":21},{"not_picked":["hexamod:AdvancingGuard","hexamod:GhostShield","hexamod:SpectersWail"],"picked":"SKIP","floor":22},{"not_picked":["hexamod:FastForward","hexamod:Rewind","hexamod:Firestarter"],"picked":"SKIP","floor":23},{"not_picked":["hexamod:FourthSeal","hexamod:SpectralSpark","hexamod:NightmareGuise"],"picked":"SKIP","floor":28},{"not_picked":["hexamod:HeatShield+1","hexamod:SpectralSpark+1"],"picked":"hexamod:Haunt","floor":29},{"not_picked":["hexamod:FastForward","hexamod:BurningTouch","hexamod:FlamesFromBeyond"],"picked":"SKIP","floor":31},{"not_picked":["hexamod:ThirdSeal","hexamod:BurningTouch+1"],"picked":"hexamod:NightmareGuise","floor":32},{"not_picked":["hexamod:TimeWarp","hexamod:VolcanoVisage+1"],"picked":"hexamod:ApocalypseNow","floor":33},{"not_picked":["hexamod:RadiantFlame+1","hexamod:StepThrough+1","hexamod:NightmareStrike+1"],"picked":"SKIP","floor":36},{"not_picked":["hexamod:ThermalTransfer","hexamod:NightmareGuise","hexamod:SpectersWail"],"picked":"SKIP","floor":37},{"not_picked":["hexamod:SwordOfDarkness+1","hexamod:SearingWound","hexamod:PowerFromBeyond"],"picked":"SKIP","floor":38},{"not_picked":["expansioncontent:PolyBeam","expansioncontent:HyperBeam"],"picked":"expansioncontent:AwakenDeath+1","floor":39}],"player_experience":385942,"relics_obtained":[{"floor":6,"key":"Dream Catcher"},{"floor":7,"key":"Shuriken"},{"floor":12,"key":"CeramicFish"},{"floor":23,"key":"Frozen Egg 2"},{"floor":29,"key":"Matryoshka"},{"floor":41,"key":"Bag of Preparation"},{"floor":41,"key":"hexamod:CandleOfCauterizing"}],"event_choices":[{"damage_healed":0,"gold_gain":0,"player_choice":"Grow","damage_taken":0,"max_hp_gain":0,"max_hp_loss":0,"event_name":"Living Wall","floor":14,"gold_loss":0,"cards_upgraded":["hexamod:RecurringNightmare"]}],"is_beta":false,"boss_relics":[{"not_picked":["hexamod:UnbrokenSoul","Cursed Key"],"picked":"hexamod:IceCube"},{"not_picked":["Astrolabe","Empty Cage"],"picked":"Coffee Dripper"}],"items_purged_floors":[22],"is_endless":false,"potions_floor_spawned":[9,10,12,23,28,29,33,38],"killed_by":"4 Shapes","ascension_level":7}}