{"host":"kkheweh6jrpo3b02","time":1611435836,"event":{"mods":["AchievementEnabler","BaseMod","Colored Map","Googly Eyes","Highlight Path","Hubris","Infinite Spire","Jorbs\u0027s Wanderer Trilogy","Minty Spire (QoL Compilation)","Quick Restart","Replay The Spire","StSLib","SuperFastMode"],"gold_per_floor":[117,42,52,52,52,82,30,58,58,58,78,78,78,90,90,195,295,312,312,312,312,327,327,367,23,48,48,81,81,109,137,137,252,252,288,288,288,288,288,288,328,328,410,436,464,485,532,532,532,633,633,637,644,644,208,213,239,239,242,310,310,310,648,696,696,696,737,737,738,663,663,628,618,618,599,599,626,626,635,635,630,630],"floor_reached":81,"language":"ENG","playtime":17555,"items_purged":["stsjorbsmod:Strike_Wanderer","stsjorbsmod:Strike_Wanderer","stsjorbsmod:PurgeMind","stsjorbsmod:Strike_Wanderer","stsjorbsmod:Defend_Wanderer","stsjorbsmod:Prestidigitation+1","stsjorbsmod:Defend_Wanderer","stsjorbsmod:ArcaneWeapon+1"],"score":1746,"play_id":"2b78e397-0421-4716-b256-5607369a1a35","local_time":"20210123160356","is_ascension_mode":true,"campfire_choices":[{"data":"stsjorbsmod:MageArmor","floor":10,"key":"SMITH"},{"floor":15,"key":"REST"},{"data":"stsjorbsmod:ArcaneWeapon","floor":23,"key":"SMITH"},{"data":"stsjorbsmod:EyeOfTheStorm","floor":29,"key":"SMITH"},{"floor":32,"key":"REST"},{"data":"hubris:InfiniteBlow","floor":40,"key":"SMITH"},{"data":"stsjorbsmod:HedgeWizard","floor":42,"key":"SMITH"},{"data":"stsjorbsmod:LocateObject","floor":49,"key":"SMITH"},{"data":"stsjorbsmod:MistyStep","floor":58,"key":"SMITH"},{"data":"stsjorbsmod:CorrodingBarrier","floor":61,"key":"SMITH"},{"data":"stsjorbsmod:Patron","floor":66,"key":"SMITH"},{"data":"hubris:InfiniteBlow+5","floor":74,"key":"SMITH"},{"data":"hubris:InfiniteBlow+6","floor":76,"key":"SMITH"},{"floor":78,"key":"REST"},{"floor":80,"key":"REST"}],"circlet_count":0,"master_deck":["stsjorbsmod:ForbiddenGrimoire+1","stsjorbsmod:FreshAdventure+1","stsjorbsmod:EyeOfTheStorm+1","stsjorbsmod:MageArmor+1","stsjorbsmod:Materialize+1","stsjorbsmod:SmithingStrike+1","stsjorbsmod:Entangle+1","stsjorbsmod:SiphonEnergy+1","stsjorbsmod:TinyHut+1","stsjorbsmod:Procrastination","stsjorbsmod:SchoolsOfMagic+1","stsjorbsmod:Introspection+1","stsjorbsmod:LocateObject+1","stsjorbsmod:Rediscovery+1","stsjorbsmod:Determination+1","stsjorbsmod:HoldMonster+1","stsjorbsmod:Prestidigitation+1","hubris:InfiniteBlow+8","stsjorbsmod:HedgeWizard+1","stsjorbsmod:CorrodingBarrier+1","stsjorbsmod:BlackTentacles+1","stsjorbsmod:FranticSearch+1","stsjorbsmod:DoubleCheck+1","stsjorbsmod:DeathThroes+1","Crow Ritual+1","stsjorbsmod:MistyStep+1","stsjorbsmod:MagicMirror+1","stsjorbsmod:TrueStrike+1","stsjorbsmod:Patron+1","stsjorbsmod:WanderingMind+1","stsjorbsmod:Banish+1","infinitespire:Gouge+1","stsjorbsmod:Channel+1","stsjorbsmod:Message+1"],"relics":["stsjorbsmod:GrimoireRelic","Garlic","Dream Catcher","Frozen Egg 2","Replay:Wanted Poster","hubris:Icosahedron","infinitespire:Lychee Nut","TungstenRod","Bottled Lightning","infinitespire:Lucky Rock","Bronze Scales","InkBottle","Simple Rune","Astrolabe","Ginger","hubris:Towel","stsjorbsmod:MindGlassRelic","Replay:Ringing Soul","stsjorbsmod:MindPalaceRelic","Ring of Misfortune","Ring of Chaos","hubris:TenFootPole","Pen Nib","Replay:Kaleidoscope","infinitespire:BottledMercury","Old Coin","Toxic Egg 2","Busted Crown","Strawberry","Replay:Wax Seal","ReplayFunnel","Vajra"],"acts_visited":["Exordium","TheCity","TheBeyond","Exordium","TheCity"],"potions_floor_usage":[6,50],"damage_taken":[{"damage":0,"enemies":"Cultist","floor":1,"turns":3},{"damage":0,"enemies":"2 Louse","floor":3,"turns":3},{"damage":9,"enemies":"Lagavulin","floor":6,"turns":8},{"damage":13,"enemies":"3 Sentries","floor":8,"turns":7},{"damage":0,"enemies":"Small Slimes","floor":11,"turns":3},{"damage":0,"enemies":"Red Slaver","floor":14,"turns":4},{"damage":30,"enemies":"Fading Forest","floor":16,"turns":11},{"damage":2,"enemies":"Shell Parasite","floor":18,"turns":5},{"damage":0,"enemies":"Chosen","floor":22,"turns":4},{"damage":3,"enemies":"Replay:Snechameleon","floor":24,"turns":7},{"damage":14,"enemies":"Nightmare","floor":28,"turns":5},{"damage":0,"enemies":"Book of Stabbing","floor":30,"turns":6},{"damage":5,"enemies":"Centurion and Healer","floor":31,"turns":3},{"damage":1,"enemies":"hubris:MusketHawk","floor":33,"turns":6},{"damage":2,"enemies":"3 Shapes","floor":35,"turns":3},{"damage":1,"enemies":"Nightmare","floor":41,"turns":5},{"damage":0,"enemies":"Orb Walker","floor":44,"turns":3},{"damage":0,"enemies":"Maw","floor":45,"turns":6},{"damage":0,"enemies":"Spire Growth","floor":46,"turns":4},{"damage":2,"enemies":"R_Hoarder","floor":47,"turns":6},{"damage":6,"enemies":"Time Eater","floor":50,"turns":7},{"damage":1,"enemies":"Jaw Worm","floor":52,"turns":2},{"damage":0,"enemies":"Small Slimes","floor":53,"turns":1},{"damage":0,"enemies":"2 Louse","floor":56,"turns":2},{"damage":0,"enemies":"Gremlin Nob","floor":57,"turns":2},{"damage":0,"enemies":"Lagavulin","floor":59,"turns":3},{"damage":0,"enemies":"Red Slaver","floor":62,"turns":1},{"damage":0,"enemies":"3 Sentries","floor":63,"turns":2},{"damage":0,"enemies":"Fading Forest","floor":67,"turns":7},{"damage":0,"enemies":"Spheric Guardian","floor":69,"turns":1},{"damage":5,"enemies":"Shell Parasite","floor":72,"turns":6},{"damage":24,"enemies":"Centurion and Healer","floor":73,"turns":4},{"damage":0,"enemies":"Book of Stabbing","floor":75,"turns":3},{"damage":0,"enemies":"Replay:Snechameleon","floor":79,"turns":3},{"damage":0,"enemies":"Slavers","floor":81,"turns":2}],"seed_played":"2520289832359750292","potions_obtained":[{"floor":3,"key":"Energy Potion"},{"floor":8,"key":"SkillPotion"},{"floor":11,"key":"SpeedPotion"},{"floor":24,"key":"CultistPotion"},{"floor":30,"key":"Swift Potion"},{"floor":53,"key":"Swift Potion"},{"floor":62,"key":"ColorlessPotion"}],"is_trial":false,"path_per_floor":["M","$","M","?","?","E","$","E","T","R","M","$","?","M","R","B",null,"M","?","T","?","M","R","E","$","T","?","NM","R","E","M","R","B",null,"M","?","T","?","?","R","NM","R","T","M","M","M","E","?","R","B",null,"M","M","?","$","M","E","R","E","T","R","M","E","?","AVR","R","B",null,"M","?","AVR","M","M","R","E","R","T","R","E","R","E"],"character_chosen":"WANDERER","items_purchased":["stsjorbsmod:SmithingStrike+1","Bottled Lightning","hubris:TenFootPole","Crow Ritual+1"],"campfire_rested":4,"item_purchase_floors":[7,25,55,55],"current_hp_per_floor":[68,68,68,73,73,64,64,51,51,51,53,32,32,34,55,43,73,73,73,54,54,54,54,54,54,54,54,45,45,56,56,56,58,58,58,58,58,46,46,46,60,60,60,63,68,71,74,77,77,77,80,80,80,80,83,83,86,86,89,89,89,92,95,87,87,87,101,104,104,104,111,116,102,102,112,112,112,119,121,121,121,121],"gold":630,"neow_bonus":"ONE_RANDOM_RARE_CARD","is_daily":false,"chose_seed":false,"campfire_upgraded":11,"win_rate":0.0,"timestamp":1611435836,"path_taken":["M","?","M","?","?","E","$","E","T","R","?","?","?","M","R","BOSS","M","?","?","?","?","R","E","$","T","?","NM","R","E","M","R","BOSS","M","?","?","?","?","R","NM","R","T","M","M","M","E","?","R","BOSS","M","M","?","$","M","E","R","E","T","R","M","E","?","AVR","R","BOSS","M","?","AVR","M","M","R","E","R","T","R","E","R","E"],"items_purchased_type":["Card","Relic","Relic","Card"],"build_version":"2020-12-22","purchased_purges":8,"victory":false,"max_hp_per_floor":[68,68,68,73,73,73,73,73,73,73,73,73,73,73,73,73,73,73,73,54,54,54,54,54,54,54,54,54,54,56,56,56,58,58,58,58,58,58,58,58,60,60,60,63,68,71,74,77,77,80,80,80,80,80,83,83,86,86,89,89,89,92,95,98,98,98,101,104,104,104,111,116,119,119,119,119,119,119,121,121,121,121],"card_choices":[{"not_picked":["stsjorbsmod:Message","stsjorbsmod:ChatteringStrike"],"picked":"stsjorbsmod:MageArmor","floor":1},{"not_picked":["stsjorbsmod:Aid","stsjorbsmod:ParryingBlow"],"picked":"stsjorbsmod:Materialize","floor":3},{"not_picked":["stsjorbsmod:Prepare","stsjorbsmod:ThirstingSword"],"picked":"stsjorbsmod:ArcaneWeapon","floor":6},{"not_picked":["stsjorbsmod:ArcaneWeapon","stsjorbsmod:ScorchingRay","stsjorbsmod:OldPocket"],"picked":"SKIP","floor":8},{"not_picked":["stsjorbsmod:TollTheDead","stsjorbsmod:Hibernate","stsjorbsmod:BurningFlask"],"picked":"SKIP","floor":11},{"not_picked":["stsjorbsmod:AnimateObjects","stsjorbsmod:WanderingMind","stsjorbsmod:FaerieFire"],"picked":"SKIP","floor":14},{"not_picked":["stsjorbsmod:Hibernate","stsjorbsmod:Firebolt"],"picked":"stsjorbsmod:Entangle+1","floor":15},{"not_picked":["stsjorbsmod:MirrorImage","stsjorbsmod:ThirstingSword"],"picked":"stsjorbsmod:SiphonEnergy","floor":16},{"not_picked":["stsjorbsmod:WeightOfMemory","stsjorbsmod:ParryingBlow"],"picked":"stsjorbsmod:ArcaneWeapon+1","floor":18},{"not_picked":["stsjorbsmod:ChatteringStrike","stsjorbsmod:Will+1","stsjorbsmod:FracturedMind"],"picked":"SKIP","floor":22},{"not_picked":["stsjorbsmod:Mindworm+1","stsjorbsmod:Trauma","stsjorbsmod:FracturedMind+1"],"picked":"SKIP","floor":24},{"not_picked":["stsjorbsmod:HedgeWizard","stsjorbsmod:ScorchingRay"],"picked":"stsjorbsmod:SchoolsOfMagic+1","floor":28},{"not_picked":["stsjorbsmod:TrueStrike+1","stsjorbsmod:WeightOfMemory"],"picked":"stsjorbsmod:Introspection+1","floor":30},{"not_picked":["stsjorbsmod:Message+1","stsjorbsmod:Firebolt"],"picked":"stsjorbsmod:Prestidigitation+1","floor":31},{"not_picked":["stsjorbsmod:DisguiseSelf","stsjorbsmod:Hibernate"],"picked":"stsjorbsmod:LocateObject","floor":32},{"not_picked":["stsjorbsmod:MirrorImage","stsjorbsmod:CorrodingBarrier"],"picked":"stsjorbsmod:Rediscovery+1","floor":33},{"not_picked":["stsjorbsmod:BlackTentacles+1","stsjorbsmod:WeightOfMemory","stsjorbsmod:UnseenServant"],"picked":"SKIP","floor":35},{"not_picked":["infinitespire:FinalStrike","infinitespire:Gouge"],"picked":"hubris:InfiniteBlow","floor":38},{"not_picked":["stsjorbsmod:BurningFlask","stsjorbsmod:RayOfFrost"],"picked":"stsjorbsmod:HedgeWizard","floor":41},{"not_picked":["stsjorbsmod:RayOfFrost","stsjorbsmod:TollTheDead+1"],"picked":"stsjorbsmod:CorrodingBarrier","floor":44},{"not_picked":["stsjorbsmod:SmithingStrike","stsjorbsmod:FracturedMind"],"picked":"stsjorbsmod:BlackTentacles+1","floor":45},{"not_picked":["stsjorbsmod:Prepare+1","stsjorbsmod:ChainLightning"],"picked":"stsjorbsmod:FranticSearch+1","floor":46},{"not_picked":["stsjorbsmod:CorrodingBarrier","stsjorbsmod:RayOfFrost"],"picked":"stsjorbsmod:DoubleCheck+1","floor":47},{"not_picked":["stsjorbsmod:CorrodingBarrier","stsjorbsmod:Fear"],"picked":"stsjorbsmod:DeathThroes","floor":50},{"not_picked":["stsjorbsmod:BurningFlask","stsjorbsmod:BlackTentacles","stsjorbsmod:Prepare"],"picked":"SKIP","floor":52},{"not_picked":["stsjorbsmod:ChatteringStrike","stsjorbsmod:PurgeMind","stsjorbsmod:FranticSearch"],"picked":"SKIP","floor":53},{"not_picked":["stsjorbsmod:ChatteringStrike","stsjorbsmod:WeightOfMemory","stsjorbsmod:DoubleCheck"],"picked":"SKIP","floor":56},{"not_picked":["stsjorbsmod:HoldMonster","stsjorbsmod:Introspection+1"],"picked":"stsjorbsmod:MistyStep","floor":57},{"not_picked":["stsjorbsmod:Channel","stsjorbsmod:WeightOfMemory"],"picked":"stsjorbsmod:MagicMirror+1","floor":59},{"not_picked":["stsjorbsmod:UnseenServant","stsjorbsmod:FranticSearch"],"picked":"stsjorbsmod:TrueStrike","floor":62},{"not_picked":["stsjorbsmod:ChainLightning","stsjorbsmod:WanderingMind"],"picked":"stsjorbsmod:Patron","floor":63},{"not_picked":["stsjorbsmod:BurningFlask+1","stsjorbsmod:ChatteringStrike"],"picked":"stsjorbsmod:WanderingMind+1","floor":64},{"not_picked":["stsjorbsmod:Entangle+1","stsjorbsmod:Fear+1"],"picked":"stsjorbsmod:Banish+1","floor":67},{"not_picked":["ReplayTheSpireMod:??????????????????????","ReplayTheSpireMod:Echoes of Time"],"picked":"infinitespire:Gouge","floor":68},{"not_picked":["stsjorbsmod:WanderingMind+1"],"picked":"SKIP","floor":69},{"not_picked":[],"picked":"stsjorbsmod:Channel+1","floor":72},{"not_picked":[],"picked":"stsjorbsmod:Message+1","floor":73},{"not_picked":["stsjorbsmod:WanderingMind+1"],"picked":"SKIP","floor":75},{"not_picked":["stsjorbsmod:ThirstingSword"],"picked":"SKIP","floor":79}],"player_experience":464068,"relics_obtained":[{"floor":6,"key":"Garlic"},{"floor":8,"key":"Dream Catcher"},{"floor":9,"key":"Frozen Egg 2"},{"floor":20,"key":"infinitespire:Lychee Nut"},{"floor":24,"key":"TungstenRod"},{"floor":26,"key":"infinitespire:Lucky Rock"},{"floor":28,"key":"InkBottle"},{"floor":30,"key":"Simple Rune"},{"floor":37,"key":"Ginger"},{"floor":41,"key":"stsjorbsmod:MindGlassRelic"},{"floor":43,"key":"Replay:Ringing Soul"},{"floor":47,"key":"stsjorbsmod:MindPalaceRelic"},{"floor":48,"key":"Ring of Misfortune"},{"floor":57,"key":"Pen Nib"},{"floor":59,"key":"Replay:Kaleidoscope"},{"floor":60,"key":"infinitespire:BottledMercury"},{"floor":63,"key":"Old Coin"},{"floor":64,"key":"Toxic Egg 2"},{"floor":75,"key":"Replay:Wax Seal"},{"floor":77,"key":"ReplayFunnel"},{"floor":79,"key":"Vajra"}],"event_choices":[{"damage_healed":0,"gold_gain":0,"player_choice":"Donut","damage_taken":0,"max_hp_gain":5,"max_hp_loss":0,"event_name":"Big Fish","floor":4,"gold_loss":0},{"damage_healed":0,"gold_gain":0,"player_choice":"Upgraded","damage_taken":0,"max_hp_gain":0,"max_hp_loss":0,"event_name":"Upgrade Shrine","floor":5,"gold_loss":0,"cards_upgraded":["stsjorbsmod:FreshAdventure"]},{"cards_removed":["stsjorbsmod:Defend_Wanderer"],"damage_healed":0,"gold_gain":0,"player_choice":"Purged","damage_taken":0,"max_hp_gain":0,"max_hp_loss":0,"event_name":"Purifier","floor":13,"gold_loss":0},{"damage_healed":0,"gold_gain":0,"player_choice":"Read","damage_taken":0,"max_hp_gain":0,"max_hp_loss":0,"event_name":"The Library","floor":21,"gold_loss":0,"cards_obtained":["stsjorbsmod:TinyHut"]},{"cards_removed":["Spreading Infection"],"damage_healed":0,"gold_gain":0,"player_choice":"Gave Gold","damage_taken":0,"max_hp_gain":0,"max_hp_loss":0,"event_name":"Beggar","floor":70,"gold_loss":75}],"is_beta":false,"boss_relics":[{"not_picked":["hubris:HollowSoul","SacredBark"],"picked":"Replay:Wanted Poster"},{"not_picked":["Honey Jar","ReplayTheSpireMod:DimensionalGlitch"],"picked":"Astrolabe"},{"not_picked":["Snecko Eye","Philosopher\u0027s Stone"],"picked":"Ring of Chaos"},{"not_picked":["Velvet Choker","hubris:RunicObelisk"],"picked":"Busted Crown"}],"items_purged_floors":[2,12,12,12,25,55,65,71],"is_endless":true,"potions_floor_spawned":[3,8,11,24,30,31,33,35,44,45,53,57,62,79],"killed_by":"Slavers","ascension_level":2}}