{"host":"dv29tre2e7vje47n","time":1611402402,"event":{"mods":["AchievementEnabler","BaseMod","Colored Map","Colored Powertips","DeckTracker","Displayed Cursed Tome","Downfall","Friendly Minions","Googly Eyes","Highlight Path","Key Reminder","Minty Spire (QoL Compilation)","Quick Restart","Random Character Button","Rare Cards Sparkle","Relic Sorter","Relic Stats","Spire Birthday Party","StSLib","SuperFastMode","Unceasing Turn Reminder"],"gold_per_floor":[99,113,124,424,524,541,567,567,4,24,24,9,9,459,459,459,459,459],"floor_reached":16,"language":"ENG","playtime":549,"items_purged":["downfall:Malfunctioning"],"score":90,"play_id":"c3d24f9e-600a-4f49-aae1-bc76f9c15a1f","local_time":"20210123124642","is_ascension_mode":false,"campfire_choices":[{"data":"bronze:Goto","floor":1.0,"key":"SMITH"},{"data":"bronze:Philosophize","floor":11,"key":"SMITH"},{"data":"bronze:Flail","floor":13,"key":"SMITH"}],"circlet_count":0,"master_deck":["bronze:Strike","bronze:Strike","bronze:Strike","bronze:Strike+1","bronze:Defend+1","bronze:Defend+1","bronze:Defend","bronze:Defend","bronze:Replicate","bronze:Goto+1","bronze:ChosenStrike","bronze:Flail+1","bronze:Boost","bronze:Philosophize+1","bronze:WhirlingStrike","bronze:Branch","downfall:Icky","downfall:Icky","downfall:Icky"],"relics":["bronze:BronzeCore","Old Coin","Nunchaku","Shuriken"],"acts_visited":["Exordium"],"potions_floor_usage":[],"damage_taken":[{"damage":2.0,"enemies":"2 Louse","floor":2.0,"turns":3.0},{"damage":3.0,"enemies":"Small Slimes","floor":3.0,"turns":3.0},{"damage":0.0,"enemies":"Cultist","floor":6.0,"turns":3.0},{"damage":0,"enemies":"downfall:FleeingMerchant","floor":9,"turns":4},{"damage":7,"enemies":"2 Fungi Beasts","floor":10,"turns":2},{"damage":0,"enemies":"downfall:FleeingMerchant","floor":12,"turns":4},{"damage":20,"enemies":"Exordium Thugs","floor":15,"turns":4},{"damage":0,"enemies":"SI_SHIV_ARCHETYPE","floor":16,"turns":1}],"seed_played":"-1313467761453482527","potions_obtained":[{"floor":2.0,"key":"sneckomod:MuddlingPotion"},{"floor":10,"key":"CultistPotion"}],"is_trial":false,"path_per_floor":["R","M","M","?","?","M","T","?","$","M","R","$","R","?","M","B"],"character_chosen":"THE_AUTOMATON","items_purchased":["Shuriken","bronze:Flail","bronze:Boost","bronze:Philosophize"],"campfire_rested":0,"item_purchase_floors":[9,9,9,9],"current_hp_per_floor":[77,75,72,60,60,60,60,60,60,53,53,53,53,53,33,33,33,33],"gold":459,"neow_bonus":"TEN_PERCENT_HP_BONUS","is_daily":false,"chose_seed":false,"campfire_upgraded":3,"win_rate":0.0,"timestamp":1611402402,"path_taken":["R","M","M","?","?","?","T","?","$","M","R","?","R","?","M","BOSS"],"items_purchased_type":["Relic","Card","Card","Card"],"build_version":"2020-12-22","purchased_purges":1,"victory":false,"max_hp_per_floor":[77,77,77,77,77,77,77,77,77,77,77,77,77,77,77,77,77,77],"relic_stats":{"Nunchaku":[3],"counters":[7,23],"Shuriken":[2],"obtain_stats":[{"Nunchaku":7,"bronze:BronzeCore":0,"Shuriken":9,"Old Coin":4},{"Nunchaku":3,"bronze:BronzeCore":0,"Shuriken":4,"Old Coin":2},{"Nunchaku":9,"bronze:BronzeCore":0,"Shuriken":13,"Old Coin":6}]},"card_choices":[{"not_picked":["bronze:Safeguard","bronze:BugBarrage","bronze:Frontload"],"picked":"SKIP","floor":2.0},{"not_picked":["bronze:BuggyMess","bronze:Invalidate"],"picked":"bronze:ChosenStrike","floor":3.0},{"not_picked":["bronze:Turbo","bronze:BitShift","bronze:BronzeOrb"],"picked":"SKIP","floor":6},{"not_picked":["bronze:CutThrough","bronze:Iterate","bronze:BuggyMess"],"picked":"SKIP","floor":9},{"not_picked":["bronze:Invalidate","bronze:Repulsor"],"picked":"bronze:WhirlingStrike","floor":10},{"not_picked":["bronze:WhirlingStrike","bronze:Safeguard"],"picked":"bronze:Branch","floor":12},{"not_picked":["bronze:FineTuning","bronze:CutThrough","bronze:Flail"],"picked":"SKIP","floor":15}],"player_experience":116576,"relics_obtained":[{"floor":7,"key":"Nunchaku"}],"event_choices":[{"damage_healed":0.0,"max_hp_gain":0.0,"max_hp_loss":0.0,"gold_gain":0.0,"event_name":"Scrap Ooze","player_choice":"Success","floor":4.0,"gold_loss":0.0,"damage_taken":12.0,"relics_obtained":["Old Coin"]},{"damage_healed":0.0,"max_hp_gain":0.0,"max_hp_loss":0.0,"gold_gain":100.0,"event_name":"Wheel of Change","player_choice":"Gold","floor":5.0,"gold_loss":0.0,"damage_taken":0.0}],"is_beta":false,"boss_relics":[],"items_purged_floors":[9],"is_endless":false,"potions_floor_spawned":[2,10],"killed_by":"SI_SHIV_ARCHETYPE","ascension_level":0}}