{"host":"oigynbtg272c19pw","time":1611439250,"event":{"mods":["BaseMod","Colored Map","Minty Spire (QoL Compilation)","Relic Stats","Slay the Relics Exporter","StSLib"],"gold_per_floor":[113,113,17,33,108,134,33,33,33],"floor_reached":8,"playtime":146,"items_purged":["Strike_G"],"score":158,"play_id":"b5fc5492-5cda-4694-afa9-039e0d34b3ad","local_time":"20210123230050","is_ascension_mode":true,"campfire_choices":[],"circlet_count":0,"master_deck":["AscendersBane","Strike_G","Strike_G","Strike_G","Defend_G","Defend_G","Defend_G","Defend_G","Defend_G","Survivor","Neutralize","Skewer","Backstab","Blade Dance","Deflect","Blade Dance","Backflip"],"relics":["Ring of the Snake","NeowsBlessing","Regal Pillow"],"acts_visited":["Exordium"],"potions_floor_usage":[8],"damage_taken":[{"damage":0,"enemies":"Small Slimes","floor":1,"turns":1},{"damage":0,"enemies":"Cultist","floor":4,"turns":1},{"damage":0,"enemies":"3 Sentries","floor":6,"turns":1},{"damage":49,"enemies":"Gremlin Nob","floor":8,"turns":3}],"seed_played":"-2746034528609588928","potions_obtained":[{"floor":1,"key":"FearPotion"}],"is_trial":false,"path_per_floor":["M","?","$","M","?","E","$","E"],"character_chosen":"THE_SILENT","items_purchased":["Backstab","Blade Dance","Backflip"],"campfire_rested":0,"item_purchase_floors":[3,3,7],"current_hp_per_floor":[59,59,59,59,48,48,48,0,0],"gold":33,"neow_bonus":"THREE_ENEMY_KILL","is_daily":false,"chose_seed":false,"campfire_upgraded":0,"win_rate":0.0,"timestamp":1611439250,"path_taken":["M","?","?","?","?","E","$","E"],"items_purchased_type":["Card","Card","Card"],"build_version":"2020-12-13","purchased_purges":1,"victory":false,"max_hp_per_floor":[66,66,66,66,66,66,66,66,66],"relic_stats":{"Regal Pillow":0,"counters":[4,6],"obtain_stats":[{"Regal Pillow":6,"NeowsBlessing":0,"Ring of the Snake":0},{"Regal Pillow":3,"NeowsBlessing":0,"Ring of the Snake":0},{"Regal Pillow":3,"NeowsBlessing":0,"Ring of the Snake":0}],"Ring of the Snake":[8]},"card_choices":[{"not_picked":["Dodge and Roll","Underhanded Strike"],"picked":"Skewer","floor":1},{"not_picked":["Acrobatics","Flechettes"],"picked":"Deflect","floor":4},{"not_picked":["All Out Attack","Bane"],"picked":"Blade Dance","floor":6}],"player_experience":1478900,"relics_obtained":[{"floor":6,"key":"Regal Pillow"}],"event_choices":[{"cards_removed":["Strike_G"],"damage_healed":0,"gold_gain":0,"player_choice":"Offered Basic","damage_taken":0,"max_hp_gain":0,"max_hp_loss":0,"event_name":"Bonfire Elementals","floor":2,"gold_loss":0},{"damage_healed":0,"gold_gain":75,"player_choice":"Gather Gold","damage_taken":11,"max_hp_gain":0,"max_hp_loss":0,"event_name":"World of Goop","floor":5,"gold_loss":0}],"is_beta":false,"boss_relics":[],"items_purged_floors":[7],"is_endless":false,"potions_floor_spawned":[1],"killed_by":"Gremlin Nob","ascension_level":20}}