{"host":"bg8va46pgqgvtzim","time":1611418453,"event":{"mods":["BaseMod","Minty Spire (QoL Compilation)","Quick Restart","StSLib","SuperFastMode"],"gold_per_floor":[113,126,145,70,90,107,139,154,154,166,166,166,197,214,214,214,214,214,314,314,326,345,345,363,157,157,170,198,215,215,185,208,225,244,260,295,315,315,333,333,333,433,433,451,230,242,62,62,82,82,94,123,123,149,164,196,223,235,245,262,262,262],"floor_reached":61,"language":"ZHS","playtime":1653,"items_purged":["Strike_P","Defend_P","Defend_P","Strike_P"],"score":795,"play_id":"6bcd8e15-1e53-4e3f-8e1c-eae1bffb6bef","local_time":"20210124001413","is_ascension_mode":true,"campfire_choices":[{"data":"Prostrate","floor":9.0,"key":"SMITH"},{"data":"Pray","floor":15.0,"key":"SMITH"},{"data":"Prostrate","floor":18.0,"key":"SMITH"},{"data":"Eruption","floor":30.0,"key":"SMITH"},{"data":"Fasting2","floor":40,"key":"SMITH"},{"data":"MasterReality","floor":41,"key":"SMITH"},{"data":"Scrawl","floor":53,"key":"SMITH"}],"circlet_count":0,"master_deck":["Defend_P","Eruption+1","Vigilance","Sanctity+1","Blasphemy+1","BattleHymn","BowlingBash","Adaptation","Prostrate+1","Pray+1","DeusExMachina+1","Prostrate+1","Perseverance","Wireheading","MasterReality+1","Wallop","DeceiveReality","FlurryOfBlows","Study+1","FearNoEvil","Indignation+1","Fasting2+1","DevaForm","Evaluate+1","Fasting2","LessonLearned+1","InnerPeace+1","Brilliance","Apotheosis+1","EmptyMind","Scrawl+1","Vault","Vault"],"relics":["PureWater","Darkstone Periapt","The Courier","Eternal Feather","VioletLotus","Enchiridion","ClockworkSouvenir","Mercury Hourglass","White Beast Statue","Nloth\u0027s Gift","SlaversCollar","Orrery","Bottled Tornado","Shuriken","War Paint","Pen Nib"],"acts_visited":["Exordium","TheCity","TheBeyond"],"potions_floor_usage":[36,36,39,51,52,56],"damage_taken":[{"damage":0.0,"enemies":"2 Louse","floor":1.0,"turns":2.0},{"damage":5.0,"enemies":"Small Slimes","floor":2.0,"turns":4.0},{"damage":1.0,"enemies":"Cultist","floor":3.0,"turns":3.0},{"damage":6.0,"enemies":"Large Slime","floor":5.0,"turns":4.0},{"damage":0.0,"enemies":"2 Fungi Beasts","floor":6.0,"turns":4.0},{"damage":8.0,"enemies":"3 Sentries","floor":7.0,"turns":4.0},{"damage":8.0,"enemies":"Gremlin Gang","floor":8.0,"turns":3.0},{"damage":0.0,"enemies":"Blue Slaver","floor":10.0,"turns":2.0},{"damage":1.0,"enemies":"Lagavulin","floor":13.0,"turns":5.0},{"damage":6.0,"enemies":"Lots of Slimes","floor":14.0,"turns":4.0},{"damage":0.0,"enemies":"The Guardian","floor":19.0,"turns":7.0},{"damage":15.0,"enemies":"2 Thieves","floor":21.0,"turns":4.0},{"damage":1.0,"enemies":"Chosen","floor":22.0,"turns":2.0},{"damage":0.0,"enemies":"3 Cultists","floor":24.0,"turns":4.0},{"damage":0.0,"enemies":"Snecko","floor":27.0,"turns":4.0},{"damage":14.0,"enemies":"Slavers","floor":28.0,"turns":6.0},{"damage":10.0,"enemies":"Sentry and Sphere","floor":29.0,"turns":5.0},{"damage":2.0,"enemies":"Snake Plant","floor":33.0,"turns":3.0},{"damage":7.0,"enemies":"Centurion and Healer","floor":34.0,"turns":3.0},{"damage":1.0,"enemies":"Chosen and Byrds","floor":35.0,"turns":4.0},{"damage":1,"enemies":"Gremlin Leader","floor":36,"turns":4},{"damage":14,"enemies":"Sentry and Sphere","floor":37,"turns":4},{"damage":1,"enemies":"Snake Plant","floor":39,"turns":4},{"damage":12,"enemies":"Champ","floor":42,"turns":7},{"damage":1,"enemies":"3 Darklings","floor":44,"turns":4},{"damage":9,"enemies":"Orb Walker","floor":46,"turns":4},{"damage":0,"enemies":"Spire Growth","floor":49,"turns":4},{"damage":15,"enemies":"3 Darklings","floor":51,"turns":4},{"damage":8,"enemies":"Reptomancer","floor":52,"turns":5},{"damage":2,"enemies":"Giant Head","floor":54,"turns":4},{"damage":0,"enemies":"Maw","floor":55,"turns":6},{"damage":0,"enemies":"Reptomancer","floor":56,"turns":2},{"damage":0,"enemies":"Sphere and 2 Shapes","floor":58,"turns":5},{"damage":0,"enemies":"Spire Growth","floor":59,"turns":3},{"damage":0,"enemies":"Maw","floor":60,"turns":4},{"damage":2,"enemies":"Jaw Worm Horde","floor":61,"turns":3}],"seed_played":"1986052200605101244","potions_obtained":[{"floor":3.0,"key":"SneckoOil"},{"floor":6.0,"key":"Fire Potion"},{"floor":7.0,"key":"Strength Potion"},{"floor":14.0,"key":"SteroidPotion"},{"floor":19.0,"key":"FearPotion"},{"floor":22.0,"key":"Regen Potion"},{"floor":27.0,"key":"Energy Potion"},{"floor":29.0,"key":"AttackPotion"},{"floor":31.0,"key":"SpeedPotion"},{"floor":31.0,"key":"Weak Potion"},{"floor":33.0,"key":"Block Potion"},{"floor":37,"key":"Energy Potion"},{"floor":39,"key":"StancePotion"},{"floor":42,"key":"Dexterity Potion"},{"floor":44,"key":"Swift Potion"},{"floor":46,"key":"Swift Potion"},{"floor":51,"key":"GamblersBrew"},{"floor":52,"key":"StancePotion"},{"floor":56,"key":"SkillPotion"},{"floor":58,"key":"Energy Potion"},{"floor":60,"key":"EntropicBrew"}],"is_trial":false,"path_per_floor":["M","M","M","$","M","M","E","M","R","M","T","?","E","M","R","?","?","R","B",null,"M","M","?","M","$","?","M","E","M","R","?","T","M","M","M","E","M","?","M","R","R","B",null,"M","$","M","$","?","M","?","M","E","R","E","M","E","T","M","M","M","M"],"character_chosen":"WATCHER","items_purchased":["ClockworkSouvenir","Orrery","Brilliance"],"campfire_rested":0,"item_purchase_floors":[25,45,47],"current_hp_per_floor":[51,46,45,45,39,39,31,23,23,23,23,20,19,13,22,46,46,55,55,72,57,56,40,40,40,40,40,41,31,43,43,43,41,34,33,32,18,18,17,29,41,29,72,71,71,62,62,52,52,52,37,29,47,45,45,45,45,45,45,45,43,43],"gold":262,"neow_bonus":"TRANSFORM_TWO_CARDS","is_daily":false,"chose_seed":false,"campfire_upgraded":7,"win_rate":0.0,"timestamp":1611418453,"path_taken":["M","M","M","$","M","M","E","M","R","M","T","?","E","M","R","?","?","R","BOSS","M","M","?","M","$","?","M","E","M","R","?","T","M","M","?","E","M","?","M","R","R","BOSS","M","?","M","$","?","M","?","M","E","R","E","M","E","T","M","M","M","?"],"items_purchased_type":["Relic","Relic","Card"],"build_version":"2020-12-22","purchased_purges":4,"victory":false,"max_hp_per_floor":[72,72,72,72,72,72,72,72,72,72,72,72,72,72,72,72,72,72,72,72,72,72,72,72,72,72,72,72,72,72,72,72,72,72,72,72,72,72,72,72,72,72,72,72,72,72,72,72,72,72,72,72,72,72,72,72,72,72,72,72,72,72],"card_choices":[{"not_picked":["FlurryOfBlows","CutThroughFate"],"picked":"BattleHymn","floor":1.0},{"not_picked":["EmptyBody","PathToVictory"],"picked":"BowlingBash","floor":2.0},{"not_picked":["FearNoEvil","SashWhip"],"picked":"Adaptation","floor":3.0},{"not_picked":["Halt","Pray"],"picked":"Prostrate","floor":5.0},{"not_picked":["FollowUp","Conclude"],"picked":"Pray","floor":6.0},{"not_picked":["JustLucky","FlurryOfBlows"],"picked":"DeusExMachina","floor":7.0},{"not_picked":["WaveOfTheHand","Protect"],"picked":"Prostrate","floor":8.0},{"not_picked":["ThirdEye","SashWhip","FlyingSleeves"],"picked":"SKIP","floor":10.0},{"not_picked":["Consecrate","Swivel","EmptyBody"],"picked":"SKIP","floor":13.0},{"not_picked":["Halt","BattleHymn","Perseverance"],"picked":"SKIP","floor":14.0},{"not_picked":["Halt","BattleHymn"],"picked":"Perseverance","floor":14.0},{"not_picked":["Wish","DevaForm"],"picked":"MasterReality","floor":19.0},{"not_picked":["EmptyFist+1","Tantrum"],"picked":"Wallop","floor":21.0},{"not_picked":["Halt","JustLucky"],"picked":"DeceiveReality","floor":22.0},{"not_picked":["FlyingSleeves","Wallop","Conclude"],"picked":"SKIP","floor":24.0},{"not_picked":["WreathOfFlame","Consecrate","SashWhip"],"picked":"SKIP","floor":27.0},{"not_picked":["Tantrum","JustLucky"],"picked":"FlurryOfBlows","floor":28.0},{"not_picked":["Crescendo","Weave+1"],"picked":"Study+1","floor":29.0},{"not_picked":["ThirdEye+1","WindmillStrike+1","Consecrate"],"picked":"SKIP","floor":33.0},{"not_picked":["Crescendo","Sanctity","CrushJoints"],"picked":"SKIP","floor":34.0},{"not_picked":["Consecrate","Swivel","Pray"],"picked":"SKIP","floor":35.0},{"not_picked":["Conclude","ReachHeaven"],"picked":"FearNoEvil","floor":36},{"not_picked":["Perseverance","FlyingSleeves"],"picked":"Indignation","floor":37},{"not_picked":["WheelKick+1","LikeWater"],"picked":"Fasting2","floor":39},{"not_picked":["Vault","SpiritShield"],"picked":"DevaForm","floor":42},{"not_picked":["Worship+1","Halt"],"picked":"Evaluate+1","floor":44},{"not_picked":["FollowUp+1","CarveReality"],"picked":"Fasting2","floor":45},{"not_picked":["Halt","ClearTheMind"],"picked":"LessonLearned","floor":45},{"not_picked":["Evaluate+1","SpiritShield"],"picked":"InnerPeace","floor":45},{"not_picked":["Protect","SashWhip","Nirvana+1"],"picked":"SKIP","floor":46},{"not_picked":["Purity","Chrysalis"],"picked":"Apotheosis","floor":48},{"not_picked":["Pray+1","ClearTheMind+1"],"picked":"EmptyMind","floor":49},{"not_picked":["Wallop","Indignation","FollowUp"],"picked":"SKIP","floor":51},{"not_picked":["Crescendo+1","Sanctity"],"picked":"Scrawl","floor":52},{"not_picked":["Tantrum","ConjureBlade"],"picked":"Vault","floor":54},{"not_picked":["CrushJoints+1","ThirdEye+1","Indignation+1"],"picked":"SKIP","floor":55},{"not_picked":["BowlingBash","Alpha"],"picked":"Vault","floor":56},{"not_picked":["CutThroughFate","PathToVictory+1","ConjureBlade"],"picked":"SKIP","floor":58},{"not_picked":["Consecrate","Crescendo+1","ThirdEye+1"],"picked":"SKIP","floor":59},{"not_picked":["Weave","ThirdEye","FlyingSleeves"],"picked":"SKIP","floor":60}],"player_experience":2317955,"relics_obtained":[{"floor":7.0,"key":"Darkstone Periapt"},{"floor":11.0,"key":"The Courier"},{"floor":13.0,"key":"Nunchaku"},{"floor":23.0,"key":"Enchiridion"},{"floor":28.0,"key":"Mercury Hourglass"},{"floor":36,"key":"White Beast Statue"},{"floor":52,"key":"Bottled Tornado"},{"floor":54,"key":"Shuriken"},{"floor":56,"key":"War Paint"},{"floor":57,"key":"Pen Nib"}],"event_choices":[{"damage_healed":0.0,"max_hp_gain":0.0,"max_hp_loss":0.0,"gold_gain":0.0,"event_name":"Scrap Ooze","player_choice":"Success","floor":12.0,"gold_loss":0.0,"damage_taken":3.0,"relics_obtained":["Eternal Feather"]},{"damage_healed":24.0,"max_hp_gain":0.0,"max_hp_loss":0.0,"gold_gain":0.0,"event_name":"Big Fish","player_choice":"Banana","floor":16.0,"gold_loss":0.0,"damage_taken":0.0},{"damage_healed":0.0,"max_hp_gain":0.0,"max_hp_loss":0.0,"gold_gain":0.0,"cards_transformed":["Strike_P"],"event_name":"Transmorgrifier","player_choice":"Transformed","floor":17.0,"gold_loss":0.0,"damage_taken":0.0,"cards_obtained":["Wireheading"]},{"damage_healed":0.0,"max_hp_gain":0.0,"max_hp_loss":0.0,"gold_gain":0.0,"event_name":"Cursed Tome","player_choice":"Obtained Book","floor":23.0,"gold_loss":0.0,"damage_taken":16.0},{"damage_healed":0.0,"max_hp_gain":0.0,"max_hp_loss":0.0,"gold_gain":0.0,"event_name":"Ghosts","player_choice":"Ignored","floor":26.0,"gold_loss":0.0,"damage_taken":0.0},{"damage_healed":0.0,"max_hp_gain":0.0,"max_hp_loss":0.0,"gold_gain":0.0,"event_name":"The Woman in Blue","player_choice":"Bought 2 Potions","floor":31.0,"gold_loss":0.0,"damage_taken":0.0},{"damage_healed":0,"gold_gain":0,"player_choice":"Traded Relic","damage_taken":0,"relics_obtained":["Nloth\u0027s Gift"],"max_hp_gain":0,"max_hp_loss":0,"event_name":"N\u0027loth","floor":38,"relics_lost":["Nunchaku"],"gold_loss":0},{"damage_healed":0,"gold_gain":0,"player_choice":"Memory 3","damage_taken":10,"max_hp_gain":0,"max_hp_loss":0,"event_name":"SensoryStone","floor":48,"gold_loss":0},{"damage_healed":0,"gold_gain":0,"player_choice":"Forge","damage_taken":0,"max_hp_gain":0,"max_hp_loss":0,"event_name":"Accursed Blacksmith","floor":50,"gold_loss":0,"cards_upgraded":["Apotheosis"]}],"is_beta":false,"boss_relics":[{"not_picked":["Tiny House","Coffee Dripper"],"picked":"VioletLotus"},{"not_picked":["Velvet Choker","Black Star"],"picked":"SlaversCollar"}],"items_purged_floors":[4,25,45,47],"is_endless":false,"potions_floor_spawned":[3,6,7,14,19,22,27,29,33,35,37,39,42,44,46,49,51,52,54,55,56,58,59,60],"killed_by":"Jaw Worm Horde","ascension_level":1}}