{"host":"ftwnpa9ceeptmrn1","time":1611378148,"event":{"mods":["Aspiration","BaseMod","Colored Map","Colored Powertips","Conspire","Downfall","Hubris","Infinite Spire","Minty Spire (QoL Compilation)","Relic Stats","StSLib","vexMod"],"gold_per_floor":[113,123,48,62,72,72,100,100,100,131,150,183,196,196,196,301,301,312,325,344,344,362,362,362],"floor_reached":23,"language":"ENG","playtime":2022,"items_purged":["Strike_R","Strike_R"],"score":237,"play_id":"ff6b174a-0260-49af-b337-cc0bc86394ea","local_time":"20210122230228","is_ascension_mode":true,"campfire_choices":[{"data":"Body Slam","floor":6,"key":"SMITH"},{"floor":8,"key":"RECALL"},{"data":"Dual Wield","floor":15,"key":"SMITH"}],"circlet_count":0,"master_deck":["Strike_R","Strike_R+1","Strike_R+1","Defend_R","Defend_R","Defend_R","Defend_R","Bash","Body Slam+1","Iron Wave","Disarm","Clash","Dual Wield+1","Evolve","Fire Breathing","hubris:ReadiedAction","Reaper","Headbutt","hubris:SharpeningStone","infinitespire:OneForAll+1","Battle Trance"],"relics":["Burning Blood","Whetstone","Ancient Tea Set","Paper Frog","hubris:64BitClover","hubris:Reverence","conspire:SpecialSausage","aspiration:StickyExplosives_weak"],"acts_visited":["Exordium","TheCity"],"potions_floor_usage":[5,6,10,20,23],"damage_taken":[{"damage":6,"enemies":"2 Louse","floor":1,"turns":3},{"damage":1,"enemies":"Cultist","floor":2,"turns":3},{"damage":2,"enemies":"Jaw Worm","floor":4,"turns":4},{"damage":5,"enemies":"Exordium Wildlife","floor":5,"turns":4},{"damage":23,"enemies":"Lagavulin","floor":7,"turns":9},{"damage":8,"enemies":"3 Sentries","floor":10,"turns":6},{"damage":9,"enemies":"Looter","floor":11,"turns":3},{"damage":28,"enemies":"Gremlin Nob","floor":12,"turns":5},{"damage":7,"enemies":"Blue Slaver","floor":13,"turns":3},{"damage":35,"enemies":"Slime Boss","floor":16,"turns":7},{"damage":22,"enemies":"Spheric Guardian","floor":18,"turns":4},{"damage":22,"enemies":"Shell Parasite","floor":19,"turns":4},{"damage":15,"enemies":"Chosen and Byrds","floor":20,"turns":5},{"damage":25,"enemies":"3 Cultists","floor":22,"turns":6},{"damage":67,"enemies":"Slavers","floor":23,"turns":5}],"seed_played":"3433765730086385107","potions_obtained":[{"floor":1,"key":"Fire Potion"},{"floor":4,"key":"Swift Potion"},{"floor":5,"key":"Fruit Juice"},{"floor":10,"key":"SmokeBomb"},{"floor":18,"key":"FearPotion"},{"floor":20,"key":"PowerPotion"}],"is_trial":false,"path_per_floor":["M","M","$","M","M","R","E","R","T","E","M","E","M","?","R","B",null,"M","M","M","AVR","M","E"],"character_chosen":"IRONCLAD","items_purchased":[],"campfire_rested":0,"item_purchase_floors":[],"current_hp_per_floor":[80,80,80,80,80,85,68,68,68,66,63,41,40,85,85,56,85,69,60,62,62,51,17,17],"gold":362,"neow_bonus":"RANDOM_COMMON_RELIC","is_daily":false,"chose_seed":false,"campfire_upgraded":2,"win_rate":0.0,"timestamp":1611378148,"path_taken":["M","M","$","M","M","R","E","R","T","E","M","E","M","?","R","BOSS","M","M","M","AVR","?","E"],"items_purchased_type":[],"build_version":"2020-12-22","purchased_purges":2,"victory":false,"max_hp_per_floor":[80,80,80,80,80,85,85,85,85,85,85,85,85,85,85,85,85,85,85,85,85,85,85,85],"relic_stats":{"counters":[15,71],"Whetstone":["Strike_R","Strike_R"],"obtain_stats":[{"hubris:64BitClover":10,"conspire:SpecialSausage":17,"Whetstone":0,"Ancient Tea Set":7,"Burning Blood":0,"Paper Frog":9,"hubris:Reverence":12,"aspiration:StickyExplosives_weak":22},{"hubris:64BitClover":6,"conspire:SpecialSausage":10,"Whetstone":0,"Ancient Tea Set":5,"Burning Blood":0,"Paper Frog":5,"hubris:Reverence":8,"aspiration:StickyExplosives_weak":14},{"hubris:64BitClover":29,"conspire:SpecialSausage":47,"Whetstone":0,"Ancient Tea Set":23,"Burning Blood":0,"Paper Frog":23,"hubris:Reverence":37,"aspiration:StickyExplosives_weak":66}],"Burning Blood":74},"card_choices":[{"not_picked":["Sever Soul","Anger"],"picked":"Body Slam","floor":1},{"not_picked":["Shrug It Off","Sword Boomerang"],"picked":"Iron Wave","floor":2},{"not_picked":["Warcry","Rampage"],"picked":"Disarm","floor":4},{"not_picked":["hubris:SharpeningStone","Infernal Blade"],"picked":"Clash","floor":5},{"not_picked":["Intimidate","Perfected Strike"],"picked":"Dual Wield","floor":7},{"not_picked":["Dark Embrace","Feel No Pain"],"picked":"Evolve","floor":10},{"not_picked":["Rage","Sentinel"],"picked":"Fire Breathing","floor":11},{"not_picked":["Brutality","Sever Soul"],"picked":"Combust","floor":12},{"not_picked":["Headbutt","Twin Strike"],"picked":"hubris:ReadiedAction","floor":13},{"not_picked":["Bludgeon","Brutality"],"picked":"Reaper","floor":16},{"not_picked":["Perfected Strike","Sword Boomerang"],"picked":"Headbutt","floor":18},{"not_picked":["conspire:Charge","Shockwave+1"],"picked":"hubris:SharpeningStone","floor":19},{"not_picked":["Iron Wave","Perfected Strike"],"picked":"infinitespire:OneForAll+1","floor":20},{"not_picked":["Anger+1","Carnage"],"picked":"Battle Trance","floor":22}],"player_experience":313944,"relics_obtained":[{"floor":7,"key":"Ancient Tea Set"},{"floor":9,"key":"Paper Frog"},{"floor":10,"key":"hubris:64BitClover"},{"floor":12,"key":"hubris:Reverence"},{"floor":22,"key":"aspiration:StickyExplosives_weak"}],"event_choices":[{"cards_removed":["Combust"],"damage_healed":45,"gold_gain":0,"player_choice":"Offered Uncommon","damage_taken":0,"max_hp_gain":0,"max_hp_loss":0,"event_name":"Bonfire Elementals","floor":14,"gold_loss":0}],"is_beta":false,"boss_relics":[{"not_picked":["Astrolabe","vexMod:MysteryBossChallenge"],"picked":"conspire:SpecialSausage"}],"items_purged_floors":[3,21],"is_endless":false,"potions_floor_spawned":[1,4,5,10,18,20],"killed_by":"Slavers","ascension_level":2}}