{"host":"jpzdg3po3tjxdjri","time":1611409856,"event":{"mods":["BaseMod","Better Third Choice","Colored Map","Colored Powertips","Minty Spire (QoL Compilation)","StSLib"],"gold_per_floor":[117,117,117,127,35,35,47,47,47,78,78,9,27,37,37,116,116,135,135,116,116,41,41,41,57,57,57,57,57,57],"floor_reached":29,"language":"ENG","playtime":764,"items_purged":["Writhe"],"score":376,"play_id":"72b75070-ec7e-4e53-99d7-bfd636126d48","local_time":"20210123135056","is_ascension_mode":true,"campfire_choices":[{"data":"Deadly Poison","floor":6,"key":"SMITH"},{"data":"Footwork","floor":8,"key":"SMITH"},{"floor":15,"key":"REST"},{"data":"After Image","floor":23,"key":"SMITH"}],"circlet_count":0,"master_deck":["AscendersBane","Strike_G","Strike_G","Strike_G","Strike_G","Strike_G","Defend_G","Defend_G","Defend_G","Defend_G","Defend_G","Survivor","Neutralize","Dagger Spray","Crippling Poison","Deadly Poison+1","Footwork+1","Dagger Spray","Deadly Poison","Poisoned Stab+1","Noxious Fumes","Poisoned Stab","Cloak And Dagger","Cloak And Dagger","After Image+1","Dodge and Roll","Dagger Throw","Caltrops"],"relics":["Ring of the Snake","Orichalcum","Ice Cream","Dream Catcher","Coffee Dripper","Mummified Hand","Blood Vial","Tiny Chest"],"acts_visited":["Exordium","TheCity"],"potions_floor_usage":[10,16],"damage_taken":[{"damage":0,"enemies":"2 Louse","floor":1,"turns":2},{"damage":1,"enemies":"Cultist","floor":4,"turns":4},{"damage":3,"enemies":"Jaw Worm","floor":7,"turns":4},{"damage":9,"enemies":"Gremlin Nob","floor":10,"turns":4},{"damage":13,"enemies":"Gremlin Gang","floor":13,"turns":3},{"damage":0,"enemies":"Large Slime","floor":14,"turns":5},{"damage":10,"enemies":"Slime Boss","floor":16,"turns":9},{"damage":6,"enemies":"Shell Parasite","floor":18,"turns":6},{"damage":8,"enemies":"2 Thieves","floor":20,"turns":4},{"damage":28,"enemies":"Cultist and Chosen","floor":25,"turns":7},{"damage":33,"enemies":"3 Cultists","floor":29,"turns":5}],"seed_played":"-3586904393862865220","potions_obtained":[{"floor":1,"key":"SkillPotion"},{"floor":3,"key":"Poison Potion"},{"floor":3,"key":"FairyPotion"},{"floor":14,"key":"SneckoOil"},{"floor":18,"key":"FearPotion"}],"is_trial":false,"path_per_floor":["M","?","?","M","$","R","M","R","T","E","?","$","M","M","R","B",null,"M","?","M","?","$","R","$","M","T","T","?","M"],"character_chosen":"THE_SILENT","items_purchased":["Footwork","Dagger Spray","Noxious Fumes"],"campfire_rested":1,"item_purchase_floors":[5,5,12],"current_hp_per_floor":[59,47,47,46,46,46,43,43,43,34,34,34,21,21,40,30,57,51,39,31,31,31,31,31,3,3,3,3,0,0],"gold":57,"neow_bonus":"THREE_CARDS","is_daily":false,"chose_seed":false,"campfire_upgraded":3,"win_rate":0.0,"timestamp":1611409856,"path_taken":["M","?","?","?","$","R","M","R","T","E","?","$","?","M","R","BOSS","M","?","M","?","?","R","$","M","T","?","?","M"],"items_purchased_type":["Card","Card","Card"],"build_version":"2020-12-22","purchased_purges":1,"victory":false,"max_hp_per_floor":[66,66,66,66,66,66,66,66,66,66,66,66,66,66,66,66,66,66,71,71,71,71,71,71,71,71,71,71,71,71],"card_choices":[{"not_picked":["Slice","Reflex"],"picked":"Dagger Spray","floor":0},{"not_picked":["Distraction","Setup"],"picked":"Crippling Poison","floor":1},{"not_picked":["Blur","Bane"],"picked":"Deadly Poison","floor":4},{"not_picked":["Blade Dance","PiercingWail"],"picked":"Deadly Poison","floor":7},{"not_picked":["Expertise","Tools of the Trade"],"picked":"Poisoned Stab","floor":10},{"not_picked":["Dagger Throw","Flying Knee"],"picked":"Poisoned Stab","floor":13},{"not_picked":["Dagger Throw","Setup"],"picked":"Cloak And Dagger","floor":14},{"not_picked":["Sucker Punch","Terror"],"picked":"Cloak And Dagger","floor":15},{"not_picked":["Venomology","Malaise"],"picked":"After Image","floor":16},{"not_picked":["Slice","Sucker Punch+1"],"picked":"Dodge and Roll","floor":18},{"not_picked":["Tactician","Slice"],"picked":"Dagger Throw","floor":20},{"not_picked":["Riddle With Holes","All Out Attack"],"picked":"Caltrops","floor":25}],"player_experience":852569,"relics_obtained":[{"floor":9,"key":"Ice Cream"},{"floor":10,"key":"Dream Catcher"},{"floor":26,"key":"Blood Vial"},{"floor":27,"key":"Tiny Chest"}],"event_choices":[{"damage_healed":0,"gold_gain":0,"player_choice":"Relic ","damage_taken":12,"max_hp_gain":0,"max_hp_loss":0,"event_name":"betterThird:BetterScrap","floor":2,"gold_loss":0,"cards_obtained":["Battle Trance"]},{"damage_healed":0,"gold_gain":0,"player_choice":"Got Potions","damage_taken":0,"max_hp_gain":0,"max_hp_loss":0,"event_name":"Lab","floor":3,"gold_loss":0},{"damage_healed":0,"gold_gain":0,"player_choice":"Forge","damage_taken":0,"max_hp_gain":0,"max_hp_loss":0,"event_name":"Accursed Blacksmith","floor":11,"gold_loss":0,"cards_upgraded":["Poisoned Stab"]},{"damage_healed":0,"gold_gain":0,"player_choice":"Shed Blood","damage_taken":17,"max_hp_gain":5,"max_hp_loss":0,"event_name":"Forgotten Altar","floor":19,"gold_loss":0},{"damage_healed":0,"gold_gain":0,"player_choice":"Opened","damage_taken":0,"relics_obtained":["Mummified Hand"],"max_hp_gain":0,"max_hp_loss":0,"event_name":"The Mausoleum","floor":21,"gold_loss":0,"cards_obtained":["Writhe"]},{"damage_healed":0,"gold_gain":0,"player_choice":"Ignored","damage_taken":0,"max_hp_gain":0,"max_hp_loss":0,"event_name":"Cursed Tome","floor":28,"gold_loss":0}],"is_beta":false,"boss_relics":[{"not_picked":["Runic Dome","Velvet Choker"],"picked":"Coffee Dripper"}],"items_purged_floors":[22],"is_endless":false,"potions_floor_spawned":[1,4,14,18],"killed_by":"3 Cultists","ascension_level":14}}