{"host":"hszimsrtxxc2k25w","time":1611437036,"event":{"mods":["AchievementEnabler","BaseMod","Colored Map","DeckTracker","Minty Spire (QoL Compilation)","Rare Cards Sparkle","SuperFastMode"],"gold_per_floor":[112,131,144,69,80,80,80,98,98,98,125,25,100,110,110,110,110],"floor_reached":16,"language":"KOR","playtime":340,"items_purged":["Strike_G","Strike_G"],"score":194,"play_id":"82ffec27-09b0-4f03-8127-4c393139e824","local_time":"20210124062356","is_ascension_mode":true,"campfire_choices":[{"data":"Blade Dance","floor":6,"key":"SMITH"},{"data":"All Out Attack","floor":10,"key":"SMITH"},{"data":"Neutralize","floor":15,"key":"SMITH"}],"circlet_count":0,"master_deck":["AscendersBane","Strike_G","Strike_G","Strike_G","Defend_G","Defend_G","Defend_G","Defend_G","Defend_G","Survivor","Neutralize+1","Flying Knee","Blade Dance+1","All Out Attack+1"],"relics":["Ring of the Snake","NeowsBlessing","Darkstone Periapt","Pocketwatch","Blue Candle"],"acts_visited":["Exordium"],"potions_floor_usage":[16],"damage_taken":[{"damage":0,"enemies":"Cultist","floor":1,"turns":1},{"damage":0,"enemies":"2 Louse","floor":2,"turns":1},{"damage":0,"enemies":"Small Slimes","floor":3,"turns":1},{"damage":6,"enemies":"Exordium Wildlife","floor":5,"turns":3},{"damage":1,"enemies":"Exordium Thugs","floor":8,"turns":4},{"damage":19,"enemies":"3 Sentries","floor":11,"turns":8},{"damage":0,"enemies":"3 Louse","floor":14,"turns":2},{"damage":22,"enemies":"Hexaghost","floor":16,"turns":11}],"seed_played":"6388725092092296985","potions_obtained":[{"floor":1,"key":"PowerPotion"},{"floor":5,"key":"SteroidPotion"}],"is_trial":false,"path_per_floor":["M","M","M","$","M","R","T","M","T","R","E","$","?","M","R","B"],"character_chosen":"THE_SILENT","items_purchased":[],"campfire_rested":0,"item_purchase_floors":[],"current_hp_per_floor":[59,59,59,59,53,53,53,52,52,52,33,33,22,22,22,0,0],"gold":110,"neow_bonus":"THREE_ENEMY_KILL","is_daily":false,"chose_seed":false,"campfire_upgraded":3,"win_rate":0.0,"timestamp":1611437036,"path_taken":["M","M","M","$","M","R","?","M","T","R","E","?","?","M","R","BOSS"],"items_purchased_type":[],"build_version":"2020-12-22","purchased_purges":2,"victory":false,"max_hp_per_floor":[66,66,66,66,66,66,66,66,66,66,66,66,66,66,66,66,66],"card_choices":[{"not_picked":["Endless Agony","Slice"],"picked":"Flying Knee","floor":1},{"not_picked":["Backflip","Outmaneuver","Bane"],"picked":"SKIP","floor":2},{"not_picked":["Leg Sweep","Dodge and Roll"],"picked":"Blade Dance","floor":3},{"not_picked":["Leg Sweep","Infinite Blades","Concentrate"],"picked":"SKIP","floor":5},{"not_picked":["Poisoned Stab","Blade Dance"],"picked":"All Out Attack","floor":8},{"not_picked":["Footwork","Blur","Infinite Blades"],"picked":"SKIP","floor":11},{"not_picked":["Deflect","Flying Knee","Sucker Punch"],"picked":"SKIP","floor":14}],"player_experience":635723,"relics_obtained":[{"floor":7,"key":"Darkstone Periapt"},{"floor":9,"key":"Pocketwatch"},{"floor":11,"key":"Blue Candle"}],"event_choices":[{"damage_healed":0,"gold_gain":75,"player_choice":"Gather Gold","damage_taken":11,"max_hp_gain":0,"max_hp_loss":0,"event_name":"World of Goop","floor":13,"gold_loss":0}],"is_beta":false,"boss_relics":[],"items_purged_floors":[4,12],"is_endless":false,"potions_floor_spawned":[1,5,11],"killed_by":"Hexaghost","ascension_level":18}}