{"host":"d9m9v0h6vo0edadb","time":1611405351,"event":{"mods":["BaseMod","Hermit","Keyboard Shortcuts","Minty Spire (QoL Compilation)","StSLib","SuperFastMode","The Cursed"],"gold_per_floor":[110,128,53,128,128,164,179,204,204,204,204],"floor_reached":10,"language":"KOR","playtime":109,"items_purged":["Strike_G"],"score":186,"play_id":"f929bb76-f532-49a0-88d5-239758bcc3c3","local_time":"20210123213551","is_ascension_mode":true,"campfire_choices":[],"circlet_count":0,"master_deck":["AscendersBane","Strike_G","Strike_G","Strike_G","Strike_G","Defend_G","Defend_G","Defend_G","Defend_G","Defend_G","Survivor","Neutralize","Dagger Spray","Masterful Stab","Acrobatics","Flechettes"],"relics":["Ring of the Snake","NeowsBlessing","Golden Idol","InkBottle","Sundial"],"acts_visited":["Exordium"],"potions_floor_usage":[7,10],"damage_taken":[{"damage":0,"enemies":"Cultist","floor":1,"turns":1},{"damage":0,"enemies":"Jaw Worm","floor":2,"turns":1},{"damage":0,"enemies":"3 Sentries","floor":6,"turns":2},{"damage":7,"enemies":"Small Slimes","floor":7,"turns":4},{"damage":0,"enemies":"2 Fungi Beasts","floor":8,"turns":3},{"damage":22,"enemies":"Lagavulin","floor":10,"turns":6}],"seed_played":"-2211501064835863974","potions_obtained":[{"floor":2,"key":"SkillPotion"},{"floor":6,"key":"Weak Potion"}],"is_trial":false,"path_per_floor":["M","M","$","?","?","E","M","M","T","E"],"character_chosen":"THE_SILENT","items_purchased":[],"campfire_rested":0,"item_purchase_floors":[],"current_hp_per_floor":[59,59,59,48,48,48,41,41,41,19,19],"gold":204,"neow_bonus":"THREE_ENEMY_KILL","is_daily":false,"chose_seed":false,"campfire_upgraded":0,"win_rate":0.0,"timestamp":1611405351,"path_taken":["M","?","$","?","?","E","M","M","T","E"],"items_purchased_type":[],"build_version":"2020-12-22","purchased_purges":1,"victory":false,"max_hp_per_floor":[66,66,66,66,60,60,60,60,60,60,60],"card_choices":[{"not_picked":["Underhanded Strike","Deadly Poison"],"picked":"Dagger Spray","floor":1},{"not_picked":["Prepared","Infinite Blades"],"picked":"Masterful Stab","floor":2},{"not_picked":["Backflip","Expertise"],"picked":"Acrobatics","floor":6},{"not_picked":["Flying Knee","Skewer","Choke"],"picked":"SKIP","floor":7},{"not_picked":["Sucker Punch","Crippling Poison"],"picked":"Flechettes","floor":8}],"player_experience":988200,"relics_obtained":[{"floor":6,"key":"InkBottle"},{"floor":9,"key":"Sundial"}],"event_choices":[{"damage_healed":0,"gold_gain":75,"player_choice":"Gather Gold","damage_taken":11,"max_hp_gain":0,"max_hp_loss":0,"event_name":"World of Goop","floor":4,"gold_loss":0},{"damage_healed":0,"gold_gain":0,"player_choice":"Lose Max HP","damage_taken":0,"relics_obtained":["Golden Idol"],"max_hp_gain":0,"max_hp_loss":6,"event_name":"Golden Idol","floor":5,"gold_loss":0}],"is_beta":false,"boss_relics":[],"items_purged_floors":[3],"is_endless":false,"potions_floor_spawned":[2,6],"killed_by":"Lagavulin","ascension_level":20}}