{"host":"1v94wza6sq30pv3l","time":1611426874,"event":{"mods":["AchievementEnabler","BaseMod","Highlight Path","Minty Spire (QoL Compilation)"],"gold_per_floor":[119,119,119,69,86,115,115,95,142,160,5,5,32,51,51,150,150,166,166,166,184,184,214,214,244,268,268,285,297,307,317,317,317,317],"floor_reached":33,"language":"ENG","playtime":1909,"items_purged":["Defend_B"],"score":336,"play_id":"e0a74d78-6670-47e2-837d-b6053309a39b","local_time":"20210123133434","is_ascension_mode":true,"campfire_choices":[{"floor":7,"key":"REST"},{"floor":12,"key":"REST"},{"data":"Sunder","floor":15,"key":"SMITH"},{"data":"Glacier","floor":24,"key":"SMITH"},{"floor":27,"key":"REST"},{"floor":32,"key":"REST"}],"circlet_count":0,"master_deck":["Strike_B","Strike_B","Defend_B","Dualcast","Glacier+1","Turbo","Ball Lightning","Leap","Sunder+1","Electrodynamics","Fusion","Creative AI","Sweeping Beam+1","Reprogram+1","Melter+1","Fusion+1","RitualDagger+1","Redo+1","Static Discharge+1","Multi-Cast","Lockon+1","BootSequence"],"relics":["Nuclear Battery","Lantern","CaptainsWheel","Peace Pipe","Astrolabe","Darkstone Periapt","Question Card","Boot"],"acts_visited":["Exordium","TheCity"],"potions_floor_usage":[6,16,23,33,33,33],"damage_taken":[{"damage":7,"enemies":"2 Louse","floor":1,"turns":3},{"damage":0,"enemies":"Small Slimes","floor":5,"turns":4},{"damage":41,"enemies":"3 Sentries","floor":6,"turns":17},{"damage":6,"enemies":"Jaw Worm","floor":10,"turns":2},{"damage":0,"enemies":"Gremlin Nob","floor":13,"turns":4},{"damage":0,"enemies":"Large Slime","floor":14,"turns":3},{"damage":13,"enemies":"Slime Boss","floor":16,"turns":9},{"damage":0,"enemies":"Spheric Guardian","floor":18,"turns":2},{"damage":0,"enemies":"Chosen","floor":21,"turns":4},{"damage":27,"enemies":"Gremlin Leader","floor":23,"turns":6},{"damage":15,"enemies":"Slavers","floor":25,"turns":4},{"damage":6,"enemies":"Snecko","floor":28,"turns":4},{"damage":12,"enemies":"3 Cultists","floor":29,"turns":2},{"damage":1,"enemies":"Snake Plant","floor":30,"turns":2},{"damage":13,"enemies":"Centurion and Healer","floor":31,"turns":5},{"damage":50,"enemies":"Champ","floor":33,"turns":9}],"seed_played":"2339512904488734641","potions_obtained":[{"floor":1,"key":"ColorlessPotion"},{"floor":6,"key":"Strength Potion"},{"floor":8,"key":"DuplicationPotion"},{"floor":14,"key":"Swift Potion"},{"floor":23,"key":"Strength Potion"},{"floor":25,"key":"EssenceOfDarkness"}],"is_trial":false,"path_per_floor":["M","?","?","?","M","E","R","?","T","M","$","R","E","M","R","B",null,"M","?","?","M","?","E","R","E","T","R","M","M","M","M","R","B"],"character_chosen":"DEFECT","items_purchased":["Sunder"],"campfire_rested":4,"item_purchase_floors":[11],"current_hp_per_floor":[68,61,54,54,54,13,35,35,35,29,29,51,51,51,51,38,75,75,69,69,69,69,42,42,27,27,49,43,31,30,17,39,0,0],"gold":317,"neow_bonus":"BOSS_RELIC","is_daily":false,"chose_seed":false,"campfire_upgraded":2,"win_rate":0.0,"timestamp":1611426874,"path_taken":["M","?","?","?","?","E","R","?","T","M","?","R","E","M","R","BOSS","M","?","?","M","?","E","R","E","T","R","M","?","M","M","R","BOSS"],"items_purchased_type":["Card"],"build_version":"2020-12-22","purchased_purges":1,"victory":false,"max_hp_per_floor":[75,75,75,75,75,75,75,75,75,75,75,75,75,75,75,75,75,75,75,75,75,75,75,75,75,75,75,75,75,75,75,75,75,75],"card_choices":[{"not_picked":["Static Discharge","Streamline"],"picked":"Glacier","floor":1},{"not_picked":["Recycle","Steam"],"picked":"Turbo","floor":5},{"not_picked":["Skim","Defragment"],"picked":"Ball Lightning","floor":6},{"not_picked":["Hologram","Aggregate"],"picked":"Leap","floor":10},{"not_picked":["Rip and Tear","Beam Cell"],"picked":"Electrodynamics","floor":13},{"not_picked":["Compile Driver","Force Field"],"picked":"Fusion","floor":14},{"not_picked":["Fission","All For One"],"picked":"Creative AI","floor":16},{"not_picked":["Steam","Leap+1"],"picked":"Fusion+1","floor":18},{"not_picked":["Sweeping Beam","Defragment"],"picked":"Redo+1","floor":21},{"not_picked":["BootSequence","Turbo+1"],"picked":"Static Discharge+1","floor":23},{"not_picked":["Cold Snap","Rip and Tear"],"picked":"Multi-Cast","floor":25},{"not_picked":["Go for the Eyes","Steam+1","Streamline","Chaos"],"picked":"SKIP","floor":28},{"not_picked":["Compile Driver","Streamline+1","Beam Cell+1"],"picked":"Lockon+1","floor":29},{"not_picked":["Rebound","Sweeping Beam","Stack"],"picked":"BootSequence","floor":30},{"not_picked":["Multi-Cast","Beam Cell","Doom and Gloom","Streamline"],"picked":"SKIP","floor":31}],"player_experience":99387,"relics_obtained":[{"floor":6,"key":"CaptainsWheel"},{"floor":13,"key":"Peace Pipe"},{"floor":23,"key":"Darkstone Periapt"},{"floor":25,"key":"Question Card"},{"floor":26,"key":"Boot"}],"event_choices":[{"cards_removed":["Defend_B"],"damage_healed":0,"gold_gain":0,"player_choice":"Card Removal","damage_taken":7,"max_hp_gain":0,"max_hp_loss":0,"event_name":"Golden Wing","floor":2,"gold_loss":0},{"damage_healed":0,"gold_gain":0,"player_choice":"Success","damage_taken":7,"relics_obtained":["Lantern"],"max_hp_gain":0,"max_hp_loss":0,"event_name":"Scrap Ooze","floor":3,"gold_loss":0},{"cards_removed":["Defend_B"],"damage_healed":0,"gold_gain":0,"player_choice":"Card Removal","damage_taken":0,"max_hp_gain":0,"max_hp_loss":0,"event_name":"The Cleric","floor":4,"gold_loss":50},{"damage_healed":0,"gold_gain":0,"player_choice":"Bought 1 Potion","damage_taken":0,"max_hp_gain":0,"max_hp_loss":0,"event_name":"The Woman in Blue","floor":8,"gold_loss":0},{"damage_healed":0,"gold_gain":0,"player_choice":"Joined the Cult","damage_taken":6,"max_hp_gain":0,"max_hp_loss":0,"event_name":"Nest","floor":19,"gold_loss":0,"cards_obtained":["RitualDagger"]},{"damage_healed":0,"gold_gain":0,"player_choice":"Ignored","damage_taken":0,"max_hp_gain":0,"max_hp_loss":0,"event_name":"Ghosts","floor":20,"gold_loss":0},{"damage_healed":0,"gold_gain":0,"player_choice":"Forge","damage_taken":0,"max_hp_gain":0,"max_hp_loss":0,"event_name":"Accursed Blacksmith","floor":22,"gold_loss":0,"cards_upgraded":["RitualDagger"]}],"is_beta":false,"boss_relics":[{"not_picked":["Runic Dome","Tiny House"],"picked":"Astrolabe"}],"items_purged_floors":[11],"is_endless":false,"potions_floor_spawned":[1,6,14,23,25],"killed_by":"Champ","ascension_level":1}}