{"host":"i12146r8rqb6k94u","time":1611398724,"event":{"mods":["Astrologer","BaseMod","Beaked The Cultist","CapriCore","Colored Powertips","GifTheSpireLib","Hero for Fun","Highlight Path","Ironclad Rager","Lobotomy","LobotomyExtend","Minty Spire (QoL Compilation)","Quick Restart","StSLib","The Cursed","The Immortal","Waifu the Spire"],"gold_per_floor":[112,129,129,144,73,98,98,112,112,112,128,128,53,53,53],"floor_reached":14,"language":"JPN","playtime":526,"items_purged":[],"score":120,"play_id":"a8ba68e6-5abc-415f-bce5-ff85333734f9","local_time":"20210123194524","is_ascension_mode":true,"campfire_choices":[{"floor":7,"key":"REST"},{"data":"TheCursedMod:NeowsMight","floor":10,"key":"SMITH"}],"circlet_count":0,"master_deck":["TheCursedMod:CursedWand","TheCursedMod:Stigma","TheCursedMod:CircleOfFlame","TheCursedMod:Mangle","TheCursedMod:Mangle","TheCursedMod:Mangle","TheCursedMod:AshesToAshes","TheCursedMod:NeowsMight+1","TheCursedMod:ParallelWorld","Flash of Steel","Laetitia","TheCursedMod:CursedShiv","UniverseFragment","TheCursedMod:Stigma","Regret","TheCursedMod:ManaBullet","TheCursedMod:Hemoplague","QueenOfHatred","TheCursedMod:SoulReap","TheCursedMod:RapidMovement","PunishingBird","TheCursedMod:CircleOfCorruption","TheCursedMod:Mangle"],"relics":["TheCursedMod:Tack","CogitoBucket","LetterFromLob","Ice Cream","Bottled Tornado","Frozen Egg 2","Theresia","MagicBullet_r","LaetitiaHeart"],"acts_visited":["Exordium"],"potions_floor_usage":[4],"damage_taken":[{"damage":0,"enemies":"Cultist","floor":1,"turns":1},{"damage":0,"enemies":"2 Louse","floor":2,"turns":2},{"damage":10,"enemies":"Jaw Worm","floor":4,"turns":3},{"damage":35,"enemies":"Lagavulin","floor":6,"turns":5},{"damage":5,"enemies":"Red Slaver","floor":8,"turns":2},{"damage":14,"enemies":"Exordium Thugs","floor":11,"turns":2},{"damage":100,"enemies":"3 Sentries","floor":14,"turns":1}],"seed_played":"7196584235667468763","potions_obtained":[{"floor":1,"key":"BlessingOfTheForge"},{"floor":2,"key":"PowerPotion"},{"floor":8,"key":"Strength Potion"}],"is_trial":false,"path_per_floor":["M","M","?","M","$","E","R","M","T","R","M","M","$","E"],"character_chosen":"THE_CURSED","items_purchased":["TheCursedMod:Hemoplague","TheCursedMod:Mangle"],"campfire_rested":1,"item_purchase_floors":[5,13],"current_hp_per_floor":[75,75,75,65,65,30,52,58,58,58,50,75,75,0,0],"gold":53,"neow_bonus":"","is_daily":false,"chose_seed":false,"campfire_upgraded":1,"win_rate":0.0,"timestamp":1611398724,"path_taken":["M","?","?","M","$","E","R","M","T","R","M","M","$","E"],"items_purchased_type":["Card","Card"],"build_version":"2020-12-22","purchased_purges":0,"victory":false,"max_hp_per_floor":[75,75,75,75,75,75,75,75,75,75,75,75,75,75,75],"card_choices":[{"not_picked":["WallGazer","UniverseFragment"],"picked":"Laetitia","floor":1},{"not_picked":["TheCursedMod:SoulReap","TheCursedMod:Stigma"],"picked":"TheCursedMod:CursedShiv","floor":1},{"not_picked":["MHz","OldLady","SingingMachine"],"picked":"Singing Bowl","floor":2},{"not_picked":["BodiesMountain","Bloodbath"],"picked":"UniverseFragment","floor":2},{"not_picked":["TheCursedMod:CircleOfBlood","TheCursedMod:CircleOfAmplification"],"picked":"TheCursedMod:Stigma","floor":2},{"not_picked":["Scorched","Murderer","BeautyBeast"],"picked":"Singing Bowl","floor":4},{"not_picked":["TheCursedMod:CursedRelics","TheCursedMod:CursedMace"],"picked":"TheCursedMod:ManaBullet","floor":4},{"not_picked":["OSAHOGD","GreedKing"],"picked":"QueenOfHatred","floor":6},{"not_picked":["TheCursedMod:Hemoplague","TheCursedMod:SpitefulPlan"],"picked":"TheCursedMod:SoulReap","floor":6},{"not_picked":["ShyLook","CrumblingArmor","CherryBlossoms"],"picked":"Singing Bowl","floor":8},{"not_picked":["TheCursedMod:CircleOfFlame","TheCursedMod:HellsGateOpen"],"picked":"TheCursedMod:RapidMovement","floor":8},{"not_picked":["QueenBee","BeautyBeast"],"picked":"PunishingBird","floor":11},{"not_picked":["TheCursedMod:SpitefulStrike","TheCursedMod:Torture"],"picked":"TheCursedMod:CircleOfCorruption","floor":11}],"player_experience":286027,"relics_obtained":[{"floor":1,"key":"LetterFromLob"},{"floor":6,"key":"Bottled Tornado"},{"floor":9,"key":"Frozen Egg 2"}],"event_choices":[{"damage_healed":0,"gold_gain":0,"player_choice":"Box","damage_taken":0,"relics_obtained":["Ice Cream"],"max_hp_gain":0,"max_hp_loss":0,"event_name":"Big Fish","floor":3,"gold_loss":0,"cards_obtained":["Regret"]}],"is_beta":false,"boss_relics":[],"items_purged_floors":[],"is_endless":false,"potions_floor_spawned":[1,2,8],"killed_by":"3 Sentries","ascension_level":1}}