{"host":"rjfefv2ruvigm2gb","time":1611428003,"event":{"mods":["A Penny For Your Troubles","Act Like it!","AlwaysNeverKeys","BaseMod","Better Third Choice","Block Reminder","Conspire","Curses Come First","Displayed Cursed Tome","Elementarium","Evolution","Fox Events","Gensokyo","GifTheSpireLib","Gold Saver","Googly Eyes","Hermit","HexUI Lib","Hubris","Infinite Spire","Ironclad Rager","JesterMod","Luminous","Marked Mod","Melee Mod","Mimic Mod","Minty Spire (QoL Compilation)","Mirrors Mod","Permanent Neow","Poor People Problems","QueenMod","Quick Restart","Relic Filter","Relic Stats","Replay The Spire","Retaliation","Shade Mod","Shop Mod","Small Relic Pack","StS++","StSLib","Stuff the Spire","SuperFastMode","The Blue Laboratory","The Clintock","The Sage","TheHero","Thieving Mod","Transform Curses","Uncapped","Virulent Crown","Watcher Patcher"],"gold_per_floor":[310,310,326,336,336,336,350,350,350,350,820,820,1388,916,916,1012,1012,1031,1031,1031,1031,1441,1441,1454,1464,1487,772,772,420,478,491,491,608,608,623,23,41,41,94,94,94,94,119,168,180,192,235,247,259,283,295,358,370,382,243,311,326],"floor_reached":58,"language":"ENG","playtime":3689,"items_purged":["Amnesia"],"score":1100,"play_id":"299f367a-285e-4109-9fe8-91021be1430b","local_time":"20210123125323","is_ascension_mode":false,"campfire_choices":[{"data":"Replay:Anticipation","floor":6.0,"key":"SMITH"},{"data":"Eruption","floor":8.0,"key":"SMITH"},{"data":"MarkedMod:ChiBlock","floor":12.0,"key":"SMITH"},{"floor":15.0,"key":"REST"},{"data":"Apotheosis","floor":28.0,"key":"SMITH"},{"floor":32.0,"key":"DIG"},{"floor":40.0,"key":"DIG"},{"data":"LikeWater","floor":51.0,"key":"SMITH"},{"data":"Hallucinations","floor":54.0,"key":"PURGE"}],"circlet_count":0,"master_deck":["EmptyFist","EmptyFist+1","Strike_P","Strike_P","Defend_P","Defend_P","Defend_P","Defend_P","Eruption+1","Vigilance","MarkedMod:ChiBlock+1","Replay:Anticipation+1","Intimidate","LikeWater+1","MarkedMod:NorthStar+1","MarkedMod:GentlePulse+1","Hello World","Apotheosis+1","MarkedMod:PinPointDefense","PathToVictory","Wish","MarkedMod:GentlePulse+1","Replay:Anticipation+1","Pride"],"relics":["PureWater","EVO:Axolotl","Bottled Lightning","Ring of Fangs","ReplayTheSpireMod:Ring of Challenge","hubris:TenFootPole","Incense Burner","infinitespire:Joker Card","Replay:Multitool","Toy Ornithopter","Smiling Mask","MealTicket","Ice Cream","Tiny House","hubris:64BitClover","TungstenRod","relicPack:SpireResearchBook","hubris:Stopwatch","hubris:Towel","conspire:SpecialSausage","Molten Egg 2","StuffTheSpire:Gunfinga","StuffTheSpire:HeavyRock","Vajra","conspire:TreasureMap","Lantern","Torii","infinitespire:CursedDice","StuffTheSpire:BottledEssence","hubris:EmptyBottle","Replay:Bandana","Bronze Scales","Cursed Key","Anchor","relicPack:InfinityGauntlet","hubris:FunFungus","hubris:Spice","Replay:Bottled Eggs","MawBank","Letter Opener","StuffTheSpire:Wildfire","infinitespire:Beetle Shell"],"acts_visited":["Exordium","TheCity","TheBeyond","TheEnding"],"potions_floor_usage":[57,57,57,57,57,57,57,57],"damage_taken":[{"damage":0.0,"enemies":"Small Slimes","floor":1.0,"turns":3.0},{"damage":0.0,"enemies":"2 Louse","floor":3.0,"turns":3.0},{"damage":0.0,"enemies":"Cultist","floor":4.0,"turns":3.0},{"damage":0.0,"enemies":"Red Slaver","floor":7.0,"turns":2.0},{"damage":12.0,"enemies":"Looter","floor":11.0,"turns":4.0},{"damage":17.0,"enemies":"3 Louse","floor":13.0,"turns":10.0},{"damage":10.0,"enemies":"The Guardian","floor":16.0,"turns":15.0},{"damage":28.0,"enemies":"3 Byrds","floor":18.0,"turns":7.0},{"damage":16.0,"enemies":"2 Thieves","floor":22.0,"turns":5.0},{"damage":1.0,"enemies":"Centurion and Healer","floor":24.0,"turns":6.0},{"damage":0.0,"enemies":"Snake Plant","floor":25.0,"turns":2.0},{"damage":0.0,"enemies":"Chosen and Byrds","floor":31.0,"turns":3.0},{"damage":0.0,"enemies":"Collector","floor":33.0,"turns":5.0},{"damage":0.0,"enemies":"3 Darklings","floor":35.0,"turns":2.0},{"damage":0.0,"enemies":"Orb Walker","floor":37.0,"turns":2.0},{"damage":0.0,"enemies":"Spire Growth","floor":39.0,"turns":3.0},{"damage":0.0,"enemies":"3 Darklings","floor":43.0,"turns":2.0},{"damage":6.0,"enemies":"Reptomancer","floor":44.0,"turns":5.0},{"damage":0.0,"enemies":"Writhing Mass","floor":47.0,"turns":4.0},{"damage":0.0,"enemies":"Jaw Worm Horde","floor":50.0,"turns":2.0},{"damage":29.0,"enemies":"MirrorBossEncounter","floor":52.0,"turns":10.0},{"damage":0,"enemies":"Shield and Spear","floor":56,"turns":9},{"damage":56,"enemies":"The Heart","floor":57,"turns":7}],"seed_played":"-7990963944508956141","potions_obtained":[{"floor":1.0,"key":"PowerPotion"},{"floor":4.0,"key":"AttackPotion"},{"floor":7.0,"key":"FearPotion"},{"floor":25.0,"key":"Toxic Potion"},{"floor":33.0,"key":"blueLaboratory:Moonshine"},{"floor":37.0,"key":"blueLaboratory:PressurePotion"},{"floor":49.0,"key":"Doom Potion"}],"is_trial":false,"path_per_floor":["M","?","M","M","?","R","M","R","T","?","M","R","M","$","R","B",null,"M","?","?","AVR","M","R","M","M","T","$","R","$","R","M","R","B",null,"M","$","M","?","M","R","PTL","PTL","M","E","T","?","M","?","R","M","R","B",null,"R","$","E","B",null],"character_chosen":"WATCHER","items_purchased":["TungstenRod","relicPack:SpireResearchBook","LikeWater","Apotheosis","infinitespire:CursedDice","StuffTheSpire:BottledEssence","MarkedMod:PinPointDefense","hubris:EmptyBottle","blueLaboratory:FruitPunch","EssenceOfSteel","Weak Potion","PathToVictory","Anchor","relicPack:InfinityGauntlet","hubris:FunFungus","FearPotion","blueLaboratory:ExaltedPotion"],"campfire_rested":1,"item_purchase_floors":[14,14,14,27,27,27,27,29,29,29,29,29,36,36,36,55,55],"current_hp_per_floor":[72,65,65,65,70,70,70,70,70,70,58,58,51,66,82,72,82,54,54,82,82,66,82,81,81,81,82,82,82,82,86,86,86,86,86,86,86,94,94,94,94,94,94,94,94,94,94,94,94,94,94,94,94,94,94,94,74],"gold":326,"neow_bonus":"THREE_RARE_CARDS","is_daily":false,"chose_seed":false,"campfire_upgraded":5,"win_rate":0.0,"timestamp":1611428003,"path_taken":["M","?","M","M","?","R","M","R","T","?","M","R","M","$","R","BOSS","M","?","?","AVR","?","R","M","M","T","$","R","?","R","M","R","BOSS","M","$","M","?","M","R","PTL","PTL","?","E","T","?","M","?","R","M","R","BOSS","R","$","E","BOSS"],"items_purchased_type":["Relic","Relic","Card","Card","Relic","Relic","Card","Relic","Potion","Potion","Potion","Card","Relic","Relic","Relic","Potion","Potion"],"build_version":"2020-12-22","purchased_purges":1,"victory":true,"max_hp_per_floor":[72,72,72,72,77,77,77,77,77,77,77,77,82,82,82,82,82,82,82,82,82,82,82,82,82,82,82,82,82,82,86,86,86,86,86,86,86,94,94,94,94,94,94,94,94,94,94,94,94,94,94,94,94,94,94,94,94],"relic_stats":{"Torii":4,"counters":[23,114],"Bronze Scales":[132],"MealTicket":16,"Letter Opener":[87],"Smiling Mask":0,"Cursed Key":1,"MawBank":132,"obtain_stats":[{"Ice Cream":13,"Lantern":22,"Tiny House":13,"Torii":26,"Vajra":22,"conspire:SpecialSausage":21,"StuffTheSpire:BottledEssence":27,"Incense Burner":11,"Replay:Multitool":11,"EVO:Axolotl":0,"hubris:EmptyBottle":29,"Smiling Mask":13,"Cursed Key":34,"relicPack:SpireResearchBook":14,"relicPack:InfinityGauntlet":36,"StuffTheSpire:Gunfinga":22,"Replay:Bandana":32,"Ring of Fangs":10,"hubris:Stopwatch":17,"StuffTheSpire:HeavyRock":22,"MealTicket":13,"hubris:FunFungus":36,"Replay:Bottled Eggs":40,"conspire:TreasureMap":22,"hubris:64BitClover":13,"infinitespire:CursedDice":27,"StuffTheSpire:Wildfire":52,"infinitespire:Joker Card":11,"infinitespire:Beetle Shell":56,"Letter Opener":45,"hubris:Towel":19,"MawBank":44,"Anchor":36,"hubris:Spice":38,"Bronze Scales":33,"Molten Egg 2":21,"hubris:TenFootPole":11,"Bottled Lightning":9,"PureWater":0,"ReplayTheSpireMod:Ring of Challenge":10,"Toy Ornithopter":11,"TungstenRod":14},{"Ice Cream":6,"Lantern":9,"Tiny House":6,"Torii":11,"Vajra":9,"conspire:SpecialSausage":8,"StuffTheSpire:BottledEssence":11,"Incense Burner":5,"Replay:Multitool":5,"EVO:Axolotl":0,"hubris:EmptyBottle":11,"Smiling Mask":6,"Cursed Key":13,"relicPack:SpireResearchBook":6,"relicPack:InfinityGauntlet":14,"StuffTheSpire:Gunfinga":9,"Replay:Bandana":12,"Ring of Fangs":4,"hubris:Stopwatch":7,"StuffTheSpire:HeavyRock":9,"MealTicket":6,"hubris:FunFungus":14,"Replay:Bottled Eggs":16,"conspire:TreasureMap":9,"hubris:64BitClover":6,"infinitespire:CursedDice":11,"StuffTheSpire:Wildfire":21,"infinitespire:Joker Card":5,"infinitespire:Beetle Shell":22,"Letter Opener":18,"hubris:Towel":8,"MawBank":18,"Anchor":14,"hubris:Spice":15,"Bronze Scales":13,"Molten Egg 2":8,"hubris:TenFootPole":5,"Bottled Lightning":4,"PureWater":0,"ReplayTheSpireMod:Ring of Challenge":4,"Toy Ornithopter":5,"TungstenRod":6},{"Ice Cream":25,"Lantern":52,"Tiny House":25,"Torii":60,"Vajra":52,"conspire:SpecialSausage":47,"StuffTheSpire:BottledEssence":60,"Incense Burner":15,"Replay:Multitool":15,"EVO:Axolotl":0,"hubris:EmptyBottle":60,"Smiling Mask":25,"Cursed Key":68,"relicPack:SpireResearchBook":25,"relicPack:InfinityGauntlet":70,"StuffTheSpire:Gunfinga":52,"Replay:Bandana":63,"Ring of Fangs":11,"hubris:Stopwatch":40,"StuffTheSpire:HeavyRock":52,"MealTicket":25,"hubris:FunFungus":70,"Replay:Bottled Eggs":75,"conspire:TreasureMap":52,"hubris:64BitClover":25,"infinitespire:CursedDice":60,"StuffTheSpire:Wildfire":98,"infinitespire:Joker Card":15,"infinitespire:Beetle Shell":107,"Letter Opener":82,"hubris:Towel":47,"MawBank":82,"Anchor":70,"hubris:Spice":72,"Bronze Scales":68,"Molten Egg 2":47,"hubris:TenFootPole":15,"Bottled Lightning":11,"PureWater":0,"ReplayTheSpireMod:Ring of Challenge":11,"Toy Ornithopter":15,"TungstenRod":25}],"Toy Ornithopter":10,"TungstenRod":46},"card_choices":[{"not_picked":["StSpp:Patience","Berserk"],"picked":"MarkedMod:ChiBlock","floor":0.0},{"not_picked":["EmptyFist","WindmillStrike"],"picked":"Replay:Anticipation","floor":1.0},{"not_picked":["EmptyFist","Underhanded Strike","Indignation"],"picked":"SKIP","floor":3.0},{"not_picked":["Warcry","SashWhip","WreathOfFlame"],"picked":"SKIP","floor":4.0},{"not_picked":["Outmaneuver","Storm","MarkedMod:FirstStrike"],"picked":"SKIP","floor":7.0},{"not_picked":["Outmaneuver","Riddle With Holes","StSpp:Renounce"],"picked":"SKIP","floor":11.0},{"not_picked":["SashWhip","Deep Breath"],"picked":"Intimidate","floor":13.0},{"not_picked":["Blasphemy","Alpha"],"picked":"MarkedMod:NorthStar","floor":16.0},{"not_picked":["Clash","FlurryOfBlows"],"picked":"MarkedMod:GentlePulse","floor":18.0},{"not_picked":["CutThroughFate+1","EmptyFist+1"],"picked":"Hello World","floor":22.0},{"not_picked":["ClearTheMind","Sever Soul+1","MentalFortress"],"picked":"SKIP","floor":24.0},{"not_picked":["Wraith Form v2","Replay:AtTheReady","FlyingSleeves+1"],"picked":"SKIP","floor":25.0},{"not_picked":["SashWhip+1","Replay:ManipulateFuture","Replay:Vibes+1"],"picked":"SKIP","floor":31.0},{"not_picked":["Replay:AllIn","Magnetism"],"picked":"Wish","floor":33.0},{"not_picked":["StSpp:TimeDodge","Reflex+1","Replay:AtTheReady"],"picked":"SKIP","floor":35.0},{"not_picked":["StSpp:Chanting+1","Clash+1"],"picked":"MarkedMod:GentlePulse+1","floor":37.0},{"not_picked":["Warcry+1","StSpp:Renounce"],"picked":"Replay:Anticipation","floor":39.0},{"not_picked":["MarkedMod:GentlePulse","EmptyFist+1","LikeWater"],"picked":"SKIP","floor":43.0},{"not_picked":["ReachHeaven+1","Panache","ClearTheMind+1"],"picked":"SKIP","floor":44.0},{"not_picked":["Replay:ManipulateFuture+1","EmptyFist+1","Indignation"],"picked":"SKIP","floor":47.0},{"not_picked":["Scrape+1","Prostrate","Reckless Charge+1"],"picked":"SKIP","floor":50.0},{"not_picked":["Reckless Charge+1","Tools of the Trade","Replay:BluntJabs+1"],"picked":"SKIP","floor":56}],"player_experience":1019699,"relics_obtained":[{"floor":9.0,"key":"Bottled Lightning"},{"floor":10.0,"key":"Ring of Fangs"},{"floor":10.0,"key":"ReplayTheSpireMod:Ring of Challenge"},{"floor":11.0,"key":"hubris:TenFootPole"},{"floor":11.0,"key":"Incense Burner"},{"floor":11.0,"key":"infinitespire:Joker Card"},{"floor":11.0,"key":"Replay:Multitool"},{"floor":11.0,"key":"Toy Ornithopter"},{"floor":13.0,"key":"Smiling Mask"},{"floor":13.0,"key":"MealTicket"},{"floor":13.0,"key":"Ice Cream"},{"floor":13.0,"key":"Tiny House"},{"floor":13.0,"key":"hubris:64BitClover"},{"floor":22.0,"key":"StuffTheSpire:Gunfinga"},{"floor":22.0,"key":"StuffTheSpire:HeavyRock"},{"floor":22.0,"key":"Vajra"},{"floor":22.0,"key":"conspire:TreasureMap"},{"floor":22.0,"key":"Lantern"},{"floor":26.0,"key":"Torii"},{"floor":32.0,"key":"Replay:Bandana"},{"floor":33.0,"key":"Bronze Scales"},{"floor":38.0,"key":"hubris:Spice"},{"floor":40.0,"key":"Replay:Bottled Eggs"},{"floor":44.0,"key":"MawBank"},{"floor":45.0,"key":"Letter Opener"},{"floor":52.0,"key":"StuffTheSpire:Wildfire"},{"floor":56,"key":"infinitespire:Beetle Shell"}],"event_choices":[{"cards_removed":["Sickly"],"damage_healed":0.0,"max_hp_gain":0.0,"max_hp_loss":0.0,"gold_gain":0.0,"event_name":"Golden Wing","player_choice":"Card Removal","floor":2.0,"gold_loss":0.0,"damage_taken":7.0},{"damage_healed":0.0,"max_hp_gain":5.0,"max_hp_loss":0.0,"gold_gain":0.0,"event_name":"Big Fish","player_choice":"Donut","floor":5.0,"gold_loss":0.0,"damage_taken":0.0},{"damage_healed":28.0,"max_hp_gain":0.0,"max_hp_loss":0.0,"gold_gain":0.0,"event_name":"Wheel of Change","player_choice":"Full Heal","floor":20.0,"gold_loss":0.0,"damage_taken":0.0},{"damage_healed":0.0,"max_hp_gain":0.0,"max_hp_loss":0.0,"gold_gain":0.0,"event_name":"Wheel of Change","player_choice":"Relic","floor":38.0,"gold_loss":0.0,"damage_taken":0.0},{"damage_healed":0.0,"max_hp_gain":0.0,"max_hp_loss":0.0,"gold_gain":0.0,"event_name":"Upgrade Shrine","player_choice":"Upgraded","floor":48.0,"gold_loss":0.0,"damage_taken":0.0,"cards_upgraded":["MarkedMod:NorthStar"]}],"is_beta":false,"boss_relics":[{"not_picked":["Replay:Ancient Bell","Honey Jar"],"picked":"hubris:Stopwatch"},{"not_picked":["Calling Bell","VioletLotus"],"picked":"Cursed Key"}],"items_purged_floors":[21],"is_endless":false,"potions_floor_spawned":[1,4,7,25,31,33,35,37,50],"ascension_level":0}}