{"host":"pesfwaef25r60kxm","time":1611424703,"event":{"mods":["Ascension Reborn","BaseMod","Challenge The Spire","Colored Powertips","KomeijiMod","Minty Spire (QoL Compilation)","Prisma Mod","Quick Restart","Replay The Spire","RumiaBox-露米娅的神秘盒子","Shop Mod","StSLib","Td1madao Mod","The Bladedancer","The Construct","The Cursed","The Hierophant","The IronCluck","The Poker Player","[IsaacMod]以撒尖塔","vexMod"],"gold_per_floor":[123,67,157,170,234,272,291,315,315,351,371,371,152,165,165,286,286,309,309,309,164,186,224,224,259,259,93,93,93,115,169,169,287,287,301,319,136,136,154,191,191,191,223,257,275,294,144,182,182,182,182,182,67,99,99,99],"floor_reached":55,"language":"ZHS","playtime":1955,"items_purged":["Strike_G+1","Strike_G+1","Strike_G+1","Strike_G+1","Defend_G+1","Defend_G+1","Parasite"],"score":25,"play_id":"ca4d7e9d-96eb-4c12-9d1d-25342a3a54cb","local_time":"20210124015823","is_ascension_mode":true,"campfire_choices":[{"data":"Draining Mist","floor":12,"key":"SMITH"},{"data":"ReplayTheSpireMod:Necrosis","floor":15,"key":"SMITH"},{"data":"Burst","floor":24,"key":"SMITH"},{"data":"After Image","floor":29,"key":"SMITH"},{"floor":32,"key":"RECALL"},{"data":"After Image","floor":41,"key":"SMITH"},{"floor":49,"key":"REST"},{"data":"Catalyst","floor":52,"key":"SMITH"}],"circlet_count":0,"master_deck":["Defend_G+1","Defend_G+1","Defend_G+1","Survivor+1","Neutralize+1","Catalyst","Fluid Movement","ReplayTheSpireMod:Necrosis+1","Caltrops","Draining Mist+1","Outmaneuver","Noxious Fumes","Bouncing Flask+1","After Image+1","Burst+1","Footwork","Noxious Fumes","PiercingWail+1","Crippling Poison","Bullet Time","Catalyst+1","After Image+1","Backflip+1","Flash of Steel","Discovery","Toxin Wave+1"],"relics":["Ring of the Snake","HushsDoor","Leech","AddBug","SecretRecord","SecretRecord","SecretRecord","SecretRecord","SecretRecord","SecretRecord","SecretRecord"],"acts_visited":["Exordium","TheCity","TheBeyond","TheEnding"],"potions_floor_usage":[14,46,48,50,55,55],"damage_taken":[{"damage":0,"enemies":"Cultist","floor":1,"turns":1},{"damage":0,"enemies":"Jaw Worm","floor":4,"turns":2},{"damage":0,"enemies":"Replay:BlueRogue","floor":6,"turns":4},{"damage":0,"enemies":"Small Slimes","floor":7,"turns":2},{"damage":0,"enemies":"Red Slaver","floor":8,"turns":2},{"damage":3,"enemies":"3 Sentries","floor":10,"turns":6},{"damage":0,"enemies":"Exordium Wildlife","floor":11,"turns":3},{"damage":12,"enemies":"Large Slime","floor":14,"turns":3},{"damage":0,"enemies":"Hexaghost","floor":16,"turns":4},{"damage":0,"enemies":"3 Byrds","floor":18,"turns":3},{"damage":10,"enemies":"2 Thieves","floor":22,"turns":3},{"damage":5,"enemies":"Replay:Snechameleon","floor":23,"turns":3},{"damage":3,"enemies":"Slavers","floor":25,"turns":3},{"damage":0,"enemies":"Snecko","floor":30,"turns":4},{"damage":3,"enemies":"Collector","floor":33,"turns":6},{"damage":12,"enemies":"Orb Walker","floor":35,"turns":3},{"damage":0,"enemies":"3 Darklings","floor":36,"turns":3},{"damage":0,"enemies":"Writhing Mass","floor":39,"turns":3},{"damage":0,"enemies":"Giant Head","floor":40,"turns":5},{"damage":0,"enemies":"Nemesis","floor":44,"turns":3},{"damage":28,"enemies":"Jaw Worm Horde","floor":45,"turns":3},{"damage":7,"enemies":"Spire Growth","floor":46,"turns":3},{"damage":0,"enemies":"Reptomancer","floor":48,"turns":4},{"damage":0,"enemies":"Donu and Deca","floor":50,"turns":6},{"damage":1,"enemies":"Shield and Spear","floor":54,"turns":4},{"damage":96,"enemies":"Delirium","floor":55,"turns":19}],"seed_played":"-5174940599269946656","potions_obtained":[{"floor":1,"key":"LifebloodPotion"},{"floor":4,"key":"Weak Potion"},{"floor":4,"key":"Block Potion"},{"floor":14,"key":"Fruit Juice"},{"floor":14,"key":"ExcitationPotion"},{"floor":22,"key":"PowerPotion"},{"floor":22,"key":"Adrenaline Potion"},{"floor":46,"key":"Fruit Juice"},{"floor":46,"key":"SkillPotion"},{"floor":54,"key":"ExcitationPotion"}],"is_trial":false,"path_per_floor":["M","$","?","M","?","E","M","M","T","E","M","R","$","M","R","B",null,"M","?","?","$","M","E","R","E","T","$","?","R","M","T","R","B",null,"M","M","$","?","M","E","R","?","T","E","M","M","$","E","R","B",null,"R","$","E","B"],"character_chosen":"THE_SILENT","items_purchased":["ReplayTheSpireMod:CursedCoin","Noxious Fumes","SteamSale","Burst","Footwork","Crippling Poison","Catalyst","Lee\u0027s Waffle"],"campfire_rested":1,"item_purchase_floors":[2,13,13,17,21,27,37,53],"current_hp_per_floor":[74,74,63,65,50,54,56,58,58,60,62,62,62,60,60,70,74,74,74,74,74,66,64,64,64,64,64,74,74,74,74,74,78,78,68,71,71,56,59,64,64,54,54,57,32,35,35,38,72,84,84,84,84,84,0,0],"gold":99,"neow_bonus":"REMOVE_CARD","is_daily":false,"chose_seed":false,"campfire_upgraded":6,"win_rate":0.0,"timestamp":1611424703,"path_taken":["M","?","?","M","?","E","M","?","T","E","M","R","?","M","R","BOSS","M","?","?","$","?","E","R","E","T","$","?","R","M","?","R","BOSS","M","?","$","?","M","E","R","?","T","E","M","M","?","E","R","BOSS","R","$","E","BOSS"],"items_purchased_type":["Relic","Card","Relic","Card","Card","Card","Card","Relic"],"build_version":"2020-12-22","purchased_purges":7,"victory":false,"max_hp_per_floor":[74,74,74,74,74,74,74,74,74,74,74,74,74,79,79,83,74,74,74,74,74,74,74,74,74,74,74,74,74,74,74,74,78,78,78,78,78,78,78,78,78,78,78,78,78,83,80,80,80,84,84,84,84,84,84,84],"card_choices":[{"not_picked":[],"picked":"ChaosCard","floor":0},{"not_picked":["Leg Sweep+1","Finisher"],"picked":"Catalyst","floor":1},{"not_picked":["Blur","Dodge and Roll"],"picked":"Fluid Movement","floor":4},{"not_picked":["Dagger Spray","Deflect"],"picked":"ReplayTheSpireMod:Necrosis","floor":6},{"not_picked":["Sucker Punch","Acrobatics"],"picked":"Caltrops","floor":6},{"not_picked":["Poisoned Stab+1","Prepared"],"picked":"Draining Mist","floor":7},{"not_picked":["PiercingWail+1","Wraith Form v2","Cloak And Dagger+1"],"picked":"SKIP","floor":8},{"not_picked":["Sneak Up","Dagger Throw"],"picked":"Outmaneuver","floor":10},{"not_picked":["ReplayTheSpireMod:The Works","Night Terror","Skewer+1"],"picked":"SKIP","floor":10},{"not_picked":["Acrobatics","Outmaneuver+1","Terror"],"picked":"SKIP","floor":11},{"not_picked":["Infinite Blades","Quick Slash"],"picked":"Bouncing Flask+1","floor":14},{"not_picked":["Atom Bomb","ReplayTheSpireMod:From All Sides"],"picked":"After Image","floor":16},{"not_picked":["Acrobatics","Flechettes+1","Dodge and Roll"],"picked":"SKIP","floor":18},{"not_picked":["All Out Attack","Dagger Spray+1"],"picked":"Noxious Fumes","floor":22},{"not_picked":["Endless Agony","Prepared+1","Skewer"],"picked":"SKIP","floor":23},{"not_picked":["Deflect+1","Predator"],"picked":"PiercingWail+1","floor":25},{"not_picked":["ReplayTheSpireMod:Scrap Shanks","Sucker Punch","Bane+1"],"picked":"SKIP","floor":30},{"not_picked":["Atom Bomb","Wraith Form v2"],"picked":"Bullet Time","floor":33},{"not_picked":["Acrobatics","PiercingWail+1","Slice+1"],"picked":"SKIP","floor":35},{"not_picked":["Dagger Spray+1","ReplayTheSpireMod:The Works","Outmaneuver+1"],"picked":"SKIP","floor":36},{"not_picked":["Toxin Wave+1","Blade Dance"],"picked":"After Image","floor":39},{"not_picked":["Sucker Punch+1","Expertise+1"],"picked":"Backflip+1","floor":40},{"not_picked":["vexMod:EmailVexCard","Panacea"],"picked":"Flash of Steel","floor":42},{"not_picked":["Dark Shackles","ReplayTheSpireMod:Uncanny Aura"],"picked":"Discovery","floor":42},{"not_picked":["All Out Attack","Backflip+1","Deflect+1"],"picked":"SKIP","floor":44},{"not_picked":["Slice+1","PiercingWail+1","Riddle With Holes"],"picked":"SKIP","floor":45},{"not_picked":["ReplayTheSpireMod:Exploit Weakness+1","Deflect+1"],"picked":"Toxin Wave+1","floor":46},{"not_picked":["Doppelganger","Dagger Throw+1","Quick Slash+1"],"picked":"SKIP","floor":48},{"not_picked":["Terror","Deadly Poison+1","Endless Agony"],"picked":"SKIP","floor":54}],"player_experience":138362,"relics_obtained":[{"floor":1,"key":"AddBug"},{"floor":6,"key":"Ancient Tea Set"},{"floor":8,"key":"Darkstone Periapt"},{"floor":9,"key":"Grinning Jar"},{"floor":10,"key":"SalivaCoin"},{"floor":11,"key":"SecretRecord"},{"floor":16,"key":"Calipers"},{"floor":22,"key":"SecretRecord"},{"floor":23,"key":"TheBible"},{"floor":25,"key":"Mirror"},{"floor":26,"key":"construct:RocketBooster"},{"floor":26,"key":"Chameleon Ring"},{"floor":31,"key":"BookOfRevelations"},{"floor":31,"key":"Strawberry"},{"floor":33,"key":"Torii"},{"floor":35,"key":"SecretRecord"},{"floor":39,"key":"SecretRecord"},{"floor":40,"key":"GuppysHead"},{"floor":43,"key":"vexMod:Dragonfruit"},{"floor":43,"key":"MawBank"},{"floor":44,"key":"White Beast Statue"},{"floor":45,"key":"SecretRecord"},{"floor":48,"key":"Snake Skull"},{"floor":54,"key":"SecretRecord"},{"floor":54,"key":"Bag of Marbles"}],"event_choices":[{"damage_healed":0,"gold_gain":75,"player_choice":"Gather Gold","damage_taken":11,"max_hp_gain":0,"max_hp_loss":0,"event_name":"World of Goop","floor":3,"gold_loss":0},{"damage_healed":0,"gold_gain":0,"player_choice":"Ignored","damage_taken":0,"max_hp_gain":0,"max_hp_loss":0,"event_name":"Vampires","floor":19,"gold_loss":0},{"damage_healed":0,"gold_gain":0,"player_choice":"Inject Mutagens","damage_taken":0,"relics_obtained":["MutagenicStrength"],"max_hp_gain":0,"max_hp_loss":0,"event_name":"Drug Dealer","floor":20,"gold_loss":0},{"damage_healed":0,"gold_gain":0,"player_choice":"Memory 3","damage_taken":10,"max_hp_gain":0,"max_hp_loss":0,"event_name":"SensoryStone","floor":42,"gold_loss":0}],"is_beta":false,"boss_relics":[{"not_picked":["Abe\u0027s Treasure","Pandora\u0027s Box"],"picked":"MagicMushroom"},{"not_picked":[]},{"not_picked":["Painkiller Herb","ChewingGum"],"picked":"Replay:Wanted Poster"},{"not_picked":[]}],"items_purged_floors":[2,13,17,21,27,37,47],"is_endless":false,"potions_floor_spawned":[4,7,14,18,22,25,30,33,35,39,46],"killed_by":"Delirium","ascension_level":-20}}