{"host":"Rowan","time":1611383855,"event":{"mods":["BaseMod","Minty Spire (QoL Compilation)"],"gold_per_floor":[119,131,141,141,141,141,173,173,173,193,224,37,0,16,16,112,112,129,129,142,158,158,188,208,227,227,227,227,34,34,34],"floor_reached":30,"language":"ENG","playtime":2319,"items_purged":["Wraith Form v2"],"score":260,"play_id":"fecaed9e-2818-4e52-afc3-cc9efb35b1b8","local_time":"20210122223735","is_ascension_mode":false,"campfire_choices":[{"floor":6,"key":"RECALL"},{"data":"Terror","floor":8,"key":"SMITH"},{"data":"Neutralize","floor":15,"key":"SMITH"},{"floor":28,"key":"REST"}],"circlet_count":0,"master_deck":["Strike_G","Strike_G","Strike_G","Defend_G","Defend_G","Defend_G","Defend_G","Defend_G","Survivor","Neutralize+1","Poisoned Stab","Heel Hook","Terror+1","Sucker Punch","Outmaneuver","Footwork","Dash","Adrenaline","Caltrops","Flying Knee","Acrobatics+1","Quick Slash+1","Calculated Gamble+1","Backflip","PiercingWail"],"relics":["Ring of the Serpent","NeowsBlessing","Pantograph","White Beast Statue","TungstenRod","Membership Card","The Courier","Bottled Flame","Strawberry","Singing Bowl"],"acts_visited":["Exordium","TheCity"],"potions_floor_usage":[7,11,11,14,14,20,21,24,25],"damage_taken":[{"damage":0,"enemies":"Small Slimes","floor":1,"turns":1},{"damage":0,"enemies":"Jaw Worm","floor":2,"turns":1},{"damage":0,"enemies":"Cultist","floor":3,"turns":1},{"damage":18,"enemies":"3 Sentries","floor":7,"turns":10},{"damage":0,"enemies":"Red Slaver","floor":10,"turns":3},{"damage":10,"enemies":"Gremlin Nob","floor":11,"turns":3},{"damage":8,"enemies":"Lots of Slimes","floor":14,"turns":7},{"damage":24,"enemies":"The Guardian","floor":16,"turns":17},{"damage":1,"enemies":"Shell Parasite","floor":18,"turns":6},{"damage":0,"enemies":"Chosen","floor":20,"turns":4},{"damage":16,"enemies":"Snake Plant","floor":21,"turns":4},{"damage":15,"enemies":"Book of Stabbing","floor":23,"turns":7},{"damage":6,"enemies":"3 Cultists","floor":24,"turns":7},{"damage":11,"enemies":"Sentry and Sphere","floor":25,"turns":10},{"damage":54,"enemies":"Gremlin Leader","floor":30,"turns":11}],"seed_played":"-5583919481462039073","potions_obtained":[{"floor":3,"key":"CunningPotion"},{"floor":7,"key":"Explosive Potion"},{"floor":10,"key":"SteroidPotion"},{"floor":11,"key":"LiquidMemories"},{"floor":14,"key":"Swift Potion"},{"floor":16,"key":"CunningPotion"},{"floor":18,"key":"Poison Potion"},{"floor":20,"key":"GamblersBrew"},{"floor":21,"key":"SpeedPotion"},{"floor":23,"key":"Block Potion"},{"floor":24,"key":"Fire Potion"},{"floor":25,"key":"Ancient Potion"}],"is_trial":false,"path_per_floor":["M","M","M","?","T","R","E","R","T","M","E","$","$","M","R","B",null,"M","?","M","M","?","E","M","M","T","?","R","$","E"],"character_chosen":"THE_SILENT","items_purchased":["Membership Card","Footwork","Regen Potion","Strawberry","Singing Bowl"],"campfire_rested":1,"item_purchase_floors":[12,12,13,29,29],"current_hp_per_floor":[70,70,70,70,70,70,52,52,52,52,42,42,42,48,48,46,70,69,69,69,53,53,38,32,21,21,21,42,49,0,0],"gold":34,"neow_bonus":"THREE_ENEMY_KILL","is_daily":false,"chose_seed":false,"campfire_upgraded":2,"win_rate":0.0,"timestamp":1611383855,"path_taken":["M","M","M","?","?","R","E","R","T","?","E","?","$","?","R","BOSS","M","?","M","M","?","E","?","M","T","?","R","?","E"],"items_purchased_type":["Relic","Card","Potion","Relic","Relic"],"build_version":"2020-12-18","purchased_purges":1,"victory":false,"max_hp_per_floor":[70,70,70,70,70,70,70,70,70,70,70,70,70,70,70,70,70,70,70,70,70,70,70,70,70,70,70,70,77,77,77],"card_choices":[{"not_picked":["Deflect","Tactician"],"picked":"Poisoned Stab","floor":1},{"not_picked":["Finisher","Sucker Punch"],"picked":"Heel Hook","floor":2},{"not_picked":["Dodge and Roll","PiercingWail"],"picked":"Quick Slash","floor":3},{"not_picked":["Dagger Spray","Malaise"],"picked":"Terror","floor":7},{"not_picked":["Accuracy","Dodge and Roll"],"picked":"Sucker Punch","floor":10},{"not_picked":["PiercingWail","Acrobatics"],"picked":"Outmaneuver","floor":11},{"not_picked":["Finisher","Bane"],"picked":"Dash","floor":14},{"not_picked":["Wraith Form v2","Malaise"],"picked":"Adrenaline","floor":16},{"not_picked":["Dodge and Roll+1","Prepared"],"picked":"Caltrops","floor":18},{"not_picked":["Quick Slash","Accuracy"],"picked":"Acrobatics+1","floor":20},{"not_picked":["Deflect","Caltrops"],"picked":"Quick Slash+1","floor":21},{"not_picked":["PiercingWail","Sucker Punch"],"picked":"Calculated Gamble+1","floor":23},{"not_picked":["Quick Slash","Flying Knee"],"picked":"Backflip","floor":24},{"not_picked":["Underhanded Strike","Dagger Throw","Quick Slash"],"picked":"SKIP","floor":25}],"player_experience":405571,"relics_obtained":[{"floor":7,"key":"Pantograph"},{"floor":9,"key":"White Beast Statue"},{"floor":11,"key":"TungstenRod"},{"floor":23,"key":"The Courier"},{"floor":26,"key":"Bottled Flame"}],"event_choices":[{"damage_healed":0,"gold_gain":0,"player_choice":"Ignored","damage_taken":0,"max_hp_gain":0,"max_hp_loss":0,"event_name":"Liars Game","floor":4,"gold_loss":0},{"damage_healed":0,"gold_gain":0,"player_choice":"Read","damage_taken":0,"max_hp_gain":0,"max_hp_loss":0,"event_name":"The Library","floor":19,"gold_loss":0,"cards_obtained":["Flying Knee"]},{"cards_removed":["Quick Slash"],"damage_healed":0,"gold_gain":0,"player_choice":"Purged","damage_taken":0,"max_hp_gain":0,"max_hp_loss":0,"event_name":"Purifier","floor":22,"gold_loss":0},{"damage_healed":0,"gold_gain":0,"cards_transformed":["Strike_G","Strike_G"],"player_choice":"Became Test Subject","damage_taken":0,"max_hp_gain":0,"max_hp_loss":0,"event_name":"Drug Dealer","floor":27,"gold_loss":0,"cards_obtained":["Wraith Form v2","PiercingWail"]}],"is_beta":true,"boss_relics":[{"not_picked":["SlaversCollar","Busted Crown"],"picked":"Ring of the Serpent"}],"items_purged_floors":[29],"is_endless":false,"potions_floor_spawned":[3,7,10,11,14,16,18,20,21,23,24,25],"killed_by":"Gremlin Leader","ascension_level":0}}