{"host":"v4tuy5ykrbdcm9o9","time":1611368569,"event":{"mods":["BaseMod","Duelist Mod","Minty Spire (QoL Compilation)","Replay The Spire","StSLib"],"gold_per_floor":[366,397,415,28,28,28,58,68,68,97,112,123,123,148,148,250,250,267,467,477,42,42,73,92,120,120,133,149,162,190,190,190,292,292,304,322,377,388,388,388,65,96,123,159,159,186,186,208,208,208,208,208,76,110,110],"floor_reached":56,"language":"ENG","playtime":6382,"items_purged":[],"score":1846,"play_id":"61bf07d0-ffbb-4383-8692-ae33a115dc74","local_time":"20210122212249","is_ascension_mode":true,"campfire_choices":[{"floor":6,"key":"RECALL"},{"floor":13,"key":"REST"},{"floor":15,"key":"REST"},{"data":"Storm","floor":32,"key":"SMITH"},{"floor":40,"key":"REST"}],"circlet_count":0,"master_deck":["Strike_B","Strike_B","Strike_B","Strike_B","Defend_B","Defend_B","Defend_B","Defend_B","Zap","Dualcast","Dualcast","theDuelist:NaturiaBeast","Beam Cell","Coolheaded","Genetic Algorithm","FTL","Beam Cell+1","Barrage+1","Static Discharge","Hyperbeam+1","Redo","Ball Lightning+1","Streamline+1","Thunder Strike+1","Static Discharge+1","Turbo","Scrape+1","Bandage Up","Ghostly","Ghostly","Ghostly","Ghostly","Ghostly","Buffer","Rebound+1","Cold Snap+1","White Noise+1","Auto Shields","Beam Cell+1","Storm+1","Electrodynamics","Compile Driver+1","Panic Button+1","FTL+1","Bandage Up","Beam Cell+1","Scrape+1","Turbo+1","Melter+1","Core Surge+1","Loop","Sunder+1","Storm+1"],"relics":["Cracked Core","Pondfish Scales","Molten Egg 2","Pocketwatch","Replay:Baseball","Replay:Bottled Steam","Honey Jar","Replay:Ringing Soul","Sundial","Cables","Mercury Hourglass","Blue Doll","Philosopher\u0027s Stone","Peace Pipe","Pantograph","Happy Flower","CeramicFish","Thread and Needle","ReplayTheSpireMod:Ring of Addiction","Chameleon Ring","SacredBark","DataDisk"],"acts_visited":["Exordium","TheCity","TheBeyond","TheEnding"],"potions_floor_usage":[10,14,14,25,29,33,35,37,42,42,46,48,48,50,50,54,55,55,55],"damage_taken":[{"damage":0,"enemies":"Small Slimes","floor":1,"turns":3},{"damage":0,"enemies":"Jaw Worm","floor":3,"turns":3},{"damage":18,"enemies":"Lagavulin","floor":7,"turns":8},{"damage":0,"enemies":"2 Louse","floor":8,"turns":1},{"damage":6,"enemies":"3 Sentries","floor":10,"turns":8},{"damage":10,"enemies":"Exordium Thugs","floor":11,"turns":3},{"damage":0,"enemies":"Blue Slaver","floor":12,"turns":2},{"damage":12,"enemies":"Lagavulin","floor":14,"turns":5},{"damage":43,"enemies":"The Guardian","floor":16,"turns":8},{"damage":3,"enemies":"Chosen","floor":18,"turns":3},{"damage":0,"enemies":"2 Thieves","floor":20,"turns":2},{"damage":0,"enemies":"theDuelist:KaibaA2","floor":23,"turns":4},{"damage":0,"enemies":"Sentry and Sphere","floor":24,"turns":4},{"damage":0,"enemies":"Replay:Snechameleon","floor":25,"turns":6},{"damage":0,"enemies":"Snecko","floor":27,"turns":2},{"damage":0,"enemies":"Centurion and Healer","floor":28,"turns":4},{"damage":6,"enemies":"Cultist and Chosen","floor":29,"turns":4},{"damage":3,"enemies":"Gremlin Leader","floor":30,"turns":4},{"damage":14,"enemies":"Champ","floor":33,"turns":8},{"damage":6,"enemies":"3 Shapes","floor":35,"turns":2},{"damage":0,"enemies":"3 Darklings","floor":36,"turns":2},{"damage":23,"enemies":"2 Orb Walkers","floor":37,"turns":4},{"damage":2,"enemies":"4 Shapes","floor":38,"turns":2},{"damage":0,"enemies":"Giant Head","floor":42,"turns":6},{"damage":23,"enemies":"Reptomancer","floor":44,"turns":4},{"damage":0,"enemies":"Writhing Mass","floor":46,"turns":4},{"damage":6,"enemies":"Spire Growth","floor":48,"turns":2},{"damage":0,"enemies":"Time Eater","floor":50,"turns":9},{"damage":0,"enemies":"Shield and Spear","floor":54,"turns":5},{"damage":38,"enemies":"The Heart","floor":55,"turns":5}],"seed_played":"-1006044900413301102","potions_obtained":[{"floor":8,"key":"Block Potion"},{"floor":11,"key":"SpeedPotion"},{"floor":12,"key":"Swift Potion"},{"floor":18,"key":"SteroidPotion"},{"floor":23,"key":"BlessingOfTheForge"},{"floor":24,"key":"FearPotion"},{"floor":30,"key":"Dexterity Potion"},{"floor":35,"key":"PowerPotion"},{"floor":38,"key":"Energy Potion"},{"floor":45,"key":"Block Potion"},{"floor":45,"key":"Weak Potion"},{"floor":45,"key":"FearPotion"},{"floor":46,"key":"SteroidPotion"},{"floor":48,"key":"Doom Potion"},{"floor":49,"key":"GamblersBrew"},{"floor":49,"key":"Flashbang"},{"floor":52,"key":"AttackPotion"},{"floor":52,"key":"DistilledChaos"},{"floor":54,"key":"Venom Potion"}],"is_trial":false,"path_per_floor":["M","?","M","$","?","R","E","M","T","E","M","M","R","E","R","B",null,"M","?","M","$","?","E","M","E","T","M","M","M","E","?","R","B",null,"M","M","?","M","?","R","$","E","T","E","?","M","?","M","R","B",null,"R","$","E","B",null],"character_chosen":"DEFECT","items_purchased":["FTL","Molten Egg 2","Beam Cell+1","Scrape+1","Replay:Ringing Soul","Bandage Up","Pantograph","SteroidPotion","Beam Cell+1","Loop","Sunder+1","Block Potion"],"campfire_rested":3,"item_purchase_floors":[4,4,4,21,21,21,41,41,41,53,53,53],"current_hp_per_floor":[68,68,68,68,73,73,55,55,55,49,39,39,63,51,75,32,68,65,65,65,68,44,47,50,53,53,56,59,60,64,64,64,57,65,62,65,49,50,53,77,80,87,87,73,73,84,84,81,81,98,98,98,101,102,68],"gold":110,"neow_bonus":"TWO_FIFTY_GOLD","is_daily":false,"chose_seed":false,"campfire_upgraded":1,"win_rate":0.0,"timestamp":1611368569,"path_taken":["M","?","M","$","?","R","E","?","T","E","M","M","R","E","R","BOSS","M","?","?","$","?","E","M","E","T","M","M","M","E","?","R","BOSS","M","M","?","M","?","R","$","E","T","E","?","?","?","M","R","BOSS","R","$","E","BOSS"],"items_purchased_type":["Card","Relic","Card","Card","Relic","Card","Relic","Potion","Card","Card","Card","Potion"],"build_version":"2020-12-22","purchased_purges":0,"victory":true,"max_hp_per_floor":[75,75,75,75,80,80,80,80,80,80,80,80,80,80,80,80,80,80,80,80,83,44,47,50,53,53,56,59,62,65,65,65,68,68,71,74,77,80,83,83,86,89,89,92,92,95,95,98,98,98,98,98,101,102,102],"card_choices":[{"not_picked":["Coolheaded","Steam"],"picked":"Beam Cell","floor":1},{"not_picked":["ReplaySort","Reinforced Body"],"picked":"Coolheaded","floor":2},{"not_picked":["Tempest","ReplayTheSpireMod:Repulse"],"picked":"Genetic Algorithm","floor":3},{"not_picked":["ReplayRNGCard","Coolheaded"],"picked":"Barrage+1","floor":7},{"not_picked":["Stack","Hologram"],"picked":"Static Discharge","floor":8},{"not_picked":["Multi-Cast","Barrage+1"],"picked":"Hyperbeam+1","floor":10},{"not_picked":["Stack","ReplayTheSpireMod:GoodbyeWorld"],"picked":"Redo","floor":11},{"not_picked":["Compile Driver+1","Turbo"],"picked":"Ball Lightning+1","floor":12},{"not_picked":["Steam","Fusion"],"picked":"Streamline+1","floor":14},{"not_picked":["Biased Cognition","Meteor Strike+1"],"picked":"Thunder Strike+1","floor":16},{"not_picked":["Go for the Eyes+1","Cold Snap+1","Doom and Gloom+1"],"picked":"Static Discharge+1","floor":18},{"not_picked":["Compile Driver+1","Streamline+1","Fusion"],"picked":"Turbo","floor":20},{"not_picked":["Static Discharge","ReplayTheSpireMod:System Scan","Go for the Eyes+1"],"picked":"Buffer","floor":23},{"not_picked":["Lockon+1","Barrage+1","Panic Button"],"picked":"Rebound+1","floor":24},{"not_picked":["Creative AI","ReplayTheSpireMod:Repulse","Undo"],"picked":"Cold Snap+1","floor":25},{"not_picked":["Beam Cell+1","Conserve Battery","ReplayTheSpireMod:System Scan"],"picked":"White Noise+1","floor":27},{"not_picked":["Hello World","ReplayTheSpireMod:Calculation Training","Aggregate"],"picked":"Auto Shields","floor":28},{"not_picked":["Go for the Eyes+1","Auto Shields","Cold Snap+1"],"picked":"Beam Cell+1","floor":29},{"not_picked":["Darkness+1","ReplayTheSpireMod:Calculation Training+1","ReplayTheSpireMod:Reroute Power"],"picked":"Storm","floor":30},{"not_picked":["Amplify","Meteor Strike+1","Biased Cognition"],"picked":"Electrodynamics","floor":33},{"not_picked":["Cold Snap+1","ReplayTheSpireMod:Calculation Training+1","Stack+1"],"picked":"Sweeping Beam+1","floor":35},{"not_picked":["Leap","Consume","FIFO Queue+1"],"picked":"Compile Driver+1","floor":36},{"not_picked":["Cold Snap+1","Compile Driver+1","Streamline+1"],"picked":"Panic Button+1","floor":37},{"not_picked":["Electrodynamics","Compile Driver+1","Streamline+1"],"picked":"FTL+1","floor":38},{"not_picked":["Magnetism","Forethought","Blind"],"picked":"Bandage Up","floor":39},{"not_picked":["Streamline+1","Leap","ReplayTheSpireMod:GoodbyeWorld"],"picked":"Scrape+1","floor":42},{"not_picked":["Hologram","Echo Form","ReplayTheSpireMod:System Scan"],"picked":"Turbo+1","floor":44},{"not_picked":["Reprogram+1","BasicCrystalCard+1","Cold Snap+1"],"picked":"Melter+1","floor":46},{"not_picked":["Go for the Eyes+1","Panic Button","Blizzard+1"],"picked":"Core Surge+1","floor":48},{"not_picked":["Electrodynamics","Reinforced Body","Redo"],"picked":"Storm+1","floor":54}],"player_experience":649376,"relics_obtained":[{"floor":2,"key":"Pondfish Scales"},{"floor":7,"key":"Pocketwatch"},{"floor":10,"key":"Replay:Baseball"},{"floor":14,"key":"Replay:Bottled Steam"},{"floor":23,"key":"Sundial"},{"floor":25,"key":"Cables"},{"floor":26,"key":"Mercury Hourglass"},{"floor":30,"key":"Blue Doll"},{"floor":37,"key":"Peace Pipe"},{"floor":42,"key":"Happy Flower"},{"floor":43,"key":"CeramicFish"},{"floor":44,"key":"Thread and Needle"},{"floor":45,"key":"ReplayTheSpireMod:Ring of Addiction"},{"floor":45,"key":"Chameleon Ring"},{"floor":45,"key":"SacredBark"},{"floor":54,"key":"DataDisk"}],"event_choices":[{"damage_healed":0,"gold_gain":0,"player_choice":"Donut","damage_taken":0,"max_hp_gain":5,"max_hp_loss":0,"event_name":"Big Fish","floor":5,"gold_loss":0},{"damage_healed":0,"gold_gain":250,"player_choice":"Bet on Owner","damage_taken":0,"max_hp_gain":0,"max_hp_loss":0,"event_name":"The Joust","floor":19,"gold_loss":50},{"damage_healed":0,"gold_gain":0,"player_choice":"Became a Ghost","damage_taken":0,"max_hp_gain":0,"max_hp_loss":42,"event_name":"Ghosts","floor":22,"gold_loss":0,"cards_obtained":["Ghostly","Ghostly","Ghostly","Ghostly","Ghostly"]},{"damage_healed":0,"gold_gain":0,"player_choice":"Ignored","damage_taken":0,"max_hp_gain":0,"max_hp_loss":0,"event_name":"Cursed Tome","floor":31,"gold_loss":0},{"damage_healed":0,"gold_gain":0,"player_choice":"Fight","damage_taken":0,"max_hp_gain":0,"max_hp_loss":0,"event_name":"Mysterious Sphere","floor":37,"gold_loss":0},{"damage_healed":0,"gold_gain":0,"player_choice":"Memory 1","damage_taken":0,"max_hp_gain":0,"max_hp_loss":0,"event_name":"SensoryStone","floor":39,"gold_loss":0},{"cards_removed":["Sweeping Beam"],"damage_healed":0,"gold_gain":0,"player_choice":"Removed Attack","damage_taken":0,"max_hp_gain":0,"max_hp_loss":0,"event_name":"Falling","floor":47,"gold_loss":0}],"is_beta":false,"boss_relics":[{"not_picked":["Replay:Wanted Poster","Runic Pyramid"],"picked":"Honey Jar"},{"not_picked":["Tiny House","Painkiller Herb"],"picked":"Philosopher\u0027s Stone"}],"items_purged_floors":[],"is_endless":false,"potions_floor_spawned":[8,11,12,18,23,24,30,35,38,46,48,54],"ascension_level":6}}