{"host":"njo8qgvy2a57fcny","time":1611403075,"event":{"mods":["Ascension Unlocker","Aspiration","BaseMod","BetterRewards","CCEM","Colored Map","Colored Powertips","Conspire","Custom Start","Downfall","GifTheSpireLib","Halation","Hermit","Hubris","Infinite Spire","Jedi Mod","Mimic Mod","Minty Spire (QoL Compilation)","Quick Restart","Random Character Button","Random Character Mod","Rare Cards Sparkle","Relic Sorter","Replay The Spire","Shop Mod","StSLib","Stuff the Spire","The Animator","The Jungle","The Runesmith","The Servant 0.9.4","vexMod"],"gold_per_floor":[114,149,169,189,207,207,207],"floor_reached":6,"language":"ENG","playtime":327,"items_purged":[],"score":76,"play_id":"046d36ec-649e-4b8c-9b7f-c1d11ef9a364","local_time":"20210123225755","is_ascension_mode":true,"campfire_choices":[],"circlet_count":0,"master_deck":["AscendersBane","Strike_S","Strike_S","Strike_S","Strike_S","Defend_S","Defend_S","Defend_S","Defend_S","KidneyShot","Exchange","Ricochet","Moonlight","Gouge","Contraction","Revamp"],"relics":["Uniform","NeowsBlessing","ReplayTheSpireMod:Ninjato"],"acts_visited":["Exordium"],"potions_floor_usage":[4,5],"damage_taken":[{"damage":0,"enemies":"2 Louse","floor":1,"turns":1},{"damage":0,"enemies":"conspire:MimicChest","floor":2,"turns":1},{"damage":0,"enemies":"Cultist","floor":3,"turns":1},{"damage":0,"enemies":"Small Slimes","floor":4,"turns":1},{"damage":13,"enemies":"Exordium Wildlife","floor":5,"turns":5},{"damage":50,"enemies":"3 Sentries","floor":6,"turns":8}],"seed_played":"4913068986897106229","potions_obtained":[{"floor":1,"key":"SpeedPotion"},{"floor":2,"key":"Strength Potion"}],"is_trial":false,"path_per_floor":["M","?","M","M","M","E"],"character_chosen":"THE_SERVANT","items_purchased":[],"campfire_rested":0,"item_purchase_floors":[],"current_hp_per_floor":[54,54,54,54,41,0,0],"gold":207,"neow_bonus":"THREE_ENEMY_KILL","is_daily":false,"chose_seed":false,"campfire_upgraded":0,"win_rate":0.0,"timestamp":1611403075,"path_taken":["M","?","?","M","M","E"],"items_purchased_type":[],"build_version":"2020-12-22","purchased_purges":0,"victory":false,"max_hp_per_floor":[60,60,60,60,60,60,60],"card_choices":[{"not_picked":["DoubleEdge","Rewind"],"picked":"Ricochet","floor":1},{"not_picked":["RealityMarble","FastForward"],"picked":"Moonlight","floor":2},{"not_picked":["Unruled","Potential"],"picked":"Gouge","floor":3},{"not_picked":["Collapse","Defy"],"picked":"Contraction","floor":4},{"not_picked":["Rewind","FastForward"],"picked":"Revamp","floor":5}],"player_experience":665806,"relics_obtained":[{"floor":2,"key":"ReplayTheSpireMod:Ninjato"}],"event_choices":[],"is_beta":false,"boss_relics":[],"items_purged_floors":[],"is_endless":false,"potions_floor_spawned":[1,2],"killed_by":"3 Sentries","ascension_level":20}}