{"host":"p89so9zptozcr3ai","time":1611435935,"event":{"mods":["AchievementEnabler","BaseMod","Beaked The Cultist","Better Third Choice","Block Reminder","Colored Map","Hermit","Jorbs\u0027s Wanderer Trilogy","Minty Spire (QoL Compilation)","Relic Stats","Shade Mod","Somnambulant","StSLib","The Bladedancer","The Cursed","The Death Knight","The Gatherer","The Hierophant","The Sage","Trackpad","vexMod"],"gold_per_floor":[10,10,10,10,10,10,23,52,52,64,64,64,79,99,99,194,194,211,228,228,2,15,49,61,92,117,117,150,30,46,46,46,145,145,159,175,275,292,308,342,342,342,366,384,415,415,433,113,113,113],"floor_reached":51,"language":"ENG","playtime":3642,"items_purged":["blademaster:DancingEdge+1","blademaster:BladeDance"],"score":1069,"play_id":"2828666f-8b86-4b36-a4cb-95053a56e733","local_time":"20210123160535","is_ascension_mode":false,"campfire_choices":[{"data":"blademaster:Discharge","floor":6,"key":"SMITH"},{"data":"blademaster:Empower","floor":11,"key":"SMITH"},{"data":"blademaster:RagingBlow","floor":15,"key":"SMITH"},{"data":"blademaster:Meditate","floor":32,"key":"SMITH"},{"data":"blademaster:Havoc","floor":42,"key":"SMITH"},{"data":"blademaster:Havoc","floor":49,"key":"SMITH"}],"circlet_count":0,"master_deck":["blademaster:Strike","blademaster:Defend","blademaster:RagingBlow+1","blademaster:Havoc+1","blademaster:Meditate+1","blademaster:Empower+1","blademaster:BrainBloom","blademaster:SharpBlades+1","blademaster:Havoc+1","blademaster:ThunderingOpener+1","blademaster:ThunderSlash","blademaster:Flurry","blademaster:Empower+1","blademaster:Havoc+1","blademaster:Blockade","blademaster:Rupture+1","blademaster:ColdBlood","blademaster:AwakeningDefend+1"],"relics":["blademaster:DancersAmulet","Kunai","Letter Opener","Blue Candle","Astrolabe","trackpad:SappingStone","vexMod:InvisibilityCloak","MealTicket","Bag of Preparation","Pear","The Courier","Sozu","Matryoshka","Vajra","vexMod:FocusSash","PreservedInsect","trackpad:Compendium","vexMod:BarristanHead"],"acts_visited":["Exordium","TheCity","TheBeyond"],"potions_floor_usage":[8,16,16,16,16,16,23,25,50],"damage_taken":[{"damage":0,"enemies":"Jaw Worm","floor":1,"turns":2},{"damage":0,"enemies":"2 Louse","floor":7,"turns":3},{"damage":0,"enemies":"Lagavulin","floor":8,"turns":6},{"damage":0,"enemies":"Small Slimes","floor":10,"turns":2},{"damage":0,"enemies":"Exordium Thugs","floor":13,"turns":2},{"damage":0,"enemies":"2 Fungi Beasts","floor":14,"turns":2},{"damage":0,"enemies":"Hexaghost","floor":16,"turns":4},{"damage":5,"enemies":"Chosen","floor":18,"turns":2},{"damage":19,"enemies":"2 Thieves","floor":19,"turns":3},{"damage":6,"enemies":"3 Cultists","floor":22,"turns":3},{"damage":0,"enemies":"Book of Stabbing","floor":23,"turns":2},{"damage":0,"enemies":"Cultist and Chosen","floor":24,"turns":2},{"damage":0,"enemies":"Gremlin Leader","floor":25,"turns":3},{"damage":0,"enemies":"Book of Stabbing","floor":28,"turns":2},{"damage":0,"enemies":"Centurion and Healer","floor":30,"turns":2},{"damage":0,"enemies":"Automaton","floor":33,"turns":3},{"damage":0,"enemies":"3 Shapes","floor":35,"turns":1},{"damage":0,"enemies":"3 Darklings","floor":36,"turns":2},{"damage":0,"enemies":"Maw","floor":38,"turns":1},{"damage":0,"enemies":"Spire Growth","floor":39,"turns":1},{"damage":0,"enemies":"Reptomancer","floor":40,"turns":3},{"damage":0,"enemies":"Writhing Mass","floor":41,"turns":2},{"damage":0,"enemies":"Maw","floor":44,"turns":2},{"damage":3,"enemies":"Nemesis","floor":45,"turns":3},{"damage":0,"enemies":"4 Shapes","floor":47,"turns":2},{"damage":0,"enemies":"Awakened One","floor":50,"turns":5}],"seed_played":"5584421905823251703","potions_obtained":[{"floor":1,"key":"BlessingOfTheForge"},{"floor":12,"key":"SkillPotion"},{"floor":12,"key":"Weak Potion"},{"floor":12,"key":"EntropicBrew"},{"floor":18,"key":"sagemod:Wine"},{"floor":22,"key":"Fire Potion"},{"floor":24,"key":"SpeedPotion"},{"floor":33,"key":"PowerPotion"}],"is_trial":false,"path_per_floor":["M","?","?","?","?","R","M","E","T","M","R","?","M","M","R","B",null,"M","M","?","$","M","E","M","E","T","T","E","$","M","$","R","B",null,"M","M","?","M","M","E","M","R","T","M","E","?","M","$","R","B",null],"character_chosen":"THE_BLADEMASTER","items_purchased":["trackpad:SappingStone","blademaster:Havoc","blademaster:ColdBlood","trackpad:Compendium","vexMod:BarristanHead"],"campfire_rested":0,"item_purchase_floors":[21,21,29,48,48],"current_hp_per_floor":[75,68,68,61,61,61,61,64,64,67,67,67,70,73,73,75,75,70,51,51,51,60,60,60,75,75,85,85,85,85,85,85,85,85,85,85,85,85,85,85,85,85,85,85,82,82,85,85,85,85],"gold":113,"neow_bonus":"REMOVE_TWO","is_daily":false,"chose_seed":false,"campfire_upgraded":6,"win_rate":0.0,"timestamp":1611435935,"path_taken":["M","?","?","?","?","R","?","E","T","M","R","?","M","?","R","BOSS","M","M","?","?","M","E","M","E","T","?","E","$","?","?","R","BOSS","M","M","?","M","M","E","M","R","T","?","E","?","M","?","R","BOSS"],"items_purchased_type":["Relic","Card","Card","Relic","Relic"],"build_version":"2020-12-22","purchased_purges":2,"victory":true,"max_hp_per_floor":[75,75,75,75,75,75,75,75,75,75,75,75,75,75,75,75,75,75,75,75,75,75,75,75,75,75,85,85,85,85,85,85,85,85,85,85,85,85,85,85,85,85,85,85,85,85,85,85,85,85],"relic_stats":{"Sozu":4,"counters":[26,65],"Blue Candle":[0],"Astrolabe":["blademaster:SharpBlades","blademaster:Havoc","blademaster:ThunderingOpener"],"MealTicket":0,"PreservedInsect":0,"Bag of Preparation":[26],"Kunai":[36],"Letter Opener":[427],"obtain_stats":[{"blademaster:RandomStancePerk":8,"Pear":27,"trackpad:SappingStone":21,"Blue Candle":9,"Astrolabe":17,"Vajra":43,"The Courier":28,"PreservedInsect":45,"blademaster:RandomBladePerk":25,"Bag of Preparation":26,"Letter Opener":8,"vexMod:FocusSash":43,"Sozu":34,"vexMod:InvisibilityCloak":23,"Matryoshka":40,"vexMod:BarristanHead":48,"blademaster:BleedingMoreDamagePerk":28,"MealTicket":25,"blademaster:LightningChargePerk":45,"trackpad:Compendium":48,"blademaster:FinisherDrawCardPerk":23,"blademaster:DancersAmulet":0,"Kunai":2,"blademaster:ComboEveryTurnPerk":40},{"blademaster:RandomStancePerk":3,"Pear":13,"trackpad:SappingStone":9,"Blue Candle":3,"Astrolabe":7,"Vajra":22,"The Courier":14,"PreservedInsect":24,"blademaster:RandomBladePerk":13,"Bag of Preparation":13,"Letter Opener":3,"vexMod:FocusSash":22,"Sozu":16,"vexMod:InvisibilityCloak":11,"Matryoshka":21,"vexMod:BarristanHead":25,"blademaster:BleedingMoreDamagePerk":14,"MealTicket":13,"blademaster:LightningChargePerk":24,"trackpad:Compendium":25,"blademaster:FinisherDrawCardPerk":11,"blademaster:DancersAmulet":0,"Kunai":1,"blademaster:ComboEveryTurnPerk":21},{"blademaster:RandomStancePerk":11,"Pear":36,"trackpad:SappingStone":26,"Blue Candle":11,"Astrolabe":21,"Vajra":53,"The Courier":38,"PreservedInsect":58,"blademaster:RandomBladePerk":36,"Bag of Preparation":36,"Letter Opener":11,"vexMod:FocusSash":53,"Sozu":43,"vexMod:InvisibilityCloak":31,"Matryoshka":51,"vexMod:BarristanHead":60,"blademaster:BleedingMoreDamagePerk":38,"MealTicket":36,"blademaster:LightningChargePerk":58,"trackpad:Compendium":60,"blademaster:FinisherDrawCardPerk":31,"blademaster:DancersAmulet":0,"Kunai":2,"blademaster:ComboEveryTurnPerk":51}]},"card_choices":[{"not_picked":["blademaster:FuriousStrike","blademaster:Safeguard"],"picked":"blademaster:Havoc","floor":1},{"not_picked":["blademaster:DeadlyDance","blademaster:Quickness"],"picked":"blademaster:Meditate","floor":7},{"not_picked":["blademaster:BladeCross","blademaster:Bloodbath"],"picked":"blademaster:Empower","floor":8},{"not_picked":["blademaster:Slice","blademaster:Discharge","blademaster:Quickness"],"picked":"SKIP","floor":10},{"not_picked":["blademaster:Stormstrike","blademaster:AspectOfWind"],"picked":"blademaster:BrainBloom","floor":13},{"not_picked":["blademaster:Thrust","blademaster:Frontflip","blademaster:ThunderingOpener"],"picked":"SKIP","floor":14},{"not_picked":["blademaster:LeechingStrike","blademaster:Quickness"],"picked":"blademaster:ThunderSlash","floor":18},{"not_picked":["blademaster:DragonStrike","blademaster:Frontflip+1"],"picked":"blademaster:Flurry","floor":19},{"not_picked":["blademaster:DragonStrike","blademaster:BloodyBlow","blademaster:Stability"],"picked":"SKIP","floor":22},{"not_picked":["blademaster:LeechingStrike","blademaster:Discharge"],"picked":"blademaster:Blockade","floor":23},{"not_picked":["blademaster:ThunderSlash","blademaster:AspectOfWind","blademaster:Stormstrike"],"picked":"SKIP","floor":24},{"not_picked":["blademaster:SlyStabs","blademaster:SharpBlades"],"picked":"blademaster:DancingEdge+1","floor":25},{"not_picked":["blademaster:DeadlyDance","blademaster:AspectOfLightning"],"picked":"blademaster:Rupture+1","floor":28},{"not_picked":["blademaster:Hailwind","blademaster:BloodyBlow+1","blademaster:Sunder+1"],"picked":"SKIP","floor":30},{"not_picked":["blademaster:SlyStabs+1","blademaster:Sunder+1","blademaster:ThunderingOpener"],"picked":"SKIP","floor":35},{"not_picked":["blademaster:SlyStabs+1","blademaster:Sunder+1","blademaster:ThunderingOpener"],"picked":"SKIP","floor":35},{"not_picked":["blademaster:Meditate","blademaster:ChargingUp+1","blademaster:Frontflip+1"],"picked":"SKIP","floor":36},{"not_picked":["blademaster:DancingEdge","blademaster:Sunder+1","blademaster:Quickness+1"],"picked":"SKIP","floor":38},{"not_picked":["blademaster:AirSlash+1","blademaster:Breeze+1","blademaster:Slice"],"picked":"SKIP","floor":39},{"not_picked":["blademaster:TraverseCut+1","blademaster:BladeCross"],"picked":"blademaster:BladeDance","floor":40},{"not_picked":["blademaster:Sharpen","blademaster:BladeCross"],"picked":"blademaster:AwakeningDefend+1","floor":41},{"not_picked":["blademaster:SlyStabs+1","blademaster:Blockade+1","blademaster:AncestralHealing+1"],"picked":"SKIP","floor":44},{"not_picked":["blademaster:LeechingStrike","blademaster:BrainBloom+1","blademaster:FuriousStrike+1"],"picked":"SKIP","floor":45},{"not_picked":["blademaster:Thrust","blademaster:Hailwind","blademaster:Flurry+1"],"picked":"SKIP","floor":47}],"player_experience":227421,"relics_obtained":[{"floor":8,"key":"Letter Opener"},{"floor":8,"key":"blademaster:RandomStancePerk"},{"floor":9,"key":"Blue Candle"},{"floor":23,"key":"vexMod:InvisibilityCloak"},{"floor":23,"key":"blademaster:FinisherDrawCardPerk"},{"floor":25,"key":"MealTicket"},{"floor":25,"key":"blademaster:RandomBladePerk"},{"floor":26,"key":"Bag of Preparation"},{"floor":27,"key":"Pear"},{"floor":28,"key":"The Courier"},{"floor":28,"key":"blademaster:BleedingMoreDamagePerk"},{"floor":40,"key":"blademaster:ComboEveryTurnPerk"},{"floor":40,"key":"Matryoshka"},{"floor":43,"key":"Vajra"},{"floor":43,"key":"vexMod:FocusSash"},{"floor":45,"key":"PreservedInsect"},{"floor":45,"key":"blademaster:LightningChargePerk"}],"event_choices":[{"damage_healed":0,"gold_gain":0,"player_choice":"Relic ","damage_taken":7,"max_hp_gain":0,"max_hp_loss":0,"event_name":"betterThird:BetterScrap","floor":2,"gold_loss":0,"cards_obtained":["Steam Power"]},{"damage_healed":0,"gold_gain":0,"cards_transformed":["blademaster:Strike"],"player_choice":"Change","damage_taken":0,"max_hp_gain":0,"max_hp_loss":0,"event_name":"Living Wall","floor":3,"gold_loss":0,"cards_obtained":["blademaster:Discharge"]},{"cards_removed":["blademaster:Defend"],"damage_healed":0,"gold_gain":0,"player_choice":"Card Removal","damage_taken":7,"max_hp_gain":0,"max_hp_loss":0,"event_name":"Golden Wing","floor":4,"gold_loss":0},{"damage_healed":0,"gold_gain":0,"player_choice":"Got Potions","damage_taken":0,"max_hp_gain":0,"max_hp_loss":0,"event_name":"Lab","floor":12,"gold_loss":0},{"damage_healed":0,"gold_gain":0,"player_choice":"Copied","damage_taken":0,"max_hp_gain":0,"max_hp_loss":0,"event_name":"Duplicator","floor":20,"gold_loss":0,"cards_obtained":["blademaster:Empower"]},{"damage_healed":0,"gold_gain":100,"player_choice":"Pray","damage_taken":0,"max_hp_gain":0,"max_hp_loss":0,"event_name":"Golden Shrine","floor":37,"gold_loss":0},{"damage_healed":0,"gold_gain":0,"player_choice":"Memory 1","damage_taken":0,"max_hp_gain":0,"max_hp_loss":0,"event_name":"SensoryStone","floor":46,"gold_loss":0}],"is_beta":false,"boss_relics":[{"not_picked":["sagemod:Falmels_Amulet","trackpad:Coffee"],"picked":"Astrolabe"},{"not_picked":["Runic Dome","Runic Pyramid"],"picked":"Sozu"}],"items_purged_floors":[29,48],"is_endless":false,"potions_floor_spawned":[1,13,14,18,22,24,28,33,36,40,45,47],"ascension_level":0}}