{"host":"qekv59dthhdg54sz","time":1611427056,"event":{"mods":["AchievementEnabler","BaseMod","Colored Map","DeckTracker","KOR Keyword Fix","Minty Spire (QoL Compilation)","Rare Cards Sparkle","StSLib","SuperFastMode"],"gold_per_floor":[17,17,34,34,46,72,72,104,131,150,150,34,109,168,168,168,168],"floor_reached":16,"language":"KOR","playtime":423,"items_purged":["Defend_B"],"score":216,"play_id":"8cfc8b17-c6af-4666-804d-cf32bc2e95bc","local_time":"20210124033736","is_ascension_mode":true,"campfire_choices":[{"data":"Echo Form","floor":7.0,"key":"SMITH"},{"floor":11.0,"key":"REST"},{"floor":15.0,"key":"REST"}],"circlet_count":0,"master_deck":["AscendersBane","Strike_B","Strike_B","Strike_B","Strike_B","Defend_B","Defend_B","Defend_B","Zap+1","Dualcast","Echo Form+1","Sweeping Beam","Compile Driver","Gash","Glacier","Self Repair","Coolheaded","Defragment","Double Energy"],"relics":["Cracked Core","Dream Catcher","Bag of Preparation","Ancient Tea Set","Anchor"],"acts_visited":["Exordium"],"potions_floor_usage":[16],"damage_taken":[{"damage":0.0,"enemies":"2 Louse","floor":1.0,"turns":2.0},{"damage":9.0,"enemies":"Jaw Worm","floor":3.0,"turns":4.0},{"damage":0.0,"enemies":"Small Slimes","floor":5.0,"turns":2.0},{"damage":15.0,"enemies":"Lagavulin","floor":6.0,"turns":6.0},{"damage":33.0,"enemies":"Gremlin Nob","floor":8.0,"turns":4.0},{"damage":1.0,"enemies":"2 Fungi Beasts","floor":10.0,"turns":4.0},{"damage":7.0,"enemies":"3 Sentries","floor":14.0,"turns":10.0},{"damage":53,"enemies":"Slime Boss","floor":16,"turns":5}],"seed_played":"-50705458668328039","potions_obtained":[{"floor":3.0,"key":"EssenceOfSteel"},{"floor":5.0,"key":"DistilledChaos"}],"is_trial":false,"path_per_floor":["M","?","M","?","M","E","R","E","T","M","R","$","?","?","R","B"],"character_chosen":"DEFECT","items_purchased":["Defragment"],"campfire_rested":2,"item_purchase_floors":[12],"current_hp_per_floor":[64,64,55,60,60,45,45,12,12,11,33,33,22,29,51,0,0],"gold":168,"neow_bonus":"THREE_RARE_CARDS","is_daily":false,"chose_seed":false,"campfire_upgraded":1,"win_rate":0.0,"timestamp":1611427056,"path_taken":["M","?","M","?","?","E","R","E","T","M","R","$","?","?","R","BOSS"],"items_purchased_type":["Card"],"build_version":"2020-12-22","purchased_purges":1,"victory":false,"max_hp_per_floor":[71,71,71,76,76,76,76,76,76,76,76,76,76,76,76,76,76],"card_choices":[{"not_picked":["Meteor Strike","Reboot"],"picked":"Echo Form","floor":0.0},{"not_picked":["Leap","Fusion"],"picked":"Sweeping Beam","floor":1.0},{"not_picked":["Rip and Tear","Redo"],"picked":"Compile Driver","floor":3.0},{"not_picked":["Storm","Compile Driver"],"picked":"Gash","floor":5.0},{"not_picked":["Meteor Strike","Go for the Eyes"],"picked":"Glacier","floor":6.0},{"not_picked":["Melter","Scrape","Sweeping Beam"],"picked":"SKIP","floor":8.0},{"not_picked":["Compile Driver","Reinforced Body"],"picked":"Self Repair","floor":10.0},{"not_picked":["Turbo","Stack"],"picked":"Coolheaded","floor":11.0},{"not_picked":["Rebound","Steam Power"],"picked":"Double Energy","floor":14.0}],"player_experience":815738,"relics_obtained":[{"floor":6.0,"key":"Dream Catcher"},{"floor":8.0,"key":"Bag of Preparation"},{"floor":9.0,"key":"Ancient Tea Set"},{"floor":14.0,"key":"Anchor"}],"event_choices":[{"damage_healed":0.0,"max_hp_gain":0.0,"max_hp_loss":0.0,"gold_gain":0.0,"event_name":"Living Wall","player_choice":"Grow","floor":2.0,"gold_loss":0.0,"damage_taken":0.0,"cards_upgraded":["Zap"]},{"damage_healed":0.0,"max_hp_gain":5.0,"max_hp_loss":0.0,"gold_gain":0.0,"event_name":"Big Fish","player_choice":"Donut","floor":4.0,"gold_loss":0.0,"damage_taken":0.0},{"damage_healed":0.0,"max_hp_gain":0.0,"max_hp_loss":0.0,"gold_gain":75.0,"event_name":"World of Goop","player_choice":"Gather Gold","floor":13.0,"gold_loss":0.0,"damage_taken":11.0},{"damage_healed":0.0,"max_hp_gain":0.0,"max_hp_loss":0.0,"gold_gain":30.0,"event_name":"Dead Adventurer","player_choice":"Searched \u00272\u0027 times","floor":14.0,"gold_loss":0.0,"damage_taken":0.0}],"is_beta":false,"boss_relics":[],"items_purged_floors":[12],"is_endless":false,"potions_floor_spawned":[3,5,6],"killed_by":"Slime Boss","ascension_level":20}}