{"host":"4kmvpqjeiacgn1pr","time":1611370829,"event":{"mods":["AchievementEnabler","BaseMod","Better Altar","Better Match","Better Note","Better Sensory Stone","Better Skull","Better Third Choice","Colored Map","Colored Powertips","Highlight Path","Minty Spire (QoL Compilation)","Permanent Neow","Rare Cards Sparkle","Replay The Spire","Spicy Shops","StSLib"],"gold_per_floor":[14,14,563,576,592,592,16,46,92,120,120,4,4,27,27,151,151,77,145,145,145,145,145,90,114,114,137,165,610,22,73,73,204,204,230,14,64,64,96,141,141,86,162,162,97,108,51,114,114,38,38,99,15,64,80],"floor_reached":56,"language":"ENG","playtime":3529,"items_purged":["Normality","Injury","Doubt"],"score":1976,"play_id":"a5b2db09-da53-4025-8598-54ac3af96603","local_time":"20210122220029","is_ascension_mode":true,"campfire_choices":[{"floor":6,"key":"REST"},{"floor":11,"key":"REST"},{"data":"Replay:Sssssssssshield","floor":15,"key":"SMITH"},{"data":"ReplayTheSpireMod:LeadingStrike","floor":23,"key":"SMITH"},{"floor":32,"key":"RECALL"},{"data":"Pot Of Greed","floor":41,"key":"SMITH"},{"floor":49,"key":"DIG"}],"circlet_count":0,"master_deck":["Strike_R+1","Strike_R+2","Strike_R+1","Defend_R+1","Defend_R+1","Defend_R+2","Bash+1","Intimidate","Run Through","Clash","Infernal Blade","Replay:Sssssssssshield+1","ReplayTheSpireMod:LeadingStrike+1","Pot Of Greed","Pot Of Greed","ReplayTheSpireMod:Corrosion Curse","Berserk+1","Thunderclap","Double Tap+1","Pot Of Greed+1","Wild Strike+1","ReplayTheSpireMod:Limb From Limb","Rupture+1","Shockwave+1","Replay:Parry","HandOfGreed+1","Defy Death+1","Corruption","CurseOfTheBell","Pot Of Greed+1","Life Link+1","Seeing Red+1","ReplayTheSpireMod:LeadingStrike+1","ReplayTheSpireMod:IOU","ReplayTheSpireMod:IOU","ReplayTheSpireMod:IOU","ReplayTheSpireMod:IOU","ReplayTheSpireMod:IOU","Survey Options","Survey Options","Pot Of Greed","Hemokinesis+1","ReplayTheSpireMod:IOU","ReplayTheSpireMod:IOU","ReplayTheSpireMod:IOU","ReplayTheSpireMod:IOU","ReplayTheSpireMod:Corrosion Curse+1"],"relics":["Burning Blood","Membership Card","Replay:Wax Seal","Darkstone Periapt","HandDrill","HornCleat","Bag of Preparation","Grinning Jar","Blood Vial","Boot","Simple Rune","Replay:Bandana","ClockworkSouvenir","ReplayTheSpireMod:Shallot","Replay:Ancient Bell","Red Skull","Paper Frog","Counterbalance","Blue Candle","Enchiridion","Spirit Poop","Centennial Puzzle","Strawberry","Blue Doll","MealTicket","Ornamental Fan","Anchor","Potion Belt","Cauldron","Dream Catcher","Calling Bell","Orichalcum","Garlic","Replay:Multitool","Replay:Towering Pillar of Hats","Strange Spoon","Ginger","Akabeko","Vajra","Lee\u0027s Waffle","Du-Vu Doll","Gremlin Food","ReplayTheSpireMod:TigerMarble","King of Hearts","Guide Book","ReplayTheSpireMod:Lightbulb","Brimstone","Charon\u0027s Ashes","PreservedInsect","Medical Kit","Art of War","Oddly Smooth Stone","OrangePellets","Champion Belt","ReplayTheSpireMod:Spearhead","Replay:Baseball"],"acts_visited":["Exordium","TheCity","TheBeyond","TheEnding"],"potions_floor_usage":[5,10,16,16,30,30,33,33,33,33,52,55,55,55],"damage_taken":[{"damage":13,"enemies":"Small Slimes","floor":1,"turns":3},{"damage":0,"enemies":"Cultist","floor":4,"turns":2},{"damage":7,"enemies":"Jaw Worm","floor":5,"turns":2},{"damage":12,"enemies":"Gremlin Nob","floor":8,"turns":4},{"damage":17,"enemies":"Lagavulin","floor":10,"turns":5},{"damage":6,"enemies":"Exordium Thugs","floor":14,"turns":4},{"damage":26,"enemies":"Slime Boss","floor":16,"turns":11},{"damage":36,"enemies":"3 Byrds","floor":18,"turns":7},{"damage":3,"enemies":"Book of Stabbing","floor":24,"turns":4},{"damage":0,"enemies":"Chosen","floor":25,"turns":3},{"damage":1,"enemies":"Snake Plant","floor":27,"turns":3},{"damage":12,"enemies":"Shelled Parasite and Fungi","floor":28,"turns":3},{"damage":6,"enemies":"Slavers","floor":31,"turns":4},{"damage":30,"enemies":"Automaton","floor":33,"turns":9},{"damage":1,"enemies":"Orb Walker","floor":35,"turns":3},{"damage":16,"enemies":"3 Shapes","floor":37,"turns":4},{"damage":1,"enemies":"Spire Growth","floor":39,"turns":4},{"damage":23,"enemies":"Reptomancer","floor":40,"turns":4},{"damage":1,"enemies":"R_Hoarder","floor":42,"turns":6},{"damage":2,"enemies":"Giant Head","floor":45,"turns":4},{"damage":1,"enemies":"Writhing Mass","floor":47,"turns":2},{"damage":6,"enemies":"Maw","floor":48,"turns":3},{"damage":5,"enemies":"Donu and Deca","floor":50,"turns":3},{"damage":12,"enemies":"Shield and Spear","floor":54,"turns":3},{"damage":34,"enemies":"The Heart","floor":55,"turns":5}],"seed_played":"-4650905505945033331","potions_obtained":[{"floor":4,"key":"Toxic Potion"},{"floor":8,"key":"ColorlessPotion"},{"floor":10,"key":"AttackPotion"},{"floor":14,"key":"Milkshake"},{"floor":18,"key":"BloodPotion"},{"floor":24,"key":"DuplicationPotion"},{"floor":27,"key":"Swift Potion"},{"floor":30,"key":"Fruit Juice"},{"floor":30,"key":"Languid Potion"},{"floor":30,"key":"SkillPotion"},{"floor":30,"key":"Weak Potion"},{"floor":33,"key":"Strength Potion"},{"floor":39,"key":"SpeedPotion"},{"floor":40,"key":"ColorlessPotion"},{"floor":42,"key":"PowerPotion"},{"floor":45,"key":"BlessingOfTheForge"},{"floor":52,"key":"HeartOfIron"},{"floor":52,"key":"BloodPotion"},{"floor":52,"key":"Elixir"}],"is_trial":false,"path_per_floor":["M","?","?","M","M","R","$","E","T","E","R","$","?","M","R","B",null,"M","T","?","?","?","R","E","M","T","M","M","?","$","E","R","B",null,"M","$","M","?","M","E","R","E","T","R","E","$","M","M","R","B",null,"R","$","E","B",null],"character_chosen":"IRONCLAD","items_purchased":["Membership Card","Replay:Wax Seal","Darkstone Periapt","HandDrill","HornCleat","Bag of Preparation","Replay:Sssssssssshield","ReplayTheSpireMod:LeadingStrike","Simple Rune","Replay:Bandana","ClockworkSouvenir","MealTicket","Ornamental Fan","Anchor","Potion Belt","Cauldron","Replay:Parry","HandOfGreed+1","Replay:Towering Pillar of Hats","Strange Spoon","Ginger","Akabeko","Vajra","Lee\u0027s Waffle","Life Link+1","King of Hearts","Guide Book","ReplayTheSpireMod:Lightbulb","Brimstone","Charon\u0027s Ashes","Survey Options","Medical Kit","Art of War","Oddly Smooth Stone","OrangePellets","Champion Belt","ReplayTheSpireMod:Spearhead"],"campfire_rested":2,"item_purchase_floors":[7,7,7,7,7,7,7,7,12,12,12,30,30,30,30,30,30,30,36,36,36,36,36,36,36,46,46,46,46,46,46,53,53,53,53,53,53],"current_hp_per_floor":[73,66,4,10,9,33,39,33,33,24,49,61,61,63,63,45,116,86,86,86,70,70,70,75,83,90,97,93,12,42,44,44,22,134,134,165,155,155,162,147,147,154,154,154,160,201,201,201,201,201,201,161,200,196,170],"gold":80,"neow_bonus":"TRANSFORM_TWO_CARDS","is_daily":false,"chose_seed":false,"campfire_upgraded":3,"win_rate":0.0,"timestamp":1611370829,"path_taken":["M","?","?","M","?","R","$","E","T","E","R","?","?","?","R","BOSS","M","?","?","?","?","R","E","?","T","M","M","?","$","E","R","BOSS","M","$","?","?","M","E","R","E","T","R","E","?","M","?","R","BOSS","R","$","E","BOSS"],"items_purchased_type":["Relic","Relic","Relic","Relic","Relic","Relic","Card","Card","Relic","Relic","Relic","Relic","Relic","Relic","Relic","Relic","Card","Card","Relic","Relic","Relic","Relic","Relic","Relic","Card","Relic","Relic","Relic","Relic","Relic","Card","Relic","Relic","Relic","Relic","Relic","Relic"],"build_version":"2020-12-22","purchased_purges":3,"victory":true,"max_hp_per_floor":[80,80,80,80,80,80,86,86,86,86,86,98,98,98,98,98,116,116,116,116,116,116,116,116,116,123,123,123,123,128,128,128,128,134,134,165,165,165,165,165,165,165,165,165,165,201,201,201,201,201,201,201,225,225,225],"card_choices":[{"not_picked":["Twin Strike","Heavy Blade"],"picked":"Clash","floor":1},{"not_picked":["Perfected Strike","Reckless Charge"],"picked":"ReplayTheSpireMod:Muscle Training","floor":4},{"not_picked":["Whirlwind","Armaments"],"picked":"Infernal Blade","floor":5},{"not_picked":["Uppercut","Rampage"],"picked":"ReplayTheSpireMod:Corrosion Curse","floor":8},{"not_picked":["Abandon","Spot Weakness"],"picked":"Berserk","floor":10},{"not_picked":["True Grit","Heavy Blade"],"picked":"Thunderclap","floor":14},{"not_picked":["Brutality","Berserk"],"picked":"Double Tap","floor":16},{"not_picked":["Amnesia","Overencumbered"],"picked":"Injury","floor":17},{"not_picked":["Decay","Overencumbered"],"picked":"Delirium","floor":17},{"not_picked":["ReplayTheSpireMod:Doomed","Delirium"],"picked":"Clumsy","floor":17},{"not_picked":["Sword Boomerang","Power Through","Twin Strike"],"picked":"SKIP","floor":18},{"not_picked":["Run Through","Pommel Strike"],"picked":"Wild Strike+1","floor":24},{"not_picked":["Whirlwind","Sever Soul"],"picked":"ReplayTheSpireMod:Limb From Limb","floor":25},{"not_picked":["Clash","Heavy Blade"],"picked":"Rupture+1","floor":27},{"not_picked":["Run Through","Heavy Blade"],"picked":"Shockwave+1","floor":28},{"not_picked":["Armaments","Feel No Pain"],"picked":"Defy Death+1","floor":31},{"not_picked":["Feed","Demon Form"],"picked":"Corruption","floor":33},{"not_picked":["Replay:Undeath\u0027s Touch+1","Sever Soul","Heavy Blade+1"],"picked":"SKIP","floor":35},{"not_picked":["Sword Boomerang+1","ReplayTheSpireMod:LeadingStrike","Headbutt"],"picked":"SKIP","floor":37},{"not_picked":["Clothesline","Defy Death","Thunderclap"],"picked":"SKIP","floor":39},{"not_picked":["Battle Trance","Flex"],"picked":"Seeing Red+1","floor":40},{"not_picked":["Armaments","Massacre","Warcry"],"picked":"SKIP","floor":42},{"not_picked":["Fiend Fire","Pommel Strike+1"],"picked":"ReplayTheSpireMod:LeadingStrike+1","floor":45},{"not_picked":["Run Through","Flex","Cleave+1"],"picked":"SKIP","floor":47},{"not_picked":["Inflame+1","Power Through+1"],"picked":"Hemokinesis+1","floor":48},{"not_picked":["Iron Wave+1","Havoc"],"picked":"ReplayTheSpireMod:Corrosion Curse+1","floor":54}],"player_experience":336143,"relics_obtained":[{"floor":8,"key":"Grinning Jar"},{"floor":9,"key":"Blood Vial"},{"floor":10,"key":"Boot"},{"floor":19,"key":"Blue Candle"},{"floor":21,"key":"Enchiridion"},{"floor":24,"key":"Centennial Puzzle"},{"floor":26,"key":"Strawberry"},{"floor":31,"key":"Dream Catcher"},{"floor":34,"key":"Orichalcum"},{"floor":34,"key":"Garlic"},{"floor":34,"key":"Replay:Multitool"},{"floor":40,"key":"Du-Vu Doll"},{"floor":42,"key":"Gremlin Food"},{"floor":45,"key":"ReplayTheSpireMod:TigerMarble"},{"floor":49,"key":"PreservedInsect"},{"floor":54,"key":"Replay:Baseball"}],"event_choices":[{"cards_removed":["Strike_R"],"damage_healed":0,"gold_gain":0,"player_choice":"Card Removal","damage_taken":7,"max_hp_gain":0,"max_hp_loss":0,"event_name":"Golden Wing","floor":2,"gold_loss":0},{"damage_healed":0,"gold_gain":549,"player_choice":"UP GO GO GO GO GO ","damage_taken":69,"relics_obtained":[],"max_hp_gain":0,"max_hp_loss":0,"event_name":"betterSkull:BetterSkull","floor":3,"gold_loss":0,"cards_upgraded":["Bash"]},{"cards_removed":["ReplayTheSpireMod:Muscle Training"],"damage_healed":0,"gold_gain":0,"player_choice":"Gave Card","damage_taken":0,"relics_obtained":["ReplayTheSpireMod:Shallot"],"max_hp_gain":0,"max_hp_loss":0,"event_name":"WeMeetAgain","floor":13,"gold_loss":0},{"damage_healed":0,"gold_gain":0,"player_choice":"Simplicity","damage_taken":0,"max_hp_gain":0,"max_hp_loss":6,"event_name":"betterThird:BetterWriting","floor":20,"gold_loss":0},{"damage_healed":0,"gold_gain":0,"player_choice":"Obtained Book","damage_taken":16,"max_hp_gain":0,"max_hp_loss":0,"event_name":"Cursed Tome","floor":21,"gold_loss":0},{"cards_removed":["Delirium"],"damage_healed":0,"gold_gain":0,"player_choice":"Offered Curse","damage_taken":0,"relics_obtained":["Spirit Poop"],"max_hp_gain":0,"max_hp_loss":0,"event_name":"Bonfire Elementals","floor":22,"gold_loss":0},{"damage_healed":0,"gold_gain":445,"player_choice":"RE GO GO GO GO ","damage_taken":87,"relics_obtained":["Blue Doll"],"max_hp_gain":0,"max_hp_loss":0,"event_name":"betterSkull:BetterSkull","floor":29,"gold_loss":0,"cards_upgraded":[]},{"cards_removed":["Clumsy"],"damage_healed":0,"gold_gain":0,"player_choice":"Purged","damage_taken":0,"max_hp_gain":0,"max_hp_loss":0,"event_name":"Purifier","floor":38,"gold_loss":0},{"damage_healed":0,"gold_gain":0,"player_choice":"Upgraded","damage_taken":0,"max_hp_gain":0,"max_hp_loss":0,"event_name":"Upgrade Shrine","floor":44,"gold_loss":0,"cards_upgraded":["Pot Of Greed"]}],"is_beta":false,"boss_relics":[{"not_picked":["Snecko Eye","Kintsugi"],"picked":"Replay:Ancient Bell"},{"not_picked":["Replay:Mystery Machine","War Paint"],"picked":"Red Skull"},{"not_picked":["Letter Opener","Replay:Accelerometer"],"picked":"Paper Frog"},{"not_picked":["Prayer Wheel","WingedGreaves"],"picked":"Counterbalance"},{"not_picked":["Replay:Bronze Core","Replay:Wanted Poster"],"picked":"Calling Bell"}],"items_purged_floors":[12,30,46],"is_endless":false,"potions_floor_spawned":[4,8,10,14,18,24,27,33,39,40,42,45,48,54],"ascension_level":4}}