{"host":"zghbuvjjzzk6yre0","time":1611443860,"event":{"mods":["2.2 Compatiblity","AchievementEnabler","Act Like it!","Aspiration","BaseMod","Bestiary","Card Forge","Colored Powertips","Conspire","Curses Come First","Custom Start","Downfall","Halation","Hubris","Minty Spire (QoL Compilation)","Q\u0027s Relics","Quick Restart","Reorder Act Four","Replay The Spire","StSLib","Strawberry Spire","Synergy Search","vexMod"],"gold_per_floor":[99,119,150,108,108,93,140,140,169,180,197,197,231,216,228,332,332,332,343,343,353,353,338,362,362,312,312,324,354,445,445,458,553,603,603,619,619,630,549,358,358,358,375,386,386,418,418,437,437,437,437],"floor_reached":49,"language":"ENG","playtime":3947,"items_purged":[],"score":616,"play_id":"75253abd-cc84-4d26-a45f-ac5d4ed3fc22","local_time":"20210124001740","is_ascension_mode":false,"campfire_choices":[{"floor":1.0,"key":"RECALL"},{"floor":8.0,"key":"REST"},{"floor":42.0,"key":"REST"},{"floor":47,"key":"REST"}],"circlet_count":0,"master_deck":["Guardian:Strike_Guardian+1","Guardian:Strike_Guardian+1","Guardian:Strike_Guardian+1","Guardian:Strike_Guardian+1","Guardian:Defend_Guardian+1","Guardian:Defend_Guardian+1","Guardian:Defend_Guardian+1","Guardian:Defend_Guardian+1","Guardian:CurlUp+1","Guardian:TwinSlam+1","Guardian:StasisStrike+1","Guardian:TemporalStrike+1","Guardian:RollAttack+1","Guardian:TimeSifter+1","Guardian:Gem_Cyan","Guardian:RevengeProtocol+1","Guardian:TimeBomb+1","Guardian:TemporalShield+1","Guardian:PrimingBeam+1","Guardian:Orbwalk+1","Guardian:StasisStrike+1","Guardian:WalkerClaw+1","Guardian:StasisField+1","Guardian:Gem_White","Guardian:Gem_Lightblue","Guardian:SpikerProtocol+1","Guardian:SentryBeam+1","Guardian:PrimingBeam+1","Guardian:TemporalShield+1","Guardian:TimeBomb+1","Guardian:TemporalStrike+1","expansioncontent:AwakenDeath+1","Guardian:PrimingBeam+1","Guardian:PrimingBeam+1","Guardian:BodySlam+1","Guardian:AncientConstruct+1","Guardian:Incinerate+1","Guardian:Gem_Yellow","Guardian:Gem_Cyan","Guardian:Gem_White","Guardian:TemporalStrike+1","Guardian:TimeCapacitor","Guardian:SpikerProtocol","Guardian:ArmoredProtocol+1","Guardian:Repulse","Guardian:Gem_Synthetic","Guardian:EvasiveProtocol+1"],"relics":["Guardian:ModeShifter","Hammer of Thor","Seething Fire","Anvil of the Gods","QRelics:AstralDiamond","aspiration:FetidBarrel","Molten Egg 2","Guardian:PickAxe","Cursed Key","aspiration:RitualStick","Replay:Wax Seal","Bag of Marbles","Ring of Hypnosis","QRelics:IounStones","Toy Ornithopter","hubris:Icosahedron","Tiny House","Orichalcum","Centennial Puzzle"],"acts_visited":["Exordium","TheCity","TheBeyond"],"potions_floor_usage":[],"damage_taken":[{"damage":13.0,"enemies":"Small Slimes","floor":2.0,"turns":3.0},{"damage":0.0,"enemies":"conspire:MimicChest","floor":3.0,"turns":5.0},{"damage":10.0,"enemies":"downfall:FleeingMerchant","floor":4.0,"turns":4.0},{"damage":5.0,"enemies":"downfall:FleeingMerchant","floor":6.0,"turns":4.0},{"damage":1.0,"enemies":"Replay:BlueRogue","floor":9.0,"turns":5.0},{"damage":9.0,"enemies":"conspire:RoseBush","floor":10.0,"turns":3.0},{"damage":3.0,"enemies":"Jaw Worm","floor":11.0,"turns":3.0},{"damage":0.0,"enemies":"Lagavulin","floor":13.0,"turns":5.0},{"damage":7.0,"enemies":"downfall:FleeingMerchant","floor":14.0,"turns":4.0},{"damage":0.0,"enemies":"Exordium Wildlife","floor":15.0,"turns":3.0},{"damage":24.0,"enemies":"WA_ARCHETYPE_RETAIN","floor":16.0,"turns":7.0},{"damage":7.0,"enemies":"Shell Parasite","floor":19.0,"turns":5.0},{"damage":0.0,"enemies":"Spheric Guardian","floor":21.0,"turns":5.0},{"damage":0.0,"enemies":"downfall:FleeingMerchant","floor":23.0,"turns":4.0},{"damage":0.0,"enemies":"Snecko","floor":28.0,"turns":5.0},{"damage":25.0,"enemies":"conspire:SneckoGhost","floor":29.0,"turns":6.0},{"damage":0.0,"enemies":"downfall:FleeingMerchant","floor":30.0,"turns":1.0},{"damage":10.0,"enemies":"Centurion and Healer","floor":32.0,"turns":6.0},{"damage":30.0,"enemies":"IC_MUSHROOM_ARCHETYPE","floor":33.0,"turns":7.0},{"damage":9.0,"enemies":"3 Shapes","floor":36.0,"turns":3.0},{"damage":27.0,"enemies":"3 Darklings","floor":38.0,"turns":4.0},{"damage":13.0,"enemies":"Sphere and 2 Shapes","floor":43.0,"turns":4.0},{"damage":17.0,"enemies":"Maw","floor":44.0,"turns":8.0},{"damage":39,"enemies":"Nemesis","floor":46,"turns":5},{"damage":23,"enemies":"Writhing Mass","floor":48,"turns":7},{"damage":18,"enemies":"Sphere and 2 Shapes","floor":49,"turns":3}],"seed_played":"6379810968924914401","potions_obtained":[{"floor":2.0,"key":"Venom Potion"},{"floor":11.0,"key":"PowerPotion"},{"floor":15.0,"key":"FearPotion"},{"floor":21.0,"key":"Toxic Potion"},{"floor":34.0,"key":"DistilledChaos"}],"is_trial":false,"path_per_floor":["R","M","?","$","?","$","T","R","E","M","M","?","E","$","M","B",null,"R","M","?","M","?","$","T","?","?","?","M","E","$","?","M","B",null,"R","M","?","M","$","$","T","R","M","M","?","E","R","M","M"],"character_chosen":"GUARDIAN","items_purchased":["Guardian:Gem_Cyan","expansioncontent:AwakenDeath","Toy Ornithopter","Guardian:PrimingBeam+1","Guardian:TimeCapacitor","Orichalcum","Guardian:SpikerProtocol"],"campfire_rested":3,"item_purchase_floors":[4,30,30,30,39,40,40],"current_hp_per_floor":[80,67,67,57,57,52,52,76,76,67,64,64,65,58,58,35,83,83,76,59,59,59,59,59,59,83,83,83,59,59,59,49,20,90,90,81,81,54,54,54,54,81,68,51,51,13,40,17,0,0,0],"gold":437,"neow_bonus":"THREE_RARE_CARDS","is_daily":false,"chose_seed":false,"campfire_upgraded":0,"win_rate":0.0,"timestamp":1611443860,"path_taken":["R","M","?","$","?","$","T","R","E","M","?","?","E","$","M","BOSS","R","M","?","M","?","$","T","?","?","?","?","E","$","?","M","BOSS","R","M","?","M","?","$","T","R","M","?","?","E","R","?","M"],"items_purchased_type":["Card","Card","Relic","Card","Card","Relic","Card"],"build_version":"2020-12-22","purchased_purges":0,"victory":false,"max_hp_per_floor":[80,80,80,80,80,80,80,80,81,81,81,81,82,82,82,83,83,83,83,83,83,83,83,83,83,83,83,83,84,84,84,84,85,90,90,90,90,90,90,90,90,90,90,90,90,91,91,91,91,91,91],"card_choices":[{"not_picked":["Guardian:ExploitGems","Guardian:FastForward"],"picked":"Guardian:StasisStrike","floor":0.0},{"not_picked":["Guardian:Reroute","Guardian:ShieldCharger"],"picked":"Guardian:TemporalStrike","floor":2.0},{"not_picked":["Guardian:PrismaticBeam","Guardian:RefractedBeam"],"picked":"Guardian:RollAttack","floor":3.0},{"not_picked":["Guardian:ShieldSpikes","Guardian:Reroute"],"picked":"Guardian:TimeSifter","floor":4.0},{"not_picked":["Guardian:RollAttack","Guardian:Suspension"],"picked":"Guardian:RevengeProtocol","floor":6.0},{"not_picked":["Guardian:ShieldCharger","Guardian:Gem_Cyan"],"picked":"Guardian:TimeBomb","floor":9.0},{"not_picked":["Guardian:Gem_Blue","Guardian:VentSteam"],"picked":"Guardian:TemporalShield","floor":10.0},{"not_picked":["Guardian:Preprogram","Guardian:Gem_Lightblue"],"picked":"Guardian:PrimingBeam","floor":11.0},{"not_picked":["Guardian:ShieldCharger","Guardian:Gem_Purple"],"picked":"Guardian:Orbwalk","floor":13.0},{"not_picked":["Guardian:Gem_White","Guardian:WalkerClaw+1"],"picked":"Guardian:StasisStrike+1","floor":14.0},{"not_picked":["Guardian:Incinerate+1","Guardian:TemporalShield"],"picked":"Guardian:WalkerClaw+1","floor":15.0},{"not_picked":["Guardian:ExploitGems","Guardian:StasisStrike+1"],"picked":"Guardian:StasisField","floor":16.0},{"not_picked":["Guardian:RollAttack+1","Guardian:ShieldSpikes+1"],"picked":"Guardian:SpikerProtocol","floor":19.0},{"not_picked":["Guardian:ShieldSpikes","Guardian:Gem_Lightblue"],"picked":"Guardian:SentryBeam+1","floor":21.0},{"not_picked":["Guardian:ShieldSpikes","Guardian:Recover"],"picked":"Guardian:PrimingBeam+1","floor":23.0},{"not_picked":["Guardian:ChargeCore+1","Guardian:RollAttack+1"],"picked":"Guardian:TemporalShield+1","floor":28.0},{"not_picked":["Guardian:PiercingHide","Guardian:FastForward"],"picked":"Guardian:TimeBomb","floor":29.0},{"not_picked":["Guardian:RefractedBeam+1","Guardian:Gem_Crimson"],"picked":"Guardian:TemporalStrike+1","floor":30.0},{"not_picked":["Guardian:VentSteam","Guardian:Reroute+1"],"picked":"Guardian:BodySlam+1","floor":32.0},{"not_picked":["Guardian:SphericShield","Guardian:Gem_Synthetic"],"picked":"Guardian:AncientConstruct","floor":33.0},{"not_picked":["Guardian:Orbwalk","Guardian:PolyBeam+1"],"picked":"Guardian:Incinerate+1","floor":34.0},{"not_picked":["Guardian:PrismaticBeam+1","Guardian:GuardianWhirl+1"],"picked":"Guardian:Gem_White","floor":36.0},{"not_picked":["Guardian:Emergency","Guardian:Incinerate+1"],"picked":"Guardian:TemporalStrike+1","floor":38.0},{"not_picked":["Guardian:Repulse","Guardian:PiercingHide"],"picked":"Guardian:ArmoredProtocol+1","floor":43.0},{"not_picked":["Guardian:WalkerClaw+1","Guardian:Planning"],"picked":"Guardian:Repulse","floor":44.0},{"not_picked":["Guardian:Reroute+1","Guardian:Orbwalk"],"picked":"Guardian:Gem_Synthetic","floor":46},{"not_picked":["Guardian:Suspension+1","Guardian:SentryBeam+1"],"picked":"Guardian:EvasiveProtocol+1","floor":48}],"player_experience":228228,"relics_obtained":[{"floor":3.0,"key":"QRelics:AstralDiamond"},{"floor":9.0,"key":"aspiration:FetidBarrel"},{"floor":13.0,"key":"Guardian:PickAxe"},{"floor":24.0,"key":"Bag of Marbles"},{"floor":25.0,"key":"Ring of Hypnosis"},{"floor":29.0,"key":"QRelics:IounStones"},{"floor":41.0,"key":"Centennial Puzzle"}],"event_choices":[{"damage_healed":0.0,"max_hp_gain":0.0,"max_hp_loss":0.0,"gold_gain":0.0,"event_name":"Addict","player_choice":"Stole Relic","floor":22.0,"gold_loss":0.0,"damage_taken":0.0,"relics_obtained":["Replay:Wax Seal"],"cards_obtained":["Pride"]}],"is_beta":false,"boss_relics":[{"not_picked":["hubris:TerracottaHorce","halation:SmartPhone"],"picked":"Cursed Key"},{"not_picked":["QRelics:WrackWrench","QRelics:LostLeg"],"picked":"Tiny House"}],"items_purged_floors":[],"is_endless":false,"potions_floor_spawned":[2,11,15,16,21,28,29,36,43,44],"killed_by":"Sphere and 2 Shapes","ascension_level":0}}