{"host":"szzymzkf8nw8othj","time":1611446073,"event":{"mods":["AchievementEnabler","BaseMod","Downfall","Minty Spire (QoL Compilation)","Replay The Spire","StSLib","The Animator"],"gold_per_floor":[99,109,109,129,114,131,158,169,181,181,199,210,210,220,237,342,342,342,357,557,74,159,173,173,190,190,190,190,190],"floor_reached":27,"language":"ENG","playtime":1774,"items_purged":["downfall:Haunted"],"score":209,"play_id":"9acc87a8-0816-4e22-8a07-f6b66c1ede7c","local_time":"20210123185433","is_ascension_mode":false,"campfire_choices":[{"floor":1,"key":"DIG"},{"floor":13,"key":"REST"},{"floor":18,"key":"RECALL"}],"circlet_count":0,"master_deck":["champ:Strike","champ:Strike","champ:Strike","champ:Strike","champ:Defend","champ:Defend+1","champ:Defend","champ:Defend","champ:Execute","champ:Taunt","champ:IgnorePain","champ:DeathBlow","champ:Taunt","champ:FanOfKnives","champ:FocusedBerserking","champ:StanceDance","champ:SwordSigil","champ:FocusedDefense","champ:ShieldSigil","champ:TornadoPunch","champ:DefensiveStyle","champ:MurderStrike","champ:SwordSigil+1"],"relics":["champ:ChampionCrown","Replay:Baseball","BranchBurnRelic","Nunchaku","Meat on the Bone"],"acts_visited":["Exordium","TheCity"],"potions_floor_usage":[5,16,19,19,25,27],"damage_taken":[{"damage":20,"enemies":"Jaw Worm","floor":2,"turns":5},{"damage":14,"enemies":"Cultist","floor":4,"turns":5},{"damage":35,"enemies":"downfall:FleeingMerchant","floor":5,"turns":4},{"damage":10,"enemies":"2 Louse","floor":6,"turns":2},{"damage":31,"enemies":"Blue Slaver","floor":8,"turns":4},{"damage":35,"enemies":"Exordium Thugs","floor":9,"turns":3},{"damage":35,"enemies":"2 Fungi Beasts","floor":11,"turns":3},{"damage":30,"enemies":"Blue Slaver","floor":12,"turns":3},{"damage":41,"enemies":"3 Louse","floor":14,"turns":4},{"damage":17,"enemies":"Red Slaver","floor":15,"turns":4},{"damage":122,"enemies":"SI_SHIV_ARCHETYPE","floor":16,"turns":8},{"damage":70,"enemies":"Shell Parasite","floor":19,"turns":5},{"damage":35,"enemies":"downfall:FleeingMerchant","floor":21,"turns":4},{"damage":51,"enemies":"Spheric Guardian","floor":23,"turns":5},{"damage":66,"enemies":"Shelled Parasite and Fungi","floor":25,"turns":7},{"damage":59,"enemies":"Centurion and Healer","floor":27,"turns":3}],"seed_played":"7402473401833105338","potions_obtained":[{"floor":2,"key":"champ:OpenerPotion"},{"floor":12,"key":"SteroidPotion"},{"floor":14,"key":"Elixir"},{"floor":15,"key":"champ:TechniquePotion"},{"floor":16,"key":"DuplicationPotion"},{"floor":23,"key":"Languid Potion"},{"floor":26,"key":"CultistPotion"}],"is_trial":false,"path_per_floor":["R","M","?","M","$","M","T","M","M","?","M","M","R","M","M","B",null,"R","M","?","$","?","M","T","M","?","M"],"character_chosen":"THE_CHAMP","items_purchased":["Nunchaku","Meat on the Bone"],"campfire_rested":1,"item_purchase_floors":[21,21],"current_hp_per_floor":[90,90,90,81,81,81,81,65,65,65,65,60,87,90,83,36,90,90,80,80,70,52,47,47,49,49,0,0,0],"gold":190,"neow_bonus":"ONE_RANDOM_RARE_CARD","is_daily":false,"chose_seed":false,"campfire_upgraded":0,"win_rate":0.0,"timestamp":1611446073,"path_taken":["R","M","?","M","$","M","T","?","M","?","M","M","R","M","M","BOSS","R","M","?","$","?","M","T","M","?","M"],"items_purchased_type":["Relic","Relic"],"build_version":"2020-12-22","purchased_purges":1,"victory":false,"max_hp_per_floor":[90,90,90,90,90,90,90,90,90,90,90,90,90,90,90,90,90,90,90,90,90,90,90,90,90,90,90,90,90],"card_choices":[{"not_picked":["champ:BerserkerStyle","champ:DefensiveShout"],"picked":"champ:DeathBlow","floor":2},{"not_picked":["champ:PreciseThrust","champ:BerserkersShout"],"picked":"champ:FanOfKnives","floor":4},{"not_picked":["champ:GutPunch","champ:PreciseThrust"],"picked":"champ:FocusedBerserking","floor":5},{"not_picked":["champ:TornadoPunch","champ:AdrenalArmor"],"picked":"champ:StanceDance","floor":6},{"not_picked":["champ:AdrenalArmor","champ:CrookedStrike"],"picked":"champ:SwordSigil","floor":8},{"not_picked":["champ:ShieldWall","champ:DeathBlow"],"picked":"champ:FocusedDefense","floor":9},{"not_picked":["champ:FlashCut","champ:AdrenalArmor"],"picked":"champ:ShieldSigil","floor":11},{"not_picked":["champ:CrownThrow","champ:CrookedStrike","champ:Shatter"],"picked":"SKIP","floor":12},{"not_picked":["champ:SteelEdge","champ:Circumvent"],"picked":"champ:TornadoPunch","floor":14},{"not_picked":["champ:RageSigil","champ:PreciseThrust"],"picked":"champ:DefensiveStyle","floor":15},{"not_picked":["champ:SteelEdge","champ:Devastate"],"picked":"champ:MurderStrike","floor":16},{"not_picked":["champ:AdrenalArmor","champ:PreciseThrust","champ:CrownThrow"],"picked":"SKIP","floor":19},{"not_picked":["champ:DefensiveShout","champ:FalseCounter"],"picked":"champ:SwordSigil+1","floor":21},{"not_picked":["champ:DefensiveShout+1","champ:IronFortress","champ:Circumvent"],"picked":"SKIP","floor":23},{"not_picked":["champ:FanOfKnives","champ:CheapShot","champ:BringItOn+1"],"picked":"SKIP","floor":25}],"player_experience":777628,"relics_obtained":[{"floor":1,"key":"Dead Branch"},{"floor":7,"key":"Replay:Baseball"}],"event_choices":[],"is_beta":false,"boss_relics":[{"not_picked":["Kintsugi","Abe\u0027s Treasure","Cursed Key"]}],"items_purged_floors":[21],"is_endless":false,"potions_floor_spawned":[2,6,12,14,15,16,23],"killed_by":"Centurion and Healer","ascension_level":0}}