{"host":"l60rmjjsfi0fipmi","time":1611363260,"event":{"mods":["BaseMod","Colored Map","DeckTracker","Highlight Path","Minty Spire (QoL Compilation)","StSLib","The Cursed","The Servant 0.9.4"],"gold_per_floor":[169,66,83,83,102,102,102,102,102,102,117,130,150,184,184,280,280,293,308,35,53,65,65,83,83,83,83,83,118,118,118,118,214,214,225,240,190,190,205,205,221,237,264,264,60,60,110,136,136,136],"floor_reached":51,"language":"ENG","playtime":3175,"items_purged":["Defend_P","Defend_P+1"],"score":760,"play_id":"59dadd54-aa70-4394-81ea-ec095708eee4","local_time":"20210122195420","is_ascension_mode":true,"campfire_choices":[{"data":"Eruption","floor":6,"key":"SMITH"},{"data":"LikeWater","floor":8,"key":"SMITH"},{"data":"Consecrate","floor":10,"key":"SMITH"},{"floor":15,"key":"REST"},{"floor":23,"key":"REST"},{"data":"MentalFortress","floor":25,"key":"SMITH"},{"data":"TalkToTheHand","floor":28,"key":"SMITH"},{"floor":32,"key":"REST"},{"data":"FlurryOfBlows","floor":40,"key":"SMITH"},{"floor":44,"key":"REST"},{"data":"Wallop","floor":46,"key":"SMITH"},{"floor":49,"key":"REST"}],"circlet_count":0,"master_deck":["Strike_P+1","Eruption+1","Vigilance+1","Consecrate+1","EmptyBody","MentalFortress+1","Indignation","TalkToTheHand+1","LikeWater+1","FlurryOfBlows+1","WaveOfTheHand","SandsOfTime+1","LessonLearned+1","SashWhip+1","FearNoEvil+1","EmptyFist","FollowUp+1","Perseverance+1","BowlingBash","Pray+1","CarveReality+1","Consecrate+1","Flash of Steel","Parasite","Meditate+1","Wallop+1"],"relics":["Tiny House","Eternal Feather","Calipers","Runic Pyramid","Anchor","Singing Bowl","Smiling Mask","Bottled Tornado","Astrolabe","Lantern","Vajra","Lizard Tail","Bronze Scales"],"acts_visited":["Exordium","TheCity","TheBeyond"],"potions_floor_usage":[16,22,24,29,50,50],"damage_taken":[{"damage":2,"enemies":"Jaw Worm","floor":1,"turns":4},{"damage":9,"enemies":"2 Louse","floor":3,"turns":3},{"damage":0,"enemies":"Cultist","floor":5,"turns":3},{"damage":0,"enemies":"Exordium Wildlife","floor":11,"turns":5},{"damage":1,"enemies":"Exordium Thugs","floor":12,"turns":5},{"damage":6,"enemies":"2 Fungi Beasts","floor":13,"turns":4},{"damage":32,"enemies":"Lagavulin","floor":14,"turns":9},{"damage":12,"enemies":"The Guardian","floor":16,"turns":11},{"damage":24,"enemies":"Spheric Guardian","floor":18,"turns":6},{"damage":8,"enemies":"Chosen","floor":19,"turns":5},{"damage":25,"enemies":"Sentry and Sphere","floor":21,"turns":5},{"damage":7,"enemies":"Snecko","floor":22,"turns":6},{"damage":0,"enemies":"Cultist and Chosen","floor":24,"turns":5},{"damage":42,"enemies":"Slavers","floor":29,"turns":6},{"damage":10,"enemies":"Champ","floor":33,"turns":10},{"damage":12,"enemies":"Orb Walker","floor":35,"turns":4},{"damage":0,"enemies":"3 Shapes","floor":36,"turns":2},{"damage":0,"enemies":"Writhing Mass","floor":39,"turns":7},{"damage":23,"enemies":"3 Darklings","floor":41,"turns":3},{"damage":60,"enemies":"Transient","floor":42,"turns":5},{"damage":29,"enemies":"Mind Bloom Boss Battle","floor":47,"turns":3},{"damage":29,"enemies":"Donu and Deca","floor":50,"turns":8}],"seed_played":"957102886385862383","potions_obtained":[{"floor":0,"key":"Swift Potion"},{"floor":3,"key":"FairyPotion"},{"floor":5,"key":"EssenceOfSteel"},{"floor":19,"key":"Swift Potion"},{"floor":21,"key":"Block Potion"},{"floor":24,"key":"LiquidMemories"},{"floor":36,"key":"LiquidBronze"}],"is_trial":false,"path_per_floor":["M","$","M","?","M","R","?","R","T","R","M","M","M","E","R","B",null,"M","M","$","M","M","R","M","R","T","?","R","E","T","?","R","B",null,"M","M","$","?","M","R","M","M","T","R","$","R","?","T","R","B",null],"character_chosen":"WATCHER","items_purchased":["MentalFortress","Indignation","Anchor","EmptyFist","Block Potion","Vajra"],"campfire_rested":5,"item_purchase_floors":[2,2,20,20,37,45],"current_hp_per_floor":[75,75,66,59,59,59,59,59,59,68,68,67,61,29,61,49,77,53,45,45,20,13,48,48,60,60,60,72,32,32,32,67,59,81,71,73,73,73,73,85,62,4,4,45,45,60,33,33,74,45],"gold":136,"neow_bonus":"BOSS_RELIC","is_daily":false,"chose_seed":false,"campfire_upgraded":7,"win_rate":0.0,"timestamp":1611363260,"path_taken":["M","$","M","?","M","R","?","R","T","R","M","?","M","E","R","BOSS","M","M","$","M","M","R","M","R","T","?","R","E","?","?","R","BOSS","M","M","$","?","M","R","M","M","T","R","$","R","?","?","R","BOSS"],"items_purchased_type":["Card","Card","Relic","Card","Potion","Relic"],"build_version":"2020-12-22","purchased_purges":2,"victory":true,"max_hp_per_floor":[77,77,77,77,77,77,77,77,77,77,77,77,77,77,77,77,77,77,77,77,77,77,77,77,77,77,77,77,79,79,79,79,81,81,83,85,85,85,85,85,85,87,87,87,87,87,89,89,89,89],"card_choices":[{"not_picked":["CrushJoints","Collect"],"picked":"Consecrate","floor":0},{"not_picked":["CutThroughFate","CrushJoints"],"picked":"EmptyBody","floor":1},{"not_picked":["Prostrate","ThirdEye"],"picked":"TalkToTheHand","floor":3},{"not_picked":["CrushJoints","FollowUp"],"picked":"LikeWater","floor":5},{"not_picked":["BowlingBash","DeceiveReality"],"picked":"FlurryOfBlows","floor":11},{"not_picked":["CutThroughFate","CrushJoints"],"picked":"WaveOfTheHand","floor":12},{"not_picked":["ForeignInfluence","Weave","Conclude"],"picked":"SKIP","floor":13},{"not_picked":["MasterReality","BowlingBash"],"picked":"SandsOfTime","floor":14},{"not_picked":["SpiritShield","Alpha"],"picked":"LessonLearned","floor":16},{"not_picked":["PathToVictory","Consecrate"],"picked":"SashWhip","floor":18},{"not_picked":["Protect+1","Evaluate"],"picked":"FearNoEvil+1","floor":19},{"not_picked":["Conclude","Evaluate+1"],"picked":"FollowUp","floor":21},{"not_picked":["EmptyBody","Weave"],"picked":"Perseverance+1","floor":22},{"not_picked":["Indignation+1","CrushJoints"],"picked":"BowlingBash","floor":24},{"not_picked":["Swivel","EmptyFist","Prostrate+1"],"picked":"Singing Bowl","floor":29},{"not_picked":["MasterReality","LessonLearned","Wish"],"picked":"Singing Bowl","floor":33},{"not_picked":["EmptyFist","FlurryOfBlows","Sanctity+1"],"picked":"Singing Bowl","floor":35},{"not_picked":["FlyingSleeves+1","Indignation+1","EmptyBody+1"],"picked":"Singing Bowl","floor":36},{"not_picked":["Discovery","Blind"],"picked":"Flash of Steel","floor":38},{"not_picked":["Adaptation","Prostrate+1"],"picked":"Meditate+1","floor":39},{"not_picked":["FollowUp+1","PathToVictory+1"],"picked":"Wallop","floor":41},{"not_picked":["Consecrate+1","PathToVictory+1","Wish"],"picked":"Singing Bowl","floor":42},{"not_picked":["InnerPeace","BowlingBash","PathToVictory+1"],"picked":"Singing Bowl","floor":47}],"player_experience":552684,"relics_obtained":[{"floor":9,"key":"Eternal Feather"},{"floor":14,"key":"Calipers"},{"floor":26,"key":"Singing Bowl"},{"floor":29,"key":"Smiling Mask"},{"floor":30,"key":"Bottled Tornado"},{"floor":43,"key":"Lantern"},{"floor":47,"key":"Lizard Tail"},{"floor":48,"key":"Bronze Scales"}],"event_choices":[{"cards_removed":["Defend_P"],"damage_healed":0,"gold_gain":0,"player_choice":"Card Removal","damage_taken":7,"max_hp_gain":0,"max_hp_loss":0,"event_name":"Golden Wing","floor":4,"gold_loss":0},{"damage_healed":0,"gold_gain":0,"player_choice":"Upgraded","damage_taken":0,"max_hp_gain":0,"max_hp_loss":0,"event_name":"Upgrade Shrine","floor":7,"gold_loss":0,"cards_upgraded":["Vigilance"]},{"damage_healed":0,"gold_gain":0,"player_choice":"Ignored","damage_taken":0,"max_hp_gain":0,"max_hp_loss":0,"event_name":"Vampires","floor":27,"gold_loss":0},{"cards_removed":["Strike_P"],"damage_healed":0,"gold_gain":0,"player_choice":"Elegance","damage_taken":0,"max_hp_gain":0,"max_hp_loss":0,"event_name":"Back to Basics","floor":31,"gold_loss":0},{"damage_healed":0,"gold_gain":0,"player_choice":"Memory 1","damage_taken":0,"max_hp_gain":0,"max_hp_loss":0,"event_name":"SensoryStone","floor":38,"gold_loss":0},{"damage_healed":0,"gold_gain":0,"player_choice":"Fight","damage_taken":0,"max_hp_gain":0,"max_hp_loss":0,"event_name":"MindBloom","floor":47,"gold_loss":0}],"is_beta":false,"boss_relics":[{"not_picked":["Black Star","Velvet Choker"],"picked":"Runic Pyramid"},{"not_picked":["Cursed Key","Runic Dome"],"picked":"Astrolabe"}],"items_purged_floors":[20,45],"is_endless":false,"potions_floor_spawned":[3,5,12,13,14,19,21,24,36],"ascension_level":3}}