{"host":"qmnyg5dk1o6rw6mz","time":1611397276,"event":{"mods":["100% Spire Juice","2.2 Compatiblity","AchievementEnabler","Act Like it!","Arknights The Spire","Aspiration","Astrologer","BaseMod","CapriCore","Challenge The Spire","ChefMod","Colored Map","Colored Powertips","Conjunction","Conspire","Decade(王小明)","DeckTracker","Defuse TimeMaze Blight","Disable Question Mark Monsters","Energized Spire","Friendly Minions","Gensokyo","GifTheSpireLib","Hermit","Highlight Path","HololiveMod","HornydragonMod","Hubris","Jedi Mod","Koishi","KomeijiMod","Lobotomy","LobotomyExtend","Marisa（霧雨　魔理沙）","Minty Spire (QoL Compilation)","Pale of the Ancients","Permanent Neow","Prisma Mod","Quick Restart","Reimu（博???）","Replay The Spire","Robot Space Explorer","SIMod","StSLib","The Alterego","The Bug Knight","The Cursed","The Dragon Tamer","The Gatherer","The Hierophant","The Immortal","The Marked","The Mystic","The Poker Player","The Runesmith","The Senshi","The Showman","Unceasing Turn Reminder","WarShipGirlsR/??少女R mod","Wide Potions","Youmu（魂魄妖?）","Yuri Mod","Yuyuko","vexMod"],"gold_per_floor":[115,115,80,80,91,104,431,431,503,530,549,242,274,274,274,370,370,388,388,80,70,88,88,117,17,43,43,54,89,89,100,100,195,195,210,225,225,225,225,251,251,285,285,299,312,312,312,328,328,328,328,328],"floor_reached":50,"language":"ZHS","playtime":2084,"items_purged":["Pain","PokerPlayerMod:Diamond1"],"score":681,"play_id":"d46423b2-6efb-4444-8913-e32fe990ed47","local_time":"20210123182116","is_ascension_mode":false,"metric_token":4118,"campfire_choices":[{"data":"PokerPlayerMod:VarietyAttack","floor":8,"key":"SMITH"},{"data":"PokerPlayerMod:Club6","floor":15,"key":"SMITH"},{"data":"PokerPlayerMod:TheDieIsCast","floor":23,"key":"SMITH"},{"floor":27,"key":"RECALL"},{"data":"PokerPlayerMod:CardPrinter","floor":32,"key":"SMITH"},{"floor":41,"key":"REST"},{"data":"PokerPlayerMod:WildCard","floor":47,"key":"SMITH"}],"circlet_count":0,"master_deck":["PokerPlayerMod:Diamond2","PokerPlayerMod:Diamond3","PokerPlayerMod:Diamond4","PokerPlayerMod:Diamond5","PokerPlayerMod:Spade1","PokerPlayerMod:Spade2","PokerPlayerMod:Spade3","PokerPlayerMod:Spade4","PokerPlayerMod:Club1","PokerPlayerMod:Club2","PokerPlayerMod:Heart2","PokerPlayerMod:TrumpStrike","PokerPlayerMod:BadJoker","PokerPlayerMod:Mulligan","PokerPlayerMod:VarietyAttack+1","PokerPlayerMod:CloakAndDiamond","PokerPlayerMod:Club2","PokerPlayerMod:Club3","PokerPlayerMod:Club4","PokerPlayerMod:Club5","PokerPlayerMod:Club7","PokerPlayerMod:Heart5","PokerPlayerMod:TheDieIsCast+1","PokerPlayerMod:Club7","PokerPlayerMod:Diamond9","PokerPlayerMod:Diamond9","PokerPlayerMod:Spade5","PokerPlayerMod:Club7","PokerPlayerMod:Raise","PokerPlayerMod:Spade5","PokerPlayerMod:Spade6","PokerPlayerMod:Raise+1","PokerPlayerMod:Heart7","PokerPlayerMod:Duplicate","PokerPlayerMod:RiskyBet+1","PokerPlayerMod:Spade7","PokerPlayerMod:Configure+1","PokerPlayerMod:WildCard+1","PokerPlayerMod:Diamond9","PokerPlayerMod:Overdeal+1"],"relics":["PokerPlayerMod:DeckCase","WarpedTongs","Old Coin","Question Card","RuthlessExorcism:ReiMu","DollysMirror","PokerPlayerMod:BottledPoker","aspiration:RandomNobGenerator","FossilizedHelix","Meat on the Bone","Boot","hubris:Backtick","Bag of Preparation","conspire:DecoderRing","HollowMod:PaleOreRelic","Toy Ornithopter","hubris:CrystalStatue"],"acts_visited":["Exordium","TheCity","TheBeyond"],"potions_floor_usage":[38,40],"damage_taken":[{"damage":0,"enemies":"Small Slimes","floor":1,"turns":1},{"damage":0,"enemies":"2 Louse","floor":5,"turns":1},{"damage":5,"enemies":"Cultist","floor":6,"turns":3},{"damage":8,"enemies":"Gremlin Nob","floor":7,"turns":3},{"damage":4,"enemies":"3 Sentries","floor":10,"turns":2},{"damage":0,"enemies":"3 Louse","floor":11,"turns":1},{"damage":29,"enemies":"Lagavulin","floor":13,"turns":4},{"damage":0,"enemies":"Slime Boss","floor":16,"turns":7},{"damage":0,"enemies":"Shell Parasite","floor":18,"turns":1},{"damage":1,"enemies":"2 Thieves","floor":22,"turns":3},{"damage":12,"enemies":"Gremlin Leader","floor":24,"turns":3},{"damage":0,"enemies":"Snake Plant","floor":28,"turns":1},{"damage":51,"enemies":"Book of Stabbing","floor":29,"turns":6},{"damage":0,"enemies":"Sentry and Sphere","floor":31,"turns":2},{"damage":65,"enemies":"Automaton","floor":33,"turns":10},{"damage":0,"enemies":"Orb Walker","floor":35,"turns":3},{"damage":0,"enemies":"3 Darklings","floor":36,"turns":1},{"damage":48,"enemies":"Giant Head","floor":40,"turns":8},{"damage":0,"enemies":"Reptomancer","floor":42,"turns":3},{"damage":0,"enemies":"Jaw Worm Horde","floor":44,"turns":2},{"damage":23,"enemies":"Writhing Mass","floor":45,"turns":4},{"damage":0,"enemies":"Spire Growth","floor":48,"turns":3},{"damage":67,"enemies":"conspire:OrnateMirror","floor":50,"turns":7}],"seed_played":"1854943731193045937","potions_obtained":[{"floor":1,"key":"ZuzhouPotion:ReiMu"},{"floor":10,"key":"Strength Potion"},{"floor":11,"key":"Ancient Potion"},{"floor":13,"key":"Energy Potion"},{"floor":24,"key":"Energy Potion"},{"floor":36,"key":"jedi:mysterypotion"},{"floor":42,"key":"ZuzhouPotion:ReiMu"}],"is_trial":false,"path_per_floor":["M","?","$","?","M","M","E","R","T","E","M","$","E","?","R","B",null,"M","?","$","?","M","R","E","$","T","R","M","E","$","M","R","B",null,"M","M","?","?","T","E","R","E","T","M","M","?","R","M","R_BF","B"],"character_chosen":"THE_POKER_PLAYER","items_purchased":["PokerPlayerMod:CardPrinter","PokerPlayerMod:Diamond9","DollysMirror","FossilizedHelix"],"campfire_rested":1,"item_purchase_floors":[3,12,12,20],"current_hp_per_floor":[52,52,52,52,52,47,44,44,44,43,43,43,14,52,52,52,52,52,52,52,52,51,51,49,49,49,49,51,14,14,34,34,13,52,52,52,52,52,52,16,31,41,41,41,39,39,39,52,52,0,0,0],"gold":328,"neow_bonus":"ONE_RANDOM_RARE_CARD","is_daily":false,"chose_seed":false,"campfire_upgraded":5,"win_rate":0.0,"timestamp":1611397276,"path_taken":["M","?","$","?","M","M","E","R","T","E","?","$","E","?","R","BOSS","M","?","$","?","M","R","E","$","T","R","M","E","?","?","R","BOSS","M","M","?","?","?","E","R","E","T","M","?","?","R","M","R_BF","BOSS"],"items_purchased_type":["Card","Card","Relic","Relic"],"build_version":"2020-12-22","purchased_purges":2,"victory":false,"max_hp_per_floor":[52,52,52,52,52,52,52,52,52,52,52,52,52,52,52,52,52,52,52,52,52,52,52,52,52,52,52,52,52,52,52,52,52,52,52,52,52,52,52,52,52,52,52,52,52,52,52,52,52,52,52,52],"card_choices":[{"not_picked":["PokerPlayerMod:JackOfSpades","PokerPlayerMod:Spade2"],"picked":"PokerPlayerMod:CloakAndDiamond","floor":1},{"not_picked":["PokerPlayerMod:Club3","PokerPlayerMod:Club1"],"picked":"PokerPlayerMod:Sharpen","floor":5},{"not_picked":["PokerPlayerMod:Raise","PokerPlayerMod:Club4"],"picked":"PokerPlayerMod:Heart5","floor":6},{"not_picked":["PokerPlayerMod:SpadeStrike","PokerPlayerMod:Heart2"],"picked":"PokerPlayerMod:TheDieIsCast","floor":7},{"not_picked":["PokerPlayerMod:CloakAndDiamond","PokerPlayerMod:Diamond2","PokerPlayerMod:Diamond3"],"picked":"PokerPlayerMod:Club7","floor":10},{"not_picked":["PokerPlayerMod:MagicTrick","PokerPlayerMod:Fold","PokerPlayerMod:Configure"],"picked":"PokerPlayerMod:Spade4","floor":11},{"not_picked":["PokerPlayerMod:Spade2","PokerPlayerMod:Diamond1","PokerPlayerMod:Trickery"],"picked":"PokerPlayerMod:Spade5","floor":13},{"not_picked":["PokerPlayerMod:StackedDeck","PokerPlayerMod:ItsShowtime","PokerPlayerMod:Diamond7"],"picked":"PokerPlayerMod:Club7","floor":16},{"not_picked":["PokerPlayerMod:Spade3","PokerPlayerMod:Club4","PokerPlayerMod:Trickery+1"],"picked":"PokerPlayerMod:Raise","floor":18},{"not_picked":["PokerPlayerMod:Club1","PokerPlayerMod:SpadeStrike","PokerPlayerMod:Spade1"],"picked":"PokerPlayerMod:Spade5","floor":22},{"not_picked":["PokerPlayerMod:Raise","PokerPlayerMod:Diamond1","PokerPlayerMod:CardBurn"],"picked":"PokerPlayerMod:Spade6","floor":24},{"not_picked":["PokerPlayerMod:Spade6","PokerPlayerMod:Spade1","PokerPlayerMod:FlyingCard"],"picked":"PokerPlayerMod:Raise+1","floor":28},{"not_picked":["PokerPlayerMod:Sharpen","PokerPlayerMod:MagicTrick","PokerPlayerMod:Fold"],"picked":"PokerPlayerMod:Heart7","floor":29},{"not_picked":["PokerPlayerMod:Configure","PokerPlayerMod:ClubsClub","PokerPlayerMod:Diamond4","PokerPlayerMod:Spade4"],"picked":"SKIP","floor":31},{"not_picked":["PokerPlayerMod:Diamond7","PokerPlayerMod:Spade7","PokerPlayerMod:SecretDealer"],"picked":"PokerPlayerMod:Duplicate","floor":33},{"not_picked":["PokerPlayerMod:MagicTrick+1","PokerPlayerMod:Diamond4","PokerPlayerMod:Fold+1"],"picked":"PokerPlayerMod:RiskyBet+1","floor":35},{"not_picked":["PokerPlayerMod:Diamond2","PokerPlayerMod:CardBurn+1","PokerPlayerMod:SpadeStrike+1"],"picked":"PokerPlayerMod:Spade7","floor":36},{"not_picked":["PokerPlayerMod:Spade3","PokerPlayerMod:Heart2","PokerPlayerMod:Club3"],"picked":"PokerPlayerMod:Configure+1","floor":40},{"not_picked":["PokerPlayerMod:Heart5","PokerPlayerMod:HiddenCard","PokerPlayerMod:Trickery+1"],"picked":"PokerPlayerMod:WildCard","floor":42},{"not_picked":["PokerPlayerMod:Configure","PokerPlayerMod:Club1","PokerPlayerMod:Heart2"],"picked":"PokerPlayerMod:Diamond9","floor":44},{"not_picked":["PokerPlayerMod:PoorCopy","PokerPlayerMod:Club7","PokerPlayerMod:CardBurn+1"],"picked":"PokerPlayerMod:Overdeal+1","floor":45},{"not_picked":["PokerPlayerMod:Extraction+1","PokerPlayerMod:HeartStrike","PokerPlayerMod:CloakAndDiamond","PokerPlayerMod:JackOfSpades+1"],"picked":"SKIP","floor":48}],"player_experience":220008,"relics_obtained":[{"floor":7,"key":"Old Coin"},{"floor":9,"key":"Question Card"},{"floor":10,"key":"RuthlessExorcism:ReiMu"},{"floor":13,"key":"PokerPlayerMod:BottledPoker"},{"floor":24,"key":"Meat on the Bone"},{"floor":29,"key":"Boot"},{"floor":39,"key":"conspire:DecoderRing"},{"floor":40,"key":"HollowMod:PaleOreRelic"},{"floor":42,"key":"Toy Ornithopter"},{"floor":43,"key":"hubris:CrystalStatue"}],"event_choices":[{"damage_healed":0,"gold_gain":0,"player_choice":"Jackpot","damage_taken":0,"max_hp_gain":0,"max_hp_loss":0,"event_name":"PokerPlayerMod:ExordiumClub","floor":2,"gold_loss":0,"cards_obtained":["PokerPlayerMod:Club2","PokerPlayerMod:Club3","PokerPlayerMod:Club4","PokerPlayerMod:Club5","PokerPlayerMod:Club6"]},{"damage_healed":0,"gold_gain":0,"player_choice":"Jackpot","damage_taken":0,"max_hp_gain":0,"max_hp_loss":0,"event_name":"PokerPlayerMod:ExordiumClub","floor":2,"gold_loss":0,"cards_obtained":["PokerPlayerMod:Club2","PokerPlayerMod:Club3","PokerPlayerMod:Club4","PokerPlayerMod:Club5","PokerPlayerMod:Club6"]},{"damage_healed":0,"gold_gain":0,"player_choice":"Jackpot","damage_taken":0,"max_hp_gain":0,"max_hp_loss":0,"event_name":"PokerPlayerMod:ExordiumClub","floor":2,"gold_loss":0,"cards_obtained":["PokerPlayerMod:Club2","PokerPlayerMod:Club3","PokerPlayerMod:Club4","PokerPlayerMod:Club5","PokerPlayerMod:Club6"]},{"damage_healed":0,"gold_gain":0,"player_choice":"Jackpot","damage_taken":0,"max_hp_gain":0,"max_hp_loss":0,"event_name":"PokerPlayerMod:ExordiumClub","floor":2,"gold_loss":0,"cards_obtained":["PokerPlayerMod:Club2","PokerPlayerMod:Club3","PokerPlayerMod:Club4","PokerPlayerMod:Club5","PokerPlayerMod:Club6"]},{"damage_healed":0,"gold_gain":0,"player_choice":"Jackpot","damage_taken":0,"max_hp_gain":0,"max_hp_loss":0,"event_name":"PokerPlayerMod:ExordiumClub","floor":2,"gold_loss":0,"cards_obtained":["PokerPlayerMod:Club2","PokerPlayerMod:Club3","PokerPlayerMod:Club4","PokerPlayerMod:Club5","PokerPlayerMod:Club6"]},{"damage_healed":0,"gold_gain":0,"player_choice":"Rummage","damage_taken":0,"relics_obtained":["WarpedTongs"],"max_hp_gain":0,"max_hp_loss":0,"event_name":"Accursed Blacksmith","floor":4,"gold_loss":0,"cards_obtained":["Pain"]},{"cards_removed":["PokerPlayerMod:Sharpen"],"damage_healed":38,"gold_gain":0,"player_choice":"Offered Uncommon","damage_taken":0,"max_hp_gain":0,"max_hp_loss":0,"event_name":"Bonfire Elementals","floor":14,"gold_loss":0},{"cards_removed":["PokerPlayerMod:CardPrinter"],"damage_healed":0,"gold_gain":0,"player_choice":"Removed Power","damage_taken":0,"max_hp_gain":0,"max_hp_loss":0,"event_name":"Falling","floor":37,"gold_loss":0},{"damage_healed":0,"gold_gain":0,"player_choice":"Ignored","damage_taken":0,"max_hp_gain":0,"max_hp_loss":0,"event_name":"Tomb of Lord Red Mask","floor":38,"gold_loss":0},{"damage_healed":0,"gold_gain":0,"player_choice":"Ignored","damage_taken":0,"max_hp_gain":0,"max_hp_loss":0,"event_name":"SecretPortal","floor":46,"gold_loss":0},{"damage_healed":0,"gold_gain":0,"player_choice":"Ignored","damage_taken":0,"max_hp_gain":0,"max_hp_loss":0,"event_name":"NoteForYourself","floor":49,"gold_loss":0}],"is_beta":false,"boss_relics":[{"not_picked":["aspiration:SecretTechniqueScroll","Pandora\u0027s Box"],"picked":"aspiration:RandomNobGenerator"},{"not_picked":["Fusion Hammer","Velvet Choker"],"picked":"hubris:Backtick"}],"items_purged_floors":[12,25],"is_endless":false,"potions_floor_spawned":[1,10,11,13,22,24,28,29,31,35,36,42],"killed_by":"conspire:OrnateMirror","ascension_level":0}}