{"host":"nj4msrt0z6tj4wtb","time":1611399626,"event":{"mods":["AchievementEnabler","BaseMod","Colored Map","Colored Powertips","DeckTracker","Highlight Path","Minty Spire (QoL Compilation)","Quick Restart","Random Character Button","StSLib","SuperFastMode"],"gold_per_floor":[111,123,123,134,43,43,71,21,21,21,38,55,88,103,103,201,201,219,219,219,191,202,227,227,253,253,265,265,5,49,49,49,161,161,175,194,204,219,242,242,242],"floor_reached":40,"language":"KOR","playtime":4175,"items_purged":["Reinforced Body"],"score":612,"play_id":"872e8701-8720-4176-bd2f-29ee90bffaed","local_time":"20210123200026","is_ascension_mode":true,"campfire_choices":[{"data":"Loop","floor":6.0,"key":"SMITH"},{"floor":15.0,"key":"REST"},{"data":"Defragment","floor":24.0,"key":"SMITH"},{"data":"Defragment","floor":28.0,"key":"SMITH"},{"data":"Zap","floor":32.0,"key":"SMITH"}],"circlet_count":0,"master_deck":["Defend_B","Defend_B","Defend_B","Defend_B","Zap+1","Dualcast","Loop+1","Genetic Algorithm","Cold Snap","Swift Strike","Defragment+1","Chill","Undo","Seek","Echo Form","Loop+1","Heatsinks","Defragment+1","FTL+1","Turbo+1","Rebound+1","Seek","Leap","Ball Lightning"],"relics":["Cracked Core","NeowsBlessing","Mango","Ice Cream","Smiling Mask","Nuclear Battery","Happy Flower","Thread and Needle","The Courier","Matryoshka","CeramicFish","Black Star"],"acts_visited":["Exordium","TheCity","TheBeyond"],"potions_floor_usage":[],"damage_taken":[{"damage":0.0,"enemies":"2 Louse","floor":1.0,"turns":1.0},{"damage":0.0,"enemies":"Small Slimes","floor":2.0,"turns":1.0},{"damage":0.0,"enemies":"Jaw Worm","floor":4.0,"turns":1.0},{"damage":28.0,"enemies":"3 Sentries","floor":7.0,"turns":10.0},{"damage":2.0,"enemies":"Blue Slaver","floor":11.0,"turns":4.0},{"damage":3.0,"enemies":"Looter","floor":12.0,"turns":4.0},{"damage":12.0,"enemies":"Gremlin Nob","floor":13.0,"turns":4.0},{"damage":22.0,"enemies":"3 Louse","floor":14.0,"turns":3.0},{"damage":9.0,"enemies":"Hexaghost","floor":16.0,"turns":13.0},{"damage":0.0,"enemies":"Shell Parasite","floor":18.0,"turns":5.0},{"damage":17.0,"enemies":"2 Thieves","floor":21.0,"turns":5.0},{"damage":5.0,"enemies":"Centurion and Healer","floor":22.0,"turns":8.0},{"damage":10.0,"enemies":"Book of Stabbing","floor":23.0,"turns":7.0},{"damage":16.0,"enemies":"Gremlin Leader","floor":25.0,"turns":9.0},{"damage":5.0,"enemies":"Sentry and Sphere","floor":27.0,"turns":8.0},{"damage":10.0,"enemies":"Book of Stabbing","floor":30.0,"turns":6.0},{"damage":0.0,"enemies":"Champ","floor":33.0,"turns":12.0},{"damage":0.0,"enemies":"Orb Walker","floor":35.0,"turns":6.0},{"damage":14.0,"enemies":"3 Darklings","floor":36.0,"turns":8.0},{"damage":8.0,"enemies":"Jaw Worm Horde","floor":37.0,"turns":6.0},{"damage":36.0,"enemies":"Sphere and 2 Shapes","floor":38.0,"turns":7.0},{"damage":13.0,"enemies":"4 Shapes","floor":39.0,"turns":11.0},{"damage":12,"enemies":"Nemesis","floor":40,"turns":2}],"seed_played":"-5346480337667147005","potions_obtained":[{"floor":2.0,"key":"Strength Potion"},{"floor":11.0,"key":"LiquidMemories"},{"floor":12.0,"key":"Swift Potion"},{"floor":14.0,"key":"Strength Potion"},{"floor":16.0,"key":"AttackPotion"},{"floor":21.0,"key":"Fruit Juice"},{"floor":25.0,"key":"BlessingOfTheForge"},{"floor":30.0,"key":"ColorlessPotion"},{"floor":36.0,"key":"Weak Potion"},{"floor":38.0,"key":"FearPotion"}],"is_trial":false,"path_per_floor":["M","M","$","M","$","R","E","?","T","?","M","M","E","M","R","B",null,"M","?","?","M","M","E","R","E","T","M","R","$","E","?","R","B",null,"M","M","M","M","M","E"],"character_chosen":"DEFECT","items_purchased":["Swift Strike","Matryoshka"],"campfire_rested":1,"item_purchase_floors":[5,29],"current_hp_per_floor":[75,75,75,75,75,75,61,61,61,54,52,49,37,15,41,32,89,89,89,89,77,72,62,62,46,46,41,41,41,31,31,31,31,94,94,80,72,36,23,11,11],"gold":242,"neow_bonus":"THREE_ENEMY_KILL","is_daily":false,"chose_seed":false,"campfire_upgraded":4,"win_rate":0.0,"timestamp":1611399626,"path_taken":["M","M","$","M","$","R","E","?","T","?","M","M","E","M","R","BOSS","M","?","?","M","M","E","R","E","T","M","R","$","E","?","R","BOSS","M","M","M","M","M","E"],"items_purchased_type":["Card","Relic"],"build_version":"2020-12-22","purchased_purges":1,"victory":false,"max_hp_per_floor":[75,75,75,75,75,75,89,89,89,89,89,89,89,89,89,89,89,89,89,89,94,94,94,94,94,94,94,94,94,94,94,94,94,94,94,94,94,94,94,94,94],"card_choices":[{"not_picked":["Turbo","Barrage"],"picked":"Loop","floor":1.0},{"not_picked":["Doom and Gloom","Glacier"],"picked":"Genetic Algorithm","floor":2.0},{"not_picked":["Glacier","Skim"],"picked":"Cold Snap","floor":4.0},{"not_picked":["Rebound","Barrage"],"picked":"Defragment","floor":7.0},{"not_picked":["Steam","Melter"],"picked":"Chill","floor":11.0},{"not_picked":["Tempest","Stack","Hello World"],"picked":"SKIP","floor":12.0},{"not_picked":["Melter","Steam"],"picked":"Undo","floor":13.0},{"not_picked":["Loop","Chaos"],"picked":"Seek","floor":14.0},{"not_picked":["All For One","Rainbow"],"picked":"Echo Form","floor":16.0},{"not_picked":["Conserve Battery","Recycle+1"],"picked":"Loop+1","floor":18.0},{"not_picked":["Go for the Eyes","Genetic Algorithm","Rebound"],"picked":"SKIP","floor":21.0},{"not_picked":["Barrage","Compile Driver","Hello World"],"picked":"SKIP","floor":22.0},{"not_picked":["Heatsinks","Steam Power"],"picked":"FTL+1","floor":23.0},{"not_picked":["Stack","Conserve Battery"],"picked":"Turbo+1","floor":25.0},{"not_picked":["Go for the Eyes","Rip and Tear","Force Field"],"picked":"SKIP","floor":27.0},{"not_picked":["Streamline","Gash+1"],"picked":"Rebound+1","floor":30.0},{"not_picked":["Machine Learning","Reboot"],"picked":"Seek","floor":33.0},{"not_picked":["Turbo+1","Auto Shields","Gash+1"],"picked":"SKIP","floor":35.0},{"not_picked":["Steam","Defragment"],"picked":"Leap","floor":36.0},{"not_picked":["Cold Snap+1","FTL","Barrage+1"],"picked":"SKIP","floor":37.0},{"not_picked":["Turbo","Sweeping Beam","Steam"],"picked":"SKIP","floor":38.0},{"not_picked":["Stack","Aggregate+1"],"picked":"Ball Lightning","floor":39.0}],"player_experience":642949,"relics_obtained":[{"floor":7.0,"key":"Mango"},{"floor":9.0,"key":"Ice Cream"},{"floor":13.0,"key":"Smiling Mask"},{"floor":23.0,"key":"Happy Flower"},{"floor":25.0,"key":"Thread and Needle"},{"floor":26.0,"key":"The Courier"},{"floor":30.0,"key":"CeramicFish"}],"event_choices":[{"cards_removed":["Strike_B"],"damage_healed":0.0,"max_hp_gain":0.0,"max_hp_loss":0.0,"gold_gain":0.0,"event_name":"The Cleric","player_choice":"Card Removal","floor":8.0,"gold_loss":50.0,"damage_taken":0.0},{"cards_removed":["Strike_B"],"damage_healed":0.0,"max_hp_gain":0.0,"max_hp_loss":0.0,"gold_gain":0.0,"event_name":"Golden Wing","player_choice":"Card Removal","floor":10.0,"gold_loss":0.0,"damage_taken":7.0},{"damage_healed":0.0,"max_hp_gain":0.0,"max_hp_loss":0.0,"gold_gain":0.0,"cards_transformed":["Strike_B","Strike_B"],"event_name":"Drug Dealer","player_choice":"Became Test Subject","floor":19.0,"gold_loss":0.0,"damage_taken":0.0,"cards_obtained":["Heatsinks","Reinforced Body"]},{"damage_healed":0.0,"max_hp_gain":0.0,"max_hp_loss":0.0,"gold_gain":0.0,"event_name":"The Library","player_choice":"Read","floor":20.0,"gold_loss":0.0,"damage_taken":0.0,"cards_obtained":["Defragment"]},{"damage_healed":0.0,"max_hp_gain":0.0,"max_hp_loss":0.0,"gold_gain":0.0,"event_name":"Vampires","player_choice":"Ignored","floor":31.0,"gold_loss":0.0,"damage_taken":0.0}],"is_beta":false,"boss_relics":[{"not_picked":["Velvet Choker","Sozu"],"picked":"Nuclear Battery"},{"not_picked":["Coffee Dripper","Empty Cage"],"picked":"Black Star"}],"items_purged_floors":[29],"is_endless":false,"potions_floor_spawned":[2,11,12,14,16,21,25,30,36,38],"killed_by":"Nemesis","ascension_level":3}}