{"host":"ydujlihd8f5px9gp","time":1611419105,"event":{"mods":["AchievementEnabler","BaseMod","Block Reminder","Colored Map","Minty Spire (QoL Compilation)","ojb\u0027s Info Mod"],"gold_per_floor":[115,128,228,5,23,53,53,73,73,102,102,112,52,71,71,171,171,188,207,223,234,250,281,281,299,299,299,299,299,316,316,316,416,416,426,426,426],"floor_reached":36,"language":"ENG","playtime":1740,"items_purged":["Parasite"],"score":438,"play_id":"4a9a60c5-1272-4301-8587-2fcd14050caa","local_time":"20210123142505","is_ascension_mode":true,"campfire_choices":[{"data":"Sunder","floor":7,"key":"SMITH"},{"data":"Loop","floor":11,"key":"SMITH"},{"data":"Defragment","floor":15,"key":"SMITH"},{"data":"Electrodynamics","floor":24,"key":"SMITH"},{"floor":29,"key":"REST"},{"data":"Defragment","floor":32,"key":"SMITH"}],"circlet_count":0,"master_deck":["Strike_B+1","Strike_B+1","Strike_B+1","Defend_B+1","Defend_B+1","Defend_B+1","Defend_B+1","Zap","Dualcast","Skim","Double Energy","Defragment+1","Loop+1","Sunder+1","Streamline","Tempest","Cold Snap","Electrodynamics+1","Conserve Battery","Undo+1","Coolheaded","Turbo","White Noise","Rebound+1","Leap+1","Normality","Genetic Algorithm","Defragment+1","Echo Form"],"relics":["Cursed Key","Bag of Preparation","Pear","Mercury Hourglass","The Courier","Black Star","Bottled Lightning","Blue Candle","Ornamental Fan","Runic Pyramid"],"acts_visited":["Exordium","TheCity","TheBeyond"],"potions_floor_usage":[16,22,23,25,28,33,33,35],"damage_taken":[{"damage":0,"enemies":"Jaw Worm","floor":1,"turns":3},{"damage":1,"enemies":"Cultist","floor":2,"turns":3},{"damage":0,"enemies":"2 Louse","floor":5,"turns":2},{"damage":22,"enemies":"Gremlin Nob","floor":6,"turns":4},{"damage":4,"enemies":"Red Slaver","floor":8,"turns":3},{"damage":12,"enemies":"3 Sentries","floor":10,"turns":4},{"damage":11,"enemies":"Blue Slaver","floor":12,"turns":3},{"damage":0,"enemies":"Large Slime","floor":14,"turns":3},{"damage":4,"enemies":"Hexaghost","floor":16,"turns":7},{"damage":6,"enemies":"Shell Parasite","floor":18,"turns":5},{"damage":10,"enemies":"2 Thieves","floor":19,"turns":2},{"damage":8,"enemies":"Snake Plant","floor":20,"turns":3},{"damage":7,"enemies":"Sentry and Sphere","floor":21,"turns":4},{"damage":23,"enemies":"Centurion and Healer","floor":22,"turns":2},{"damage":6,"enemies":"Slavers","floor":23,"turns":3},{"damage":3,"enemies":"Cultist and Chosen","floor":25,"turns":5},{"damage":6,"enemies":"Snake Plant","floor":30,"turns":4},{"damage":14,"enemies":"Collector","floor":33,"turns":7},{"damage":56,"enemies":"3 Darklings","floor":35,"turns":4},{"damage":34,"enemies":"2 Orb Walkers","floor":36,"turns":2}],"seed_played":"-7928350053711781466","potions_obtained":[{"floor":1,"key":"Energy Potion"},{"floor":2,"key":"GamblersBrew"},{"floor":6,"key":"Ancient Potion"},{"floor":12,"key":"Dexterity Potion"},{"floor":16,"key":"Strength Potion"},{"floor":20,"key":"Energy Potion"},{"floor":22,"key":"Energy Potion"},{"floor":23,"key":"Dexterity Potion"},{"floor":25,"key":"ColorlessPotion"},{"floor":28,"key":"DistilledChaos"},{"floor":28,"key":"Fruit Juice"},{"floor":28,"key":"AttackPotion"}],"is_trial":false,"path_per_floor":["M","M","?","$","M","E","R","M","T","E","R","M","$","M","R","B",null,"M","M","M","M","M","E","R","M","T","?","?","R","M","?","R","B",null,"M","?"],"character_chosen":"DEFECT","items_purchased":["Defragment","Bag of Preparation"],"campfire_rested":1,"item_purchase_floors":[4,4],"current_hp_per_floor":[75,74,74,74,74,62,62,58,58,46,46,35,35,35,35,31,82,76,66,58,51,28,22,22,19,19,19,24,50,44,44,44,30,87,31,0,0],"gold":426,"neow_bonus":"BOSS_RELIC","is_daily":false,"chose_seed":false,"campfire_upgraded":5,"win_rate":0.0,"timestamp":1611419105,"path_taken":["M","M","?","$","M","E","R","M","T","E","R","M","?","M","R","BOSS","M","M","M","M","M","E","R","M","T","?","?","R","?","?","R","BOSS","M","?"],"items_purchased_type":["Card","Relic"],"build_version":"2020-12-22","purchased_purges":1,"victory":false,"max_hp_per_floor":[75,75,75,75,75,85,85,85,85,85,85,85,82,82,82,82,82,82,82,82,82,82,82,82,82,82,82,87,87,87,87,87,87,87,87,87,87],"card_choices":[{"not_picked":["Heatsinks","Auto Shields"],"picked":"Skim","floor":1},{"not_picked":["Compile Driver","Coolheaded"],"picked":"Double Energy","floor":2},{"not_picked":["Go for the Eyes","Gash"],"picked":"Loop","floor":5},{"not_picked":["Gash","White Noise"],"picked":"Sunder","floor":6},{"not_picked":["BootSequence","Rebound","Beam Cell"],"picked":"SKIP","floor":8},{"not_picked":["Compile Driver","Buffer"],"picked":"Streamline","floor":10},{"not_picked":["Lockon","Beam Cell"],"picked":"Tempest","floor":12},{"not_picked":["Beam Cell","Redo"],"picked":"Cold Snap","floor":14},{"not_picked":["Meteor Strike","Biased Cognition"],"picked":"Electrodynamics","floor":16},{"not_picked":["Hello World","Double Energy+1"],"picked":"Conserve Battery","floor":18},{"not_picked":["Rebound","Barrage"],"picked":"Undo+1","floor":19},{"not_picked":["Steam","Stack+1"],"picked":"Coolheaded","floor":20},{"not_picked":["Leap","Darkness+1"],"picked":"Turbo","floor":21},{"not_picked":["Compile Driver","Sweeping Beam+1"],"picked":"White Noise","floor":22},{"not_picked":["Sweeping Beam","White Noise"],"picked":"Rebound+1","floor":23},{"not_picked":["Turbo+1","Steam+1"],"picked":"Leap+1","floor":25},{"not_picked":["Leap","Conserve Battery"],"picked":"Defragment","floor":30},{"not_picked":["Electrodynamics","Core Surge"],"picked":"Echo Form","floor":33},{"not_picked":["Go for the Eyes","Melter","Stack"],"picked":"SKIP","floor":35}],"player_experience":146492,"relics_obtained":[{"floor":6,"key":"Pear"},{"floor":9,"key":"Mercury Hourglass"},{"floor":10,"key":"The Courier"},{"floor":23,"key":"Bottled Lightning"},{"floor":23,"key":"Blue Candle"},{"floor":26,"key":"Ornamental Fan"}],"event_choices":[{"damage_healed":0,"gold_gain":100,"player_choice":"Pray","damage_taken":0,"max_hp_gain":0,"max_hp_loss":0,"event_name":"Golden Shrine","floor":3,"gold_loss":0},{"damage_healed":0,"gold_gain":0,"cards_transformed":["Regret","Strike_B"],"player_choice":"Became Test Subject","damage_taken":0,"max_hp_gain":0,"max_hp_loss":0,"event_name":"Drug Dealer","floor":27,"gold_loss":0,"cards_obtained":["Normality","Genetic Algorithm"]},{"damage_healed":0,"gold_gain":0,"player_choice":"Got Potions","damage_taken":0,"max_hp_gain":0,"max_hp_loss":0,"event_name":"Lab","floor":28,"gold_loss":0},{"damage_healed":0,"gold_gain":0,"player_choice":"Simplicity","damage_taken":0,"max_hp_gain":0,"max_hp_loss":0,"event_name":"Back to Basics","floor":31,"gold_loss":0,"cards_upgraded":["Strike_B","Strike_B","Strike_B","Defend_B","Defend_B","Defend_B","Defend_B"]},{"damage_healed":0,"gold_gain":0,"player_choice":"Fight","damage_taken":0,"max_hp_gain":0,"max_hp_loss":0,"event_name":"Mysterious Sphere","floor":36,"gold_loss":0}],"is_beta":false,"boss_relics":[{"not_picked":["Philosopher\u0027s Stone","Busted Crown"],"picked":"Black Star"},{"not_picked":["Fusion Hammer","Pandora\u0027s Box"],"picked":"Runic Pyramid"}],"items_purged_floors":[13],"is_endless":false,"potions_floor_spawned":[1,2,6,12,16,20,22,23,25,30],"killed_by":"2 Orb Walkers","ascension_level":2}}