{"host":"duxoyu97j36znyap","time":1611392149,"event":{"mods":["AlwaysNeverKeys","BaseMod","Bestiary","BetterRewards","Colored Map","DeckTracker","Filter the Spire","Googly Eyes","Minty Spire (QoL Compilation)","Permanent Neow","Rare Cards Sparkle","Relic Stats","StSLib"],"gold_per_floor":[112,112,26,40,54,88,88,132,156,331,366,387,387,423,423,547,547,562,562,562,586,511,547,260,273,273,307,307,322,322,365,365,488,488,511,511,524,545,227,263,263,294,318,371,404,459,495,532,544,556,568,580,9,40,40],"floor_reached":56,"language":"ENG","playtime":3150,"items_purged":["Doubt","FTL","Self Repair"],"score":1936,"play_id":"73b9f520-b0a2-41c4-8f38-6551d3d088e7","local_time":"20210123035549","is_ascension_mode":true,"campfire_choices":[{"data":"Chaos","floor":7.0,"key":"SMITH"},{"data":"Fission","floor":13.0,"key":"SMITH"},{"data":"Barrage","floor":15.0,"key":"SMITH"},{"data":"Defragment","floor":28.0,"key":"SMITH"},{"data":"Fission","floor":30.0,"key":"SMITH"},{"data":"Hologram","floor":32.0,"key":"SMITH"},{"data":"Chaos","floor":41.0,"key":"SMITH"},{"data":"Hologram","floor":49.0,"key":"SMITH"},{"data":"Reboot","floor":52.0,"key":"SMITH"}],"circlet_count":0,"master_deck":["Dualcast","Melter+1","Doom and Gloom","Multi-Cast","Hologram+1","Fission+1","Electrodynamics","Cold Snap","Capacitor","Steam","Sunder+1","Turbo","Chaos+1","Glacier","Reboot+1","Barrage+1","Meteor Strike","Defragment+1","Genetic Algorithm","Fission+1","Capacitor","Biased Cognition","Meteor Strike","Creative AI","Chill+1","Defragment+1","Consume+1","Chaos+1","Conserve Battery+1","Chaos+1","Hologram+1","Auto Shields+1","Consume+1","Tempest"],"relics":["Pandora\u0027s Box","Golden Idol","Potion Belt","DataDisk","Whetstone","Sundial","Happy Flower","Snecko Eye","Cables","Emotion Chip","Dream Catcher","Oddly Smooth Stone","Inserter","Medical Kit","Matryoshka","The Courier","Mercury Hourglass","MawBank","Du-Vu Doll","Torii","TheAbacus","CaptainsWheel","Pen Nib","Symbiotic Virus"],"acts_visited":["Exordium","TheCity","TheBeyond","TheEnding"],"potions_floor_usage":[55,55,55,55,55],"damage_taken":[{"damage":15.0,"enemies":"2 Louse","floor":1.0,"turns":2.0},{"damage":0.0,"enemies":"Small Slimes","floor":4.0,"turns":3.0},{"damage":1.0,"enemies":"Cultist","floor":5.0,"turns":3.0},{"damage":25.0,"enemies":"Lagavulin","floor":6.0,"turns":7.0},{"damage":7.0,"enemies":"Gremlin Nob","floor":8.0,"turns":3.0},{"damage":4.0,"enemies":"3 Sentries","floor":11.0,"turns":4.0},{"damage":5.0,"enemies":"Looter","floor":12.0,"turns":2.0},{"damage":3.0,"enemies":"Lagavulin","floor":14.0,"turns":6.0},{"damage":26.0,"enemies":"Slime Boss","floor":16.0,"turns":8.0},{"damage":0.0,"enemies":"Chosen","floor":18.0,"turns":3.0},{"damage":2.0,"enemies":"3 Byrds","floor":21.0,"turns":2.0},{"damage":11.0,"enemies":"Slavers","floor":23.0,"turns":3.0},{"damage":3.0,"enemies":"Snake Plant","floor":25.0,"turns":3.0},{"damage":29.0,"enemies":"Book of Stabbing","floor":27.0,"turns":5.0},{"damage":0.0,"enemies":"Sentry and Sphere","floor":29.0,"turns":2.0},{"damage":0.0,"enemies":"Gremlin Leader","floor":31.0,"turns":4.0},{"damage":6.0,"enemies":"Automaton","floor":33.0,"turns":3.0},{"damage":0.0,"enemies":"3 Darklings","floor":35.0,"turns":4.0},{"damage":0.0,"enemies":"Orb Walker","floor":37.0,"turns":3.0},{"damage":0.0,"enemies":"4 Shapes","floor":38.0,"turns":3.0},{"damage":0.0,"enemies":"Reptomancer","floor":40.0,"turns":4.0},{"damage":13.0,"enemies":"Giant Head","floor":42.0,"turns":4.0},{"damage":0.0,"enemies":"Reptomancer","floor":44.0,"turns":4.0},{"damage":0.0,"enemies":"Writhing Mass","floor":45.0,"turns":5.0},{"damage":36.0,"enemies":"Nemesis","floor":46.0,"turns":3.0},{"damage":0.0,"enemies":"Sphere and 2 Shapes","floor":47.0,"turns":2.0},{"damage":0.0,"enemies":"Transient","floor":48.0,"turns":5.0},{"damage":22.0,"enemies":"Awakened One","floor":50.0,"turns":11.0},{"damage":10.0,"enemies":"Shield and Spear","floor":54.0,"turns":5.0},{"damage":53,"enemies":"The Heart","floor":55,"turns":6}],"seed_played":"-4752941756687506504","potions_obtained":[{"floor":5.0,"key":"Dexterity Potion"},{"floor":6.0,"key":"EssenceOfDarkness"},{"floor":14.0,"key":"Fire Potion"},{"floor":18.0,"key":"Swift Potion"},{"floor":27.0,"key":"Weak Potion"},{"floor":31.0,"key":"Energy Potion"},{"floor":37.0,"key":"Strength Potion"},{"floor":38.0,"key":"GamblersBrew"},{"floor":46.0,"key":"Fruit Juice"},{"floor":48.0,"key":"Strength Potion"}],"is_trial":false,"path_per_floor":["M","?","$","M","M","E","R","E","T","?","E","M","R","E","R","B",null,"M","?","?","M","?","E","$","M","T","E","R","M","R","E","R","B",null,"M","?","M","M","$","E","R","E","T","E","M","E","M","M","R","B",null,"R","$","E","B",null],"character_chosen":"DEFECT","items_purchased":["Capacitor","Steam","Fission","Capacitor","Medical Kit","Chaos","TheAbacus","CaptainsWheel","Pen Nib"],"campfire_rested":0,"item_purchase_floors":[3,3,24,24,39,39,53,53,53],"current_hp_per_floor":[60,60,60,67,69,51,51,44,44,44,40,35,35,39,39,20,57,57,45,45,50,50,46,46,50,50,28,28,28,28,35,35,29,63,70,70,70,74,74,74,74,61,61,68,74,43,43,50,50,28,66,66,66,56,3],"gold":40,"neow_bonus":"BOSS_RELIC","is_daily":false,"chose_seed":false,"campfire_upgraded":9,"win_rate":0.0,"timestamp":1611392149,"path_taken":["M","?","$","M","M","E","R","E","T","?","E","M","R","E","R","BOSS","M","?","?","?","?","E","?","M","T","E","R","M","R","E","R","BOSS","M","?","M","M","$","E","R","E","T","E","M","E","M","M","R","BOSS","R","$","E","BOSS"],"items_purchased_type":["Card","Card","Card","Card","Relic","Card","Relic","Relic","Relic"],"build_version":"2020-12-22","purchased_purges":3,"victory":true,"max_hp_per_floor":[75,69,69,69,69,69,69,69,69,69,69,69,69,69,69,69,69,69,74,74,74,74,74,74,74,74,74,74,74,74,74,74,74,74,74,74,74,74,74,74,74,74,74,74,74,79,79,79,79,79,79,79,79,79,79],"relic_stats":{"Inserter":[28],"Happy Flower":[30],"Torii":6,"counters":[49,213],"Golden Idol":241,"Pen Nib":[1],"Whetstone":["Sunder","Melter"],"Medical Kit":[5],"MawBank":120,"Cables":[66,10,19,13,24],"Mercury Hourglass":[154],"Emotion Chip":[57,14,10,13,20],"Dream Catcher":0,"TheAbacus":[18],"Sundial":[24],"Snecko Eye":[179,190,159,161],"Pandora\u0027s Box":["Melter","Doom and Gloom","Multi-Cast","Hologram","Fission","Self Repair","FTL","Electrodynamics"],"obtain_stats":[{"Calipers":9,"Torii":46,"Whetstone":9,"Smiling Mask":27,"Emotion Chip":20,"Dream Catcher":27,"Matryoshka":40,"TheAbacus":53,"Sundial":26,"Cracked Core":0,"Potion Belt":14,"Inserter":34,"Happy Flower":14,"Golden Idol":2,"Oddly Smooth Stone":31,"The Courier":42,"Pen Nib":53,"Medical Kit":39,"MawBank":43,"WarpedTongs":2,"Nuclear Battery":17,"Cables":23,"Mercury Hourglass":43,"Du-Vu Doll":44,"DataDisk":8,"CaptainsWheel":53,"Ornamental Fan":29,"Bronze Scales":23,"Snecko Eye":17,"Pandora\u0027s Box":0,"Nloth\u0027s Gift":21,"Symbiotic Virus":54,"Pocketwatch":10},{"Calipers":4,"Torii":44,"Whetstone":24,"Smiling Mask":15,"Emotion Chip":10,"Dream Catcher":33,"Matryoshka":40,"TheAbacus":47,"Sundial":14,"Cracked Core":0,"Potion Belt":8,"Inserter":36,"Happy Flower":27,"Golden Idol":20,"Oddly Smooth Stone":35,"The Courier":41,"Pen Nib":47,"Medical Kit":39,"MawBank":41,"WarpedTongs":1,"Nuclear Battery":9,"Cables":31,"Mercury Hourglass":41,"Du-Vu Doll":42,"DataDisk":24,"CaptainsWheel":47,"Ornamental Fan":17,"Bronze Scales":12,"Snecko Eye":28,"Pandora\u0027s Box":0,"Nloth\u0027s Gift":10,"Symbiotic Virus":48,"Pocketwatch":5},{"Calipers":16,"Torii":184,"Whetstone":109,"Smiling Mask":72,"Emotion Chip":48,"Dream Catcher":145,"Matryoshka":168,"TheAbacus":202,"Sundial":65,"Cracked Core":0,"Potion Belt":34,"Inserter":154,"Happy Flower":121,"Golden Idol":93,"Oddly Smooth Stone":151,"The Courier":172,"Pen Nib":202,"Medical Kit":164,"MawBank":172,"WarpedTongs":5,"Nuclear Battery":43,"Cables":137,"Mercury Hourglass":172,"Du-Vu Doll":176,"DataDisk":109,"CaptainsWheel":202,"Ornamental Fan":81,"Bronze Scales":57,"Snecko Eye":129,"Pandora\u0027s Box":0,"Nloth\u0027s Gift":48,"Symbiotic Virus":207,"Pocketwatch":23}]},"card_choices":[{"not_picked":["Rebound","Doom and Gloom"],"picked":"Cold Snap","floor":1.0},{"not_picked":["Gash","Double Energy"],"picked":"Sunder","floor":4.0},{"not_picked":["Doom and Gloom","Streamline"],"picked":"Turbo","floor":5.0},{"not_picked":["Beam Cell","Stack"],"picked":"Chaos","floor":6.0},{"not_picked":["Multi-Cast","Go for the Eyes"],"picked":"Glacier","floor":8.0},{"not_picked":["Barrage","Steam"],"picked":"Reboot","floor":11.0},{"not_picked":["Cold Snap","Reinforced Body","Go for the Eyes"],"picked":"SKIP","floor":12.0},{"not_picked":["Chill","Coolheaded"],"picked":"Barrage","floor":14.0},{"not_picked":["All For One","Core Surge"],"picked":"Meteor Strike","floor":16.0},{"not_picked":["Gash","Turbo+1"],"picked":"Defragment","floor":18.0},{"not_picked":["Hello World","Steam","Scrape"],"picked":"SKIP","floor":21.0},{"not_picked":["BootSequence+1","Fusion"],"picked":"Genetic Algorithm","floor":23.0},{"not_picked":["Compile Driver","Streamline+1","Recycle"],"picked":"SKIP","floor":25.0},{"not_picked":["Go for the Eyes","Barrage"],"picked":"Biased Cognition","floor":27.0},{"not_picked":["Steam","Beam Cell+1","Ball Lightning"],"picked":"SKIP","floor":29.0},{"not_picked":["Chill","Gash"],"picked":"Meteor Strike","floor":31.0},{"not_picked":["Electrodynamics","Seek"],"picked":"Creative AI","floor":33.0},{"not_picked":["Cold Snap+1","Rebound+1"],"picked":"Chill+1","floor":35.0},{"not_picked":["Barrage","White Noise","Cold Snap"],"picked":"SKIP","floor":37.0},{"not_picked":["Capacitor","FTL+1"],"picked":"Consume+1","floor":38.0},{"not_picked":["Self Repair+1","Sweeping Beam+1","Fission"],"picked":"SKIP","floor":40.0},{"not_picked":["Chill+1","Cold Snap+1"],"picked":"Conserve Battery+1","floor":42.0},{"not_picked":["Conserve Battery+1","Compile Driver"],"picked":"Chaos+1","floor":44.0},{"not_picked":["Go for the Eyes+1","Conserve Battery"],"picked":"Hologram","floor":45.0},{"not_picked":["Beam Cell","Fusion"],"picked":"Auto Shields+1","floor":46.0},{"not_picked":["Hologram","Redo"],"picked":"Consume+1","floor":47.0},{"not_picked":["Hyperbeam","Hologram+1"],"picked":"Tempest","floor":48.0},{"not_picked":["Leap","Steam","Conserve Battery+1"],"picked":"SKIP","floor":54.0}],"player_experience":565651,"relics_obtained":[{"floor":6.0,"key":"Potion Belt"},{"floor":8.0,"key":"DataDisk"},{"floor":9.0,"key":"Whetstone"},{"floor":11.0,"key":"Sundial"},{"floor":14.0,"key":"Happy Flower"},{"floor":23.0,"key":"Cables"},{"floor":26.0,"key":"Emotion Chip"},{"floor":27.0,"key":"Dream Catcher"},{"floor":31.0,"key":"Oddly Smooth Stone"},{"floor":40.0,"key":"Matryoshka"},{"floor":42.0,"key":"The Courier"},{"floor":43.0,"key":"Mercury Hourglass"},{"floor":43.0,"key":"MawBank"},{"floor":44.0,"key":"Du-Vu Doll"},{"floor":46.0,"key":"Torii"},{"floor":54.0,"key":"Symbiotic Virus"}],"event_choices":[{"damage_healed":0.0,"max_hp_gain":0.0,"max_hp_loss":6.0,"gold_gain":0.0,"event_name":"Golden Idol","player_choice":"Lose Max HP","floor":2.0,"gold_loss":0.0,"damage_taken":0.0,"relics_obtained":["Golden Idol"]},{"damage_healed":0.0,"max_hp_gain":0.0,"max_hp_loss":0.0,"gold_gain":175.0,"event_name":"Liars Game","player_choice":"AGREE","floor":10.0,"gold_loss":0.0,"damage_taken":0.0,"cards_obtained":["Doubt"]},{"damage_healed":0.0,"max_hp_gain":5.0,"max_hp_loss":0.0,"gold_gain":0.0,"event_name":"Forgotten Altar","player_choice":"Shed Blood","floor":19.0,"gold_loss":0.0,"damage_taken":17.0},{"damage_healed":0.0,"max_hp_gain":0.0,"max_hp_loss":0.0,"gold_gain":0.0,"event_name":"The Woman in Blue","player_choice":"Bought 0 Potions","floor":20.0,"gold_loss":0.0,"damage_taken":0.0},{"cards_removed":["Zap"],"damage_healed":0.0,"max_hp_gain":0.0,"max_hp_loss":0.0,"gold_gain":0.0,"event_name":"Beggar","player_choice":"Gave Gold","floor":22.0,"gold_loss":75.0,"damage_taken":0.0},{"damage_healed":0.0,"max_hp_gain":0.0,"max_hp_loss":0.0,"gold_gain":0.0,"event_name":"Duplicator","player_choice":"Copied","floor":36.0,"gold_loss":0.0,"damage_taken":0.0,"cards_obtained":["Defragment"]}],"is_beta":false,"boss_relics":[{"not_picked":["Cursed Key","Sozu"],"picked":"Snecko Eye"},{"not_picked":["Nuclear Battery","Calling Bell"],"picked":"Inserter"}],"items_purged_floors":[24,39,53],"is_endless":false,"potions_floor_spawned":[5,6,14,18,27,31,37,38,40,45,46,48,54],"ascension_level":9}}