{"host":"xhd4yuu3rnu1c5xc","time":1611407017,"event":{"mods":["ATMod(阿瑾Mod)","Act Like it!","Aspiration","BaseMod","Better Altar","Better Note","Better Sensory Stone","Better Skull","Better Third Choice","Better Vampires","Better-Laid Plans","Conspire","Displayed Cursed Tome","Dota2Spire","Downfall","Emptier Cage","Energized Spire","Gensokyo","GungeonMod","Hubris","Lobotomy","Marisa（F雨　魔理沙）","Minty Spire (QoL Compilation)","Mirrors Mod","MostiFishMod","Pale of the Ancients","Potion Indicator Mod","Quick Restart","Relic Stats","Reorder Act Four","Replay The Spire","RumiaBox-露米娅的神秘盒子","SacredBarkPlus","StSLib","TestMod","The Jungle","Transform Curses","Uncapped","[IsaacMod]以撒尖塔","vexMod","【功能Mod】混沌之环修复补丁","【遗物卡牌】REMEMod","篝火指南"],"gold_per_floor":[110,141,151,151,161,192,204,231,256,256,288,300,318,318,243,243,243],"floor_reached":16,"language":"ZHS","playtime":582,"items_purged":["Strike_R"],"score":394,"play_id":"85ddbffe-8193-4a2d-8e63-f674e4c9b2da","local_time":"20210123210337","is_ascension_mode":true,"campfire_choices":[{"data":"Burning Pact","floor":10.0,"key":"SMITH"}],"circlet_count":0,"master_deck":["AscendersBane","Strike_R","Strike_R","Strike_R","Strike_R","Defend_R","Defend_R","Defend_R","Defend_R","Bash","AT_ShrugMaster","Inflame","Burning Pact+1","Defend_R+1"],"relics":["Burning Blood","testmod-TestBox","HushsDoor","DaveBox","AT_ATBox","REME_ComplimentaryCards","testmod-Brilliant","aspiration:Nostalgia","PureWater","SynthV:TestCard","Pocketwatch","FossilizedHelix","AT_ArchangelStaff","Dota2Spire:MagicBottle","ReplayTheSpireMod:Lightbulb","testmod-AssaultLearning","BloodBag"],"acts_visited":["Exordium"],"potions_floor_usage":[16,16],"damage_taken":[{"damage":0.0,"enemies":"conspire:RoseBush","floor":1.0,"turns":3.0},{"damage":1.0,"enemies":"FloatingMirror","floor":3.0,"turns":3.0},{"damage":0.0,"enemies":"2 Louse","floor":5.0,"turns":1.0},{"damage":0.0,"enemies":"Gremlin Nob","floor":6.0,"turns":3.0},{"damage":0.0,"enemies":"Lots of Slimes","floor":7.0,"turns":1.0},{"damage":0.0,"enemies":"Lagavulin","floor":8.0,"turns":5.0},{"damage":0.0,"enemies":"Gremlin Nob","floor":11.0,"turns":4.0},{"damage":0.0,"enemies":"conspire:2 RoseBushes","floor":12.0,"turns":3.0},{"damage":0.0,"enemies":"3 Louse","floor":13.0,"turns":1.0},{"damage":102,"enemies":"Hexaghost","floor":16,"turns":11}],"seed_played":"4581051643783917416","potions_obtained":[{"floor":1.0,"key":"Fire Potion"},{"floor":5.0,"key":"Dota2Spire:HealingSalve"},{"floor":7.0,"key":"LiquidMemories"}],"is_trial":false,"path_per_floor":["M","?","M","?","M","E","M","E","T","R","E","M","M","?","R","B"],"character_chosen":"IRONCLAD","items_purchased":[],"campfire_rested":0,"item_purchase_floors":[],"current_hp_per_floor":[74,44,49,49,55,61,67,73,73,73,75,75,75,82,82,0,0],"gold":243,"neow_bonus":"NOSTALGIA","is_daily":false,"chose_seed":false,"campfire_upgraded":1,"win_rate":0.0,"timestamp":1611407017,"path_taken":["M","?","?","?","M","E","M","E","T","R","E","M","M","?","R","BOSS"],"items_purchased_type":[],"build_version":"2020-12-22","purchased_purges":1,"victory":false,"max_hp_per_floor":[75,75,75,75,75,75,75,75,75,75,75,75,75,82,82,82,82],"relic_stats":{"counters":[10,35],"obtain_stats":[{"KeepersGift":0,"testmod-TestBox":0,"AT_ATBox":0,"DaveBox":0,"aspiration:Nostalgia":0,"DemoMod:GlassGuonStoneRelic":1,"AT_ArchangelStaff":6,"BloodBag":14,"Burning Blood":0,"Dota2Spire:MagicBottle":8,"testmod-Brilliant":0,"SynthV:TestCard":1,"EGODaCapo":0,"testmod-AssaultLearning":11,"PureWater":0,"HushsDoor":0,"ReplayTheSpireMod:Lightbulb":9,"FossilizedHelix":4,"REME_ComplimentaryCards":0,"BloodDonationMachine":0,"Pocketwatch":2},{"KeepersGift":0,"testmod-TestBox":0,"AT_ATBox":0,"DaveBox":0,"aspiration:Nostalgia":0,"DemoMod:GlassGuonStoneRelic":1,"AT_ArchangelStaff":4,"BloodBag":9,"Burning Blood":0,"Dota2Spire:MagicBottle":6,"testmod-Brilliant":0,"SynthV:TestCard":1,"EGODaCapo":0,"testmod-AssaultLearning":7,"PureWater":0,"HushsDoor":0,"ReplayTheSpireMod:Lightbulb":6,"FossilizedHelix":2,"REME_ComplimentaryCards":0,"BloodDonationMachine":0,"Pocketwatch":1},{"KeepersGift":0,"testmod-TestBox":0,"AT_ATBox":0,"DaveBox":0,"aspiration:Nostalgia":0,"DemoMod:GlassGuonStoneRelic":3,"AT_ArchangelStaff":10,"BloodBag":24,"Burning Blood":0,"Dota2Spire:MagicBottle":16,"testmod-Brilliant":0,"SynthV:TestCard":3,"EGODaCapo":0,"testmod-AssaultLearning":20,"PureWater":0,"HushsDoor":0,"ReplayTheSpireMod:Lightbulb":16,"FossilizedHelix":6,"REME_ComplimentaryCards":0,"BloodDonationMachine":0,"Pocketwatch":3}],"Burning Blood":38,"Pocketwatch":[45]},"card_choices":[{"not_picked":["Replay:Undeath\u0027s Touch","Pommel Strike","conspire:Charge"],"picked":"SKIP","floor":1.0},{"not_picked":["Hemokinesis","Wild Strike","Armaments","Clash"],"picked":"Inflame","floor":3.0},{"not_picked":["Anger","REME_SingleHolding","True Grit","conspire:ExplosiveBarrier","Havoc"],"picked":"SKIP","floor":5.0},{"not_picked":["Iron Wave","Searing Blow","Exhume","MostiFishMod:OrdinaryWorld"],"picked":"Bomb","floor":6.0},{"not_picked":["Reckless Charge","Bloodletting","Cleave","hubris:ReadiedAction","Shrug It Off"],"picked":"SKIP","floor":7.0},{"not_picked":["Power Through","Wild Strike","Havoc","Warcry"],"picked":"Burning Pact","floor":8.0},{"not_picked":["Wild Strike","AT_GerminateFire","Life Link","Clothesline","Evolve"],"picked":"SKIP","floor":11.0},{"not_picked":["Hemogenesis","Armaments","Clash","Anger","hubris:CleavingFinish"],"picked":"SKIP","floor":12.0},{"not_picked":["conspire:Charge","Thunderclap","Sword Boomerang","hubris:ReadiedAction","hubris:CleavingFinish"],"picked":"SKIP","floor":13.0}],"player_experience":1954803,"relics_obtained":[{"floor":1.0,"key":"SynthV:TestCard"},{"floor":2.0,"key":"Pocketwatch"},{"floor":6.0,"key":"AT_ArchangelStaff"},{"floor":8.0,"key":"Dota2Spire:MagicBottle"},{"floor":9.0,"key":"ReplayTheSpireMod:Lightbulb"},{"floor":11.0,"key":"testmod-AssaultLearning"}],"event_choices":[{"damage_healed":0.0,"max_hp_gain":0.0,"max_hp_loss":0.0,"gold_gain":0.0,"event_name":"给自己的盒子","player_choice":"Swap Relic","floor":4.0,"relics_lost":["EGODaCapo"],"gold_loss":0.0,"damage_taken":0.0,"relics_obtained":["FossilizedHelix"]}],"is_beta":false,"boss_relics":[],"items_purged_floors":[15],"is_endless":false,"potions_floor_spawned":[1,5,7,8],"killed_by":"Hexaghost","ascension_level":20}}