{"host":"Tuck","time":1611383681,"event":{"mods":["BaseMod","Minty Spire (QoL Compilation)","StSLib"],"gold_per_floor":[113,1,11,31,41,58,88,107,107,134,134,148,148,178,178,280,280,297,314,191,116,129,160,160,192,192,218,234,234,333,333,333,436,436,449,449,469,469,379,409,101,129,129,129,141,175,175,24,24,24,24,24,105,133,133],"floor_reached":56,"language":"ENG","playtime":3755,"items_purged":["Strike_G","Strike_G","Strike_G"],"score":1547,"play_id":"8c1d6fa6-389b-4c68-93b2-78ef240c6627","local_time":"20210122233441","is_ascension_mode":true,"campfire_choices":[{"data":"A Thousand Cuts","floor":11.0,"key":"SMITH"},{"data":"Dash","floor":13.0,"key":"SMITH"},{"data":"Cloak And Dagger","floor":15.0,"key":"SMITH"},{"data":"Well Laid Plans","floor":24.0,"key":"SMITH"},{"data":"Crippling Poison","floor":32.0,"key":"SMITH"},{"floor":44,"key":"RECALL"},{"data":"Wraith Form v2","floor":47,"key":"SMITH"},{"data":"Malaise","floor":49,"key":"SMITH"},{"data":"A Thousand Cuts","floor":52,"key":"SMITH"}],"circlet_count":0,"master_deck":["Defend_G","Defend_G","Defend_G","Defend_G","Defend_G","Survivor","Neutralize","A Thousand Cuts+1","Crippling Poison+1","Caltrops","Poisoned Stab","Deadly Poison","Calculated Gamble","Dash+1","Predator+1","Cloak And Dagger+1","Envenom","Malaise+1","Well Laid Plans+1","Cloak And Dagger","Wraith Form v2+1","Acrobatics+1","Bullet Time","Night Terror","A Thousand Cuts+1","Bullet Time","Dodge and Roll+1","Crippling Poison+1","Cloak And Dagger","Burst","Malaise","A Thousand Cuts","Noxious Fumes+1"],"relics":["Ring of the Snake","PreservedInsect","Molten Egg 2","Boot","Kunai","Snecko Eye","Darkstone Periapt","Incense Burner","Calipers","Bronze Scales","Enchiridion","SlaversCollar","WarpedTongs","Ninja Scroll","Regal Pillow","Gambling Chip","Akabeko","White Beast Statue","Prayer Wheel","OrangePellets","Snake Skull","Oddly Smooth Stone"],"acts_visited":["Exordium","TheCity","TheBeyond","TheEnding"],"potions_floor_usage":[42,45],"damage_taken":[{"damage":2.0,"enemies":"Cultist","floor":1.0,"turns":5.0},{"damage":0.0,"enemies":"2 Louse","floor":3.0,"turns":3.0},{"damage":2.0,"enemies":"Jaw Worm","floor":4.0,"turns":5.0},{"damage":4.0,"enemies":"Looter","floor":5.0,"turns":4.0},{"damage":0.0,"enemies":"Blue Slaver","floor":6.0,"turns":5.0},{"damage":8.0,"enemies":"Gremlin Nob","floor":7.0,"turns":4.0},{"damage":3.0,"enemies":"Gremlin Gang","floor":8.0,"turns":3.0},{"damage":0.0,"enemies":"3 Sentries","floor":10.0,"turns":5.0},{"damage":1.0,"enemies":"Exordium Thugs","floor":12.0,"turns":3.0},{"damage":5.0,"enemies":"Lagavulin","floor":14.0,"turns":5.0},{"damage":10.0,"enemies":"The Guardian","floor":16.0,"turns":10.0},{"damage":0.0,"enemies":"Spheric Guardian","floor":18.0,"turns":4.0},{"damage":0.0,"enemies":"Shell Parasite","floor":19.0,"turns":5.0},{"damage":2.0,"enemies":"Centurion and Healer","floor":22.0,"turns":7.0},{"damage":1.0,"enemies":"Gremlin Leader","floor":23.0,"turns":6.0},{"damage":3.0,"enemies":"Slavers","floor":25.0,"turns":3.0},{"damage":0.0,"enemies":"Gremlin Leader","floor":27.0,"turns":4.0},{"damage":0.0,"enemies":"Cultist and Chosen","floor":28.0,"turns":4.0},{"damage":8.0,"enemies":"Champ","floor":33.0,"turns":8.0},{"damage":0.0,"enemies":"3 Darklings","floor":35.0,"turns":3.0},{"damage":0.0,"enemies":"3 Shapes","floor":37.0,"turns":2.0},{"damage":0.0,"enemies":"Nemesis","floor":40.0,"turns":5.0},{"damage":9,"enemies":"Reptomancer","floor":42,"turns":4},{"damage":3,"enemies":"Transient","floor":45,"turns":5},{"damage":4,"enemies":"Nemesis","floor":46,"turns":4},{"damage":1,"enemies":"Awakened One","floor":50,"turns":12},{"damage":0,"enemies":"Shield and Spear","floor":54,"turns":5},{"damage":0,"enemies":"The Heart","floor":55,"turns":6}],"seed_played":"-8797816344535962044","potions_obtained":[{"floor":1.0,"key":"Poison Potion"},{"floor":5.0,"key":"Fire Potion"},{"floor":12.0,"key":"Energy Potion"},{"floor":14.0,"key":"DuplicationPotion"},{"floor":42,"key":"Fruit Juice"},{"floor":45,"key":"LiquidBronze"},{"floor":54,"key":"PowerPotion"}],"is_trial":false,"path_per_floor":["M","$","M","M","M","M","E","M","T","E","R","M","R","E","R","B",null,"M","M","$","?","M","E","R","E","T","E","M","?","?","T","R","B",null,"M","?","M","T","?","E","$","E","T","R","M","E","R","$","R","B",null,"R","$","E","B",null],"character_chosen":"THE_SILENT","items_purchased":["Caltrops","Cloak And Dagger","Gambling Chip","Cloak And Dagger","Burst","Malaise","A Thousand Cuts","Snake Skull"],"campfire_rested":0,"item_purchase_floors":[2,20,41,48,53,53,53,53],"current_hp_per_floor":[68,68,68,66,62,62,54,51,51,51,51,50,50,45,45,35,70,70,70,70,70,68,67,67,64,64,64,64,48,48,48,48,40,70,70,76,76,76,76,91,91,82,82,82,84,80,80,80,80,79,96,96,96,96,96],"gold":133,"neow_bonus":"ONE_RANDOM_RARE_CARD","is_daily":false,"chose_seed":false,"campfire_upgraded":8,"win_rate":0.0,"timestamp":1611383681,"path_taken":["M","$","M","M","M","M","E","M","T","E","R","M","R","E","R","BOSS","M","M","$","?","M","E","R","E","T","E","M","?","?","?","R","BOSS","M","?","?","?","?","E","$","E","T","R","?","E","R","?","R","BOSS","R","$","E","BOSS"],"items_purchased_type":["Card","Card","Relic","Card","Card","Card","Card","Relic"],"build_version":"2020-12-18","purchased_purges":3,"victory":true,"max_hp_per_floor":[70,70,70,70,70,70,70,70,70,70,70,70,70,70,70,70,70,70,70,70,70,70,70,70,70,70,70,70,70,70,70,70,70,70,70,76,76,76,76,91,91,91,91,91,96,96,96,96,96,96,96,96,96,96,96],"card_choices":[{"not_picked":["Underhanded Strike","Masterful Stab"],"picked":"Crippling Poison","floor":1.0},{"not_picked":["Terror","Eviscerate","Underhanded Strike"],"picked":"SKIP","floor":3.0},{"not_picked":["Acrobatics","Dodge and Roll"],"picked":"Poisoned Stab","floor":4.0},{"not_picked":["Storm of Steel","Finisher"],"picked":"Deadly Poison","floor":5.0},{"not_picked":["Cloak And Dagger","Terror"],"picked":"Calculated Gamble","floor":6.0},{"not_picked":["Quick Slash","Underhanded Strike","Bane"],"picked":"SKIP","floor":7.0},{"not_picked":["Dagger Throw","Dodge and Roll"],"picked":"Dash","floor":8.0},{"not_picked":["Quick Slash+1","Calculated Gamble"],"picked":"Predator+1","floor":10.0},{"not_picked":["Reflex","Outmaneuver"],"picked":"Cloak And Dagger","floor":12.0},{"not_picked":["Flying Knee+1","PiercingWail"],"picked":"Envenom","floor":14.0},{"not_picked":["Tools of the Trade","Burst"],"picked":"Malaise","floor":16.0},{"not_picked":["Slice+1","Sucker Punch+1","Well Laid Plans"],"picked":"SKIP","floor":18.0},{"not_picked":["Slice+1","Sucker Punch+1"],"picked":"Well Laid Plans","floor":18.0},{"not_picked":["All Out Attack+1","Poisoned Stab+1","Dodge and Roll"],"picked":"SKIP","floor":19.0},{"not_picked":["Backflip","Blur"],"picked":"Wraith Form v2","floor":22.0},{"not_picked":["Terror","Underhanded Strike+1"],"picked":"Acrobatics","floor":23.0},{"not_picked":["Cloak And Dagger","Underhanded Strike+1","Deflect+1"],"picked":"SKIP","floor":25.0},{"not_picked":["Concentrate","Eviscerate+1"],"picked":"Bullet Time","floor":27.0},{"not_picked":["Concentrate+1","Flying Knee+1","Underhanded Strike+1"],"picked":"SKIP","floor":28.0},{"not_picked":["Adrenaline","Burst"],"picked":"Night Terror","floor":33.0},{"not_picked":["Underhanded Strike+1","Bane+1","Prepared"],"picked":"SKIP","floor":35.0},{"not_picked":["Finisher+1","Outmaneuver","Dagger Throw+1"],"picked":"SKIP","floor":37.0},{"not_picked":["Flechettes+1","Dagger Spray+1"],"picked":"A Thousand Cuts","floor":40.0},{"not_picked":["Dagger Spray+1","Backflip"],"picked":"Bullet Time","floor":42},{"not_picked":["Expertise+1","Sucker Punch+1"],"picked":"Dodge and Roll+1","floor":45},{"not_picked":["Blade Dance","PiercingWail"],"picked":"Crippling Poison+1","floor":46},{"not_picked":["Quick Slash+1","Distraction+1"],"picked":"Noxious Fumes+1","floor":54}],"player_experience":2264103,"relics_obtained":[{"floor":7.0,"key":"PreservedInsect"},{"floor":9.0,"key":"Molten Egg 2"},{"floor":10.0,"key":"Boot"},{"floor":14.0,"key":"Kunai"},{"floor":23.0,"key":"Darkstone Periapt"},{"floor":25.0,"key":"Incense Burner"},{"floor":26.0,"key":"Calipers"},{"floor":27.0,"key":"Bronze Scales"},{"floor":29.0,"key":"Enchiridion"},{"floor":38.0,"key":"Ninja Scroll"},{"floor":40.0,"key":"Regal Pillow"},{"floor":42,"key":"Akabeko"},{"floor":43,"key":"White Beast Statue"},{"floor":46,"key":"Prayer Wheel"},{"floor":54,"key":"Oddly Smooth Stone"}],"event_choices":[{"cards_removed":["Strike_G"],"damage_healed":0.0,"max_hp_gain":0.0,"max_hp_loss":0.0,"gold_gain":0.0,"event_name":"Beggar","player_choice":"Gave Gold","floor":21.0,"gold_loss":75.0,"damage_taken":0.0},{"damage_healed":0.0,"max_hp_gain":0.0,"max_hp_loss":0.0,"gold_gain":0.0,"event_name":"Cursed Tome","player_choice":"Obtained Book","floor":29.0,"gold_loss":0.0,"damage_taken":16.0},{"damage_healed":0.0,"max_hp_gain":0.0,"max_hp_loss":0.0,"gold_gain":99.0,"event_name":"Nest","player_choice":"Stole From Cult","floor":30.0,"gold_loss":0.0,"damage_taken":0.0},{"damage_healed":0.0,"max_hp_gain":0.0,"max_hp_loss":0.0,"gold_gain":0.0,"event_name":"Accursed Blacksmith","player_choice":"Rummage","floor":36.0,"gold_loss":0.0,"damage_taken":0.0,"relics_obtained":["WarpedTongs"],"cards_obtained":["Pain"]},{"cards_removed":["Strike_G"],"damage_healed":0.0,"max_hp_gain":0.0,"max_hp_loss":0.0,"gold_gain":0.0,"event_name":"Designer","player_choice":"Upgrade and Remove","floor":39.0,"gold_loss":90.0,"damage_taken":0.0,"cards_upgraded":["Acrobatics"]}],"is_beta":true,"boss_relics":[{"not_picked":["HoveringKite","Tiny House"],"picked":"Snecko Eye"},{"not_picked":["Velvet Choker","Runic Dome"],"picked":"SlaversCollar"}],"items_purged_floors":[2,20,48],"is_endless":false,"potions_floor_spawned":[1,5,12,14,18,28,33,35,42,45,46,54],"ascension_level":1}}