{"host":"qekv59dthhdg54sz","time":1611427608,"event":{"mods":["AchievementEnabler","BaseMod","Colored Map","DeckTracker","KOR Keyword Fix","Minty Spire (QoL Compilation)","Rare Cards Sparkle","StSLib","SuperFastMode"],"gold_per_floor":[111,111,29,39,39,39,69,69,69,69,79,104,82,7,7,84,84,97,97,147,197,97,97,127,127,127,142,142,142],"floor_reached":28,"language":"KOR","playtime":497,"items_purged":["Pain","Strike_B"],"score":534,"play_id":"19a59247-a066-4a77-867a-806c60adf866","local_time":"20210124034648","is_ascension_mode":true,"campfire_choices":[{"data":"Zap","floor":6,"key":"SMITH"},{"data":"Dualcast","floor":8,"key":"SMITH"},{"data":"Capacitor","floor":10,"key":"SMITH"},{"data":"Turbo","floor":15,"key":"SMITH"},{"floor":23,"key":"REST"},{"floor":25,"key":"REST"}],"circlet_count":0,"master_deck":["AscendersBane","Strike_B","Strike_B","Strike_B","Defend_B","Defend_B","Defend_B","Defend_B","Zap+1","Dualcast+1","Gash","Conserve Battery","Cold Snap","Capacitor+1","Chill","Turbo+1","Skim","Rainbow","Chaos","Defragment","Skim","Coolheaded"],"relics":["Cracked Core","NeowsBlessing","WarpedTongs","StoneCalendar","Bottled Lightning","Lantern","Inserter","Akabeko","Cables"],"acts_visited":["Exordium","TheCity"],"potions_floor_usage":[12,13,16,24,28],"damage_taken":[{"damage":0,"enemies":"Small Slimes","floor":1,"turns":1},{"damage":0,"enemies":"Cultist","floor":4,"turns":1},{"damage":0,"enemies":"Gremlin Nob","floor":7,"turns":1},{"damage":4,"enemies":"2 Louse","floor":11,"turns":3},{"damage":9,"enemies":"Lagavulin","floor":12,"turns":7},{"damage":7,"enemies":"Exordium Thugs","floor":13,"turns":5},{"damage":25,"enemies":"Slime Boss","floor":16,"turns":7},{"damage":29,"enemies":"Shell Parasite","floor":18,"turns":7},{"damage":75,"enemies":"Slavers","floor":24,"turns":7},{"damage":14,"enemies":"Chosen","floor":27,"turns":7},{"damage":19,"enemies":"Snake Plant","floor":28,"turns":2}],"seed_played":"-8068440253344473750","potions_obtained":[{"floor":2,"key":"FocusPotion"},{"floor":2,"key":"CultistPotion"},{"floor":12,"key":"LiquidMemories"},{"floor":13,"key":"FairyPotion"},{"floor":16,"key":"Explosive Potion"},{"floor":18,"key":"PowerPotion"},{"floor":27,"key":"AttackPotion"}],"is_trial":false,"path_per_floor":["M","?","$","M","?","R","E","R","T","R","M","E","M","$","R","B",null,"M","?","?","?","$","R","E","R","T","M","M"],"character_chosen":"DEFECT","items_purchased":["Conserve Battery","Cold Snap"],"campfire_rested":2,"item_purchase_floors":[3,3],"current_hp_per_floor":[64,64,64,64,64,64,64,64,64,64,60,51,44,44,44,19,58,29,29,29,29,29,50,6,27,27,13,0,0],"gold":142,"neow_bonus":"THREE_ENEMY_KILL","is_daily":false,"chose_seed":false,"campfire_upgraded":4,"win_rate":0.0,"timestamp":1611427608,"path_taken":["M","?","$","?","?","R","E","R","T","R","M","E","M","?","R","BOSS","M","?","?","?","$","R","E","R","T","M","?"],"items_purchased_type":["Card","Card"],"build_version":"2020-12-22","purchased_purges":2,"victory":false,"max_hp_per_floor":[71,71,71,71,71,71,71,71,71,71,71,71,71,71,71,71,71,71,71,71,71,71,71,71,71,71,71,71,71],"card_choices":[{"not_picked":["Conserve Battery","Blizzard"],"picked":"Gash","floor":1},{"not_picked":["Gash","Blizzard"],"picked":"Capacitor","floor":4},{"not_picked":["Go for the Eyes","Turbo"],"picked":"Chill","floor":7},{"not_picked":["Capacitor","Steam Power","Cold Snap"],"picked":"SKIP","floor":11},{"not_picked":["Gash","Doom and Gloom"],"picked":"Turbo","floor":12},{"not_picked":["Cold Snap","Tempest"],"picked":"Skim","floor":13},{"not_picked":["Multi-Cast","Buffer"],"picked":"Rainbow","floor":16},{"not_picked":["FTL","Leap"],"picked":"Chaos","floor":18},{"not_picked":["Capacitor+1","Sweeping Beam"],"picked":"Skim","floor":24},{"not_picked":["Heatsinks","Turbo"],"picked":"Coolheaded","floor":27}],"player_experience":816192,"relics_obtained":[{"floor":7,"key":"StoneCalendar"},{"floor":9,"key":"Bottled Lightning"},{"floor":12,"key":"Lantern"},{"floor":24,"key":"Akabeko"},{"floor":26,"key":"Cables"}],"event_choices":[{"damage_healed":0,"gold_gain":0,"player_choice":"Got Potions","damage_taken":0,"max_hp_gain":0,"max_hp_loss":0,"event_name":"Lab","floor":2,"gold_loss":0},{"damage_healed":0,"gold_gain":0,"player_choice":"Rummage","damage_taken":0,"relics_obtained":["WarpedTongs"],"max_hp_gain":0,"max_hp_loss":0,"event_name":"Accursed Blacksmith","floor":5,"gold_loss":0,"cards_obtained":["Pain"]},{"damage_healed":0,"gold_gain":0,"player_choice":"Read","damage_taken":0,"max_hp_gain":0,"max_hp_loss":0,"event_name":"The Library","floor":19,"gold_loss":0,"cards_obtained":["Defragment"]},{"damage_healed":0,"gold_gain":50,"player_choice":"Stole From Cult","damage_taken":0,"max_hp_gain":0,"max_hp_loss":0,"event_name":"Nest","floor":20,"gold_loss":0},{"damage_healed":0,"gold_gain":100,"player_choice":"Bet on Murderer","damage_taken":0,"max_hp_gain":0,"max_hp_loss":0,"event_name":"The Joust","floor":21,"gold_loss":50}],"is_beta":false,"boss_relics":[{"not_picked":["Coffee Dripper","Philosopher\u0027s Stone"],"picked":"Inserter"}],"items_purged_floors":[14,22],"is_endless":false,"potions_floor_spawned":[11,12,13,16,18,27],"killed_by":"Snake Plant","ascension_level":20}}