{"host":"1bf4lopb4xlrny0j","time":1611379415,"event":{"mods":["100% Spire Juice","Act Like it!","Astrologer","Bard","BaseMod","CapriCore","Chen","Colored Powertips","Gensokyo","Hubris","Koishi","Marisa£®ÏF”Í°°ƒß¿Ì…≥£©","Minty Spire (QoL Compilation)","Pale of the Ancients","Reimu£®≤©¿ˆ¡È√Œ£©","Remilia£®¿Ÿ√◊¿Ú—«£©","Spicy Shops","StSLib","The Administrix","The Gatherer","The Immortal","The Mystic","The Runesmith","The Servant 0.9.4","Yakumo Yukari mod","Youmu£®ªÍ∆«—˝√Œ£©","Yuyuko"],"gold_per_floor":[110,127,127,141,156,186,186,206,206,206,225,232,23,33,33,133,133,143,143,153,175,125,156,181,6,6,6,29,52,91,91,91,91,91],"floor_reached":33,"language":"ZHS","playtime":1737,"items_purged":["Snipe+1","Strike_S"],"score":384,"play_id":"3b0d6466-fc98-4727-aa4c-c27be9884957","local_time":"20210123132335","is_ascension_mode":false,"campfire_choices":[{"data":"DoubleEdge","floor":7.0,"key":"SMITH"},{"data":"SoulSculpture","floor":10.0,"key":"SMITH"},{"floor":15,"key":"REST"},{"data":"Unruled","floor":27,"key":"SMITH"},{"floor":32,"key":"REST"}],"circlet_count":0,"master_deck":["Strike_S","Strike_S","Strike_S","Defend_S","Defend_S+1","Defend_S","Defend_S","KidneyShot+1","Exchange+1","Unruled+1","DoubleEdge+1","SoulSculpture+1","DoubleEdge+1","TimeWarp+1","Unruled+1","hubris:Greed","BestPractice+1"],"relics":["Uniform","hubris:Towel","AntiCross","Letter Opener","hubris:Metronome","HandDrill","Molten Egg 2","Empty Cage","Ancient Tea Set","Calipers","Ornamental Fan","War Paint","Singing Bowl"],"acts_visited":["Gensokyo:Gensokyo","Gensokyo:Gensokyoer"],"potions_floor_usage":[14,18,29,30,33],"damage_taken":[{"damage":1.0,"enemies":"Gensokyo:2_Kodama","floor":1.0,"turns":4.0},{"damage":2.0,"enemies":"Gensokyo:Gryphon","floor":2.0,"turns":4.0},{"damage":0.0,"enemies":"Gensokyo:3_Fairies","floor":4.0,"turns":4.0},{"damage":0.0,"enemies":"Gensokyo:VengefulSpirit","floor":5.0,"turns":2.0},{"damage":40.0,"enemies":"Gensokyo:Cirno","floor":6.0,"turns":8.0},{"damage":5.0,"enemies":"Gensokyo:Gryphon_and_Rabbit","floor":8.0,"turns":3.0},{"damage":0.0,"enemies":"Gensokyo:LivingMonolith","floor":11.0,"turns":2.0},{"damage":0.0,"enemies":"Gensokyo:Aya","floor":12.0,"turns":2.0},{"damage":12,"enemies":"Gensokyo:Cirno","floor":14,"turns":6},{"damage":14,"enemies":"Gensokyo:Kokoro","floor":16,"turns":4},{"damage":6,"enemies":"Gensokyo:CosmicMonolith","floor":18,"turns":2},{"damage":10,"enemies":"Gensokyo:AngelMirror","floor":20,"turns":2},{"damage":0,"enemies":"Gensokyo:Chomper_and_Gloop","floor":21,"turns":3},{"damage":0,"enemies":"Gensokyo:Koishi","floor":23,"turns":2},{"damage":19,"enemies":"Gensokyo:Wraith","floor":24,"turns":3},{"damage":13,"enemies":"Gensokyo:Slime_Group","floor":28,"turns":2},{"damage":6,"enemies":"Gensokyo:Monolith_and_Dog","floor":29,"turns":2},{"damage":4,"enemies":"Gensokyo:Reisen","floor":30,"turns":3},{"damage":57,"enemies":"Gensokyo:Eiki","floor":33,"turns":4}],"seed_played":"-6942355835024353278","potions_obtained":[{"floor":2.0,"key":"Swift Potion"},{"floor":5.0,"key":"PowerPotion"},{"floor":8.0,"key":"FearPotion"},{"floor":11.0,"key":"SteroidPotion"},{"floor":12.0,"key":"DistilledChaos"},{"floor":18,"key":"Fruit Juice"},{"floor":23,"key":"Block Potion"},{"floor":29,"key":"Regen Potion"}],"is_trial":false,"path_per_floor":["M","M","?","M","M","E","R","M","T","R","M","E","COS","E","R","B",null,"M","?","M","M","?","E","M","$","T","R","M","M","E","?","R","B"],"character_chosen":"THE_SERVANT","items_purchased":[],"campfire_rested":2,"item_purchase_floors":[],"current_hp_per_floor":[64,62,62,62,62,22,22,17,17,17,17,17,17,5,24,10,65,64,64,54,54,61,61,42,42,42,42,29,23,28,28,49,0,0],"gold":91,"neow_bonus":"UPGRADE_CARD","is_daily":false,"chose_seed":false,"campfire_upgraded":3,"win_rate":0.0,"timestamp":1611379415,"path_taken":["M","M","?","M","M","E","R","M","T","R","M","E","COS","E","R","BOSS","M","?","?","M","?","E","M","$","T","R","?","M","E","?","R","BOSS"],"items_purchased_type":[],"build_version":"2020-12-22","purchased_purges":2,"victory":false,"max_hp_per_floor":[65,65,65,65,65,65,65,65,65,65,65,65,65,65,65,65,65,70,70,70,70,77,77,77,77,77,77,77,77,77,71,71,71,71],"card_choices":[{"not_picked":["ShatteredReality","Gouge"],"picked":"Unruled","floor":1.0},{"not_picked":["Reset","Rearm","Potential"],"picked":"SKIP","floor":2.0},{"not_picked":["Rearm","FastForward"],"picked":"DoubleEdge","floor":4.0},{"not_picked":["FastForward","Foresight"],"picked":"Duplication","floor":5.0},{"not_picked":["Rearm","Shuttle"],"picked":"Revamp","floor":6.0},{"not_picked":["TimeWarp","Read"],"picked":"SoulSculpture","floor":8.0},{"not_picked":["ReturningBlade","Revamp","TimeWarp"],"picked":"SKIP","floor":11.0},{"not_picked":["Starlight","ShiftingGears","Barrier"],"picked":"SKIP","floor":12.0},{"not_picked":["FastForward","Starlight+1"],"picked":"DoubleEdge+1","floor":14},{"not_picked":["FastForward","Gouge+1"],"picked":"TimeWarp+1","floor":18},{"not_picked":["FastForward","ShatteredReality+1"],"picked":"Unruled+1","floor":20},{"not_picked":["BottledTime","Ricochet+1"],"picked":"Snipe+1","floor":21},{"not_picked":["Luminosity","Potential+1","ShiftingGears+1"],"picked":"SKIP","floor":23},{"not_picked":["Rearm+1","Potential+1","WasteNot"],"picked":"SKIP","floor":24},{"not_picked":["SpecialFormula","Barrier"],"picked":"BestPractice+1","floor":28},{"not_picked":["Sabotage+1","Collapse+1","ForgedInTime"],"picked":"SKIP","floor":29},{"not_picked":["Moondial+1","Revamp","Potential+1"],"picked":"SKIP","floor":30}],"player_experience":280406,"relics_obtained":[{"floor":6.0,"key":"AntiCross"},{"floor":9.0,"key":"Letter Opener"},{"floor":12.0,"key":"hubris:Metronome"},{"floor":14,"key":"Molten Egg 2"},{"floor":23,"key":"Calipers"},{"floor":26,"key":"Ornamental Fan"},{"floor":30,"key":"War Paint"}],"event_choices":[],"is_beta":false,"boss_relics":[{"not_picked":["hubris:CrackedHourglass","Astrolabe"],"picked":"Empty Cage"}],"items_purged_floors":[25,25],"is_endless":false,"potions_floor_spawned":[2,5,8,11,12,18,23,28,29],"killed_by":"Gensokyo:Eiki","ascension_level":0}}