{"host":"r6ixdbpnwahtqyu3","time":1611374215,"event":{"mods":["BaseMod","CapriCore","Colored Map","Friendly Minions","Koishi","Marisa（霧雨　魔理沙）","Minty Spire (QoL Compilation)","Remilia（蕾米莉?）","StSLib","The Immortal","The Servant 0.9.4"],"gold_per_floor":[119,219,236,255,269,300,300,329,329,329,340,340,372,390,390,487,487,498,423,442,28,41,76,76,104,152,186,186,217,217,217,217,334,334,344,355,365,375,395,423,423,437,463,498,498,518,545,563,563,563,563,563,43,77,77],"floor_reached":56,"language":"ENG","playtime":4284,"items_purged":["Defend_RM"],"score":1686,"play_id":"04cab732-9841-4ecb-8442-f7b9e1b730a7","local_time":"20210122225655","is_ascension_mode":true,"campfire_choices":[{"data":"Maim","floor":7,"key":"SMITH"},{"data":"Maim","floor":10,"key":"SMITH"},{"data":"ScarletImprint","floor":12,"key":"SMITH"},{"data":"RedMoon","floor":15,"key":"SMITH"},{"data":"TransientEternity","floor":28,"key":"SMITH"},{"data":"ScarletCoffin","floor":30,"key":"SMITH"},{"data":"ForecastOfChange","floor":32,"key":"SMITH"},{"floor":45,"key":"RECALL"},{"floor":49,"key":"REST"},{"data":"ScarletShoot","floor":52,"key":"SMITH"}],"circlet_count":0,"master_deck":["Strike_RM+1","Strike_RM+1","Strike_RM+1","Defend_RM+1","Defend_RM+1","Defend_RM+1","RedMoon+1","ScarletShoot+1","ForecastOfChange+1","HunterOfTheNight+1","Maim+1","Maim+1","ScarletImprint+1","ScarletCoffin+1","StarOfDavid+1","VampireFantasy+1","TransientEternity+1","ForecastOfChange+1","BatForm+1","GlobalNightmare+1","ForecastOfChange+1","MiserableFate+1"],"relics":["ScarletHat","Meat on the Bone","MealTicket","War Paint","HornCleat","Sozu","Gremlin Horn","Toxic Egg 2","Chemical X","Whetstone","Enchiridion","RedBat","Letter Opener","Omamori","Incense Burner","Blood Vial","Anchor","ScarletEmblem","Shuriken","Oddly Smooth Stone","Bottled Tornado","Juzu Bracelet","Pantograph","Gambling Chip","DollysMirror","Thread and Needle"],"acts_visited":["Exordium","TheCity","TheBeyond","TheEnding"],"potions_floor_usage":[8,23,33,33],"damage_taken":[{"damage":0,"enemies":"Small Slimes","floor":1,"turns":3},{"damage":0,"enemies":"Cultist","floor":3,"turns":2},{"damage":0,"enemies":"Jaw Worm","floor":4,"turns":5},{"damage":0,"enemies":"Large Slime","floor":5,"turns":5},{"damage":29,"enemies":"Lagavulin","floor":6,"turns":12},{"damage":12,"enemies":"Gremlin Nob","floor":8,"turns":6},{"damage":0,"enemies":"Blue Slaver","floor":11,"turns":5},{"damage":4,"enemies":"3 Sentries","floor":13,"turns":8},{"damage":9,"enemies":"2 Fungi Beasts","floor":14,"turns":5},{"damage":29,"enemies":"Slime Boss","floor":16,"turns":12},{"damage":0,"enemies":"3 Byrds","floor":18,"turns":9},{"damage":0,"enemies":"2 Thieves","floor":20,"turns":4},{"damage":8,"enemies":"Snake Plant","floor":22,"turns":5},{"damage":23,"enemies":"Gremlin Leader","floor":23,"turns":6},{"damage":11,"enemies":"Slavers","floor":25,"turns":10},{"damage":15,"enemies":"Gremlin Leader","floor":27,"turns":7},{"damage":26,"enemies":"Book of Stabbing","floor":29,"turns":7},{"damage":49,"enemies":"Champ","floor":33,"turns":8},{"damage":0,"enemies":"3 Shapes","floor":35,"turns":6},{"damage":0,"enemies":"3 Darklings","floor":36,"turns":5},{"damage":0,"enemies":"Sphere and 2 Shapes","floor":37,"turns":5},{"damage":8,"enemies":"Transient","floor":38,"turns":5},{"damage":8,"enemies":"Writhing Mass","floor":39,"turns":4},{"damage":8,"enemies":"Nemesis","floor":40,"turns":5},{"damage":0,"enemies":"3 Darklings","floor":42,"turns":3},{"damage":0,"enemies":"Giant Head","floor":44,"turns":5},{"damage":0,"enemies":"Maw","floor":46,"turns":5},{"damage":0,"enemies":"Nemesis","floor":47,"turns":6},{"damage":0,"enemies":"Jaw Worm Horde","floor":48,"turns":6},{"damage":9,"enemies":"Donu and Deca","floor":50,"turns":6},{"damage":0,"enemies":"Shield and Spear","floor":54,"turns":6},{"damage":117,"enemies":"The Heart","floor":55,"turns":8}],"seed_played":"-7880489990529505279","potions_obtained":[{"floor":3,"key":"LiquidMemories"},{"floor":6,"key":"Block Potion"},{"floor":11,"key":"Swift Potion"},{"floor":13,"key":"SkillPotion"}],"is_trial":false,"path_per_floor":["M","?","M","M","M","E","R","E","T","R","M","R","E","M","R","B",null,"M","?","M","$","M","E","?","E","T","E","R","E","R","T","R","B",null,"M","M","M","M","M","E","?","M","T","E","R","M","E","M","R","B",null,"R","$","E","B",null],"character_chosen":"REMILIA","items_purchased":["Toxic Egg 2","Chemical X","Gambling Chip","DollysMirror"],"campfire_rested":1,"item_purchase_floors":[21,21,53,53],"current_hp_per_floor":[75,75,75,75,75,49,49,49,49,49,51,51,51,45,45,46,68,68,68,75,75,70,53,37,48,48,61,61,58,58,58,58,57,71,75,75,75,75,75,70,70,75,75,75,75,75,75,75,75,75,75,75,75,75,72],"gold":77,"neow_bonus":"ONE_RANDOM_RARE_CARD","is_daily":false,"chose_seed":false,"campfire_upgraded":8,"win_rate":0.0,"timestamp":1611374215,"path_taken":["M","?","M","M","?","E","R","E","T","R","M","R","E","M","R","BOSS","M","?","M","$","M","E","?","E","T","E","R","E","R","?","R","BOSS","M","M","M","M","M","E","?","M","T","E","R","?","E","M","R","BOSS","R","$","E","BOSS"],"items_purchased_type":["Relic","Relic","Relic","Relic"],"build_version":"2020-12-22","purchased_purges":1,"victory":true,"max_hp_per_floor":[75,75,75,75,75,75,75,75,75,75,75,75,75,75,75,75,75,75,75,75,75,75,75,75,75,75,75,75,75,75,75,75,75,75,75,75,75,75,75,75,75,75,75,75,75,75,75,75,75,75,75,75,75,75,75],"card_choices":[{"not_picked":["VampireKiss","Stigmanizer"],"picked":"HunterOfTheNight","floor":1},{"not_picked":["UnderTheZenith","DiffusionOfMisfortune","ScarletGensokyo"],"picked":"SKIP","floor":3},{"not_picked":["RedRainbow","LeisurelyOfLord","UnderTheZenith"],"picked":"SKIP","floor":4},{"not_picked":["EmergencyRegeneration","BloodHunter"],"picked":"Maim","floor":5},{"not_picked":["Septette","LeisurelyOfLord"],"picked":"Maim","floor":6},{"not_picked":["BombardNight","ChaoticDestiny"],"picked":"ScarletImprint","floor":8},{"not_picked":["CharismaGuard","Septette","AfternoonTea"],"picked":"SKIP","floor":11},{"not_picked":["ScarletDream","FavorOfDestiny","BlasphemousPunishment"],"picked":"SKIP","floor":13},{"not_picked":["NightDance","StarOfDavid","ChainGang"],"picked":"SKIP","floor":14},{"not_picked":["ScarletMeister","BatForm"],"picked":"ScarletCoffin","floor":16},{"not_picked":["Stigmanizer","BlasphemousPunishment","Maim"],"picked":"SKIP","floor":18},{"not_picked":["FavorOfDestiny","DiffusionOfMisfortune"],"picked":"StarOfDavid","floor":20},{"not_picked":["VampireKiss","ScarletNetherworld","BloodyTrap+1"],"picked":"SKIP","floor":22},{"not_picked":["Septette+1","VampireClaw"],"picked":"VampireFantasy+1","floor":23},{"not_picked":["UnstableMagic+1","DiffusionOfMisfortune+1","VampireKiss"],"picked":"SKIP","floor":25},{"not_picked":["UnstableMagic+1","DiffusionOfMisfortune"],"picked":"TransientEternity","floor":27},{"not_picked":["ScarletImprint","NightDance+1","Maim+1"],"picked":"SKIP","floor":29},{"not_picked":["TricksterDevil","HellCatastrophe"],"picked":"ForecastOfChange","floor":33},{"not_picked":["CharismaGuard+1","ScarletDevil+1","TwelveNightmare+1"],"picked":"SKIP","floor":35},{"not_picked":["VampirishNight+1","FavorOfDestiny+1","ReincarnationDial+1"],"picked":"SKIP","floor":36},{"not_picked":["BombardNight","BloodyTrap+1","RedRainbow"],"picked":"SKIP","floor":37},{"not_picked":["DiffusionOfMisfortune","BombardNight","NightDance+1"],"picked":"SKIP","floor":38},{"not_picked":["BloodHunter+1","Stigmanizer+1","BlasphemousPunishment+1"],"picked":"SKIP","floor":39},{"not_picked":["FavorOfDestiny+1","UnderTheZenith+1"],"picked":"BatForm","floor":40},{"not_picked":["ScarletImprint+1","TwelveNightmare","RedMagic+1"],"picked":"SKIP","floor":42},{"not_picked":["UltimateOffering+1","UnderTheZenith+1","ScarletNetherworld+1"],"picked":"SKIP","floor":44},{"not_picked":["RedNightlessCastle+1","UnstableMagic+1","NightDance+1"],"picked":"SKIP","floor":46},{"not_picked":["BombardNight+1","KillingBlow","BloodHunter+1"],"picked":"SKIP","floor":47},{"not_picked":["ForbiddenFruit+1","Ultimatum"],"picked":"GlobalNightmare+1","floor":48},{"not_picked":["UnderTheZenith+1","VampireFantasy+1"],"picked":"MiserableFate+1","floor":54}],"player_experience":390972,"relics_obtained":[{"floor":6,"key":"Meat on the Bone"},{"floor":8,"key":"MealTicket"},{"floor":9,"key":"War Paint"},{"floor":13,"key":"HornCleat"},{"floor":18,"key":"Gremlin Horn"},{"floor":23,"key":"Whetstone"},{"floor":24,"key":"Enchiridion"},{"floor":25,"key":"RedBat"},{"floor":25,"key":"Letter Opener"},{"floor":26,"key":"Omamori"},{"floor":27,"key":"Incense Burner"},{"floor":29,"key":"Blood Vial"},{"floor":33,"key":"Anchor"},{"floor":40,"key":"Shuriken"},{"floor":43,"key":"Oddly Smooth Stone"},{"floor":44,"key":"Bottled Tornado"},{"floor":47,"key":"Juzu Bracelet"},{"floor":48,"key":"Pantograph"},{"floor":54,"key":"Thread and Needle"}],"event_choices":[{"damage_healed":0,"gold_gain":100,"player_choice":"Gold","damage_taken":0,"max_hp_gain":0,"max_hp_loss":0,"event_name":"Wheel of Change","floor":2,"gold_loss":0},{"cards_removed":["Strike_RM"],"damage_healed":0,"gold_gain":0,"player_choice":"Gave Gold","damage_taken":0,"max_hp_gain":0,"max_hp_loss":0,"event_name":"Beggar","floor":19,"gold_loss":75},{"damage_healed":0,"gold_gain":0,"player_choice":"Obtained Book","damage_taken":16,"max_hp_gain":0,"max_hp_loss":0,"event_name":"Cursed Tome","floor":24,"gold_loss":0},{"damage_healed":0,"gold_gain":0,"player_choice":"Ignored","damage_taken":0,"max_hp_gain":0,"max_hp_loss":0,"event_name":"SecretPortal","floor":41,"gold_loss":0}],"is_beta":false,"boss_relics":[{"not_picked":["Astrolabe","Runic Dome"],"picked":"Sozu"},{"not_picked":["APieceOfRedMist","Pandora\u0027s Box"],"picked":"ScarletEmblem"}],"items_purged_floors":[53],"is_endless":false,"potions_floor_spawned":[3,6,11,13,18,23,25,29,36,38,39,46,47,48,54],"ascension_level":5}}