{"host":"i12146r8rqb6k94u","time":1611403104,"event":{"mods":["Astrologer","BaseMod","Beaked The Cultist","CapriCore","Colored Powertips","GifTheSpireLib","Hero for Fun","Highlight Path","Ironclad Rager","Lobotomy","LobotomyExtend","Minty Spire (QoL Compilation)","Quick Restart","StSLib","The Cursed","The Immortal","Waifu the Spire"],"gold_per_floor":[366,366,385,74,91,91,149,182,208,208,219,236,79,90,90,185,185,202,219,144,158,158,158,189,189,189,199,499,599,599,164,164,264,264,280,135,150,0,0,0,18,29,29,56,106,135,155,190,190,190],"floor_reached":51,"language":"JPN","playtime":2463,"items_purged":[],"score":915,"play_id":"da9ca89e-79f7-47ab-9155-7486b7accebd","local_time":"20210123205824","is_ascension_mode":true,"campfire_choices":[{"floor":6,"key":"REST"},{"data":"TheCursedMod:NeowsMight","floor":10,"key":"SMITH"},{"data":"TheCursedMod:HellfireBreathing","floor":15,"key":"SMITH"},{"floor":23,"key":"REST"},{"data":"1","floor":25,"key":"LIFT"},{"data":"2","floor":30,"key":"LIFT"},{"data":"3","floor":32,"key":"LIFT"},{"data":"TheCursedMod:NeowsMight","floor":40,"key":"SMITH"},{"data":"TheCursedMod:ParallelWorld","floor":49,"key":"PURGE"}],"circlet_count":0,"master_deck":["TheCursedMod:CleanUpWorkshop","TheCursedMod:CursedAmulet","TheCursedMod:HellfireBreathing+1","TheCursedMod:HellfireBreathing","TheCursedMod:SpitefulPlan","TheCursedMod:LuckyCharm","TheCursedMod:CursedSpellbook","TheCursedMod:NeowsMight+1","TheCursedMod:CircleOfAmplification","TheCursedMod:CursedMace","TheCursedMod:RapidMovement","TheCursedMod:SmokeScreen","TheCursedMod:StingEye","TheCursedMod:Grudge","TheCursedMod:SurpriseAttack","TheCursedMod:VoidForm","TheCursedMod:CursedShiv","TheCursedMod:CircleOfFlame","TheCursedMod:HellsGateOpen+1","Shame","TheCursedMod:AbyssShockwave","TheCursedMod:Wield","TheCursedMod:StingEye","TheCursedMod:CollectTribute","TheCursedMod:BlessingInDisguise","TheCursedMod:CursedSpellbook","TheCursedMod:CursedWand","Flash of Steel","TheCursedMod:NeowsMight+1","TheCursedMod:CircleOfCorruption+1","TheCursedMod:CircleOfCorruption"],"relics":["TheCursedMod:BlackMagicAdvanced","LetterFromLob","Tiny Chest","Turnip","Bottled Flame","Bronze Scales","Oddly Smooth Stone","TheCursedMod:OminousMark","Thread and Needle","Girya","Pantograph","Old Coin","Bird Faced Urn","Pear","Mercury Hourglass","Lee\u0027s Waffle","TheCursedMod:FourLeafCloverCharm","Vajra","Red Mask","White Beast Statue","Art of War","Peace Pipe","Smiling Mask","Sundial"],"acts_visited":["Exordium","TheCity","TheBeyond"],"potions_floor_usage":[19,29,29,33,35,42,51,51,51],"damage_taken":[{"damage":2,"enemies":"2 Louse","floor":1,"turns":1},{"damage":12,"enemies":"Small Slimes","floor":3,"turns":3},{"damage":2,"enemies":"Cultist","floor":5,"turns":3},{"damage":2,"enemies":"Lagavulin","floor":8,"turns":4},{"damage":6,"enemies":"3 Louse","floor":11,"turns":3},{"damage":5,"enemies":"Exordium Wildlife","floor":12,"turns":2},{"damage":0,"enemies":"Large Slime","floor":14,"turns":4},{"damage":29,"enemies":"The Guardian","floor":16,"turns":7},{"damage":0,"enemies":"3 Byrds","floor":18,"turns":2},{"damage":19,"enemies":"2 Thieves","floor":19,"turns":2},{"damage":0,"enemies":"Sentry and Sphere","floor":21,"turns":3},{"damage":3,"enemies":"Slavers","floor":24,"turns":2},{"damage":11,"enemies":"Shelled Parasite and Fungi","floor":27,"turns":4},{"damage":12,"enemies":"Colosseum Slavers","floor":29,"turns":4},{"damage":5,"enemies":"Colosseum Nobs","floor":29,"turns":3},{"damage":3,"enemies":"Collector","floor":33,"turns":3},{"damage":0,"enemies":"Orb Walker","floor":35,"turns":2},{"damage":0,"enemies":"3 Shapes","floor":37,"turns":2},{"damage":0,"enemies":"Writhing Mass","floor":41,"turns":2},{"damage":16,"enemies":"3 Darklings","floor":42,"turns":3},{"damage":0,"enemies":"Mind Bloom Boss Battle","floor":45,"turns":3},{"damage":0,"enemies":"Giant Head","floor":46,"turns":4},{"damage":0,"enemies":"Maw","floor":47,"turns":6},{"damage":7,"enemies":"Nemesis","floor":48,"turns":5},{"damage":17,"enemies":"Awakened One","floor":50,"turns":6},{"damage":13,"enemies":"Malkuth","floor":51,"turns":6},{"damage":29,"enemies":"Yesod","floor":51,"turns":6}],"seed_played":"3035191432979592412","potions_obtained":[{"floor":8,"key":"BlessingOfTheForge"},{"floor":14,"key":"Explosive Potion"},{"floor":16,"key":"BlessingOfTheForge"},{"floor":24,"key":"Ancient Potion"},{"floor":29,"key":"PowerPotion"},{"floor":33,"key":"AttackPotion"},{"floor":35,"key":"GamblersBrew"},{"floor":45,"key":"ColorlessPotion"},{"floor":46,"key":"EssenceOfSteel"},{"floor":47,"key":"Energy Potion"}],"is_trial":false,"path_per_floor":["M","?","M","$","M","R","?","E","T","R","M","M","$","M","R","B",null,"M","M","?","M","?","R","E","R","T","M","T","?","R","$","R","B",null,"M","$","M","?","?","R","M","M","T","T","?","E","M","E","R","B",null],"character_chosen":"THE_CURSED","items_purchased":["Turnip","Oddly Smooth Stone","Mercury Hourglass","Lee\u0027s Waffle","TheCursedMod:StingEye","Vajra"],"campfire_rested":2,"item_purchase_floors":[4,13,31,31,31,36],"current_hp_per_floor":[66,59,47,47,45,65,65,63,63,63,57,52,52,52,52,23,68,68,49,49,49,49,68,65,65,65,54,54,47,47,85,85,83,85,85,85,85,85,85,85,85,69,69,69,85,85,85,78,78,68],"gold":190,"neow_bonus":"TWO_FIFTY_GOLD","is_daily":false,"chose_seed":false,"campfire_upgraded":3,"win_rate":0.0,"timestamp":1611403104,"path_taken":["M","?","M","$","M","R","?","E","T","R","M","M","$","M","R","BOSS","M","M","?","M","?","R","E","R","T","M","?","?","R","$","R","BOSS","M","$","M","?","?","R","M","M","T","?","?","E","M","E","R","BOSS"],"items_purchased_type":["Relic","Relic","Relic","Relic","Card","Relic"],"build_version":"2020-12-22","purchased_purges":0,"victory":true,"max_hp_per_floor":[68,68,68,68,68,68,68,68,68,68,68,68,68,68,68,68,68,68,68,68,68,68,68,68,68,68,68,68,78,78,85,85,85,85,85,85,85,85,85,85,85,85,85,85,85,85,85,85,85,85],"card_choices":[{"not_picked":["TheCursedMod:Stretching","TheCursedMod:DoubleShield"],"picked":"TheCursedMod:CursedMace","floor":1},{"not_picked":["TheCursedMod:Stigma","TheCursedMod:Torture"],"picked":"TheCursedMod:RapidMovement","floor":3},{"not_picked":["TheCursedMod:VitalStrike","TheCursedMod:CircleOfFlame"],"picked":"TheCursedMod:SmokeScreen","floor":5},{"not_picked":["TheCursedMod:SaltUponWound","TheCursedMod:ReleasedStrength"],"picked":"TheCursedMod:StingEye","floor":8},{"not_picked":["TheCursedMod:FleshFromBone","TheCursedMod:CursedMace"],"picked":"TheCursedMod:Grudge","floor":11},{"not_picked":["TheCursedMod:SurpriseAttack","TheCursedMod:CursedBlade"],"picked":"TheCursedMod:OutForBlood","floor":12},{"not_picked":["TheCursedMod:SmokeScreen","TheCursedMod:WearCloak"],"picked":"TheCursedMod:SurpriseAttack","floor":14},{"not_picked":["TheCursedMod:DemonicPact","TheCursedMod:CursedRelics"],"picked":"TheCursedMod:VoidForm","floor":16},{"not_picked":["TheCursedMod:CircleOfWindfury","TheCursedMod:CursedMace"],"picked":"TheCursedMod:CursedShiv","floor":18},{"not_picked":["TheCursedMod:Mangle","TheCursedMod:CircleOfAmplification"],"picked":"TheCursedMod:CircleOfFlame","floor":19},{"not_picked":["TheCursedMod:CircleOfWindfury+1","TheCursedMod:CircleOfFlame"],"picked":"TheCursedMod:HellsGateOpen+1","floor":21},{"not_picked":["TheCursedMod:SoulCrush","TheCursedMod:BlessingInDisguise+1"],"picked":"TheCursedMod:AbyssShockwave","floor":24},{"not_picked":["TheCursedMod:CursedBoomerang","TheCursedMod:RapidMovement"],"picked":"TheCursedMod:Wield","floor":27},{"not_picked":["TheCursedMod:DemonicPact","TheCursedMod:StunningStrike"],"picked":"TheCursedMod:CollectTribute","floor":33},{"not_picked":["TheCursedMod:Evocation+1","TheCursedMod:SmokeScreen+1"],"picked":"TheCursedMod:BlessingInDisguise","floor":35},{"not_picked":["TheCursedMod:SpitefulStrike+1","TheCursedMod:FuryStrike+1"],"picked":"TheCursedMod:CursedSpellbook","floor":37},{"not_picked":["TheCursedMod:FuryStrike","TheCursedMod:SmokeScreen+1"],"picked":"TheCursedMod:CircleOfCorruption+1","floor":41},{"not_picked":["TheCursedMod:CursedBlade+1","TheCursedMod:CursedAmulet","TheCursedMod:Stretching"],"picked":"SKIP","floor":42},{"not_picked":["TheCursedMod:CircleOfFlame","TheCursedMod:Torture"],"picked":"TheCursedMod:CircleOfCorruption","floor":46},{"not_picked":["TheCursedMod:AshesToAshes+1","TheCursedMod:CursedMace+1","TheCursedMod:Stigma+1"],"picked":"SKIP","floor":47},{"not_picked":["TheCursedMod:Wield","TheCursedMod:WearCloak","TheCursedMod:CircleOfCorruption"],"picked":"SKIP","floor":48}],"player_experience":287870,"relics_obtained":[{"floor":1,"key":"LetterFromLob"},{"floor":8,"key":"Bottled Flame"},{"floor":9,"key":"Bronze Scales"},{"floor":24,"key":"Girya"},{"floor":26,"key":"Pantograph"},{"floor":28,"key":"Old Coin"},{"floor":29,"key":"Bird Faced Urn"},{"floor":29,"key":"Pear"},{"floor":43,"key":"White Beast Statue"},{"floor":44,"key":"Art of War"},{"floor":45,"key":"Peace Pipe"},{"floor":46,"key":"Smiling Mask"},{"floor":48,"key":"Sundial"}],"event_choices":[{"damage_healed":0,"gold_gain":0,"player_choice":"Success","damage_taken":7,"relics_obtained":["Tiny Chest"],"max_hp_gain":0,"max_hp_loss":0,"event_name":"Scrap Ooze","floor":2,"gold_loss":0},{"damage_healed":0,"gold_gain":58,"player_choice":"Gained Gold","damage_taken":0,"max_hp_gain":0,"max_hp_loss":0,"event_name":"Golden Wing","floor":7,"gold_loss":0},{"cards_removed":["TheCursedMod:OutForBlood"],"damage_healed":0,"gold_gain":0,"player_choice":"Gave Gold","damage_taken":0,"max_hp_gain":0,"max_hp_loss":0,"event_name":"Beggar","floor":20,"gold_loss":75},{"damage_healed":0,"gold_gain":0,"player_choice":"Stole Relic","damage_taken":0,"relics_obtained":["Thread and Needle"],"max_hp_gain":0,"max_hp_loss":0,"event_name":"Addict","floor":22,"gold_loss":0,"cards_obtained":["Shame"]},{"damage_healed":0,"gold_gain":0,"player_choice":"Fight","damage_taken":0,"max_hp_gain":0,"max_hp_loss":0,"event_name":"Colosseum","floor":29,"gold_loss":0},{"damage_healed":0,"gold_gain":0,"player_choice":"Fought Nobs","damage_taken":0,"max_hp_gain":0,"max_hp_loss":0,"event_name":"Colosseum","floor":29,"gold_loss":0},{"damage_healed":0,"gold_gain":0,"player_choice":"Paid","damage_taken":0,"relics_obtained":["Red Mask"],"max_hp_gain":0,"max_hp_loss":0,"event_name":"Tomb of Lord Red Mask","floor":38,"gold_loss":150},{"damage_healed":0,"gold_gain":0,"player_choice":"3 cards matched","damage_taken":0,"max_hp_gain":0,"max_hp_loss":0,"event_name":"Match and Keep!","floor":39,"gold_loss":0,"cards_obtained":["TheCursedMod:CursedWand","Flash of Steel","TheCursedMod:NeowsMight"]},{"damage_healed":0,"gold_gain":0,"player_choice":"Fight","damage_taken":0,"max_hp_gain":0,"max_hp_loss":0,"event_name":"MindBloom","floor":45,"gold_loss":0}],"is_beta":false,"boss_relics":[{"not_picked":["SlaversCollar","Astrolabe"],"picked":"TheCursedMod:OminousMark"},{"not_picked":["Pandora\u0027s Box","Velvet Choker"],"picked":"TheCursedMod:FourLeafCloverCharm"}],"items_purged_floors":[],"is_endless":false,"potions_floor_spawned":[8,14,16,24,29,29,33,35,45,46,47,48,51,51],"ascension_level":1}}