{"host":"vm3f1ccwgbs4oygt","time":1611419422,"event":{"mods":["BaseMod","BetterRewards","Colored Powertips","Minty Spire (QoL Compilation)","Permanent Neow","Shop Mod","StSLib"],"gold_per_floor":[109,124,134,148,165,165,199,199,272,272,297,297,311,331,331,426,426,440,440,138,237,58,58,73,73,100,100,100],"floor_reached":27,"language":"ENG","playtime":58906,"items_purged":["Strike_R","Strike_R"],"score":248,"play_id":"f7ac8226-7665-4b9f-a212-675648186da4","local_time":"20210123173022","is_ascension_mode":false,"campfire_choices":[{"data":"Armaments","floor":6,"key":"SMITH"},{"floor":8,"key":"REST"},{"data":"Armaments","floor":10,"key":"SMITH"},{"data":"True Grit","floor":15,"key":"SMITH"},{"floor":23,"key":"RECALL"},{"data":"Uppercut","floor":25,"key":"SMITH"}],"circlet_count":0,"master_deck":["Strike_R","Strike_R","Defend_R","Defend_R","Defend_R","Defend_R","Bash","Heavy Blade","Cleave","Armaments+1","Shrug It Off","Clothesline","Armaments+1","Double Tap","True Grit+1","Headbutt","Feed","Flex","Fire Breathing","Uppercut+1","Searing Blow"],"relics":["Burning Blood","Potion Belt","HornCleat","Ginger","SacredBark","Lee\u0027s Waffle"],"acts_visited":["Exordium","TheCity"],"potions_floor_usage":[7,7,16,24],"damage_taken":[{"damage":4,"enemies":"Small Slimes","floor":1,"turns":4},{"damage":10,"enemies":"Jaw Worm","floor":2,"turns":4},{"damage":1,"enemies":"Cultist","floor":3,"turns":3},{"damage":17,"enemies":"Gremlin Gang","floor":4,"turns":5},{"damage":1,"enemies":"2 Fungi Beasts","floor":5,"turns":3},{"damage":47,"enemies":"3 Sentries","floor":7,"turns":9},{"damage":17,"enemies":"Lagavulin","floor":11,"turns":10},{"damage":3,"enemies":"Exordium Wildlife","floor":13,"turns":4},{"damage":7,"enemies":"3 Louse","floor":14,"turns":4},{"damage":23,"enemies":"The Guardian","floor":16,"turns":12},{"damage":35,"enemies":"Shell Parasite","floor":18,"turns":10},{"damage":2,"enemies":"Chosen","floor":24,"turns":5},{"damage":104,"enemies":"Gremlin Leader","floor":27,"turns":6}],"seed_played":"-858937071852116289","potions_obtained":[{"floor":3,"key":"PowerPotion"},{"floor":5,"key":"SpeedPotion"},{"floor":7,"key":"Fire Potion"},{"floor":14,"key":"SkillPotion"},{"floor":24,"key":"SteroidPotion"}],"is_trial":false,"path_per_floor":["M","M","M","M","M","R","E","R","T","R","E","?","M","M","R","B",null,"M","?","$","?","$","R","M","R","T","E"],"character_chosen":"IRONCLAD","items_purchased":["Lee\u0027s Waffle","Fire Breathing","Uppercut"],"campfire_rested":1,"item_purchase_floors":[20,20,22],"current_hp_per_floor":[80,76,80,69,74,74,33,57,57,57,46,51,54,53,53,36,85,60,43,101,101,101,101,104,104,104,0,0],"gold":100,"neow_bonus":"REMOVE_CARD","is_daily":false,"chose_seed":false,"campfire_upgraded":4,"win_rate":0.0,"timestamp":1611419422,"path_taken":["M","M","M","M","M","R","E","R","T","R","E","?","M","M","R","BOSS","M","?","$","?","$","R","M","R","T","E"],"items_purchased_type":["Relic","Card","Card"],"build_version":"2020-12-22","purchased_purges":2,"victory":false,"max_hp_per_floor":[80,80,80,80,80,80,80,80,80,80,80,85,85,85,85,85,85,89,94,101,101,101,101,104,104,104,104,104],"card_choices":[{"not_picked":["Thunderclap","Twin Strike"],"picked":"Heavy Blade","floor":1},{"not_picked":["Thunderclap","Sentinel"],"picked":"Cleave","floor":2},{"not_picked":["Seeing Red","Headbutt"],"picked":"Armaments","floor":3},{"not_picked":["Havoc","Searing Blow"],"picked":"Shrug It Off","floor":4},{"not_picked":["True Grit","Feel No Pain"],"picked":"Clothesline","floor":5},{"not_picked":["Intimidate","Cleave"],"picked":"Armaments","floor":7},{"not_picked":["Sentinel","Second Wind"],"picked":"Double Tap","floor":11},{"not_picked":["Cleave","Armaments"],"picked":"True Grit","floor":13},{"not_picked":["Blood for Blood","Thunderclap"],"picked":"Headbutt","floor":14},{"not_picked":["Bludgeon","Impervious"],"picked":"Feed","floor":16},{"not_picked":["Reckless Charge","Sword Boomerang"],"picked":"Flex","floor":18},{"not_picked":["Cleave","Carnage"],"picked":"Searing Blow","floor":24}],"player_experience":733235,"relics_obtained":[{"floor":7,"key":"Potion Belt"},{"floor":9,"key":"HornCleat"},{"floor":11,"key":"Ginger"}],"event_choices":[{"damage_healed":0,"gold_gain":0,"player_choice":"Donut","damage_taken":0,"max_hp_gain":5,"max_hp_loss":0,"event_name":"Big Fish","floor":12,"gold_loss":0},{"damage_healed":0,"gold_gain":0,"player_choice":"Shed Blood","damage_taken":22,"max_hp_gain":5,"max_hp_loss":0,"event_name":"Forgotten Altar","floor":19,"gold_loss":0},{"damage_healed":0,"gold_gain":99,"player_choice":"Stole From Cult","damage_taken":0,"max_hp_gain":0,"max_hp_loss":0,"event_name":"Nest","floor":21,"gold_loss":0}],"is_beta":false,"boss_relics":[{"not_picked":["Busted Crown","Coffee Dripper"],"picked":"SacredBark"}],"items_purged_floors":[20,22],"is_endless":false,"potions_floor_spawned":[3,5,7,14,24],"killed_by":"Gremlin Leader","ascension_level":0}}