{"host":"Alvar","time":1611426571,"event":{"mods":["AchievementEnabler","BaseMod","Minty Spire (QoL Compilation)","StSLib"],"gold_per_floor":[111,122,135,210,109,109,141,141,187,187,187],"floor_reached":10,"language":"ENG","playtime":348,"items_purged":["Strike_P"],"score":177,"play_id":"aa20f3a7-eeed-497c-b7ce-64ab7c5a3524","local_time":"20210124012931","is_ascension_mode":true,"campfire_choices":[{"data":"BowlingBash","floor":6,"key":"SMITH"}],"circlet_count":0,"master_deck":["AscendersBane","Strike_P","Strike_P","Strike_P","Defend_P","Defend_P","Defend_P","Defend_P","Eruption","Vigilance","BowlingBash+1","Halt","FlurryOfBlows","CutThroughFate","Prostrate"],"relics":["Runic Pyramid","Smiling Mask","CeramicFish"],"acts_visited":["Exordium"],"potions_floor_usage":[7],"damage_taken":[{"damage":1,"enemies":"Small Slimes","floor":1,"turns":4},{"damage":2,"enemies":"Jaw Worm","floor":2,"turns":3},{"damage":0,"enemies":"2 Louse","floor":3,"turns":2},{"damage":0,"enemies":"Lagavulin","floor":7,"turns":4},{"damage":61,"enemies":"Gremlin Nob","floor":10,"turns":4}],"seed_played":"2065439538891579434","potions_obtained":[{"floor":2,"key":"BlessingOfTheForge"}],"is_trial":false,"path_per_floor":["M","M","M","?","$","R","E","?","T","E"],"character_chosen":"WATCHER","items_purchased":["CutThroughFate"],"campfire_rested":0,"item_purchase_floors":[5],"current_hp_per_floor":[60,58,58,47,47,47,47,52,52,0,0],"gold":187,"neow_bonus":"BOSS_RELIC","is_daily":false,"chose_seed":false,"campfire_upgraded":1,"win_rate":0.0,"timestamp":1611426571,"path_taken":["M","M","M","?","$","R","E","?","T","E"],"items_purchased_type":["Card"],"build_version":"2020-12-18","purchased_purges":1,"victory":false,"max_hp_per_floor":[68,68,68,68,68,68,68,73,73,73,73],"card_choices":[{"not_picked":["ClearTheMind","Consecrate"],"picked":"BowlingBash","floor":1},{"not_picked":["Collect","ThirdEye"],"picked":"Halt","floor":2},{"not_picked":["CrushJoints","FollowUp"],"picked":"FlurryOfBlows","floor":3},{"not_picked":["Vengeance","Pray"],"picked":"Prostrate","floor":7}],"player_experience":782788,"relics_obtained":[{"floor":7,"key":"Smiling Mask"},{"floor":9,"key":"CeramicFish"}],"event_choices":[{"damage_healed":0,"gold_gain":75,"player_choice":"Gather Gold","damage_taken":11,"max_hp_gain":0,"max_hp_loss":0,"event_name":"World of Goop","floor":4,"gold_loss":0},{"damage_healed":0,"gold_gain":0,"player_choice":"Donut","damage_taken":0,"max_hp_gain":5,"max_hp_loss":0,"event_name":"Big Fish","floor":8,"gold_loss":0}],"is_beta":true,"boss_relics":[],"items_purged_floors":[5],"is_endless":false,"potions_floor_spawned":[2],"killed_by":"Gremlin Nob","ascension_level":19}}