{"host":"0j14tftqx740pozz","time":1611379092,"event":{"mods":["Act Like it!","BaseMod","Bestiary","Better Altar","Better Match","Better Note","Better Sensory Stone","Better Skull","DeckTracker","Gensokyo","Minty Spire (QoL Compilation)","MostiFishMod","Replay The Spire","StSLib","Waifu the Spire"],"gold_per_floor":[111,111,130,55,71,71,71,71],"floor_reached":7,"language":"ZHS","playtime":133,"items_purged":["Strike_B"],"score":43,"play_id":"3ff0ae4b-9f2f-415d-9624-2a460cbe017e","local_time":"20210123131812","is_ascension_mode":true,"campfire_choices":[],"circlet_count":0,"master_deck":["Strike_B","Strike_B","Strike_B","Defend_B","Defend_B","Defend_B","Defend_B","Zap+1","Dualcast","Conserve Battery","Coolheaded","ReplayTheSpireMod:Calculation Training"],"relics":["Cracked Core","DaveBox","NeowsBlessing","NightmareShop","SynthV:TestCard"],"acts_visited":["Exordium"],"potions_floor_usage":[],"damage_taken":[{"damage":0.0,"enemies":"Cultist","floor":1.0,"turns":1.0},{"damage":0.0,"enemies":"Small Slimes","floor":3.0,"turns":1.0},{"damage":0.0,"enemies":"2 Louse","floor":5.0,"turns":1.0},{"damage":0,"enemies":"3 Sentries","floor":7,"turns":1}],"seed_played":"6314737778898810055","potions_obtained":[{"floor":5.0,"key":"BlessingOfTheForge"}],"is_trial":false,"path_per_floor":["M","?","M","$","M","?","E"],"character_chosen":"DEFECT","items_purchased":[],"campfire_rested":0,"item_purchase_floors":[],"current_hp_per_floor":[75,75,75,75,75,75,75,75],"gold":71,"neow_bonus":"THREE_ENEMY_KILL","is_daily":false,"chose_seed":false,"campfire_upgraded":0,"win_rate":0.0,"timestamp":1611379092,"path_taken":["M","?","?","$","M","?","E"],"items_purchased_type":[],"build_version":"2020-12-22","purchased_purges":1,"victory":false,"max_hp_per_floor":[75,75,75,75,75,75,75,75],"card_choices":[{"not_picked":["Hologram","Barrage"],"picked":"Conserve Battery","floor":1.0},{"not_picked":["Consume","MostiFishMod:PushDownKick","Hologram","Hello World"],"picked":"Coolheaded","floor":3.0},{"not_picked":["Coolheaded","BasicCrystalCard","Fusion","Streamline"],"picked":"ReplayTheSpireMod:Calculation Training","floor":5.0}],"player_experience":705724,"relics_obtained":[{"floor":1.0,"key":"SynthV:TestCard"}],"event_choices":[{"damage_healed":0.0,"max_hp_gain":0.0,"max_hp_loss":0.0,"gold_gain":0.0,"event_name":"Upgrade Shrine","player_choice":"Upgraded","floor":2.0,"gold_loss":0.0,"damage_taken":0.0,"cards_upgraded":["Zap"]},{"damage_healed":0.0,"max_hp_gain":0.0,"max_hp_loss":0.0,"gold_gain":0.0,"event_name":"The Woman in Blue","player_choice":"Bought 0 Potions","floor":6.0,"gold_loss":0.0,"damage_taken":0.0}],"is_beta":false,"boss_relics":[],"items_purged_floors":[4],"is_endless":false,"potions_floor_spawned":[5],"killed_by":"3 Sentries","ascension_level":1}}