{"host":"hw13b7hbn5su36xt","time":1611435109,"event":{"mods":["2.2 Compatiblity","BaseMod","Bestiary","Colored Map","Colored Powertips","Curses Come First","Dark Map","Downfall","Highlight Path","Minty Spire (QoL Compilation)","RNG Fix","Relic Filter","Relic Sorter","Relic Stats","StSLib"],"gold_per_floor":[99,110,165,165,179,179,206,218,218,233,96,125,125,143,153,153,153,153],"floor_reached":16,"language":"ENG","playtime":903,"items_purged":["champ:Defend"],"score":122,"play_id":"68d09fb0-d3c9-4dfd-94a2-20ab88120497","local_time":"20210123205149","is_ascension_mode":true,"campfire_choices":[{"data":"champ:EnchantShield","floor":1,"key":"SMITH"},{"data":"champ:Taunt","floor":6,"key":"SMITH"},{"data":"champ:SetATrap","floor":9,"key":"SMITH"},{"floor":13,"key":"REST"}],"circlet_count":0,"master_deck":["champ:Strike","champ:Strike","champ:Strike","champ:Strike","champ:Defend","champ:Defend","champ:Defend","champ:Execute","champ:Taunt+1","champ:EnchantShield+1","champ:BringItOn","champ:SetATrap+1","champ:PreciseThrust","champ:FocusedDefense","champ:Improvising","champ:Circumvent","champ:SwordSigil","champ:GutPunch"],"relics":["champ:ChampionCrown","Darkstone Periapt","Pen Nib","Pocketwatch"],"acts_visited":["Exordium"],"potions_floor_usage":[15],"damage_taken":[{"damage":10,"enemies":"Jaw Worm","floor":2,"turns":3},{"damage":71,"enemies":"Gremlin Nob","floor":3,"turns":5},{"damage":10,"enemies":"Small Slimes","floor":5,"turns":3},{"damage":4,"enemies":"2 Louse","floor":8,"turns":2},{"damage":17,"enemies":"2 Fungi Beasts","floor":10,"turns":4},{"damage":10,"enemies":"downfall:FleeingMerchant","floor":11,"turns":4},{"damage":27,"enemies":"3 Sentries","floor":12,"turns":8},{"damage":23,"enemies":"Large Slime","floor":14,"turns":5},{"damage":16,"enemies":"Gremlin Gang","floor":15,"turns":7},{"damage":35,"enemies":"IC_STATUS_ARCHETYPE","floor":16,"turns":4}],"seed_played":"9221791838037873538","potions_obtained":[{"floor":5,"key":"SteroidPotion"},{"floor":14,"key":"Swift Potion"},{"floor":15,"key":"Fire Potion"}],"is_trial":false,"path_per_floor":["R","M","?","?","M","R","T","M","R","M","$","E","R","M","M","B"],"character_chosen":"THE_CHAMP","items_purchased":["champ:Circumvent"],"campfire_rested":1,"item_purchase_floors":[11],"current_hp_per_floor":[90,90,49,49,49,49,49,45,45,38,38,21,48,35,29,0,0,0],"gold":153,"neow_bonus":"ONE_RANDOM_RARE_CARD","is_daily":false,"chose_seed":false,"campfire_upgraded":3,"win_rate":0.0,"timestamp":1611435109,"path_taken":["R","M","?","?","M","R","T","M","R","M","$","E","R","?","M","BOSS"],"items_purchased_type":["Card"],"build_version":"2020-12-22","purchased_purges":1,"victory":false,"max_hp_per_floor":[90,90,90,90,90,90,90,90,90,90,90,90,90,90,90,90,90,90],"relic_stats":{"Darkstone Periapt":0,"counters":[10,45],"Pen Nib":[4],"obtain_stats":[{"Darkstone Periapt":3,"champ:ChampionCrown":0,"Pen Nib":7,"Pocketwatch":12},{"Darkstone Periapt":1,"champ:ChampionCrown":0,"Pen Nib":3,"Pocketwatch":7},{"Darkstone Periapt":3,"champ:ChampionCrown":0,"Pen Nib":11,"Pocketwatch":29}],"Pocketwatch":[6]},"card_choices":[{"not_picked":["champ:Haymaker","champ:EnGarde"],"picked":"champ:BringItOn","floor":2},{"not_picked":["champ:CrownThrow","champ:ShieldWall"],"picked":"champ:SetATrap","floor":3},{"not_picked":["champ:CrownThrow","champ:DefensiveStyle"],"picked":"champ:PreciseThrust","floor":5},{"not_picked":["champ:FaceSlap","champ:PerfectedStrike"],"picked":"champ:FocusedDefense","floor":8},{"not_picked":["champ:EnGarde","champ:CrookedStrike","champ:BladeFlurry"],"picked":"SKIP","floor":10},{"not_picked":["champ:Haymaker","champ:ShieldSigil"],"picked":"champ:Improvising","floor":11},{"not_picked":["champ:PerfectedStrike","champ:CrownThrow"],"picked":"champ:SwordSigil","floor":12},{"not_picked":["champ:TornadoPunch","champ:RisingSlash","champ:EndlessRage"],"picked":"SKIP","floor":14},{"not_picked":["champ:DeathBlow","champ:BladeFlurry"],"picked":"champ:GutPunch","floor":15}],"player_experience":389713,"relics_obtained":[{"floor":7,"key":"Pen Nib"},{"floor":12,"key":"Pocketwatch"}],"event_choices":[],"is_beta":false,"boss_relics":[],"items_purged_floors":[11],"is_endless":false,"potions_floor_spawned":[5,14,15],"killed_by":"IC_STATUS_ARCHETYPE","ascension_level":4}}