{"host":"few9iyaxiywls251","time":1611443987,"event":{"mods":["BaseMod","Bestiary","Curses Come First","Highlight Path","Minty Spire (QoL Compilation)","Shop Mod","StSLib","The Marked"],"gold_per_floor":[119,119,69,69,85,123,71,95,120,18,62,81,102,143,155,297,309,344,376,404,429,341,341,384,52,52,52,76,94,94,135,135,135,135],"floor_reached":33,"language":"ENG","playtime":2260,"items_purged":["Defend_P","Strike_P+1"],"score":349,"play_id":"5443577a-e6d3-4c7e-82da-8417b5c2c05a","local_time":"20210123171947","is_ascension_mode":true,"campfire_choices":[{"data":"Eruption","floor":15,"key":"SMITH"},{"data":"Wish","floor":23,"key":"SMITH"},{"floor":30,"key":"REST"},{"floor":32,"key":"REST"}],"circlet_count":0,"master_deck":["Strike_P+1","Strike_P+1","Strike_P","Eruption+1","Vigilance+1","FlurryOfBlows","LessonLearned","InnerPeace+1","FollowUp+1","Wish+1","Protect","Conclude+1","FlurryOfBlows","Blasphemy+1","CrushJoints+1","TalkToTheHand+1","BowlingBash+1","EmptyMind","RitualDagger+1","Protect"],"relics":["HolyWater","Golden Idol","Blood Vial","Orichalcum","Mango","MawBank","Calipers","Yang","The Courier","Du-Vu Doll"],"acts_visited":["Exordium","TheCity"],"potions_floor_usage":[16,24,24,28,31,33],"damage_taken":[{"damage":0,"enemies":"2 Louse","floor":1,"turns":2},{"damage":0,"enemies":"Small Slimes","floor":5,"turns":2},{"damage":23,"enemies":"Lagavulin","floor":6,"turns":7},{"damage":0,"enemies":"Cultist","floor":8,"turns":2},{"damage":9,"enemies":"3 Sentries","floor":11,"turns":10},{"damage":6,"enemies":"3 Louse","floor":12,"turns":2},{"damage":6,"enemies":"Blue Slaver","floor":13,"turns":3},{"damage":0,"enemies":"Gremlin Nob","floor":14,"turns":2},{"damage":24,"enemies":"The Guardian","floor":16,"turns":8},{"damage":4,"enemies":"Chosen","floor":18,"turns":4},{"damage":12,"enemies":"2 Thieves","floor":19,"turns":4},{"damage":18,"enemies":"Chosen and Byrds","floor":20,"turns":4},{"damage":0,"enemies":"Cultist and Chosen","floor":21,"turns":4},{"damage":46,"enemies":"Slavers","floor":24,"turns":7},{"damage":0,"enemies":"Snake Plant","floor":28,"turns":4},{"damage":4,"enemies":"Chosen and Byrds","floor":29,"turns":4},{"damage":18,"enemies":"Book of Stabbing","floor":31,"turns":4},{"damage":52,"enemies":"Automaton","floor":33,"turns":6}],"seed_played":"-1092285398107668974","potions_obtained":[{"floor":6,"key":"BlessingOfTheForge"},{"floor":11,"key":"SkillPotion"},{"floor":13,"key":"Weak Potion"},{"floor":14,"key":"DistilledChaos"},{"floor":18,"key":"Energy Potion"},{"floor":29,"key":"StancePotion"},{"floor":31,"key":"GamblersBrew"}],"is_trial":false,"path_per_floor":["M","?","?","?","M","E","$","M","T","$","E","M","M","E","R","B",null,"M","M","M","M","$","R","E","$","T","?","M","M","R","E","R","B"],"character_chosen":"WATCHER","items_purchased":["FollowUp","Protect","EmptyMind","Yang"],"campfire_rested":2,"item_purchase_floors":[7,10,25,25],"current_hp_per_floor":[65,49,49,49,49,26,26,28,28,28,35,31,27,29,29,7,79,75,65,49,51,51,51,7,7,7,1,3,1,24,8,31,0,0],"gold":135,"neow_bonus":"REMOVE_TWO","is_daily":false,"chose_seed":false,"campfire_upgraded":2,"win_rate":0.0,"timestamp":1611443987,"path_taken":["M","?","?","?","M","E","$","?","T","$","E","M","M","E","R","BOSS","M","M","M","M","$","R","E","$","T","?","M","M","R","E","R","BOSS"],"items_purchased_type":["Card","Card","Card","Relic"],"build_version":"2020-12-22","purchased_purges":2,"victory":false,"max_hp_per_floor":[65,65,65,65,65,65,65,65,65,65,79,79,79,79,79,79,79,79,79,79,79,79,79,79,79,79,79,79,79,79,79,79,79,79],"card_choices":[{"not_picked":["Evaluate","WheelKick"],"picked":"FlurryOfBlows","floor":1},{"not_picked":["EmptyFist","JustLucky","Halt"],"picked":"SKIP","floor":5},{"not_picked":["FlurryOfBlows","WheelKick"],"picked":"InnerPeace","floor":6},{"not_picked":["CarveReality","JustLucky"],"picked":"Wish","floor":8},{"not_picked":["Nirvana","Consecrate","Omniscience"],"picked":"SKIP","floor":11},{"not_picked":["FollowUp","JustLucky"],"picked":"Conclude","floor":12},{"not_picked":["Wireheading","FollowUp"],"picked":"FlurryOfBlows","floor":13},{"not_picked":["PathToVictory","Indignation"],"picked":"Blasphemy","floor":14},{"not_picked":["Protect","PathToVictory"],"picked":"CrushJoints","floor":18},{"not_picked":["EmptyFist","PathToVictory","CutThroughFate+1"],"picked":"SKIP","floor":19},{"not_picked":["Crescendo","Consecrate+1"],"picked":"TalkToTheHand+1","floor":20},{"not_picked":["FlurryOfBlows","PathToVictory+1","BowlingBash"],"picked":"SKIP","floor":21},{"not_picked":["Perseverance","Worship"],"picked":"BowlingBash+1","floor":24},{"not_picked":["FlyingSleeves","CrushJoints","WreathOfFlame"],"picked":"SKIP","floor":28},{"not_picked":["EmptyMind","Alpha","SashWhip+1"],"picked":"SKIP","floor":29},{"not_picked":["Alpha","EmptyFist"],"picked":"Protect","floor":31}],"player_experience":159138,"relics_obtained":[{"floor":6,"key":"Blood Vial"},{"floor":9,"key":"Orichalcum"},{"floor":11,"key":"Mango"},{"floor":14,"key":"MawBank"},{"floor":24,"key":"Calipers"},{"floor":26,"key":"The Courier"},{"floor":31,"key":"Du-Vu Doll"}],"event_choices":[{"damage_healed":0,"gold_gain":0,"player_choice":"Take Damage","damage_taken":16,"relics_obtained":["Golden Idol"],"max_hp_gain":0,"max_hp_loss":0,"event_name":"Golden Idol","floor":2,"gold_loss":0},{"cards_removed":["Defend_P"],"damage_healed":0,"gold_gain":0,"player_choice":"Card Removal","damage_taken":0,"max_hp_gain":0,"max_hp_loss":0,"event_name":"The Cleric","floor":3,"gold_loss":50},{"damage_healed":0,"gold_gain":0,"player_choice":"1 cards matched","damage_taken":0,"max_hp_gain":0,"max_hp_loss":0,"event_name":"Match and Keep!","floor":4,"gold_loss":0,"cards_obtained":["LessonLearned"]},{"damage_healed":0,"gold_gain":0,"player_choice":"Joined the Cult","damage_taken":6,"max_hp_gain":0,"max_hp_loss":0,"event_name":"Nest","floor":27,"gold_loss":0,"cards_obtained":["RitualDagger"]}],"is_beta":false,"boss_relics":[{"not_picked":["Snecko Eye","Runic Dome"],"picked":"HolyWater"}],"items_purged_floors":[10,22],"is_endless":false,"potions_floor_spawned":[6,11,13,14,18,21,29,31],"killed_by":"Automaton","ascension_level":1}}