{"host":"owfagvjreo3l000m","time":1611430688,"event":{"mods":["BaseMod","Downfall","Hermit","Hubris","Minty Spire (QoL Compilation)","Replay The Spire","StSLib","The Cursed","The Disciple","The Necromancer","The Runesmith","The Witch"],"gold_per_floor":[99,113,128,128,128,159,159,159,187,219,242,286,310,134,144,144,144,144],"floor_reached":16,"language":"ENG","playtime":1074,"items_purged":[],"score":122,"play_id":"f7e0ecdb-b18e-46b0-8a60-379c2ee5eb5a","local_time":"20210123143808","is_ascension_mode":false,"campfire_choices":[{"data":"Guardian:TwinSlam","floor":1,"key":"SMITH"}],"circlet_count":0,"master_deck":["Guardian:Strike_Guardian","Guardian:Strike_Guardian","Guardian:Strike_Guardian","Guardian:Defend_Guardian","Guardian:Defend_Guardian","Guardian:Defend_Guardian","Guardian:CurlUp","Guardian:TwinSlam+1","Guardian:TimeBomb","Guardian:Clone","Guardian:WalkerClaw+1","Guardian:Gem_Blue","Guardian:FastForward","Guardian:BronzeOrb","Guardian:ChargeCore","Guardian:TemporalStrike","Guardian:SentryBeam","Guardian:Planning","expansioncontent:StudyTheSpire","Guardian:PiercingHide"],"relics":["Guardian:ModeShifter","Question Card","Art of War","Girya","MawBank","hubris:MysteriousPyramids"],"acts_visited":["Exordium"],"potions_floor_usage":[13,16],"damage_taken":[{"damage":7,"enemies":"Jaw Worm","floor":2,"turns":6},{"damage":0,"enemies":"Small Slimes","floor":3,"turns":4},{"damage":20,"enemies":"Replay:BlueRogue","floor":6,"turns":5},{"damage":18,"enemies":"Lagavulin","floor":9,"turns":6},{"damage":6,"enemies":"Cultist","floor":10,"turns":3},{"damage":1,"enemies":"3 Louse","floor":11,"turns":3},{"damage":4,"enemies":"Replay:BlueRogue","floor":12,"turns":4},{"damage":0,"enemies":"Lots of Slimes","floor":13,"turns":1},{"damage":5,"enemies":"downfall:FleeingMerchant","floor":14,"turns":4},{"damage":8,"enemies":"Red Slaver","floor":15,"turns":3},{"damage":13,"enemies":"WA_ARCHETYPE_RETAIN","floor":16,"turns":5}],"seed_played":"-3485713916340612125","potions_obtained":[{"floor":2,"key":"Guardian:DefensiveModePotion"},{"floor":3,"key":"hexamod:SoulburnPotion"},{"floor":9,"key":"BlessingOfTheForge"},{"floor":11,"key":"Explosive Potion"}],"is_trial":false,"path_per_floor":["R","M","M","?","?","E","T","?","E","M","M","E","M","$","M","B"],"character_chosen":"GUARDIAN","items_purchased":["expansioncontent:StudyTheSpire"],"campfire_rested":0,"item_purchase_floors":[14],"current_hp_per_floor":[88,81,81,81,81,61,61,54,36,30,29,25,25,20,12,0,0,0],"gold":144,"neow_bonus":"TEN_PERCENT_HP_BONUS","is_daily":false,"chose_seed":false,"campfire_upgraded":1,"win_rate":0.0,"timestamp":1611430688,"path_taken":["R","M","M","?","?","E","T","?","E","M","M","E","?","?","M","BOSS"],"items_purchased_type":["Card"],"build_version":"2020-12-22","purchased_purges":0,"victory":false,"max_hp_per_floor":[88,88,88,88,88,88,88,88,88,88,88,88,88,88,88,88,88,88],"card_choices":[{"not_picked":["Guardian:PrimingBeam","Guardian:Reroute"],"picked":"Guardian:TimeBomb","floor":2},{"not_picked":["Guardian:WalkerClaw","Guardian:TimeBomb"],"picked":"Guardian:Clone","floor":3},{"not_picked":["Guardian:ArmoredProtocol","Guardian:Reroute"],"picked":"Guardian:Gem_Blue","floor":6},{"not_picked":["Guardian:ShieldCharger","Guardian:Gem_Cyan","Guardian:Suspension"],"picked":"Guardian:FastForward","floor":9},{"not_picked":["Guardian:PolyBeam","Guardian:PrimingBeam","Guardian:Gem_Cyan"],"picked":"Guardian:BronzeOrb","floor":10},{"not_picked":["Guardian:FastForward","Guardian:TemporalStrike","Guardian:TimeBomb"],"picked":"Guardian:ChargeCore","floor":11},{"not_picked":["Guardian:Gem_Crimson","Guardian:AncientConstruct","Guardian:Gem_Red"],"picked":"Guardian:TemporalStrike","floor":12},{"not_picked":["Guardian:ArmoredProtocol","Guardian:WalkerClaw","Guardian:Gem_White"],"picked":"Guardian:SentryBeam","floor":13},{"not_picked":["Guardian:Reroute","Guardian:CrystalBeam","Guardian:TimeBomb"],"picked":"Guardian:Planning","floor":14},{"not_picked":["Guardian:Incinerate","Guardian:ChargeCore","Guardian:Gem_Orange"],"picked":"Guardian:PiercingHide","floor":15}],"player_experience":601346,"relics_obtained":[{"floor":6,"key":"Question Card"},{"floor":7,"key":"Art of War"},{"floor":9,"key":"MawBank"},{"floor":12,"key":"hubris:MysteriousPyramids"}],"event_choices":[{"damage_healed":0,"gold_gain":0,"player_choice":"Success","damage_taken":7,"relics_obtained":["Girya"],"max_hp_gain":0,"max_hp_loss":0,"event_name":"Scrap Ooze","floor":8,"gold_loss":0}],"is_beta":false,"boss_relics":[],"items_purged_floors":[],"is_endless":false,"potions_floor_spawned":[2,3,9,11],"killed_by":"WA_ARCHETYPE_RETAIN","ascension_level":0}}