{"host":"9slw7l0ws16384qq","time":1611418687,"event":{"mods":["A Penny For Your Troubles","BaseMod","Clockwork Mod","Colored Map","Evolution","Hubris","Minty Spire (QoL Compilation)","Replay The Spire","Shedinja","StS++","StSLib","The Dragon Tamer","The Marked"],"gold_per_floor":[10,10,23,43,43,43,70,70,97,117,147,147,147,161,161,261,261,279,279,327,252,97,130,130,159,159,173,173,188,188,199,199,296,296,307,129,141,141,141,141,173,173,196,208,208,226,246,280,280,281,281,281,29,56,56],"floor_reached":56,"language":"FRA","playtime":2905,"items_purged":["DTMod:OpeningTactic","Replay:Hysterical Blindness"],"score":1428,"play_id":"af024697-c041-4843-bbda-adbe351ba68d","local_time":"20210123171807","is_ascension_mode":false,"metric_token":857,"campfire_choices":[{"data":"DTMod:SealedStrike","floor":6,"key":"SMITH"},{"data":"DTMod:SealedStrike+1","floor":13,"key":"SMITH"},{"data":"DTMod:SealedStrike+2","floor":15,"key":"SMITH"},{"data":"DTMod:SealedStrike+3","floor":24,"key":"SMITH"},{"data":"DTMod:SealedStrike+4","floor":30,"key":"SMITH"},{"data":"DTMod:Strike+1","floor":32,"key":"PURGE"},{"floor":40,"key":"RECALL"},{"floor":42,"key":"REST"},{"data":"DTMod:ShadowImage","floor":49,"key":"SMITH"},{"data":"DTMod:ShadowImage","floor":52,"key":"SMITH"}],"dtmod_dragon_data":[1,58,1,0,8,0],"circlet_count":0,"master_deck":["DTMod:Strike+1","DTMod:Strike+1","DTMod:Strike+1","DTMod:DoubleHit+1","DTMod:TargetDefense+1","DTMod:TargetDefense+1","DTMod:TargetDefense+1","DTMod:TargetDefense+1","DTMod:SwitchingTactic+1","DTMod:SealedStrike+5","DTMod:CalculatedDefense+1","DTMod:Weaken+1","DTMod:Punisher+1","DTMod:HeatWave+1","DTMod:InvisibleFlame+1","DTMod:MagiciansMark+1","DTMod:FierySynthesis","ReplayUltimateDefense+1","DTMod:ShadowImage+1","DTMod:ShadowImage+1","DTMod:Overwhelm+1","DTMod:CalculatedDefense+1"],"relics":["DTMod:PactStone","EVO:Axolotl","PreservedInsect","Pocketwatch","Ancient Tea Set","Blue Doll","Centennial Puzzle","hubris:Backtick","StSpp:WoodenStick","Garlic","DTMod:BasicTextbook","StSpp:TwinEgg","Art of War","Akabeko","StSpp:SailorCap","Cursed Key","hubris:Towel","Replay:Wax Seal","hubris:CrystalStatue","Bronze Scales","hubris:Zylophone"],"acts_visited":["Exordium","TheCity","TheBeyond","TheEnding"],"potions_floor_usage":[7,54,55,55],"damage_taken":[{"damage":1,"enemies":"Cultist","floor":1,"turns":3},{"damage":0,"enemies":"Jaw Worm","floor":3,"turns":3},{"damage":0,"enemies":"Small Slimes","floor":4,"turns":4},{"damage":0,"enemies":"Lagavulin","floor":7,"turns":4},{"damage":0,"enemies":"2 Fungi Beasts","floor":10,"turns":4},{"damage":11,"enemies":"Gremlin Nob","floor":11,"turns":4},{"damage":2,"enemies":"Exordium Wildlife","floor":14,"turns":3},{"damage":18,"enemies":"Fading Forest","floor":16,"turns":11},{"damage":0,"enemies":"Shell Parasite","floor":18,"turns":5},{"damage":0,"enemies":"Gremlin Leader","floor":23,"turns":7},{"damage":1,"enemies":"Book of Stabbing","floor":25,"turns":5},{"damage":0,"enemies":"3 Byrds","floor":27,"turns":3},{"damage":0,"enemies":"Snake Plant","floor":29,"turns":3},{"damage":0,"enemies":"3 Cultists","floor":31,"turns":4},{"damage":7,"enemies":"Collector","floor":33,"turns":8},{"damage":0,"enemies":"Orb Walker","floor":35,"turns":3},{"damage":0,"enemies":"3 Darklings","floor":37,"turns":4},{"damage":0,"enemies":"Giant Head","floor":41,"turns":7},{"damage":0,"enemies":"Maw","floor":44,"turns":6},{"damage":5,"enemies":"Sphere and 2 Shapes","floor":46,"turns":5},{"damage":0,"enemies":"4 Shapes","floor":47,"turns":5},{"damage":0,"enemies":"R_Hoarder","floor":48,"turns":6},{"damage":0,"enemies":"Awakened One","floor":50,"turns":16},{"damage":0,"enemies":"Shield and Spear","floor":54,"turns":5},{"damage":0,"enemies":"The Heart","floor":55,"turns":11}],"seed_played":"3671867962146162182","potions_obtained":[{"floor":1,"key":"Dexterity Potion"},{"floor":3,"key":"Fire Potion"},{"floor":16,"key":"Languid Potion"},{"floor":18,"key":"AttackPotion"},{"floor":20,"key":"Fire Potion"}],"is_trial":false,"path_per_floor":["M","?","M","M","?","R","E","$","T","M","E","T","R","M","R","B",null,"M","?","?","$","$","E","R","E","T","M","?","M","R","M","R_BF","B",null,"M","$","M","?","?","R","E","R","T","M","?","M","M","E","R_BF","B",null,"R","$","E","B",null],"character_chosen":"THE_DT","items_purchased":["DTMod:BasicTextbook","ReplayUltimateDefense","Bronze Scales"],"campfire_rested":1,"item_purchase_floors":[22,36,53],"current_hp_per_floor":[44,44,44,44,44,44,44,44,44,44,33,33,33,31,31,23,45,45,45,34,34,34,34,34,33,33,33,33,33,33,33,33,26,45,45,45,45,45,45,45,45,45,45,45,45,40,40,40,40,40,45,45,45,45,45],"gold":56,"neow_bonus":"THREE_RARE_CARDS","is_daily":false,"chose_seed":false,"campfire_upgraded":7,"win_rate":0.0,"timestamp":1611418687,"path_taken":["M","?","?","M","?","R","E","$","T","M","E","?","R","M","R","BOSS","M","?","?","?","$","E","R","E","T","M","?","M","R","M","R_BF","BOSS","M","$","?","?","?","R","E","R","T","M","?","M","M","E","R_BF","BOSS","R","$","E","BOSS"],"items_purchased_type":["Relic","Card","Relic"],"build_version":"2020-12-22","purchased_purges":2,"victory":true,"max_hp_per_floor":[45,45,45,45,45,45,45,45,45,45,45,45,45,45,45,45,45,45,45,45,45,45,45,45,45,45,45,45,45,45,45,45,45,45,45,45,45,45,45,45,45,45,45,45,45,45,45,45,45,45,45,45,45,45,45],"card_choices":[{"not_picked":["DTMod:OpeningTactic","DTMod:Inferno"],"picked":"DTMod:SealedStrike","floor":0},{"not_picked":["DTMod:Conduct","DTMod:TauntingStrike","DTMod:RecklessFlurry"],"picked":"SKIP","floor":1},{"not_picked":["DTMod:Weaken","DTMod:Training"],"picked":"DTMod:CalculatedDefense","floor":3},{"not_picked":["DTMod:Hide","DTMod:Astonish"],"picked":"DTMod:Weaken","floor":4},{"not_picked":["DTMod:Coolant","DTMod:BlazingStrike"],"picked":"DTMod:Punisher","floor":7},{"not_picked":["DTMod:WarmUp","DTMod:Feint"],"picked":"DTMod:HeatWave","floor":10},{"not_picked":["DTMod:LastStand","DTMod:MagicField","DTMod:Training"],"picked":"SKIP","floor":11},{"not_picked":["DTMod:LastStand","DTMod:MasterPlan","DTMod:MagicField"],"picked":"SKIP","floor":14},{"not_picked":["DTMod:Safeguard","DTMod:ResonanceForm"],"picked":"DTMod:OpeningTactic","floor":16},{"not_picked":["DTMod:Cover","DTMod:BuildUp+1","DTMod:BizarreTactic"],"picked":"SKIP","floor":18},{"not_picked":["DTMod:Shift","DTMod:QuickFly"],"picked":"DTMod:InvisibleFlame+1","floor":20},{"not_picked":["DTMod:Observe","DTMod:Conduct","DTMod:TauntingStrike"],"picked":"SKIP","floor":23},{"not_picked":["DTMod:Hide","DTMod:BuildUp+1","DTMod:DarkBreath+1"],"picked":"SKIP","floor":25},{"not_picked":["DTMod:BizarreTactic","DTMod:Coolant","DTMod:Cover"],"picked":"SKIP","floor":27},{"not_picked":["DTMod:Punisher","DTMod:Training+1","DTMod:Adaptation"],"picked":"SKIP","floor":29},{"not_picked":["DTMod:MasterPlan+1","DTMod:HeatWave"],"picked":"DTMod:MagiciansMark+1","floor":31},{"not_picked":["DTMod:SealedStrike","DTMod:StunTrap"],"picked":"DTMod:FierySynthesis","floor":33},{"not_picked":["DTMod:Feint","DTMod:PurifyingFlame","DTMod:CleansingStrike"],"picked":"SKIP","floor":35},{"not_picked":["DTMod:RecklessFlurry","DTMod:FlameSlash","DTMod:HeatWave"],"picked":"SKIP","floor":37},{"not_picked":["DTMod:StarRain+1","DTMod:TriAttack","DTMod:BlazingStrike+1"],"picked":"SKIP","floor":41},{"not_picked":["DTMod:ComboAttack+1","DTMod:DeepFocus"],"picked":"DTMod:ShadowImage","floor":44},{"not_picked":["DTMod:CrossStep","DTMod:LastStand+1","DTMod:Hide"],"picked":"SKIP","floor":46},{"not_picked":["DTMod:Outburst","DTMod:BuildUp+1","DTMod:LowKick+1"],"picked":"SKIP","floor":47},{"not_picked":["DTMod:DarkBreath","DTMod:BlueScale"],"picked":"DTMod:Overwhelm+1","floor":48},{"not_picked":["DTMod:MasterPlan+1","DTMod:ShieldDrain+1"],"picked":"DTMod:CalculatedDefense+1","floor":54}],"player_experience":1779453,"relics_obtained":[{"floor":7,"key":"Pocketwatch"},{"floor":9,"key":"Ancient Tea Set"},{"floor":11,"key":"Blue Doll"},{"floor":12,"key":"Centennial Puzzle"},{"floor":20,"key":"Garlic"},{"floor":23,"key":"StSpp:TwinEgg"},{"floor":25,"key":"Art of War"},{"floor":26,"key":"Akabeko"},{"floor":28,"key":"StSpp:SailorCap"},{"floor":41,"key":"Replay:Wax Seal"},{"floor":48,"key":"hubris:CrystalStatue"},{"floor":54,"key":"hubris:Zylophone"}],"event_choices":[{"damage_healed":0,"gold_gain":0,"player_choice":"Gave Potion","damage_taken":0,"relics_obtained":["PreservedInsect"],"max_hp_gain":0,"max_hp_loss":0,"event_name":"WeMeetAgain","floor":2,"gold_loss":0},{"damage_healed":0,"gold_gain":0,"player_choice":"Ignored","damage_taken":0,"max_hp_gain":0,"max_hp_loss":0,"event_name":"Liars Game","floor":5,"gold_loss":0},{"damage_healed":0,"gold_gain":0,"player_choice":"Relic","damage_taken":0,"max_hp_gain":0,"max_hp_loss":0,"event_name":"Wheel of Change","floor":28,"gold_loss":0},{"damage_healed":0,"gold_gain":0,"player_choice":"Copied","damage_taken":0,"max_hp_gain":0,"max_hp_loss":0,"event_name":"Duplicator","floor":45,"gold_loss":0,"cards_obtained":["DTMod:ShadowImage"]}],"is_beta":false,"boss_relics":[{"not_picked":["Replay:Ancient Bell","hubris:CrackedHourglass"],"picked":"hubris:Backtick"},{"not_picked":["Empty Cage","StSpp:Magatama"],"picked":"Cursed Key"}],"items_purged_floors":[21,53],"is_endless":false,"potions_floor_spawned":[1,3,16,18,33,35,41,48],"ascension_level":0}}