{"host":"vyjryxuuuxkt43k4","time":1611413083,"event":{"mods":["AchievementEnabler","BaseMod","Colored Map","DeckTracker","Keyboard Shortcuts","Minty Spire (QoL Compilation)","Permanent Neow","Quick Restart","StSLib","SuperFastMode","everything is the same but u backflip on backflip"],"gold_per_floor":[212,232,242,0,75,104,104,144,144,163,163,203,247,263,263,394,394,413,413,429,354,354,354,354,354,354],"floor_reached":25,"language":"KOR","playtime":1252,"items_purged":[],"score":309,"play_id":"8f652244-a917-4818-a76f-7ed571e05cdf","local_time":"20210123234443","is_ascension_mode":true,"campfire_choices":[{"floor":11,"key":"REST"},{"floor":15,"key":"REST"},{"floor":23,"key":"REST"},{"data":"Creative AI","floor":24,"key":"SMITH"}],"circlet_count":0,"master_deck":["Strike_B","Strike_B","Strike_B","Defend_B","Defend_B","Defend_B","Defend_B","Zap","Dualcast","Conserve Battery","Stack","Streamline","Cold Snap","Coolheaded","Coolheaded","Creative AI+1","Glacier","Chill","Go for the Eyes"],"relics":["Cracked Core","Medical Kit","Toy Ornithopter","Golden Idol","Symbiotic Virus","DataDisk","WingedGreaves","Bag of Marbles","Runic Pyramid"],"acts_visited":["Exordium","TheCity"],"potions_floor_usage":[12,13,16,16],"damage_taken":[{"damage":2.0,"enemies":"Jaw Worm","floor":1.0,"turns":3.0},{"damage":5.0,"enemies":"Small Slimes","floor":2.0,"turns":4.0},{"damage":2.0,"enemies":"2 Louse","floor":3.0,"turns":3.0},{"damage":6.0,"enemies":"3 Sentries","floor":6.0,"turns":9.0},{"damage":4,"enemies":"Lagavulin","floor":8,"turns":10},{"damage":8,"enemies":"Red Slaver","floor":10,"turns":4},{"damage":4,"enemies":"Gremlin Nob","floor":12,"turns":5},{"damage":27,"enemies":"3 Sentries","floor":13,"turns":12},{"damage":1,"enemies":"Blue Slaver","floor":14,"turns":3},{"damage":33,"enemies":"The Guardian","floor":16,"turns":14},{"damage":26,"enemies":"Chosen","floor":18,"turns":9},{"damage":14,"enemies":"Shell Parasite","floor":20,"turns":10},{"damage":54,"enemies":"Book of Stabbing","floor":25,"turns":8}],"seed_played":"-2974055736118423572","potions_obtained":[{"floor":2.0,"key":"BlessingOfTheForge"},{"floor":8,"key":"Dexterity Potion"},{"floor":10,"key":"Weak Potion"},{"floor":13,"key":"EssenceOfDarkness"},{"floor":14,"key":"FocusPotion"}],"is_trial":false,"path_per_floor":["M","M","M","$","?","E","?","E","T","M","R","E","E","M","R","B",null,"M","?","M","?","?","R","R","E"],"character_chosen":"DEFECT","items_purchased":["Medical Kit","Cold Snap","Coolheaded"],"campfire_rested":3,"item_purchase_floors":[4,4,4],"current_hp_per_floor":[66,61,59,59,48,42,24,20,20,12,34,35,13,12,34,11,59,33,58,44,44,28,50,50,0,0],"gold":354,"neow_bonus":"HUNDRED_GOLD","is_daily":false,"chose_seed":false,"campfire_upgraded":1,"win_rate":0.0,"timestamp":1611413083,"path_taken":["M","M","M","$","?","E","?","E","T","M","R","E","E","M","R","BOSS","M","?","M","?","?","R","R","E"],"items_purchased_type":["Relic","Card","Card"],"build_version":"2020-12-22","purchased_purges":0,"victory":false,"max_hp_per_floor":[75,75,75,75,75,75,75,75,75,75,75,75,75,75,75,75,75,75,75,75,75,75,75,75,75,75],"card_choices":[{"not_picked":["Scrape","Beam Cell"],"picked":"Conserve Battery","floor":1.0},{"not_picked":["Steam","Tempest"],"picked":"Stack","floor":2.0},{"not_picked":["Recycle","Hologram"],"picked":"Streamline","floor":3.0},{"not_picked":["Heatsinks","Steam"],"picked":"Coolheaded","floor":6.0},{"not_picked":["Storm","Blizzard","Redo"],"picked":"SKIP","floor":8},{"not_picked":["Barrage","Beam Cell"],"picked":"Creative AI","floor":10},{"not_picked":["Gash","Hello World","Coolheaded"],"picked":"SKIP","floor":12},{"not_picked":["Rainbow","Rebound"],"picked":"Glacier","floor":13},{"not_picked":["Gash","Go for the Eyes"],"picked":"Chill","floor":14},{"not_picked":["Lockon","Redo","Gash"],"picked":"SKIP","floor":18},{"not_picked":["Cold Snap","Tempest"],"picked":"Go for the Eyes","floor":20}],"player_experience":271597,"relics_obtained":[{"floor":6.0,"key":"Toy Ornithopter"},{"floor":8,"key":"Symbiotic Virus"},{"floor":9,"key":"DataDisk"},{"floor":12,"key":"WingedGreaves"},{"floor":13,"key":"Bag of Marbles"}],"event_choices":[{"damage_healed":0.0,"max_hp_gain":0.0,"max_hp_loss":0.0,"gold_gain":75.0,"event_name":"World of Goop","player_choice":"Gather Gold","floor":5.0,"gold_loss":0.0,"damage_taken":11.0},{"damage_healed":0.0,"max_hp_gain":0.0,"max_hp_loss":0.0,"gold_gain":0.0,"event_name":"Golden Idol","player_choice":"Take Damage","floor":7.0,"gold_loss":0.0,"damage_taken":18.0,"relics_obtained":["Golden Idol"]},{"damage_healed":25,"gold_gain":0,"player_choice":"Heal","damage_taken":0,"max_hp_gain":0,"max_hp_loss":0,"event_name":"The Library","floor":19,"gold_loss":0},{"cards_removed":["Strike_B"],"damage_healed":0,"gold_gain":0,"player_choice":"Gave Gold","damage_taken":0,"max_hp_gain":0,"max_hp_loss":0,"event_name":"Beggar","floor":21,"gold_loss":75},{"damage_healed":0,"gold_gain":0,"player_choice":"Obtained Book","damage_taken":16,"max_hp_gain":0,"max_hp_loss":0,"event_name":"Cursed Tome","floor":22,"gold_loss":0}],"is_beta":false,"boss_relics":[{"not_picked":["SlaversCollar","Tiny House"],"picked":"Runic Pyramid"}],"items_purged_floors":[],"is_endless":false,"potions_floor_spawned":[2,8,10,13,14],"killed_by":"Book of Stabbing","ascension_level":7}}