{"host":"msmkw03x1o7nq45i","time":1611410011,"event":{"mods":["BaseMod","Bestiary","Colored Powertips","GifTheSpireLib","Highlight Path","Minty Spire (QoL Compilation)","Random Character Button","StSLib","everything is the same but u backflip on backflip"],"gold_per_floor":[118,118,133,149,164,198,198,208,208,208,221,234,253,272,272,272,272],"floor_reached":16,"language":"ENG","playtime":1528,"items_purged":[],"score":178,"play_id":"5a6ae52f-e717-4e52-9412-53f1a6745711","local_time":"20210123155331","is_ascension_mode":true,"campfire_choices":[{"floor":7,"key":"REST"},{"data":"Blade Dance","floor":10,"key":"SMITH"},{"data":"Poisoned Stab","floor":15,"key":"SMITH"}],"circlet_count":0,"master_deck":["AscendersBane","Strike_G","Strike_G","Strike_G","Strike_G","Defend_G","Defend_G","Defend_G","Defend_G","Defend_G","Survivor","Neutralize","Dark Shackles","Poisoned Stab+1","Dodge and Roll","Dash","Blade Dance+1","PiercingWail","PiercingWail","Backstab","Cloak And Dagger"],"relics":["Ring of the Snake","Bronze Scales","Turnip"],"acts_visited":["Exordium"],"potions_floor_usage":[13,16,16],"damage_taken":[{"damage":3,"enemies":"Jaw Worm","floor":1,"turns":7},{"damage":5,"enemies":"Cultist","floor":3,"turns":5},{"damage":6,"enemies":"Small Slimes","floor":4,"turns":4},{"damage":0,"enemies":"3 Louse","floor":5,"turns":4},{"damage":48,"enemies":"Gremlin Nob","floor":6,"turns":6},{"damage":4,"enemies":"2 Fungi Beasts","floor":8,"turns":3},{"damage":11,"enemies":"Exordium Wildlife","floor":11,"turns":6},{"damage":0,"enemies":"Lots of Slimes","floor":12,"turns":4},{"damage":0,"enemies":"Red Slaver","floor":13,"turns":2},{"damage":0,"enemies":"Looter","floor":14,"turns":2},{"damage":9,"enemies":"Hexaghost","floor":16,"turns":14}],"seed_played":"-5463636041189647949","potions_obtained":[{"floor":5,"key":"Energy Potion"},{"floor":11,"key":"ColorlessPotion"},{"floor":13,"key":"SkillPotion"},{"floor":14,"key":"Block Potion"}],"is_trial":false,"path_per_floor":["M","?","M","M","M","E","R","M","T","R","M","M","M","M","R","B"],"character_chosen":"THE_SILENT","items_purchased":[],"campfire_rested":1,"item_purchase_floors":[],"current_hp_per_floor":[60,60,55,49,49,1,22,18,18,18,7,7,7,7,7,0,0],"gold":272,"neow_bonus":"RANDOM_COLORLESS","is_daily":false,"chose_seed":false,"campfire_upgraded":2,"win_rate":0.0,"timestamp":1611410011,"path_taken":["M","?","M","M","?","E","R","M","T","R","M","?","M","M","R","BOSS"],"items_purchased_type":[],"build_version":"2020-12-22","purchased_purges":0,"victory":false,"max_hp_per_floor":[70,70,70,70,70,70,70,70,70,70,70,70,70,70,70,70,70],"card_choices":[{"not_picked":["Deep Breath","Purity"],"picked":"Dark Shackles","floor":0},{"not_picked":["Slice","Deflect"],"picked":"Poisoned Stab","floor":1},{"not_picked":["Dodge and Roll","Slice"],"picked":"Dash","floor":3},{"not_picked":["Quick Slash","Dash"],"picked":"Blade Dance","floor":4},{"not_picked":["Riddle With Holes","Dagger Throw","Expertise"],"picked":"SKIP","floor":5},{"not_picked":["Blur","Backflip","Dodge and Roll"],"picked":"SKIP","floor":6},{"not_picked":["Dagger Throw","Expertise"],"picked":"PiercingWail","floor":8},{"not_picked":["Catalyst","Underhanded Strike"],"picked":"PiercingWail","floor":11},{"not_picked":["Quick Slash","Escape Plan"],"picked":"Backstab","floor":12},{"not_picked":["Unload","Sucker Punch","Masterful Stab"],"picked":"SKIP","floor":13},{"not_picked":["Flying Knee","Slice"],"picked":"Cloak And Dagger","floor":14}],"player_experience":384487,"relics_obtained":[{"floor":6,"key":"Bronze Scales"},{"floor":9,"key":"Turnip"}],"event_choices":[{"damage_healed":0,"gold_gain":0,"cards_transformed":["Strike_G"],"player_choice":"Transformed","damage_taken":0,"max_hp_gain":0,"max_hp_loss":0,"event_name":"Transmorgrifier","floor":2,"gold_loss":0,"cards_obtained":["Dodge and Roll"]}],"is_beta":false,"boss_relics":[],"items_purged_floors":[],"is_endless":false,"potions_floor_spawned":[5,11,13,14],"killed_by":"Hexaghost","ascension_level":13}}