{"host":"zr590xw2unlz0wv7","time":1611422027,"event":{"mods":["BaseMod","Minty Spire (QoL Compilation)","READ ME - Guardian Mod","StSLib"],"gold_per_floor":[116,116,130,205,224,268,282,282,282,94,94,94,118,156,156,281,281,294,219,219,219,235,235,250,265,265,265,265],"floor_reached":27,"language":"ZHS","playtime":1127,"items_purged":["Injury"],"score":279,"play_id":"5873d327-c8f8-4607-a813-6da041e5fba3","local_time":"20210124011347","is_ascension_mode":true,"campfire_choices":[{"floor":8.0,"key":"REST"},{"floor":12.0,"key":"REST"},{"floor":15.0,"key":"REST"},{"floor":23,"key":"RECALL"}],"circlet_count":0,"master_deck":["Strike_B","Defend_B","Defend_B","Defend_B","Defend_B","Zap","Dualcast","Sweeping Beam","Fusion+1","Capacitor","Barrage","Multi-Cast+1","Hologram+1","Writhe","Multi-Cast+1","Consume+1","Hologram+1","Glacier+1"],"relics":["Cracked Core","NeowsBlessing","Golden Idol","Toxic Egg 2","Gremlin Horn","Symbiotic Virus","Empty Cage","Bag of Preparation"],"acts_visited":["Exordium","TheCity"],"potions_floor_usage":[25,27],"damage_taken":[{"damage":0.0,"enemies":"Small Slimes","floor":1.0,"turns":1.0},{"damage":0.0,"enemies":"Jaw Worm","floor":3.0,"turns":1.0},{"damage":0.0,"enemies":"2 Louse","floor":5.0,"turns":1.0},{"damage":28.0,"enemies":"Gremlin Nob","floor":6.0,"turns":4.0},{"damage":18.0,"enemies":"Large Slime","floor":7.0,"turns":4.0},{"damage":1.0,"enemies":"2 Fungi Beasts","floor":13.0,"turns":4.0},{"damage":27.0,"enemies":"Lagavulin","floor":14.0,"turns":8.0},{"damage":31.0,"enemies":"Hexaghost","floor":16.0,"turns":9.0},{"damage":6.0,"enemies":"Spheric Guardian","floor":18.0,"turns":3.0},{"damage":16,"enemies":"3 Byrds","floor":22,"turns":3},{"damage":8,"enemies":"Snecko","floor":24,"turns":3},{"damage":32,"enemies":"Centurion and Healer","floor":25,"turns":4},{"damage":2,"enemies":"Snake Plant","floor":27,"turns":1}],"seed_played":"-543403433383320225","potions_obtained":[{"floor":3.0,"key":"Swift Potion"},{"floor":5.0,"key":"DistilledChaos"},{"floor":14.0,"key":"SkillPotion"},{"floor":16.0,"key":"SneckoOil"},{"floor":24,"key":"SteroidPotion"},{"floor":25,"key":"Block Potion"}],"is_trial":false,"path_per_floor":["M","?","M","?","M","E","M","R","T","$","?","R","M","E","R","B",null,"M","?","?","?","M","R","M","M","T","M"],"character_chosen":"DEFECT","items_purchased":["Fusion+1","Capacitor"],"campfire_rested":3,"item_purchase_floors":[10,10],"current_hp_per_floor":[75,75,75,64,64,36,18,40,40,40,40,62,61,34,56,25,63,57,57,57,57,41,41,33,1,1,0,0],"gold":265,"neow_bonus":"THREE_ENEMY_KILL","is_daily":false,"chose_seed":false,"campfire_upgraded":0,"win_rate":0.0,"timestamp":1611422027,"path_taken":["M","?","M","?","M","E","M","R","T","?","?","R","M","E","R","BOSS","M","?","?","?","?","R","?","M","T","M"],"items_purchased_type":["Card","Card"],"build_version":"2020-12-22","purchased_purges":1,"victory":false,"max_hp_per_floor":[75,75,75,75,75,75,75,75,75,75,75,75,75,75,75,75,75,75,75,75,75,75,75,75,75,75,75,75],"card_choices":[{"not_picked":["Barrage","Redo","Aggregate"],"picked":"SKIP","floor":1.0},{"not_picked":["Compile Driver","Hello World","Reinforced Body"],"picked":"SKIP","floor":3.0},{"not_picked":["Gash","Steam Power"],"picked":"Sweeping Beam","floor":5.0},{"not_picked":["Coolheaded+1","Force Field+1","Beam Cell"],"picked":"SKIP","floor":6.0},{"not_picked":["Barrage","Compile Driver","Streamline"],"picked":"SKIP","floor":7.0},{"not_picked":["Barrage","Stack+1","Leap+1"],"picked":"SKIP","floor":13.0},{"not_picked":["Hello World","Rip and Tear"],"picked":"Barrage","floor":14.0},{"not_picked":["Rainbow+1","Core Surge"],"picked":"Multi-Cast+1","floor":16.0},{"not_picked":["FTL","Rip and Tear"],"picked":"Hologram+1","floor":18.0},{"not_picked":["Redo+1","Rebound+1"],"picked":"Consume+1","floor":22},{"not_picked":["Go for the Eyes+1","Aggregate+1"],"picked":"Hologram+1","floor":24},{"not_picked":["Sunder","Streamline"],"picked":"Glacier+1","floor":25}],"player_experience":540368,"relics_obtained":[{"floor":6.0,"key":"Toxic Egg 2"},{"floor":9.0,"key":"Gremlin Horn"},{"floor":14.0,"key":"Symbiotic Virus"}],"event_choices":[{"damage_healed":0.0,"max_hp_gain":0.0,"max_hp_loss":0.0,"gold_gain":0.0,"event_name":"Golden Idol","player_choice":"Take Wound","floor":2.0,"gold_loss":0.0,"damage_taken":0.0,"relics_obtained":["Golden Idol"],"cards_obtained":["Injury"]},{"damage_healed":0.0,"max_hp_gain":0.0,"max_hp_loss":0.0,"gold_gain":75.0,"event_name":"World of Goop","player_choice":"Gather Gold","floor":4.0,"gold_loss":0.0,"damage_taken":11.0},{"damage_healed":0.0,"max_hp_gain":0.0,"max_hp_loss":0.0,"gold_gain":0.0,"event_name":"Shining Light","player_choice":"Ignored","floor":11.0,"gold_loss":0.0,"damage_taken":0.0},{"cards_removed":["Strike_B"],"damage_healed":0.0,"max_hp_gain":0.0,"max_hp_loss":0.0,"gold_gain":0.0,"event_name":"Beggar","player_choice":"Gave Gold","floor":19.0,"gold_loss":75.0,"damage_taken":0.0},{"damage_healed":0.0,"max_hp_gain":0.0,"max_hp_loss":0.0,"gold_gain":0.0,"event_name":"The Mausoleum","player_choice":"Opened","floor":20.0,"gold_loss":0.0,"damage_taken":0.0,"relics_obtained":["Bag of Preparation"],"cards_obtained":["Writhe"]},{"damage_healed":0.0,"max_hp_gain":0.0,"max_hp_loss":0.0,"gold_gain":0.0,"event_name":"Duplicator","player_choice":"Copied","floor":21.0,"gold_loss":0.0,"damage_taken":0.0,"cards_obtained":["Multi-Cast"]}],"is_beta":false,"boss_relics":[{"not_picked":["Nuclear Battery","Pandora\u0027s Box"],"picked":"Empty Cage"}],"items_purged_floors":[10],"is_endless":false,"potions_floor_spawned":[3,5,14,16,24,25],"killed_by":"Snake Plant","ascension_level":5}}