{"host":"v0n6ky7dmveherv3","time":1611378006,"event":{"mods":["BaseMod","Better Third Choice","Downfall","Minty Spire (QoL Compilation)","StSLib"],"gold_per_floor":[99,118,133,133,153,153,153,169,186,196,210,239,254,288,306,306,306,306],"floor_reached":16,"language":"ENG","playtime":1091,"items_purged":[],"score":143,"play_id":"df6b1542-bf30-4c23-8ea5-6fbb6e7d883c","local_time":"20210122220006","is_ascension_mode":false,"campfire_choices":[{"data":"bronze:Assembly","floor":1,"key":"SMITH"},{"data":"bronze:Boost","floor":6,"key":"SMITH"}],"circlet_count":0,"master_deck":["bronze:Replicate","bronze:Goto","bronze:Boost+1","bronze:Assembly+1","bronze:Repulsor","bronze:Invalidate","bronze:MaxOutput","bronze:Shield","bronze:Format+1","bronze:RecursiveStrike","bronze:Fortify","bronze:Boost","bronze:GetLatest"],"relics":["Pandora\u0027s Box","StoneCalendar","Lantern","Juzu Bracelet"],"acts_visited":["Exordium"],"potions_floor_usage":[8,10,13,16],"damage_taken":[{"damage":2,"enemies":"Small Slimes","floor":2,"turns":3},{"damage":6,"enemies":"Cultist","floor":3,"turns":3},{"damage":0,"enemies":"2 Louse","floor":5,"turns":4},{"damage":5,"enemies":"Exordium Thugs","floor":8,"turns":3},{"damage":0,"enemies":"Gremlin Gang","floor":9,"turns":6},{"damage":3,"enemies":"Large Slime","floor":10,"turns":4},{"damage":14,"enemies":"3 Louse","floor":11,"turns":5},{"damage":0,"enemies":"3 Sentries","floor":12,"turns":4},{"damage":8,"enemies":"Blue Slaver","floor":13,"turns":3},{"damage":8,"enemies":"Lagavulin","floor":14,"turns":6},{"damage":6,"enemies":"Exordium Thugs","floor":15,"turns":4},{"damage":18,"enemies":"DF_ARCHETYPE_STREAMLINE","floor":16,"turns":4}],"seed_played":"-2358894962481985322","potions_obtained":[{"floor":2,"key":"Swift Potion"},{"floor":8,"key":"AttackPotion"},{"floor":12,"key":"Energy Potion"},{"floor":13,"key":"Guardian:BlockOnCardUsePotion"},{"floor":14,"key":"Guardian:BlockOnCardUsePotion"}],"is_trial":false,"path_per_floor":["R","M","M","?","M","R","T","M","M","M","M","E","M","E","M","B"],"character_chosen":"THE_AUTOMATON","items_purchased":[],"campfire_rested":0,"item_purchase_floors":[],"current_hp_per_floor":[70,68,62,62,62,62,62,57,57,54,40,40,32,24,18,0,0,0],"gold":306,"neow_bonus":"BOSS_RELIC","is_daily":false,"chose_seed":false,"campfire_upgraded":2,"win_rate":0.0,"timestamp":1611378006,"path_taken":["R","M","M","?","M","R","T","M","M","?","M","E","M","E","M","BOSS"],"items_purchased_type":[],"build_version":"2020-12-22","purchased_purges":0,"victory":false,"max_hp_per_floor":[70,70,70,70,70,70,70,70,70,70,70,70,70,70,70,70,70,70],"card_choices":[{"not_picked":["bronze:CloningBeam","bronze:Overheat","bronze:CutThrough"],"picked":"SKIP","floor":2},{"not_picked":["bronze:Branch","bronze:Repair","bronze:DarkDash"],"picked":"SKIP","floor":3},{"not_picked":["bronze:Deprecate","bronze:DigitalCarnage","bronze:Turbo"],"picked":"SKIP","floor":5},{"not_picked":["bronze:CloningBeam","bronze:HyperBeam"],"picked":"bronze:Fortify","floor":8},{"not_picked":["bronze:WhirlingStrike","bronze:Invalidate","bronze:Turbo"],"picked":"SKIP","floor":9},{"not_picked":["bronze:Branch","bronze:Shield"],"picked":"bronze:Boost","floor":10},{"not_picked":["bronze:Deprecate","bronze:Overload"],"picked":"bronze:GetLatest","floor":11},{"not_picked":["bronze:Return","bronze:ShipIt","bronze:Separator"],"picked":"SKIP","floor":12},{"not_picked":["bronze:Constructor","bronze:Turbo","bronze:Optimize"],"picked":"SKIP","floor":13},{"not_picked":["bronze:Iterate","bronze:Return","bronze:Backtrace"],"picked":"SKIP","floor":14},{"not_picked":["bronze:Turbo","bronze:BitShift","bronze:BronzeArmor"],"picked":"SKIP","floor":15}],"player_experience":119416,"relics_obtained":[{"floor":7,"key":"StoneCalendar"},{"floor":12,"key":"Lantern"},{"floor":14,"key":"Juzu Bracelet"}],"event_choices":[],"is_beta":false,"boss_relics":[],"items_purged_floors":[],"is_endless":false,"potions_floor_spawned":[2,8,12,13,14],"killed_by":"DF_ARCHETYPE_STREAMLINE","ascension_level":0}}