{"host":"vyjryxuuuxkt43k4","time":1611365443,"event":{"mods":["AchievementEnabler","BaseMod","Colored Map","DeckTracker","Keyboard Shortcuts","Minty Spire (QoL Compilation)","Permanent Neow","Quick Restart","StSLib","SuperFastMode","everything is the same but u backflip on backflip"],"gold_per_floor":[112,128,144,144,61,99,99,130,178,203,203,226,266,266,266,365,365,379,379,402,423,204,204,229,229,253,253,292,310,344,367,367,367,367],"floor_reached":33,"language":"KOR","playtime":4005,"items_purged":[],"score":595,"play_id":"3e614937-9fba-4f38-9e41-e42c78ae8484","local_time":"20210123103043","is_ascension_mode":true,"campfire_choices":[{"floor":7.0,"key":"REST"},{"floor":11.0,"key":"REST"},{"floor":15.0,"key":"REST"},{"data":"Seeing Red","floor":23,"key":"SMITH"},{"data":"Whirlwind","floor":25,"key":"SMITH"},{"data":"Entrench","floor":32,"key":"SMITH"}],"circlet_count":0,"master_deck":["AscendersBane","Strike_R","Defend_R","Defend_R","Defend_R","Defend_R","Bash","Disarm","Heavy Blade","Shrug It Off","Seeing Red+1","Fire Breathing+1","Carnage","Armaments","Whirlwind+1","Headbutt","Reaper","Barricade+1","Armaments+1","Power Through","Flame Barrier","Burning Pact","Sever Soul","Power Through+1","Entrench+1"],"relics":["Burning Blood","Golden Idol","Frozen Egg 2","Red Skull","Anchor","Odd Mushroom","Bag of Marbles","Velvet Choker","Omamori","Pen Nib","Orichalcum","Bottled Flame"],"acts_visited":["Exordium","TheCity"],"potions_floor_usage":[21,28,30,30],"damage_taken":[{"damage":2.0,"enemies":"Cultist","floor":1.0,"turns":4.0},{"damage":1.0,"enemies":"2 Louse","floor":2.0,"turns":5.0},{"damage":6.0,"enemies":"Jaw Worm","floor":3.0,"turns":4.0},{"damage":32.0,"enemies":"Gremlin Nob","floor":6.0,"turns":4.0},{"damage":27.0,"enemies":"3 Sentries","floor":8.0,"turns":5.0},{"damage":0.0,"enemies":"The Mushroom Lair","floor":10.0,"turns":1.0},{"damage":3.0,"enemies":"Blue Slaver","floor":12.0,"turns":6.0},{"damage":43.0,"enemies":"Gremlin Nob","floor":13.0,"turns":5.0},{"damage":25.0,"enemies":"Hexaghost","floor":16.0,"turns":9.0},{"damage":10,"enemies":"Chosen","floor":18,"turns":5},{"damage":6,"enemies":"3 Byrds","floor":20,"turns":7},{"damage":8,"enemies":"Snecko","floor":21,"turns":7},{"damage":16,"enemies":"Snake Plant","floor":24,"turns":5},{"damage":37,"enemies":"Book of Stabbing","floor":28,"turns":8},{"damage":4,"enemies":"Centurion and Healer","floor":29,"turns":11},{"damage":2,"enemies":"Slavers","floor":30,"turns":4},{"damage":0,"enemies":"Snecko","floor":31,"turns":7},{"damage":73,"enemies":"Collector","floor":33,"turns":8}],"seed_played":"3233222922788412828","potions_obtained":[{"floor":2.0,"key":"LiquidMemories"},{"floor":3.0,"key":"BlessingOfTheForge"},{"floor":6.0,"key":"LiquidMemories"},{"floor":8.0,"key":"DuplicationPotion"},{"floor":16.0,"key":"Block Potion"},{"floor":20,"key":"Fire Potion"},{"floor":24,"key":"Swift Potion"},{"floor":29,"key":"EssenceOfSteel"},{"floor":30,"key":"ElixirPotion"}],"is_trial":false,"path_per_floor":["M","M","M","?","$","E","R","E","T","?","R","M","E","?","R","B",null,"M","?","M","M","$","R","M","R","T","?","E","M","E","M","R","B"],"character_chosen":"IRONCLAD","items_purchased":["Carnage","Energy Potion","Omamori"],"campfire_rested":3,"item_purchase_floors":[5,22,22],"current_hp_per_floor":[68,68,68,45,45,19,39,18,18,24,44,47,10,10,30,18,56,52,52,62,63,63,63,53,53,53,53,22,32,36,45,45,0,0],"gold":367,"neow_bonus":"TRANSFORM_TWO_CARDS","is_daily":false,"chose_seed":false,"campfire_upgraded":3,"win_rate":0.0,"timestamp":1611365443,"path_taken":["M","M","M","?","$","E","R","E","T","?","R","M","E","?","R","BOSS","M","?","M","M","$","R","M","R","T","?","E","M","E","M","R","BOSS"],"items_purchased_type":["Card","Potion","Relic"],"build_version":"2020-12-22","purchased_purges":0,"victory":false,"max_hp_per_floor":[68,68,68,68,68,68,68,68,68,68,68,68,68,68,68,68,68,68,68,68,68,68,68,68,68,68,68,68,68,68,68,68,68,68],"card_choices":[{"not_picked":["Warcry","Heavy Blade"],"picked":"Shrug It Off","floor":1.0},{"not_picked":["Heavy Blade","Sentinel"],"picked":"Seeing Red","floor":2.0},{"not_picked":["Perfected Strike","Twin Strike"],"picked":"Fire Breathing","floor":3.0},{"not_picked":["Sword Boomerang","Dropkick"],"picked":"Armaments","floor":6.0},{"not_picked":["Sentinel","Double Tap"],"picked":"Whirlwind","floor":8.0},{"not_picked":["Clothesline","Body Slam"],"picked":"Headbutt","floor":12.0},{"not_picked":["Flex","Juggernaut+1"],"picked":"Reaper","floor":13.0},{"not_picked":["Double Tap","Brutality+1"],"picked":"Barricade+1","floor":16.0},{"not_picked":["Anger","Perfected Strike"],"picked":"Armaments+1","floor":18},{"not_picked":["Wild Strike","Twin Strike"],"picked":"Power Through","floor":20},{"not_picked":["Sword Boomerang","True Grit"],"picked":"Flame Barrier","floor":21},{"not_picked":["Rage","Uppercut","Flame Barrier"],"picked":"SKIP","floor":24},{"not_picked":["Twin Strike+1","Searing Blow"],"picked":"Power Through+1","floor":28},{"not_picked":["Disarm+1","Wild Strike","Carnage"],"picked":"SKIP","floor":29},{"not_picked":["Warcry","True Grit","Dark Embrace+1"],"picked":"SKIP","floor":30},{"not_picked":["Anger","Iron Wave"],"picked":"Entrench","floor":31}],"player_experience":236567,"relics_obtained":[{"floor":6.0,"key":"Frozen Egg 2"},{"floor":8.0,"key":"Red Skull"},{"floor":9.0,"key":"Anchor"},{"floor":10.0,"key":"Odd Mushroom"},{"floor":13.0,"key":"Bag of Marbles"},{"floor":26,"key":"Pen Nib"},{"floor":28,"key":"Orichalcum"},{"floor":30,"key":"Bottled Flame"}],"event_choices":[{"damage_healed":0.0,"max_hp_gain":0.0,"max_hp_loss":0.0,"gold_gain":0.0,"event_name":"Golden Idol","player_choice":"Take Damage","floor":4.0,"gold_loss":0.0,"damage_taken":23.0,"relics_obtained":["Golden Idol"]},{"damage_healed":0.0,"max_hp_gain":0.0,"max_hp_loss":0.0,"gold_gain":0.0,"event_name":"Mushrooms","player_choice":"Fought Mushrooms","floor":10.0,"gold_loss":0.0,"damage_taken":0.0},{"damage_healed":0.0,"max_hp_gain":0.0,"max_hp_loss":0.0,"gold_gain":0.0,"event_name":"Living Wall","player_choice":"Grow","floor":14.0,"gold_loss":0.0,"damage_taken":0.0,"cards_upgraded":["Fire Breathing"]},{"damage_healed":0,"gold_gain":0,"player_choice":"Ignored","damage_taken":0,"max_hp_gain":0,"max_hp_loss":0,"event_name":"Vampires","floor":19,"gold_loss":0},{"damage_healed":0,"gold_gain":0,"cards_transformed":["Strike_R","Strike_R"],"player_choice":"Became Test Subject","damage_taken":0,"max_hp_gain":0,"max_hp_loss":0,"event_name":"Drug Dealer","floor":27,"gold_loss":0,"cards_obtained":["Burning Pact","Sever Soul"]}],"is_beta":false,"boss_relics":[{"not_picked":["Runic Cube","Black Blood"],"picked":"Velvet Choker"}],"items_purged_floors":[],"is_endless":false,"potions_floor_spawned":[2,3,6,8,16,20,24,29,30],"killed_by":"Collector","ascension_level":19}}