{"host":"7lqra3rfanasaqnt","time":1611438541,"event":{"mods":["AchievementEnabler","Act Like it!","BaseMod","Colored Powertips","Downfall","Friendly Minions","Minty Spire (QoL Compilation)","StSLib"],"gold_per_floor":[99,114,134,153,165,165,190,224,5,21,21,121,121,135,147,245,245,245,261,277,277,287,299,299,299,299,299,299],"floor_reached":26,"language":"ENG","playtime":1128,"items_purged":["hexamod:Strike"],"score":244,"play_id":"09e281df-e63c-4e5c-a7c8-ac6ff681d080","local_time":"20210123144901","is_ascension_mode":true,"campfire_choices":[{"data":"hexamod:Float","floor":1,"key":"SMITH"},{"data":"hexamod:GhostLash","floor":6,"key":"SMITH"},{"data":"hexamod:GhostflameBarrier","floor":18,"key":"SMITH"}],"circlet_count":0,"master_deck":["hexamod:Strike","hexamod:Strike","hexamod:Defend","hexamod:Defend","hexamod:Defend","hexamod:Defend","hexamod:Sear","hexamod:Float+1","hexamod:GhostflameBarrier+1","hexamod:DynamicBlow","hexamod:GhostLash+1","hexamod:FastForward","hexamod:FlamesFromBeyond","hexamod:Firestarter","hexamod:FlamesFromBeyond","hexamod:PhantomFireball","hexamod:TimeOfNeed","hexamod:BurningTouch","hexamod:InspiringFlames","hexamod:ApocalypseNow","CurseOfTheBell","hexamod:Incineration+1","hexamod:Hexaguard","downfall:Bewildered"],"relics":["hexamod:SpiritBrand","Tiny Chest","Dream Catcher","downfall:BrokenWingStatue","Calling Bell","Akabeko","hexamod:CandleOfCauterizing","Incense Burner","Darkstone Periapt","Shuriken","sneckomod:BabySnecko"],"acts_visited":["Exordium","TheCity"],"potions_floor_usage":[5,15,16],"damage_taken":[{"damage":0,"enemies":"2 Louse","floor":2,"turns":4},{"damage":0,"enemies":"Jaw Worm","floor":3,"turns":4},{"damage":0,"enemies":"Cultist","floor":4,"turns":3},{"damage":11,"enemies":"Large Slime","floor":5,"turns":5},{"damage":5,"enemies":"3 Sentries","floor":8,"turns":6},{"damage":0,"enemies":"downfall:FleeingMerchant","floor":9,"turns":4},{"damage":6,"enemies":"Exordium Thugs","floor":10,"turns":3},{"damage":3,"enemies":"Blue Slaver","floor":14,"turns":3},{"damage":7,"enemies":"Exordium Thugs","floor":15,"turns":3},{"damage":64,"enemies":"DF_ARCHETYPE_STREAMLINE","floor":16,"turns":12},{"damage":13,"enemies":"Shell Parasite","floor":19,"turns":4},{"damage":8,"enemies":"Snake Plant","floor":20,"turns":3},{"damage":15,"enemies":"Centurion and Healer","floor":22,"turns":3},{"damage":15,"enemies":"Shelled Parasite and Fungi","floor":23,"turns":3},{"damage":30,"enemies":"Book of Stabbing","floor":26,"turns":3}],"seed_played":"5025122992380674966","potions_obtained":[{"floor":3,"key":"Block Potion"},{"floor":5,"key":"FairyPotion"},{"floor":10,"key":"LiquidMemories"},{"floor":20,"key":"Fire Potion"}],"is_trial":false,"path_per_floor":["R","M","M","M","M","R","T","E","$","M","?","?","?","M","M","B",null,"R","M","M","T","M","M","T","?","E"],"character_chosen":"THE_SPIRIT","items_purchased":["hexamod:PhantomFireball","SkillPotion"],"campfire_rested":0,"item_purchase_floors":[9,9],"current_hp_per_floor":[70,70,70,70,59,59,59,54,54,48,53,53,53,50,43,4,75,75,62,54,54,39,24,24,30,0,0,0],"gold":299,"neow_bonus":"TRANSFORM_CARD","is_daily":false,"chose_seed":false,"campfire_upgraded":3,"win_rate":0.0,"timestamp":1611438541,"path_taken":["R","M","M","M","M","R","T","E","$","M","?","?","?","M","M","BOSS","R","M","M","?","?","M","T","?","E"],"items_purchased_type":["Card","Potion"],"build_version":"2020-12-22","purchased_purges":1,"victory":false,"max_hp_per_floor":[70,70,70,70,70,70,70,70,70,70,75,75,75,75,75,75,75,75,75,75,75,75,75,75,81,81,81,81],"card_choices":[{"not_picked":["hexamod:GhostShield","hexamod:RecurringNightmare"],"picked":"hexamod:DynamicBlow","floor":2},{"not_picked":["hexamod:FourthSeal","hexamod:AdvancingGuard"],"picked":"hexamod:GhostLash","floor":3},{"not_picked":["hexamod:ShieldOfDarkness","hexamod:ThermalTransfer"],"picked":"hexamod:FastForward","floor":4},{"not_picked":["hexamod:ShieldOfDarkness","hexamod:NightmareGuise"],"picked":"hexamod:FlamesFromBeyond","floor":5},{"not_picked":["hexamod:HauntingEcho","hexamod:GhostShield"],"picked":"hexamod:Firestarter","floor":8},{"not_picked":["hexamod:Firestarter","hexamod:NightmareStrike"],"picked":"hexamod:FlamesFromBeyond","floor":9},{"not_picked":["hexamod:Incineration","hexamod:DynamicBlow"],"picked":"hexamod:TimeOfNeed","floor":10},{"not_picked":["hexamod:Firestarter","hexamod:BacktrackSmack"],"picked":"hexamod:BurningTouch","floor":14},{"not_picked":["hexamod:StepThrough","hexamod:ShieldOfDarkness"],"picked":"hexamod:InspiringFlames","floor":15},{"not_picked":["hexamod:GhostOfSpirePresent","hexamod:UnlimitedPower"],"picked":"hexamod:ApocalypseNow","floor":16},{"not_picked":["hexamod:FastForward","hexamod:GhostLash","hexamod:PhantomFireball"],"picked":"SKIP","floor":19},{"not_picked":["hexamod:Firestarter","hexamod:GhostLash","hexamod:Haunt"],"picked":"SKIP","floor":20},{"not_picked":["hexamod:BacktrackSmack","hexamod:GhostLash"],"picked":"hexamod:Incineration+1","floor":22},{"not_picked":["hexamod:ApocalypseNow","hexamod:GhostShield"],"picked":"hexamod:Hexaguard","floor":23}],"player_experience":580167,"relics_obtained":[{"floor":7,"key":"Tiny Chest"},{"floor":8,"key":"Dream Catcher"},{"floor":17,"key":"Akabeko"},{"floor":17,"key":"hexamod:CandleOfCauterizing"},{"floor":17,"key":"Incense Burner"},{"floor":21,"key":"Darkstone Periapt"},{"floor":24,"key":"Shuriken"}],"event_choices":[{"damage_healed":0,"gold_gain":0,"player_choice":"Donut","damage_taken":0,"max_hp_gain":5,"max_hp_loss":0,"event_name":"Big Fish","floor":11,"gold_loss":0}],"is_beta":false,"boss_relics":[{"not_picked":["SlaversCollar","Cursed Key"],"picked":"Calling Bell"}],"items_purged_floors":[9],"is_endless":false,"potions_floor_spawned":[3,5,10,20],"killed_by":"Book of Stabbing","ascension_level":3}}