{"host":"7rmsgc3rayi00cdt","time":1611398154,"event":{"mods":["BaseMod","Minty Spire (QoL Compilation)"],"gold_per_floor":[114,264,264,21,21,21,45,45,71,71,71],"floor_reached":10,"language":"ENG","playtime":169,"items_purged":["Regret"],"score":100,"play_id":"41f764e4-d246-435c-9a08-f4fd85ba7a73","local_time":"20210123103554","is_ascension_mode":true,"campfire_choices":[{"floor":6,"key":"REST"},{"data":"Zap","floor":8,"key":"SMITH"}],"circlet_count":0,"master_deck":["AscendersBane","Strike_B","Strike_B","Strike_B","Strike_B","Defend_B","Defend_B","Defend_B","Defend_B","Zap+1","Dualcast","Rebound","Doubt","Hologram"],"relics":["Cracked Core","Potion Belt","Bag of Marbles","Golden Idol","Toy Ornithopter"],"acts_visited":["Exordium"],"potions_floor_usage":[],"damage_taken":[{"damage":7,"enemies":"Small Slimes","floor":1,"turns":4},{"damage":2,"enemies":"Jaw Worm","floor":7,"turns":3},{"damage":66,"enemies":"Gremlin Nob","floor":10,"turns":5}],"seed_played":"-9088920625840012904","potions_obtained":[],"is_trial":false,"path_per_floor":["M","?","?","$","?","R","M","R","T","E"],"character_chosen":"DEFECT","items_purchased":["Bag of Marbles"],"campfire_rested":1,"item_purchase_floors":[4],"current_hp_per_floor":[64,64,64,64,37,60,58,58,58,0,0],"gold":71,"neow_bonus":"TEN_PERCENT_HP_BONUS","is_daily":false,"chose_seed":false,"campfire_upgraded":1,"win_rate":0.0,"timestamp":1611398154,"path_taken":["M","?","?","?","?","R","M","R","T","E"],"items_purchased_type":["Relic"],"build_version":"2020-12-22","purchased_purges":1,"victory":false,"max_hp_per_floor":[78,78,78,78,78,78,78,78,78,78,78],"card_choices":[{"not_picked":["Double Energy","Conserve Battery"],"picked":"Rebound","floor":1},{"not_picked":["Coolheaded","Redo"],"picked":"Hologram","floor":7}],"player_experience":779472,"relics_obtained":[{"floor":9,"key":"Toy Ornithopter"}],"event_choices":[{"damage_healed":0,"gold_gain":150,"player_choice":"AGREE","damage_taken":0,"max_hp_gain":0,"max_hp_loss":0,"event_name":"Liars Game","floor":2,"gold_loss":0,"cards_obtained":["Doubt"]},{"damage_healed":0,"gold_gain":0,"player_choice":"Box","damage_taken":0,"relics_obtained":["Potion Belt"],"max_hp_gain":0,"max_hp_loss":0,"event_name":"Big Fish","floor":3,"gold_loss":0,"cards_obtained":["Regret"]},{"damage_healed":0,"gold_gain":0,"player_choice":"Take Damage","damage_taken":27,"relics_obtained":["Golden Idol"],"max_hp_gain":0,"max_hp_loss":0,"event_name":"Golden Idol","floor":5,"gold_loss":0}],"is_beta":false,"boss_relics":[],"items_purged_floors":[4],"is_endless":false,"potions_floor_spawned":[],"killed_by":"Gremlin Nob","ascension_level":17}}