{"host":"wogey4gsknv4ot2d","time":1611387794,"event":{"mods":["2.2 Compatiblity","AchievementEnabler","Alarm Clock","BaseMod","Bestiary","Better Match","Better Third Choice","Colored Map","Colored Powertips","Googly Eyes","Key Reminder","Minty Spire (QoL Compilation)","Permanent Neow","Rare Cards Sparkle","Relic Stats","StSLib"],"gold_per_floor":[113,133,144,162,182,214,214,229,229,229,243,243,253,29,29,134,134,146,112,123,134,49,49,49],"floor_reached":23,"language":"ENG","playtime":670,"items_purged":[],"score":217,"play_id":"99cdf852-f59a-45f9-9427-8d340305976a","local_time":"20210123014314","is_ascension_mode":true,"campfire_choices":[{"floor":7,"key":"REST"},{"floor":10,"key":"RECALL"},{"floor":12,"key":"REST"},{"floor":15,"key":"REST"}],"circlet_count":0,"master_deck":["Strike_B","Strike_B","Strike_B","Strike_B","Defend_B","Defend_B","Defend_B","Defend_B","Zap","Dualcast","Capacitor","Coolheaded","Beam Cell","Cold Snap","Beam Cell","Coolheaded","Cold Snap","Barrage","Steam","Rip and Tear","Lockon"],"relics":["Cracked Core","NeowsBlessing","Blue Candle","keyreminder:keyreminder","MealTicket","Busted Crown","Pen Nib"],"acts_visited":["Exordium","TheCity"],"potions_floor_usage":[4,16,16,23],"damage_taken":[{"damage":0,"enemies":"Cultist","floor":1,"turns":1},{"damage":0,"enemies":"Jaw Worm","floor":2,"turns":1},{"damage":0,"enemies":"Small Slimes","floor":3,"turns":1},{"damage":19,"enemies":"Exordium Thugs","floor":4,"turns":4},{"damage":6,"enemies":"Large Slime","floor":5,"turns":5},{"damage":19,"enemies":"3 Sentries","floor":6,"turns":10},{"damage":18,"enemies":"Blue Slaver","floor":8,"turns":3},{"damage":14,"enemies":"Exordium Thugs","floor":11,"turns":6},{"damage":19,"enemies":"3 Louse","floor":13,"turns":4},{"damage":32,"enemies":"The Guardian","floor":16,"turns":16},{"damage":12,"enemies":"Chosen","floor":18,"turns":4},{"damage":40,"enemies":"2 Thieves","floor":20,"turns":5},{"damage":20,"enemies":"3 Cultists","floor":21,"turns":6},{"damage":15,"enemies":"Gremlin Leader","floor":23,"turns":1}],"seed_played":"8362779448003959672","potions_obtained":[{"floor":3,"key":"LiquidBronze"},{"floor":11,"key":"Energy Potion"},{"floor":20,"key":"EssenceOfSteel"}],"is_trial":false,"path_per_floor":["M","M","M","M","M","E","R","M","T","R","M","R","M","$","R","B",null,"M","$","M","M","?","E"],"character_chosen":"DEFECT","items_purchased":["MealTicket","Ancient Potion","Rip and Tear"],"campfire_rested":3,"item_purchase_floors":[14,14,19],"current_hp_per_floor":[75,75,75,56,50,31,53,35,35,35,21,43,24,24,46,14,75,63,75,35,15,15,0,0],"gold":49,"neow_bonus":"THREE_ENEMY_KILL","is_daily":false,"chose_seed":false,"campfire_upgraded":0,"win_rate":0.0,"timestamp":1611387794,"path_taken":["M","M","M","M","M","E","R","M","T","R","M","R","?","$","R","BOSS","M","$","?","M","?","E"],"items_purchased_type":["Relic","Potion","Card"],"build_version":"2020-12-22","purchased_purges":0,"victory":false,"max_hp_per_floor":[75,75,75,75,75,75,75,75,75,75,75,75,75,75,75,75,75,75,75,75,75,75,75,75],"relic_stats":{"Busted Crown":6,"counters":[14,67],"Blue Candle":[0],"MealTicket":12,"Pen Nib":[0],"obtain_stats":[{"keyreminder:keyreminder":9,"Busted Crown":17,"NeowsBlessing":0,"Blue Candle":6,"MealTicket":14,"Pen Nib":22,"Cracked Core":0},{"keyreminder:keyreminder":7,"Busted Crown":10,"NeowsBlessing":0,"Blue Candle":6,"MealTicket":9,"Pen Nib":13,"Cracked Core":0},{"keyreminder:keyreminder":25,"Busted Crown":51,"NeowsBlessing":0,"Blue Candle":22,"MealTicket":35,"Pen Nib":66,"Cracked Core":0}]},"card_choices":[{"not_picked":["Beam Cell","Force Field"],"picked":"Capacitor","floor":1},{"not_picked":["Beam Cell","Steam"],"picked":"Coolheaded","floor":2},{"not_picked":["Chaos","Hello World"],"picked":"Beam Cell","floor":3},{"not_picked":["White Noise","Redo"],"picked":"Cold Snap","floor":4},{"not_picked":["Coolheaded","Ball Lightning"],"picked":"Beam Cell","floor":5},{"not_picked":["Leap","Hologram"],"picked":"Coolheaded","floor":6},{"not_picked":["White Noise","Storm","Gash"],"picked":"SKIP","floor":8},{"not_picked":["Capacitor","White Noise"],"picked":"Cold Snap","floor":11},{"not_picked":["Darkness","Reprogram"],"picked":"Barrage","floor":13},{"not_picked":[],"picked":"Steam","floor":18},{"not_picked":["Gash"],"picked":"SKIP","floor":20},{"not_picked":[],"picked":"Lockon","floor":21}],"player_experience":71582,"relics_obtained":[{"floor":6,"key":"Blue Candle"}],"event_choices":[{"damage_healed":0,"gold_gain":0,"player_choice":"Obtained Relic","damage_taken":0,"relics_obtained":["Pen Nib"],"max_hp_gain":0,"max_hp_loss":0,"event_name":"Addict","floor":22,"gold_loss":85}],"is_beta":false,"boss_relics":[{"not_picked":["Snecko Eye","Calling Bell"],"picked":"Busted Crown"}],"items_purged_floors":[],"is_endless":false,"potions_floor_spawned":[3,5,11,16,20],"killed_by":"Gremlin Leader","ascension_level":2}}