{"host":"94aus4jnk6thj94q","time":1611391033,"event":{"mods":["BaseMod","Minty Spire (QoL Compilation)","Quick Restart","StSLib"],"gold_per_floor":[110,129,129,86,86,120,48,48,48,48,62,81,114,124,124,228,228,244,275,275,133,144,174,174,192,192,192,222,222,241,60,60,160,160,170,184,36,36,86,86,120,120,144,144,144],"floor_reached":44,"language":"ENG","playtime":2838,"items_purged":[],"score":482,"play_id":"44c9949a-450c-4cbf-a4d9-f4eff19666a9","local_time":"20210123103713","is_ascension_mode":false,"campfire_choices":[{"floor":8.0,"key":"REST"},{"floor":10.0,"key":"RECALL"},{"floor":15.0,"key":"REST"},{"floor":24.0,"key":"REST"},{"floor":29.0,"key":"REST"},{"data":"Seek","floor":32.0,"key":"SMITH"},{"data":"Capacitor","floor":40,"key":"SMITH"},{"floor":42,"key":"REST"}],"circlet_count":0,"master_deck":["Strike_B","Strike_B+1","Strike_B","Strike_B+1","Defend_B","Defend_B","Defend_B","Defend_B","Zap+1","Dualcast","Conserve Battery","Redo","Core Surge+1","Seek+1","Sunder+1","Cold Snap+1","Self Repair","Coolheaded","Seek","Redo","Cold Snap+1","Capacitor+1","Doom and Gloom+1","BootSequence","Static Discharge","Electrodynamics","Loop","Consume","Seek","CurseOfTheBell","Core Surge+1","Doom and Gloom+1","Writhe"],"relics":["Cracked Core","Molten Egg 2","Eternal Feather","Whetstone","Sozu","Red Mask","Regal Pillow","Matryoshka","Membership Card","Calling Bell","Bag of Preparation","Letter Opener","StoneCalendar","ClockworkSouvenir","Juzu Bracelet","Ginger","Mummified Hand","Oddly Smooth Stone","Blood Vial"],"acts_visited":["Exordium","TheCity","TheBeyond"],"potions_floor_usage":[],"damage_taken":[{"damage":7.0,"enemies":"Small Slimes","floor":1.0,"turns":3.0},{"damage":0.0,"enemies":"2 Louse","floor":2.0,"turns":3.0},{"damage":26.0,"enemies":"3 Sentries","floor":6.0,"turns":8.0},{"damage":6.0,"enemies":"Jaw Worm","floor":11.0,"turns":2.0},{"damage":0.0,"enemies":"3 Louse","floor":12.0,"turns":1.0},{"damage":16.0,"enemies":"Lagavulin","floor":13.0,"turns":4.0},{"damage":6.0,"enemies":"Gremlin Gang","floor":14.0,"turns":4.0},{"damage":36.0,"enemies":"Slime Boss","floor":16.0,"turns":11.0},{"damage":8.0,"enemies":"Spheric Guardian","floor":18.0,"turns":3.0},{"damage":8.0,"enemies":"Masked Bandits","floor":19.0,"turns":3.0},{"damage":5.0,"enemies":"2 Thieves","floor":22.0,"turns":3.0},{"damage":18.0,"enemies":"Slavers","floor":23.0,"turns":5.0},{"damage":8.0,"enemies":"Centurion and Healer","floor":25.0,"turns":8.0},{"damage":33.0,"enemies":"Gremlin Leader","floor":28.0,"turns":8.0},{"damage":4.0,"enemies":"Snecko","floor":30.0,"turns":3.0},{"damage":47,"enemies":"Collector","floor":33,"turns":8},{"damage":18,"enemies":"Orb Walker","floor":35,"turns":4},{"damage":15,"enemies":"3 Darklings","floor":36,"turns":4},{"damage":15,"enemies":"Mind Bloom Boss Battle","floor":39,"turns":7},{"damage":47,"enemies":"Reptomancer","floor":41,"turns":7},{"damage":86,"enemies":"Nemesis","floor":44,"turns":5}],"seed_played":"2932725089777950953","potions_obtained":[{"floor":6.0,"key":"FocusPotion"},{"floor":12.0,"key":"GamblersBrew"},{"floor":13.0,"key":"SpeedPotion"},{"floor":14.0,"key":"Ancient Potion"}],"is_trial":false,"path_per_floor":["M","M","?","?","?","E","$","R","T","R","M","M","E","M","R","B",null,"M","?","?","$","M","E","R","M","T","?","E","R","M","$","R","B",null,"M","M","$","?","?","R","E","R","T","E"],"character_chosen":"DEFECT","items_purchased":["Seek","Capacitor","Doom and Gloom+1","Membership Card","Consume","ClockworkSouvenir","Juzu Bracelet"],"campfire_rested":5,"item_purchase_floors":[7,21,21,31,31,37,37],"current_hp_per_floor":[75,75,75,75,80,54,54,80,80,86,80,80,64,58,87,58,87,79,78,78,78,80,69,87,86,86,86,60,87,83,83,87,47,87,76,68,68,87,79,87,47,87,87,1,1],"gold":144,"neow_bonus":"TEN_PERCENT_HP_BONUS","is_daily":false,"chose_seed":false,"campfire_upgraded":2,"win_rate":0.0,"timestamp":1611391033,"path_taken":["M","M","?","?","?","E","$","R","T","R","M","M","E","?","R","BOSS","M","?","?","$","?","E","R","M","T","?","E","R","M","?","R","BOSS","M","M","$","?","?","R","E","R","T","E"],"items_purchased_type":["Card","Card","Card","Relic","Card","Relic","Relic"],"build_version":"2020-12-22","purchased_purges":0,"victory":false,"max_hp_per_floor":[82,82,82,82,87,87,87,87,87,87,87,87,87,87,87,87,87,87,87,87,87,87,87,87,87,87,87,87,87,87,87,87,87,87,87,87,87,87,87,87,87,87,87,87,87],"card_choices":[{"not_picked":["Turbo","Go for the Eyes"],"picked":"Conserve Battery","floor":1.0},{"not_picked":["Turbo","Gash"],"picked":"Redo","floor":2.0},{"not_picked":["Fusion","Genetic Algorithm"],"picked":"Core Surge+1","floor":6.0},{"not_picked":["Darkness","Cold Snap+1"],"picked":"Sunder+1","floor":11.0},{"not_picked":["White Noise","Barrage+1"],"picked":"Cold Snap+1","floor":12.0},{"not_picked":["Fission","Beam Cell+1"],"picked":"Self Repair","floor":13.0},{"not_picked":["Hologram","Compile Driver+1"],"picked":"Coolheaded","floor":14.0},{"not_picked":["Hyperbeam+1","Meteor Strike+1"],"picked":"Seek","floor":16.0},{"not_picked":["Turbo+1","FTL+1"],"picked":"Redo","floor":18.0},{"not_picked":["Barrage+1","Lockon+1"],"picked":"Cold Snap+1","floor":19.0},{"not_picked":["Hello World","Gash+1"],"picked":"BootSequence","floor":22.0},{"not_picked":["Compile Driver+1","Stack","Lockon+1"],"picked":"SKIP","floor":23.0},{"not_picked":["Doom and Gloom+1","Scrape+1"],"picked":"Static Discharge","floor":25.0},{"not_picked":["Go for the Eyes+1","White Noise"],"picked":"Electrodynamics","floor":28.0},{"not_picked":["Streamline+1","Rip and Tear+1"],"picked":"Loop","floor":30.0},{"not_picked":["Electrodynamics","Fission"],"picked":"Seek","floor":33},{"not_picked":["Gash+1","Leap"],"picked":"Core Surge+1","floor":35},{"not_picked":["FTL+1","Compile Driver+1"],"picked":"Doom and Gloom+1","floor":36},{"not_picked":["Chaos","Lockon+1","Steam"],"picked":"SKIP","floor":41}],"player_experience":5887300,"relics_obtained":[{"floor":6.0,"key":"Molten Egg 2"},{"floor":9.0,"key":"Eternal Feather"},{"floor":13.0,"key":"Whetstone"},{"floor":19.0,"key":"Red Mask"},{"floor":23.0,"key":"Regal Pillow"},{"floor":28.0,"key":"Matryoshka"},{"floor":34,"key":"Bag of Preparation"},{"floor":34,"key":"Letter Opener"},{"floor":34,"key":"StoneCalendar"},{"floor":39,"key":"Ginger"},{"floor":41,"key":"Mummified Hand"},{"floor":43,"key":"Oddly Smooth Stone"},{"floor":43,"key":"Blood Vial"}],"event_choices":[{"damage_healed":0.0,"max_hp_gain":0.0,"max_hp_loss":0.0,"gold_gain":0.0,"event_name":"Living Wall","player_choice":"Grow","floor":3.0,"gold_loss":0.0,"damage_taken":0.0,"cards_upgraded":["Zap"]},{"damage_healed":0.0,"max_hp_gain":0.0,"max_hp_loss":0.0,"gold_gain":0.0,"event_name":"World of Goop","player_choice":"Left Gold","floor":4.0,"gold_loss":43.0,"damage_taken":0.0},{"damage_healed":0.0,"max_hp_gain":5.0,"max_hp_loss":0.0,"gold_gain":0.0,"event_name":"Big Fish","player_choice":"Donut","floor":5.0,"gold_loss":0.0,"damage_taken":0.0},{"damage_healed":0.0,"max_hp_gain":0.0,"max_hp_loss":0.0,"gold_gain":0.0,"event_name":"Masked Bandits","player_choice":"Fought Bandits","floor":19.0,"gold_loss":0.0,"damage_taken":0.0},{"damage_healed":0.0,"max_hp_gain":0.0,"max_hp_loss":0.0,"gold_gain":0.0,"event_name":"FaceTrader","player_choice":"Leave","floor":20.0,"gold_loss":0.0,"damage_taken":0.0},{"damage_healed":0.0,"max_hp_gain":0.0,"max_hp_loss":0.0,"gold_gain":0.0,"event_name":"The Woman in Blue","player_choice":"Bought 0 Potions","floor":27.0,"gold_loss":0.0,"damage_taken":0.0},{"damage_healed":22,"gold_gain":0,"player_choice":"Writhe","damage_taken":0,"max_hp_gain":0,"max_hp_loss":0,"event_name":"Winding Halls","floor":38,"gold_loss":0,"cards_obtained":["Writhe"]},{"damage_healed":0,"gold_gain":0,"player_choice":"Fight","damage_taken":0,"max_hp_gain":0,"max_hp_loss":0,"event_name":"MindBloom","floor":39,"gold_loss":0}],"is_beta":false,"boss_relics":[{"not_picked":["Coffee Dripper","Tiny House"],"picked":"Sozu"},{"not_picked":["Cursed Key","Fusion Hammer"],"picked":"Calling Bell"}],"items_purged_floors":[],"is_endless":false,"potions_floor_spawned":[6,12,13,14,16,19,23,25,30,41],"killed_by":"Nemesis","ascension_level":0}}