{"host":"4kmvpqjeiacgn1pr","time":1611438020,"event":{"mods":["AchievementEnabler","BaseMod","Better Altar","Better Match","Better Note","Better Sensory Stone","Better Skull","Better Third Choice","Colored Map","Colored Powertips","Highlight Path","Minty Spire (QoL Compilation)","Permanent Neow","Rare Cards Sparkle","Replay The Spire","Spicy Shops","StSLib"],"gold_per_floor":[118,118,129,139,139,139,139,139],"floor_reached":7,"language":"ENG","playtime":375,"items_purged":[],"score":51,"play_id":"1308492a-24b2-46f9-8880-c31051753b9b","local_time":"20210123164020","is_ascension_mode":true,"campfire_choices":[{"data":"Carnage","floor":6,"key":"SMITH"}],"circlet_count":0,"master_deck":["Strike_R","Strike_R","Strike_R","Strike_R","Strike_R","Defend_R","Defend_R","Defend_R","Defend_R","Bash","Armaments","Sickly","Carnage+1","Evolve","ReplayTheSpireMod:Uncanny Aura"],"relics":["Black Star","Ring of Hypnosis","Ring of Misfortune"],"acts_visited":["Exordium"],"potions_floor_usage":[],"damage_taken":[{"damage":12,"enemies":"Small Slimes","floor":1,"turns":3},{"damage":4,"enemies":"Jaw Worm","floor":3,"turns":3},{"damage":7,"enemies":"2 Louse","floor":4,"turns":3},{"damage":180,"enemies":"3 Sentries","floor":7,"turns":4}],"seed_played":"3675365773338333748","potions_obtained":[],"is_trial":false,"path_per_floor":["M","?","M","M","?","R","E"],"character_chosen":"IRONCLAD","items_purchased":[],"campfire_rested":0,"item_purchase_floors":[],"current_hp_per_floor":[68,68,64,57,57,57,0,0],"gold":139,"neow_bonus":"BOSS_RELIC","is_daily":false,"chose_seed":false,"campfire_upgraded":1,"win_rate":0.0,"timestamp":1611438020,"path_taken":["M","?","M","M","?","R","E"],"items_purchased_type":[],"build_version":"2020-12-22","purchased_purges":0,"victory":false,"max_hp_per_floor":[80,80,80,80,80,80,80,80],"card_choices":[{"not_picked":["Headbutt","Clash"],"picked":"Armaments","floor":1},{"not_picked":["Twin Strike","Pommel Strike"],"picked":"Carnage","floor":3},{"not_picked":["ReplayTheSpireMod:Strike From Hell","Wild Strike"],"picked":"Evolve","floor":4},{"not_picked":["Mind Blast","Replay:Parry"],"picked":"ReplayTheSpireMod:Uncanny Aura","floor":5}],"player_experience":340077,"relics_obtained":[{"floor":2,"key":"Ring of Hypnosis"},{"floor":2,"key":"Ring of Misfortune"}],"event_choices":[{"damage_healed":0,"gold_gain":1,"player_choice":"1","damage_taken":0,"max_hp_gain":0,"max_hp_loss":0,"event_name":"betterStone:BetterStone","floor":5,"gold_loss":0}],"is_beta":false,"boss_relics":[],"items_purged_floors":[],"is_endless":false,"potions_floor_spawned":[],"killed_by":"3 Sentries","ascension_level":5}}