{"host":"08t08ld674si40tv","time":1611378871,"event":{"mods":["AchievementEnabler","BaseMod","Colored Map","Minty Spire (QoL Compilation)","StSLib","SuperFastMode"],"gold_per_floor":[119,119,130,130,130,160,177,177,177,211,211,237,247,108,108,187,187,199,739,755,801,824,858,868,902,902,913,913,927,927,959,959,1030,1030,1040,1060,1085,654,654,689,705,736,759,649,667,687,717,729,729,729,729,729,729,22,53,53],"floor_reached":57,"language":"KOR","playtime":538,"items_purged":["Strike_R"],"score":3790,"play_id":"cd2af863-6b54-4d61-8833-cd04f7ec8252","local_time":"20210123141431","is_ascension_mode":true,"campfire_choices":[{"data":"Fire Breathing","floor":8,"key":"SMITH"},{"data":"Disarm","floor":15,"key":"SMITH"},{"data":"Offering","floor":28,"key":"SMITH"},{"data":"Fiend Fire","floor":32,"key":"SMITH"},{"floor":49,"key":"RECALL"},{"data":"Pommel Strike","floor":53,"key":"SMITH"}],"circlet_count":0,"master_deck":["AscendersBane","Strike_R+1","Strike_R+1","Strike_R+1","Strike_R+1","Defend_R+1","Defend_R+1","Defend_R+1","Bash+1","Perfected Strike","Fire Breathing+1","Offering+1","Disarm+1","Fiend Fire+1","Perfected Strike","Perfected Strike","Pommel Strike+1","Battle Trance+1","Shrug It Off+1","Wild Strike+1","Perfected Strike+1"],"relics":["Black Blood","NeowsBlessing","Black Star","Vajra","Gremlin Horn","Art of War","InkBottle","Potion Belt","Lantern","Smiling Mask","Bottled Flame","Blood Vial","Juzu Bracelet","Centennial Puzzle","Ancient Tea Set","Orichalcum","Kunai","Meat on the Bone","Tiny Chest","Snecko Eye","CaptainsWheel","Mummified Hand","War Paint","Eternal Feather","Molten Egg 2","Letter Opener","Self Forming Clay","Omamori","Paper Frog","Lizard Tail","Medical Kit","FossilizedHelix","Bronze Scales","Mercury Hourglass","Bottled Tornado"],"acts_visited":["Exordium","TheCity","TheBeyond","TheEnding"],"potions_floor_usage":[10,16,19,56,56,56,56],"damage_taken":[{"damage":0,"enemies":"Jaw Worm","floor":1,"turns":1},{"damage":0,"enemies":"Cultist","floor":3,"turns":1},{"damage":0,"enemies":"3 Sentries","floor":6,"turns":2},{"damage":11,"enemies":"Small Slimes","floor":7,"turns":3},{"damage":32,"enemies":"Gremlin Nob","floor":10,"turns":4},{"damage":6,"enemies":"3 Sentries","floor":12,"turns":3},{"damage":16,"enemies":"Blue Slaver","floor":13,"turns":3},{"damage":15,"enemies":"The Guardian","floor":16,"turns":6},{"damage":0,"enemies":"Chosen","floor":18,"turns":1},{"damage":0,"enemies":"2 Thieves","floor":20,"turns":1},{"damage":0,"enemies":"Gremlin Leader","floor":23,"turns":1},{"damage":0,"enemies":"Snecko","floor":24,"turns":1},{"damage":0,"enemies":"Slavers","floor":25,"turns":1},{"damage":0,"enemies":"Chosen and Byrds","floor":27,"turns":1},{"damage":0,"enemies":"Cultist and Chosen","floor":29,"turns":1},{"damage":0,"enemies":"Gremlin Leader","floor":31,"turns":1},{"damage":0,"enemies":"Automaton","floor":33,"turns":1},{"damage":0,"enemies":"3 Darklings","floor":35,"turns":1},{"damage":0,"enemies":"3 Shapes","floor":36,"turns":1},{"damage":0,"enemies":"Mind Bloom Boss Battle","floor":37,"turns":1},{"damage":0,"enemies":"Reptomancer","floor":40,"turns":1},{"damage":0,"enemies":"Jaw Worm Horde","floor":41,"turns":1},{"damage":0,"enemies":"Nemesis","floor":42,"turns":1},{"damage":0,"enemies":"3 Darklings","floor":45,"turns":1},{"damage":0,"enemies":"4 Shapes","floor":46,"turns":1},{"damage":0,"enemies":"Giant Head","floor":47,"turns":1},{"damage":0,"enemies":"Spire Growth","floor":48,"turns":1},{"damage":0,"enemies":"Awakened One","floor":50,"turns":2},{"damage":0,"enemies":"Donu and Deca","floor":51,"turns":1},{"damage":0,"enemies":"Shield and Spear","floor":55,"turns":1},{"damage":124,"enemies":"The Heart","floor":56,"turns":7}],"seed_played":"3721180582588455273","potions_obtained":[{"floor":1,"key":"GamblersBrew"},{"floor":3,"key":"Fire Potion"},{"floor":13,"key":"Fruit Juice"},{"floor":20,"key":"Strength Potion"}],"is_trial":false,"path_per_floor":["M","?","M","?","$","E","M","R","T","E","?","E","M","$","R","B",null,"M","?","M","T","T","E","M","E","T","M","R","M","?","E","R","B",null,"M","M","?","$","?","E","M","E","T","?","M","M","E","M","R","B","B",null,"R","$","E","B",null],"character_chosen":"IRONCLAD","items_purchased":["Disarm","Mummified Hand","War Paint","Medical Kit","FossilizedHelix","Bronze Scales","Wild Strike+1"],"campfire_rested":0,"item_purchase_floors":[14,38,38,54,54,54,54],"current_hp_per_floor":[74,74,75,52,52,58,53,53,53,27,27,27,17,17,17,13,63,75,8,20,20,20,34,48,62,62,76,76,85,85,85,85,85,85,85,85,85,85,85,85,85,85,85,85,85,85,85,85,85,85,85,85,85,85,85,30],"gold":53,"neow_bonus":"THREE_ENEMY_KILL","is_daily":false,"chose_seed":false,"campfire_upgraded":5,"win_rate":0.0,"timestamp":1611378871,"path_taken":["M","?","?","?","$","E","M","R","T","E","?","E","M","?","R","BOSS","M","?","?","?","?","E","M","E","T","M","R","M","?","E","R","BOSS","M","M","?","$","?","E","M","E","T","?","M","M","E","M","R","BOSS","BOSS","R","$","E","BOSS"],"items_purchased_type":["Card","Relic","Relic","Relic","Relic","Relic","Card"],"build_version":"2020-12-22","purchased_purges":1,"victory":true,"max_hp_per_floor":[75,75,75,75,75,75,75,75,75,75,75,75,75,75,75,80,80,80,85,85,85,85,85,85,85,85,85,85,85,85,85,85,85,85,85,85,85,85,85,85,85,85,85,85,85,85,85,85,85,85,85,85,85,85,85,85],"card_choices":[{"not_picked":["Warcry","True Grit"],"picked":"Perfected Strike","floor":1},{"not_picked":["Rupture","Armaments"],"picked":"Fire Breathing","floor":3},{"not_picked":["Twin Strike","Heavy Blade","Clothesline"],"picked":"SKIP","floor":6},{"not_picked":["Carnage","Cleave","Thunderclap"],"picked":"SKIP","floor":7},{"not_picked":["Warcry","Twin Strike"],"picked":"Offering","floor":10},{"not_picked":["Offering","Headbutt","Warcry"],"picked":"SKIP","floor":12},{"not_picked":["Whirlwind","Dual Wield","Iron Wave"],"picked":"SKIP","floor":13},{"not_picked":["Double Tap","Exhume"],"picked":"Fiend Fire","floor":16},{"not_picked":["Warcry+1","Metallicize"],"picked":"Perfected Strike","floor":18},{"not_picked":["Thunderclap","Reckless Charge","Fire Breathing"],"picked":"SKIP","floor":20},{"not_picked":["Intimidate","Cleave","Clash"],"picked":"SKIP","floor":23},{"not_picked":["Whirlwind","Armaments+1"],"picked":"Perfected Strike","floor":24},{"not_picked":["Berserk","Dark Embrace"],"picked":"Pommel Strike","floor":25},{"not_picked":["Heavy Blade","Shockwave","Ghostly Armor"],"picked":"SKIP","floor":27},{"not_picked":["Warcry","Havoc"],"picked":"Battle Trance","floor":29},{"not_picked":["Feel No Pain","Dropkick","Armaments"],"picked":"SKIP","floor":31},{"not_picked":["Disarm+1","Warcry","Inflame"],"picked":"SKIP","floor":35},{"not_picked":["Cleave","Clash"],"picked":"Shrug It Off","floor":36},{"not_picked":["Body Slam+1","Disarm+1","Inflame"],"picked":"SKIP","floor":40},{"not_picked":["Cleave+1","Intimidate","Twin Strike+1"],"picked":"SKIP","floor":41},{"not_picked":["Headbutt+1","Twin Strike+1","Cleave+1"],"picked":"SKIP","floor":42},{"not_picked":["Offering","Iron Wave+1","Body Slam+1"],"picked":"SKIP","floor":45},{"not_picked":["Metallicize","Clothesline+1","Whirlwind+1"],"picked":"SKIP","floor":46},{"not_picked":["Exhume","Cleave+1","Uppercut+1"],"picked":"SKIP","floor":47},{"not_picked":["Intimidate","Feel No Pain","Shrug It Off+1"],"picked":"SKIP","floor":48},{"not_picked":["Rampage+1","Second Wind+1"],"picked":"Perfected Strike+1","floor":55}],"player_experience":257542,"relics_obtained":[{"floor":6,"key":"Gremlin Horn"},{"floor":6,"key":"Art of War"},{"floor":9,"key":"InkBottle"},{"floor":10,"key":"Potion Belt"},{"floor":10,"key":"Lantern"},{"floor":12,"key":"Smiling Mask"},{"floor":12,"key":"Bottled Flame"},{"floor":22,"key":"Blood Vial"},{"floor":23,"key":"Juzu Bracelet"},{"floor":23,"key":"Centennial Puzzle"},{"floor":25,"key":"Ancient Tea Set"},{"floor":25,"key":"Orichalcum"},{"floor":26,"key":"Kunai"},{"floor":31,"key":"Meat on the Bone"},{"floor":31,"key":"Tiny Chest"},{"floor":37,"key":"CaptainsWheel"},{"floor":40,"key":"Eternal Feather"},{"floor":40,"key":"Molten Egg 2"},{"floor":42,"key":"Letter Opener"},{"floor":42,"key":"Self Forming Clay"},{"floor":43,"key":"Omamori"},{"floor":47,"key":"Paper Frog"},{"floor":47,"key":"Lizard Tail"},{"floor":55,"key":"Mercury Hourglass"},{"floor":55,"key":"Bottled Tornado"}],"event_choices":[{"damage_healed":0,"gold_gain":0,"player_choice":"Gave Potion","damage_taken":0,"relics_obtained":["Vajra"],"max_hp_gain":0,"max_hp_loss":0,"event_name":"WeMeetAgain","floor":2,"gold_loss":0},{"damage_healed":0,"gold_gain":0,"player_choice":"Entered Light","damage_taken":23,"max_hp_gain":0,"max_hp_loss":0,"event_name":"Shining Light","floor":4,"gold_loss":0,"cards_upgraded":["Strike_R","Strike_R"]},{"damage_healed":0,"gold_gain":0,"player_choice":"Ignored","damage_taken":0,"max_hp_gain":0,"max_hp_loss":0,"event_name":"Liars Game","floor":11,"gold_loss":0},{"damage_healed":0,"gold_gain":540,"player_choice":"POTION POTION POTION POTION POTION GOLD GOLD GOLD GOLD GOLD GOLD ","damage_taken":97,"max_hp_gain":0,"max_hp_loss":0,"event_name":"Knowing Skull","floor":19,"potions_obtained":["LiquidBronze","Fruit Juice","FairyPotion","Ancient Potion","SkillPotion"],"gold_loss":0,"cards_obtained":[]},{"damage_healed":0,"gold_gain":0,"player_choice":"Simplicity","damage_taken":0,"max_hp_gain":0,"max_hp_loss":0,"event_name":"Back to Basics","floor":30,"gold_loss":0,"cards_upgraded":["Strike_R","Strike_R","Defend_R","Defend_R","Defend_R","Defend_R"]},{"damage_healed":0,"gold_gain":0,"player_choice":"Fight","damage_taken":0,"max_hp_gain":0,"max_hp_loss":0,"event_name":"MindBloom","floor":37,"gold_loss":0},{"damage_healed":0,"gold_gain":0,"player_choice":"Ignored","damage_taken":0,"max_hp_gain":0,"max_hp_loss":0,"event_name":"Tomb of Lord Red Mask","floor":39,"gold_loss":0},{"cards_removed":["Defend_R"],"damage_healed":0,"gold_gain":0,"player_choice":"Upgrade and Remove","damage_taken":0,"max_hp_gain":0,"max_hp_loss":0,"event_name":"Designer","floor":44,"gold_loss":110,"cards_upgraded":["Bash"]}],"is_beta":false,"boss_relics":[{"not_picked":["Busted Crown","Sozu"],"picked":"Black Blood"},{"not_picked":["Black Star","Tiny House"],"picked":"Snecko Eye"}],"items_purged_floors":[14],"is_endless":false,"potions_floor_spawned":[1,3,13,20,24,29,35,36,40,45,46,47,55],"ascension_level":20}}