{"host":"d73an99q9oevilk5","time":1611369014,"event":{"mods":["2.2 Compatiblity","AchievementEnabler","Act Like it!","Aspiration","BaseMod","Beaked The Cultist","Better Third Choice","BetterRewards","Colored Map","Colored Powertips","Conspire","GifTheSpireLib","Halation","Hubris","Infinite Spire","Mimic Mod","Minty Spire (QoL Compilation)","Quick Restart","Relic Sorter","Replay The Spire","Shop Mod","Spikes Relics","StSLib","Stuff the Spire","The Cursed","The Necromancer","The Saiyan","The Senshi","Waifu the Spire","egg","slay the spire mod where everything is the same but ironclad has a cowboy hat","vexMod"],"gold_per_floor":[116,133,147,147,45,45,72,72,109,126,126,126,144,161,161,264,264,274,274,274,289,304,304,334,334,410,206,226,226,226,244,244,244,244],"floor_reached":33,"language":"ENG","playtime":1293,"items_purged":[],"score":367,"play_id":"035dd496-3b2a-4027-91b5-569825387637","local_time":"20210122193014","is_ascension_mode":false,"campfire_choices":[{"data":"Perfected Strike","floor":6.0,"key":"SMITH"},{"data":"Replay:Bootleg Shield Generator","floor":8.0,"key":"SMITH"},{"data":"Bash","floor":11.0,"key":"SMITH"},{"data":"Bash","floor":15.0,"key":"SMITH"},{"floor":23.0,"key":"REST"},{"data":"hubris:StunningStrike","floor":25,"key":"SMITH"},{"data":"Replay:Fractal Strike","floor":30,"key":"SMITH"},{"floor":32,"key":"REST"}],"circlet_count":0,"master_deck":["Strike_R","Strike_R","Strike_R","Strike_R","Strike_R","Defend_R","Defend_R","Defend_R","Defend_R","Bash+1","Perfected Strike+1","Shrug It Off","Battle Trance","Replay:Bootleg Shield Generator+1","Bash+1","Heavy Blade","hubris:StunningStrike+1","Pommel Strike+1","StuffTheSpire:CuriosityCurse","Replay:Fractal Strike+1","Iron Wave+1","Dual Wield"],"relics":["Burning Blood","StuffTheSpire:Experiment12","BargainBundle","WingedGreaves","Bronze Scales","StuffTheSpire:Expresso","aspiration:HummingbirdHeart","vexMod:MysteryBossChallenge","HoveringKite","vexMod:FocusSash","King of Hearts","Bottled Flame","PreservedInsect","hubris:Towel"],"acts_visited":["Exordium","TheCity"],"potions_floor_usage":[24,24,33,33],"damage_taken":[{"damage":13.0,"enemies":"infinitespire:Voidling","floor":1.0,"turns":5.0},{"damage":2.0,"enemies":"Small Slimes","floor":2.0,"turns":3.0},{"damage":1.0,"enemies":"Jaw Worm","floor":3.0,"turns":3.0},{"damage":14.0,"enemies":"3 Sentries","floor":7.0,"turns":7.0},{"damage":0.0,"enemies":"3 Louse","floor":9.0,"turns":10.0},{"damage":0.0,"enemies":"3 Louse","floor":10.0,"turns":2.0},{"damage":0.0,"enemies":"conspire:2 RoseBushes","floor":13.0,"turns":4.0},{"damage":0.0,"enemies":"Exordium Thugs","floor":14.0,"turns":3.0},{"damage":45.0,"enemies":"Fading Forest","floor":16.0,"turns":11.0},{"damage":0.0,"enemies":"3 Byrds","floor":18.0,"turns":3.0},{"damage":21.0,"enemies":"2 Thieves","floor":21.0,"turns":4.0},{"damage":16.0,"enemies":"Snecko","floor":22.0,"turns":5.0},{"damage":43,"enemies":"Gremlin Leader","floor":24,"turns":6},{"damage":8,"enemies":"Centurion and Healer","floor":28,"turns":6},{"damage":9,"enemies":"Sentry and Sphere","floor":31,"turns":5},{"damage":122,"enemies":"Automaton","floor":33,"turns":12}],"seed_played":"-8876361775414664983","potions_obtained":[{"floor":1.0,"key":"FearPotion"},{"floor":3.0,"key":"Energy Potion"},{"floor":16.0,"key":"Regen Potion"},{"floor":24,"key":"SpeedPotion"}],"is_trial":false,"path_per_floor":["M","M","M","?","$","R","E","R","MIM","M","R","$","M","M","R","B",null,"M","?","?","M","M","R","E","R","T","$","M","?","R","M","R","B"],"character_chosen":"IRONCLAD","items_purchased":["StuffTheSpire:Experiment12","BargainBundle","Bronze Scales","FairyPotion","PreservedInsect","Fire Potion"],"campfire_rested":2,"item_purchase_floors":[0,0,0,5,27,27],"current_hp_per_floor":[44,48,53,53,53,53,45,45,51,57,57,57,63,69,69,36,75,75,75,58,43,33,55,32,32,32,32,30,30,30,27,49,0,0],"gold":244,"neow_bonus":"","is_daily":false,"chose_seed":false,"campfire_upgraded":6,"win_rate":0.0,"timestamp":1611369014,"path_taken":["M","?","M","?","?","R","E","R","MIM","?","R","$","?","M","R","BOSS","M","?","?","M","?","R","E","R","T","?","M","?","R","M","R","BOSS"],"items_purchased_type":["Relic","Relic","Relic","Potion","Relic","Potion"],"build_version":"2020-12-22","purchased_purges":0,"victory":false,"max_hp_per_floor":[75,75,75,75,75,75,75,75,75,75,75,75,75,75,75,75,75,75,75,75,75,75,75,75,75,75,75,75,75,75,75,75,75,75],"card_choices":[{"not_picked":["Havoc","StuffTheSpire:Slingshot"],"picked":"Perfected Strike","floor":1.0},{"not_picked":["Warcry","Run Through"],"picked":"Shrug It Off","floor":2.0},{"not_picked":["ReplayReversal","Entrench"],"picked":"Battle Trance","floor":3.0},{"not_picked":["Fiend Fire","hubris:StunningStrike","Havoc"],"picked":"SKIP","floor":7.0},{"not_picked":["Warcry","Infernal Blade"],"picked":"Heavy Blade","floor":9.0},{"not_picked":["Shrug It Off","Sword Boomerang","Shockwave"],"picked":"SKIP","floor":10.0},{"not_picked":["Cleave","Anger","Body Slam"],"picked":"SKIP","floor":13.0},{"not_picked":["Heavy Blade","Entrench","Body Slam"],"picked":"SKIP","floor":14.0},{"not_picked":["Barricade","Hemogenesis"],"picked":"hubris:StunningStrike","floor":16.0},{"not_picked":["Warcry","StuffTheSpire:RockThrow+1"],"picked":"Pommel Strike+1","floor":18.0},{"not_picked":["hubris:Rewind","ReplayTheSpireMod:Echoes of Time"],"picked":"Replay:Fractal Strike","floor":20.0},{"not_picked":["Anger","Limit Break","Rupture"],"picked":"SKIP","floor":21.0},{"not_picked":["Metallicize","Run Through","Body Slam"],"picked":"SKIP","floor":22.0},{"not_picked":["Cleave","Flex"],"picked":"Iron Wave+1","floor":24},{"not_picked":["Headbutt","Fire Breathing","ReplayTheSpireMod:Strike From Hell+1"],"picked":"SKIP","floor":28},{"not_picked":["Sword Boomerang+1","Cleave"],"picked":"Dual Wield","floor":31}],"player_experience":1766135,"relics_obtained":[{"floor":7.0,"key":"StuffTheSpire:Expresso"},{"floor":9.0,"key":"aspiration:HummingbirdHeart"},{"floor":24,"key":"King of Hearts"},{"floor":26,"key":"Bottled Flame"}],"event_choices":[{"damage_healed":0.0,"max_hp_gain":0.0,"max_hp_loss":0.0,"gold_gain":0.0,"event_name":"Match and Keep!","player_choice":"2 cards matched","floor":4.0,"gold_loss":0.0,"damage_taken":0.0,"cards_obtained":["Replay:Bootleg Shield Generator","Bash"]}],"is_beta":false,"boss_relics":[{"not_picked":["conspire:SeveredTorchhead","hubris:TerracottaHorce"],"picked":"vexMod:MysteryBossChallenge"}],"items_purged_floors":[],"is_endless":false,"potions_floor_spawned":[1,3,13,16,18,24],"killed_by":"Automaton","ascension_level":0}}