{"host":"sboty77psj7t2cnn","time":1611391619,"event":{"mods":["Aspiration","BaseMod","Beaked The Cultist","Better Match","Better Vampires","ChefMod","Colored Map","Conspire","Dio Mod","Downfall","Hermit","Hubris","Infinite Spire","Jorbs\u0027s Wanderer Trilogy","Minty Spire (QoL Compilation)","StSLib","The Witch"],"gold_per_floor":[0,18,18,36,46,80,80,115,115,141,141,159,170,198,217,217,217],"floor_reached":16,"language":"SPA","playtime":972,"items_purged":[],"score":157,"play_id":"547189e4-c714-4643-81ee-facefc47d4ce","local_time":"20210123024659","is_ascension_mode":false,"campfire_choices":[{"data":"hermit:Snapshot","floor":1,"key":"SMITH"},{"data":"hermit:Showdown","floor":9,"key":"SMITH"},{"floor":11,"key":"REST"}],"circlet_count":0,"master_deck":["hermit:Strike_Hermit","hermit:Strike_Hermit","hermit:Strike_Hermit","hermit:Strike_Hermit","hermit:Defend_Hermit","hermit:Defend_Hermit","hermit:Defend_Hermit","hermit:Snapshot+1","hermit:Covet","hermit:RoundhouseKick","hermit:Coalescence","Iron Wave","hermit:Showdown+1","hermit:ItchyTrigger","hermit:Quickdraw","hermit:ItchyTrigger","hermit:GhostlyPresence","hermit:Maintenance","hermit:Scavenge","hermit:LoneWolf"],"relics":["hermit:Momento","bronze:BronzeIdol","hubris:GlazedTorus","hubris:64BitClover","hubris:CrystalStatue","hubris:TenFootPole"],"acts_visited":["Exordium"],"potions_floor_usage":[6,16,16,16],"damage_taken":[{"damage":5,"enemies":"Small Slimes","floor":2,"turns":3},{"damage":0,"enemies":"infinitespire:Voidling","floor":4,"turns":3},{"damage":0,"enemies":"2 Louse","floor":5,"turns":2},{"damage":13,"enemies":"Lagavulin","floor":6,"turns":4},{"damage":3,"enemies":"Gremlin Nob","floor":8,"turns":4},{"damage":34,"enemies":"Lagavulin","floor":10,"turns":6},{"damage":3,"enemies":"Red Slaver","floor":12,"turns":3},{"damage":5,"enemies":"Exordium Thugs","floor":13,"turns":3},{"damage":0,"enemies":"Gremlin Nob","floor":14,"turns":3},{"damage":0,"enemies":"Blue Slaver","floor":15,"turns":2},{"damage":39,"enemies":"WA_ARCHETYPE_RETAIN","floor":16,"turns":6}],"seed_played":"4019646673178311160","potions_obtained":[{"floor":4,"key":"SkillPotion"},{"floor":12,"key":"CultistPotion"},{"floor":13,"key":"SpeedPotion"},{"floor":15,"key":"champ:CounterPotion"}],"is_trial":false,"path_per_floor":["R","M","?","M","M","E","T","E","R","E","R","M","M","E","M","B"],"character_chosen":"HERMIT","items_purchased":[],"campfire_rested":1,"item_purchase_floors":[],"current_hp_per_floor":[75,70,70,70,70,57,57,54,54,20,42,39,34,34,34,0,0],"gold":217,"neow_bonus":"THREE_RARE_CARDS","is_daily":false,"chose_seed":false,"campfire_upgraded":2,"win_rate":0.0,"timestamp":1611391619,"path_taken":["R","M","?","M","M","E","T","E","R","E","R","M","?","E","M","BOSS"],"items_purchased_type":[],"build_version":"2020-12-22","purchased_purges":0,"victory":false,"max_hp_per_floor":[75,75,75,75,75,75,75,75,75,75,75,75,75,75,75,75,75],"card_choices":[{"not_picked":["hermit:Reprieve","hermit:OverwhelmingPower"],"picked":"hermit:RoundhouseKick","floor":0},{"not_picked":["hermit:Desperado","hermit:Midnight"],"picked":"hermit:Coalescence","floor":2},{"not_picked":["hermit:Cheat","hermit:Snipe"],"picked":"hermit:Showdown","floor":4},{"not_picked":["hermit:EternalForm","hermit:LowProfile"],"picked":"hermit:ItchyTrigger","floor":5},{"not_picked":["hermit:FatalDesire","hermit:Gestalt"],"picked":"hermit:Quickdraw","floor":6},{"not_picked":["hermit:LowProfile","hermit:Determination"],"picked":"hermit:ItchyTrigger","floor":8},{"not_picked":["hermit:Magnum","hermit:ItchyTrigger"],"picked":"hermit:GhostlyPresence","floor":10},{"not_picked":["hermit:Brawl","hermit:Ricochet"],"picked":"hermit:Maintenance","floor":12},{"not_picked":["hermit:TakeAim","hermit:HoleUp"],"picked":"hermit:Scavenge","floor":13},{"not_picked":["hermit:NoHoldsBarred","hermit:Determination","hermit:Malice"],"picked":"SKIP","floor":14},{"not_picked":["hermit:LuckOfTheDraw","hermit:HoleUp"],"picked":"hermit:LoneWolf","floor":15}],"player_experience":385658,"relics_obtained":[{"floor":6,"key":"bronze:BronzeIdol"},{"floor":7,"key":"hubris:GlazedTorus"},{"floor":8,"key":"hubris:64BitClover"},{"floor":10,"key":"hubris:CrystalStatue"},{"floor":14,"key":"hubris:TenFootPole"}],"event_choices":[{"cards_removed":["hermit:Defend_Hermit"],"damage_healed":0,"gold_gain":0,"player_choice":"Took Card","damage_taken":0,"max_hp_gain":0,"max_hp_loss":0,"event_name":"NoteForYourself","floor":3,"gold_loss":0,"cards_obtained":["Iron Wave"]}],"is_beta":false,"boss_relics":[],"items_purged_floors":[],"is_endless":false,"potions_floor_spawned":[4,12,13,15],"killed_by":"WA_ARCHETYPE_RETAIN","ascension_level":0}}