{"host":"yqveedbda5h7irme","time":1611433024,"event":{"mods":["AchievementEnabler","Aspiration","BaseMod","BetterRewards","Colored Powertips","Conspire","Downfall","GifTheSpireLib","Hermit","Hubris","Infinite Spire","Marked Mod","Minty Spire (QoL Compilation)","Replay The Spire","StSLib","Stuff the Spire","The Jungle","The Necromancer","The Servant 0.9.4"],"gold_per_floor":[111,138,75,87,99,111,123,235,273,135,161,184,46,75,105,221,233,95,125,137,162,174,203,215,238,267,292,316,278,290,317,347,457,469,431,458,470,482,511,549,588,9,9,22,22,37,57,80,93,93,93,121,67,17,17,17,17,17],"floor_reached":56,"language":"ENG","playtime":4444,"items_purged":["Slimebound:Defend_Slimebound","Slimebound:Strike_Slimebound"],"score":805,"play_id":"b2182af4-3142-49a8-8e50-1d611f73cccd","local_time":"20210123211704","is_ascension_mode":false,"campfire_choices":[{"floor":1,"key":"RECALL"},{"data":"Slimebound:CorrosiveSpit","floor":10,"key":"SMITH"},{"floor":13,"key":"REST"},{"floor":29,"key":"REST"},{"data":"StuffTheSpire:WarGroove","floor":35,"key":"SMITH"},{"data":"expansioncontent:QuickStudy","floor":43,"key":"SMITH"},{"floor":45,"key":"REST"},{"floor":54,"key":"DIG"}],"circlet_count":0,"master_deck":["Slimebound:Strike_Slimebound","Slimebound:Strike_Slimebound+1","Slimebound:Tackle","Slimebound:Defend_Slimebound","Slimebound:Defend_Slimebound","Slimebound:Split","Slimebound:CorrosiveSpit+1","Slimebound:GoopSpray+1","infinitespire:Collect+1","Slimebound:Split","Slimebound:LeechEnergy","Slimebound:SlimeTap","StuffTheSpire:PlasmaPunch","Shame","Slimebound:Equalize+1","Slimebound:GrowthPunch","Slimebound:LeadByExample","Slimebound:SamplingLick","Slimebound:OozeBath","Slimebound:OozeBath","Slimebound:RollThrough+1","Slimebound:Repurpose","StuffTheSpire:WarGroove+1","Slimebound:Prepare","Slimebound:AcidTongue+1","Slimebound:Nibble","Slimebound:GoopSpray","Slimebound:Schlurp","Writhe","Slimebound:SelfFormingGoo","Slimebound:Schlurp","Slimebound:MassFeed","Blade Dance+1","Slimebound:Darklings","Slimebound:HauntingLick+1","Slimebound:PressTheAttack+1","After Image","expansioncontent:QuickStudy+1","Slimebound:HauntingLick+1","Slimebound:LevelUp","Slimebound:OozeBath","Parasite","Slimebound:AcidTongue","Outmaneuver"],"relics":["Slimebound:AbsorbEndCombat","MawBank","Slimebound:GreedOozeRelic","Smiling Mask","downfall:GremlinSack","Durian","downfall:HeartBlessingBlue","downfall:HeartBlessingRed","Replay:Fungal Core","downfall:HeartBlessingGreen","conspire:BottledYoYo","Du-Vu Doll","aspiration:SilentSkillbook","conspire:GlowingRock","Whetstone","Slimebound:AggressiveSlimeRelic","PreservedInsect","Chameleon Ring","Replay:Multitool","ReplayTheSpireMod:Ninjato"],"acts_visited":["Exordium","TheCity","TheBeyond","TheEnding"],"potions_floor_usage":[16,16,33,33,39,40,50,50,50],"damage_taken":[{"damage":4,"enemies":"Cultist","floor":2,"turns":3},{"damage":23,"enemies":"Cultist","floor":8,"turns":4},{"damage":10,"enemies":"Replay:BlueRogue","floor":9,"turns":3},{"damage":0,"enemies":"2 Louse","floor":11,"turns":2},{"damage":0,"enemies":"Small Slimes","floor":12,"turns":2},{"damage":0,"enemies":"3 Louse","floor":14,"turns":3},{"damage":3,"enemies":"Red Slaver","floor":15,"turns":2},{"damage":1,"enemies":"WA_ARCHETYPE_RETAIN","floor":16,"turns":3},{"damage":13,"enemies":"Spheric Guardian","floor":19,"turns":3},{"damage":1,"enemies":"3 Byrds","floor":21,"turns":4},{"damage":4,"enemies":"Cultist and Chosen","floor":23,"turns":5},{"damage":34,"enemies":"Snake Plant","floor":25,"turns":4},{"damage":25,"enemies":"Centurion and Healer","floor":26,"turns":4},{"damage":2,"enemies":"Snecko","floor":27,"turns":4},{"damage":0,"enemies":"Sentry and Sphere","floor":28,"turns":4},{"damage":4,"enemies":"3 Cultists","floor":31,"turns":4},{"damage":5,"enemies":"Snake Plant","floor":32,"turns":3},{"damage":15,"enemies":"IC_MUSHROOM_ARCHETYPE","floor":33,"turns":6},{"damage":0,"enemies":"3 Shapes","floor":36,"turns":6},{"damage":23,"enemies":"3 Darklings","floor":39,"turns":3},{"damage":26,"enemies":"conspire:MimicChest","floor":40,"turns":4},{"damage":2,"enemies":"downfall:FleeingMerchant","floor":42,"turns":4},{"damage":14,"enemies":"4 Shapes","floor":44,"turns":2},{"damage":2,"enemies":"Transient","floor":46,"turns":5},{"damage":3,"enemies":"Jaw Worm Horde","floor":47,"turns":4},{"damage":8,"enemies":"downfall:FleeingMerchant","floor":48,"turns":4},{"damage":4,"enemies":"Writhing Mass","floor":49,"turns":4},{"damage":0,"enemies":"DF_ARCHETYPE_ORBS","floor":50,"turns":2},{"damage":26,"enemies":"downfall:CharBossMerchant","floor":52,"turns":5},{"damage":20,"enemies":"downfall:NeowBoss","floor":55,"turns":11},{"damage":110,"enemies":"downfall:NeowBossFinal","floor":56,"turns":8}],"seed_played":"3452094508233461301","potions_obtained":[{"floor":8,"key":"DuplicationPotion"},{"floor":11,"key":"LiquidBronze"},{"floor":12,"key":"Adrenaline Potion"},{"floor":23,"key":"Slimebound:SlimyTonguePotion"},{"floor":26,"key":"EssenceOfSteel"},{"floor":33,"key":"Slimebound:SpawnSlimePotion"},{"floor":36,"key":"Weak Potion"},{"floor":44,"key":"SteroidPotion"},{"floor":46,"key":"DistilledChaos"}],"is_trial":false,"path_per_floor":["R","M","?","?","?","?","T","?","E","R","M","M","R","M","M","B",null,"R","M","?","M","?","M","T","M","M","M","M","R","?","M","M","B",null,"R","M","?","?","M","?","T","$","R","M","R","M","M","$","M","B",null,"E","$","R","B","B"],"character_chosen":"SLIMEBOUND","items_purchased":["Slimebound:AggressiveSlimeRelic","PreservedInsect","expansioncontent:QuickStudy","BlessingOfTheForge","Chameleon Ring","Outmaneuver"],"campfire_rested":3,"item_purchase_floors":[42,42,42,42,48,53],"current_hp_per_floor":[65,65,65,49,49,49,49,34,45,55,59,61,80,80,80,79,80,80,73,73,79,59,63,63,31,22,36,52,76,76,80,77,71,80,80,84,84,76,69,49,49,65,65,55,80,84,84,80,84,84,84,74,74,74,64,0,0,0],"gold":17,"neow_bonus":"RANDOM_COMMON_RELIC","is_daily":false,"chose_seed":false,"campfire_upgraded":3,"win_rate":0.0,"timestamp":1611433024,"path_taken":["R","M","?","?","?","?","T","?","E","R","M","M","R","M","M","BOSS","R","M","?","?","?","M","T","M","M","M","M","R","?","M","M","BOSS","R","M","?","?","?","?","T","$","R","M","R","M","M","$","M","BOSS","E","$","R","BOSS","BOSS"],"items_purchased_type":["Relic","Relic","Card","Potion","Relic","Card"],"build_version":"2020-12-22","purchased_purges":2,"victory":false,"max_hp_per_floor":[65,65,65,65,65,65,65,65,70,80,80,80,80,80,80,80,80,80,80,80,80,80,80,80,80,80,80,80,80,80,80,80,80,80,80,84,84,84,84,84,84,84,84,84,84,84,84,84,84,84,84,84,84,84,84,84,84,84],"card_choices":[{"not_picked":["Slimebound:ProtectTheBoss","Slimebound:ForwardTackle"],"picked":"Slimebound:GoopSpray","floor":2},{"not_picked":["infinitespire:Punishment","infinitespire:SealOfDarkness+"],"picked":"infinitespire:Collect","floor":4},{"not_picked":["Slimebound:SplitAcid","Slimebound:Gluttony"],"picked":"Slimebound:Equalize","floor":8},{"not_picked":["Slimebound:FormOfPuddle","Slimebound:SplitMire"],"picked":"Slimebound:GrowthPunch","floor":9},{"not_picked":["Slimebound:Chomp","Slimebound:ProtectTheBoss"],"picked":"Slimebound:LeadByExample","floor":11},{"not_picked":["Slimebound:SplitLeeching","Slimebound:SlimeTap"],"picked":"Slimebound:SamplingLick","floor":12},{"not_picked":["Slimebound:SplitMire","Slimebound:SlimeBrawl","Slimebound:SlimeTap"],"picked":"SKIP","floor":14},{"not_picked":["Slimebound:PressTheAttack","Slimebound:LeechEnergy"],"picked":"Slimebound:OozeBath","floor":15},{"not_picked":["Slimebound:FirmFortitude","Slimebound:WasteNot"],"picked":"Slimebound:OozeBath","floor":16},{"not_picked":["Slimebound:GoopTackle","Slimebound:ComboTackle"],"picked":"Slimebound:RollThrough+1","floor":19},{"not_picked":["Slimebound:Equalize","Slimebound:TongueLash"],"picked":"Slimebound:Repurpose","floor":21},{"not_picked":["Slimebound:SplitMire","Slimebound:GoopTackle"],"picked":"Slimebound:Prepare","floor":23},{"not_picked":["Slimebound:GoopSpray","Slimebound:DisruptingSlam"],"picked":"Slimebound:AcidTongue","floor":25},{"not_picked":["Slimebound:GoopTackle","Slimebound:FlameTackle"],"picked":"Slimebound:Nibble","floor":26},{"not_picked":["Slimebound:SplitMire","Slimebound:FinishingTackle+1"],"picked":"Slimebound:GoopSpray","floor":27},{"not_picked":["Slimebound:FinishingTackle+1","Slimebound:Prepare"],"picked":"Slimebound:Schlurp","floor":28},{"not_picked":["Slimebound:Dissolve","Slimebound:Chomp"],"picked":"Slimebound:SelfFormingGoo","floor":31},{"not_picked":["Slimebound:SlimeSpikes","Slimebound:Grow"],"picked":"Slimebound:Schlurp","floor":32},{"not_picked":["Slimebound:DouseInSlime","Slimebound:OozeBath"],"picked":"Slimebound:MassFeed","floor":33},{"not_picked":["Poisoned Stab","Slimebound:GrowthPunch","Underhanded Strike"],"picked":"Blade Dance+1","floor":36},{"not_picked":["StuffTheSpire:BumpUp+1","Acrobatics+1","Underhanded Strike"],"picked":"Slimebound:HauntingLick+1","floor":39},{"not_picked":["Hidden Blade+1","Acrobatics+1","Catalyst"],"picked":"Slimebound:PressTheAttack+1","floor":40},{"not_picked":["Blade Dance+1","Deadly Poison+1","Acrobatics+1"],"picked":"After Image","floor":42},{"not_picked":["hubris:SlightOfHand","Dagger Throw","Bane"],"picked":"Slimebound:HauntingLick+1","floor":44},{"not_picked":["Prepared","Deadly Poison","All Out Attack+1"],"picked":"Slimebound:LevelUp","floor":46},{"not_picked":["StuffTheSpire:BumpUp+1","Slimebound:Schlurp+1","ReplayTheSpireMod:The Works"],"picked":"Slimebound:OozeBath","floor":47},{"not_picked":["Deadly Poison+1","Endless Agony+1","Slimebound:RollThrough+1","Slimebound:SlimeSpikes"],"picked":"SKIP","floor":48},{"not_picked":["StuffTheSpire:BumpUp+1","StuffTheSpire:Sprint","Slimebound:Repurpose+1"],"picked":"Slimebound:AcidTongue","floor":49},{"not_picked":["StuffTheSpire:ClusterCrunch+1","Masterful Stab+1","ReplayTheSpireMod:Necrosis","StuffTheSpire:MirrorStance+1"],"picked":"SKIP","floor":52}],"player_experience":143004,"relics_obtained":[{"floor":5,"key":"Smiling Mask"},{"floor":8,"key":"downfall:GremlinSack"},{"floor":9,"key":"Durian"},{"floor":24,"key":"conspire:BottledYoYo"},{"floor":40,"key":"conspire:GlowingRock"},{"floor":41,"key":"Whetstone"},{"floor":52,"key":"Replay:Multitool"},{"floor":54,"key":"ReplayTheSpireMod:Ninjato"}],"event_choices":[{"cards_removed":["Slimebound:Defend_Slimebound"],"damage_healed":0,"gold_gain":0,"player_choice":"Card Removal","damage_taken":0,"max_hp_gain":0,"max_hp_loss":0,"event_name":"Wheel of Change","floor":20,"gold_loss":0}],"is_beta":false,"boss_relics":[{"not_picked":["Painkiller Herb","hubris:GrandSneckoEye"],"picked":"Replay:Fungal Core"},{"not_picked":["hubris:VirtuousBlindfold","hubris:CrackedHourglass"],"picked":"aspiration:SilentSkillbook"}],"items_purged_floors":[42,48],"is_endless":false,"potions_floor_spawned":[8,11,12,23,26,32,33,36,44,46,47],"killed_by":"downfall:NeowBossFinal","ascension_level":0}}