{"host":"i0avyit1s6jb1siw","time":1611442968,"event":{"mods":["BaseMod","DeckTracker","Dota2Spire","Highlight Path","Minty Spire (QoL Compilation)","Quick Restart","StSLib","SuperFastMode"],"gold_per_floor":[114,124,135,150,200,200,48,48,74,92,92,17,17,51,51,130,130,141,153,187,87,87,87,100,100,126,126,126],"floor_reached":27,"language":"ENG","playtime":511,"items_purged":["Strike_P","Strike_P"],"score":422,"play_id":"fd4764ee-fa5d-46f6-9205-a156ec8f3e3d","local_time":"20210124000248","is_ascension_mode":true,"campfire_choices":[{"data":"Eruption","floor":6,"key":"SMITH"},{"data":"Adaptation","floor":8,"key":"SMITH"},{"floor":15,"key":"REST"},{"floor":23,"key":"REST"},{"floor":25,"key":"REST"}],"circlet_count":0,"master_deck":["AscendersBane","Defend_P+1","Eruption+1","Vigilance","BowlingBash","Adaptation+1","Adaptation+1","BowlingBash","Protect","Crescendo","LessonLearned+1","PathToVictory+1","BowlingBash+1","BattleHymn+1","EmptyBody","Prostrate"],"relics":["PureWater","NeowsBlessing","Strawberry","Akabeko","Astrolabe","Red Mask","Anchor"],"acts_visited":["Exordium","TheCity"],"potions_floor_usage":[10,20,20,27],"damage_taken":[{"damage":0.0,"enemies":"Cultist","floor":1.0,"turns":1.0},{"damage":0.0,"enemies":"Jaw Worm","floor":2.0,"turns":1.0},{"damage":0.0,"enemies":"Small Slimes","floor":3.0,"turns":1.0},{"damage":11.0,"enemies":"3 Louse","floor":4.0,"turns":4.0},{"damage":6,"enemies":"Blue Slaver","floor":10,"turns":5},{"damage":20,"enemies":"3 Sentries","floor":14,"turns":8},{"damage":24,"enemies":"The Guardian","floor":16,"turns":15},{"damage":41,"enemies":"Shell Parasite","floor":18,"turns":3},{"damage":0,"enemies":"Spheric Guardian","floor":19,"turns":3},{"damage":8,"enemies":"Masked Bandits","floor":20,"turns":3},{"damage":22,"enemies":"Snake Plant","floor":24,"turns":3},{"damage":10,"enemies":"Colosseum Slavers","floor":27,"turns":5},{"damage":30,"enemies":"Colosseum Nobs","floor":27,"turns":4}],"seed_played":"-7568684781721970790","potions_obtained":[{"floor":4.0,"key":"Block Potion"},{"floor":10,"key":"SteroidPotion"},{"floor":14,"key":"Ancient Potion"},{"floor":18,"key":"EntropicBrew"}],"is_trial":false,"path_per_floor":["M","M","M","M","?","R","$","R","T","M","?","?","$","E","R","B",null,"M","M","?","$","?","R","M","R","T","?"],"character_chosen":"WATCHER","items_purchased":["BowlingBash","Protect"],"campfire_rested":3,"item_purchase_floors":[7,7],"current_hp_per_floor":[61,61,61,50,44,44,44,44,51,45,45,45,45,25,47,23,62,21,21,13,13,13,35,13,35,35,0,0],"gold":126,"neow_bonus":"THREE_ENEMY_KILL","is_daily":false,"chose_seed":false,"campfire_upgraded":2,"win_rate":0.0,"timestamp":1611442968,"path_taken":["M","?","M","?","?","R","?","R","T","M","?","?","$","E","R","BOSS","M","M","?","$","?","R","M","R","T","?"],"items_purchased_type":["Card","Card"],"build_version":"2020-12-22","purchased_purges":2,"victory":false,"max_hp_per_floor":[68,68,68,68,68,68,68,68,75,75,75,75,75,75,75,75,75,75,75,75,75,75,75,75,75,75,75,75],"card_choices":[{"not_picked":["SashWhip","Sanctity"],"picked":"BowlingBash","floor":1.0},{"not_picked":["Swivel","Vengeance"],"picked":"Adaptation","floor":2.0},{"not_picked":["SashWhip","Wish"],"picked":"Adaptation","floor":3.0},{"not_picked":["BowlingBash","FlyingSleeves","Nirvana"],"picked":"SKIP","floor":4.0},{"not_picked":["EmptyBody","Prostrate","CutThroughFate"],"picked":"SKIP","floor":10},{"not_picked":["JustLucky","Consecrate"],"picked":"Crescendo","floor":14},{"not_picked":["Brilliance","MasterReality"],"picked":"LessonLearned","floor":16},{"not_picked":["Halt","Nirvana"],"picked":"EmptyBody","floor":18},{"not_picked":["BowlingBash","FlyingSleeves"],"picked":"Prostrate","floor":19},{"not_picked":["Consecrate","FlurryOfBlows","WreathOfFlame"],"picked":"SKIP","floor":24}],"player_experience":2323973,"relics_obtained":[{"floor":9,"key":"Strawberry"},{"floor":14,"key":"Akabeko"},{"floor":20,"key":"Red Mask"},{"floor":26,"key":"Anchor"}],"event_choices":[{"damage_healed":0,"gold_gain":50,"player_choice":"Touch","damage_taken":6,"max_hp_gain":0,"max_hp_loss":0,"event_name":"FaceTrader","floor":5,"gold_loss":0},{"damage_healed":0,"gold_gain":0,"player_choice":"Ignored","damage_taken":0,"max_hp_gain":0,"max_hp_loss":0,"event_name":"Liars Game","floor":11,"gold_loss":0},{"cards_removed":["Defend_P"],"damage_healed":0,"gold_gain":0,"player_choice":"Card Removal","damage_taken":0,"max_hp_gain":0,"max_hp_loss":0,"event_name":"The Cleric","floor":12,"gold_loss":75},{"damage_healed":0,"gold_gain":0,"player_choice":"Fought Bandits","damage_taken":0,"max_hp_gain":0,"max_hp_loss":0,"event_name":"Masked Bandits","floor":20,"gold_loss":0},{"cards_removed":["Defend_P"],"damage_healed":0,"gold_gain":0,"player_choice":"Elegance","damage_taken":0,"max_hp_gain":0,"max_hp_loss":0,"event_name":"Back to Basics","floor":22,"gold_loss":0},{"damage_healed":0,"gold_gain":0,"player_choice":"Fight","damage_taken":0,"max_hp_gain":0,"max_hp_loss":0,"event_name":"Colosseum","floor":27,"gold_loss":0},{"damage_healed":0,"gold_gain":0,"player_choice":"Fought Nobs","damage_taken":0,"max_hp_gain":0,"max_hp_loss":0,"event_name":"Colosseum","floor":27,"gold_loss":0}],"is_beta":false,"boss_relics":[{"not_picked":["Empty Cage","Sozu"],"picked":"Astrolabe"}],"items_purged_floors":[7,21],"is_endless":false,"potions_floor_spawned":[4,10,14,18,24],"killed_by":"Colosseum Nobs","ascension_level":20}}