{"host":"5jzx1090woovszu4","time":1611384746,"event":{"mods":["BaseMod","Hermit","Minty Spire (QoL Compilation)","Shade Mod","Spicy Shops","StSLib","The Marked"],"gold_per_floor":[111,111,111,123,9,9,41,41,91,116,96,124,135,155,155,260,260,272,20,20,50,79,91,128,154,166,210,241,253,265,311,323,440,452,482,494,33,46,64,98,98,133,180,180,180,209,209,47,47,47],"floor_reached":51,"language":"ENG","playtime":2032,"items_purged":[],"score":934,"play_id":"0a31a3b2-7cc2-47c6-a919-bb1e8865ce2f","local_time":"20210123075226","daily_mods":["SealedDeck","Green Cards","Elite Swarm"],"is_ascension_mode":false,"campfire_choices":[{"data":"Bouncing Flask","floor":6,"key":"SMITH"},{"data":"Noxious Fumes","floor":8,"key":"SMITH"},{"data":"Shade:GreaterAnimation","floor":15,"key":"SMITH"},{"data":"Shade:SoulPierce","floor":23,"key":"SMITH"},{"data":"Noxious Fumes","floor":30,"key":"SMITH"},{"data":"Corpse Explosion","floor":32,"key":"SMITH"},{"data":"Backflip","floor":41,"key":"SMITH"},{"data":"Shade:FuneraryArmor","floor":44,"key":"SMITH"},{"data":"Deadly Poison","floor":49,"key":"SMITH"}],"circlet_count":0,"master_deck":["Shade:FuneraryArmor","Flying Knee+1","Flying Knee+1","Cloak And Dagger+1","Backflip+1","Shade:WallOfFlesh+1","Poisoned Stab","Bouncing Flask+1","Noxious Fumes+1","Deadly Poison+1","Shade:Bonestorm","Shade:AncientSpear","Noxious Fumes+1","Deadly Poison+1","Shade:GreaterAnimation+1","Shade:SoulPierce+1","Deadly Poison+1","A Thousand Cuts+1","Corpse Explosion+1","Shade:GreaterAnimation+1","Shade:FuneraryArmor+1","Noxious Fumes+1","Shade:FleshLikeOak+1","Shade:OfferingToTheBeyond+1"],"relics":["Shade:YorickSkull","Akabeko","Gremlin Horn","War Paint","Bag of Preparation","Eternal Feather","Mummified Hand","MawBank","Frozen Egg 2","Happy Flower","Orichalcum","MutagenicStrength","Prayer Wheel","Snecko Eye","Membership Card","Strawberry","Letter Opener","Peace Pipe","Pear","Nunchaku","Pantograph","Whetstone","InkBottle"],"acts_visited":["Exordium","TheCity","TheBeyond"],"potions_floor_usage":[12,16,24,27,38,50,50],"damage_taken":[{"damage":0,"enemies":"Cultist","floor":1,"turns":3},{"damage":0,"enemies":"Jaw Worm","floor":4,"turns":3},{"damage":14,"enemies":"3 Sentries","floor":7,"turns":4},{"damage":16,"enemies":"Gremlin Nob","floor":10,"turns":3},{"damage":11,"enemies":"Lagavulin","floor":12,"turns":5},{"damage":0,"enemies":"Small Slimes","floor":13,"turns":2},{"damage":0,"enemies":"Blue Slaver","floor":14,"turns":3},{"damage":5,"enemies":"The Guardian","floor":16,"turns":6},{"damage":0,"enemies":"Chosen","floor":18,"turns":4},{"damage":0,"enemies":"2 Thieves","floor":21,"turns":3},{"damage":0,"enemies":"Snecko","floor":22,"turns":3},{"damage":9,"enemies":"Slavers","floor":24,"turns":4},{"damage":0,"enemies":"Chosen and Byrds","floor":25,"turns":4},{"damage":3,"enemies":"Gremlin Leader","floor":27,"turns":4},{"damage":5,"enemies":"Centurion and Healer","floor":28,"turns":3},{"damage":0,"enemies":"Book of Stabbing","floor":31,"turns":4},{"damage":23,"enemies":"Collector","floor":33,"turns":6},{"damage":0,"enemies":"Orb Walker","floor":35,"turns":3},{"damage":0,"enemies":"3 Darklings","floor":38,"turns":2},{"damage":0,"enemies":"Maw","floor":39,"turns":4},{"damage":21,"enemies":"Nemesis","floor":40,"turns":5},{"damage":0,"enemies":"Giant Head","floor":42,"turns":5},{"damage":1,"enemies":"Nemesis","floor":46,"turns":5},{"damage":8,"enemies":"Donu and Deca","floor":50,"turns":4}],"seed_played":"-2481617798051625568","potions_obtained":[{"floor":4,"key":"Dexterity Potion"},{"floor":10,"key":"Ancient Potion"},{"floor":11,"key":"Fruit Juice"},{"floor":12,"key":"SteroidPotion"},{"floor":13,"key":"LiquidMemories"},{"floor":21,"key":"FairyPotion"},{"floor":24,"key":"SpeedPotion"},{"floor":25,"key":"LiquidMemories"},{"floor":31,"key":"SpeedPotion"},{"floor":33,"key":"Explosive Potion"},{"floor":38,"key":"Fire Potion"}],"is_trial":true,"path_per_floor":["M","?","T","M","$","R","E","R","T","E","?","E","M","M","R","B",null,"M","$","T","M","M","R","E","M","T","E","M","?","R","E","R","B",null,"M","?","$","M","M","E","R","E","T","R","?","E","?","$","R","B",null],"character_chosen":"SHADE","items_purchased":["Noxious Fumes","Deadly Poison","Mummified Hand","Membership Card","Noxious Fumes+1","Strawberry","Letter Opener","Whetstone","InkBottle"],"campfire_rested":0,"item_purchase_floors":[5,5,19,37,37,37,37,48,48],"current_hp_per_floor":[65,70,70,70,70,70,56,56,56,40,40,34,34,34,43,38,75,75,75,75,75,75,75,66,66,66,63,58,58,67,67,75,52,75,75,71,78,78,78,57,69,79,79,88,88,87,87,87,88,80],"gold":47,"neow_bonus":"","is_daily":false,"chose_seed":false,"campfire_upgraded":9,"win_rate":0.0,"timestamp":1611384746,"path_taken":["M","?","?","M","$","R","E","R","T","E","?","E","M","?","R","BOSS","M","$","?","M","M","R","E","M","T","E","M","?","R","E","R","BOSS","M","?","$","M","M","E","R","E","T","R","?","E","?","$","R","BOSS"],"items_purchased_type":["Card","Card","Relic","Relic","Card","Relic","Relic","Relic","Relic"],"build_version":"2020-12-22","purchased_purges":0,"victory":true,"max_hp_per_floor":[65,70,70,70,70,70,70,70,70,70,70,75,75,75,75,75,75,75,75,75,75,75,75,75,75,75,75,75,75,75,75,75,75,75,75,71,78,78,78,78,78,88,88,88,88,88,88,88,88,88],"card_choices":[{"not_picked":["Shade:GreyBargain","Masterful Stab"],"picked":"Shade:Bonestorm","floor":1},{"not_picked":["Shade:SanguineRitual","Deflect"],"picked":"Shade:AncientSpear","floor":4},{"not_picked":["Wraith Form v2","Shade:LoseControl","Shade:OfferingToTheBeyond"],"picked":"SKIP","floor":7},{"not_picked":["Phantasmal Killer","Shade:SoulPierce"],"picked":"Shade:GreaterAnimation","floor":10},{"not_picked":["After Image","Shade:LoseControl","Grand Finale"],"picked":"SKIP","floor":12},{"not_picked":["Shade:ExtraLimbs","Poisoned Stab","Shade:PressTheAttack"],"picked":"SKIP","floor":13},{"not_picked":["Deadly Poison","Skewer","Poisoned Stab"],"picked":"SKIP","floor":14},{"not_picked":["Dagger Spray","Sucker Punch","Deadly Poison"],"picked":"SKIP","floor":18},{"not_picked":["Shade:LyeBath","Concentrate+1","Shade:AncientSpear"],"picked":"SKIP","floor":21},{"not_picked":["All Out Attack","Shade:SkeletonHug"],"picked":"Shade:SoulPierce","floor":22},{"not_picked":["Shade:SelfBurial","Unload","Shade:OminousRitual"],"picked":"SKIP","floor":24},{"not_picked":["Shade:ScuttlingHand","Shade:SpectralStrikes+1"],"picked":"Deadly Poison+1","floor":25},{"not_picked":["Glass Knife","Shade:MadHubris"],"picked":"A Thousand Cuts+1","floor":27},{"not_picked":["Eviscerate+1","Shade:ExtraLimbs","Flechettes"],"picked":"SKIP","floor":28},{"not_picked":["Malaise","Glass Knife"],"picked":"Corpse Explosion","floor":31},{"not_picked":["Shade:Putrefaction+1","Glass Knife"],"picked":"Shade:GreaterAnimation+1","floor":33},{"not_picked":["Shade:ExtraLimbs","Deadly Poison+1"],"picked":"Shade:FuneraryArmor","floor":35},{"not_picked":["Shade:FleshToFlesh","Shade:FreshBones+1","Shade:OpenGraves+1"],"picked":"SKIP","floor":35},{"not_picked":["Poisoned Stab+1","Outmaneuver"],"picked":"Shade:FleshLikeOak+1","floor":38},{"not_picked":["Flechettes+1","Dash+1","Deflect+1"],"picked":"SKIP","floor":38},{"not_picked":["Shade:Bite_Shade","Well Laid Plans+1","Prepared+1"],"picked":"SKIP","floor":39},{"not_picked":["Bane+1","Shade:FreshBones+1","Shade:FuneraryArmor"],"picked":"SKIP","floor":39},{"not_picked":["Corpse Explosion","Die Die Die","Shade:OminousRitual"],"picked":"SKIP","floor":40},{"not_picked":["Shade:UnbarTheGrave","Shade:OminousRitual","Venomology"],"picked":"SKIP","floor":42},{"not_picked":["Unload","Shade:Putrefaction+1"],"picked":"Shade:OfferingToTheBeyond+1","floor":46}],"player_experience":671290,"relics_obtained":[{"floor":3,"key":"Akabeko"},{"floor":7,"key":"Gremlin Horn"},{"floor":9,"key":"War Paint"},{"floor":10,"key":"Bag of Preparation"},{"floor":12,"key":"Eternal Feather"},{"floor":20,"key":"MawBank"},{"floor":24,"key":"Frozen Egg 2"},{"floor":26,"key":"Happy Flower"},{"floor":27,"key":"Orichalcum"},{"floor":31,"key":"Prayer Wheel"},{"floor":40,"key":"Peace Pipe"},{"floor":42,"key":"Pear"},{"floor":43,"key":"Nunchaku"},{"floor":46,"key":"Pantograph"}],"event_choices":[{"damage_healed":0,"gold_gain":0,"player_choice":"Donut","damage_taken":0,"max_hp_gain":5,"max_hp_loss":0,"event_name":"Big Fish","floor":2,"gold_loss":0},{"damage_healed":0,"gold_gain":0,"player_choice":"Bought 1 Potion","damage_taken":0,"max_hp_gain":0,"max_hp_loss":0,"event_name":"The Woman in Blue","floor":11,"gold_loss":0},{"damage_healed":0,"gold_gain":0,"player_choice":"Inject Mutagens","damage_taken":0,"relics_obtained":["MutagenicStrength"],"max_hp_gain":0,"max_hp_loss":0,"event_name":"Drug Dealer","floor":29,"gold_loss":0},{"damage_healed":0,"gold_gain":0,"player_choice":"Max HP","damage_taken":0,"max_hp_gain":0,"max_hp_loss":4,"event_name":"Winding Halls","floor":36,"gold_loss":0},{"damage_healed":0,"gold_gain":0,"player_choice":"Ignored","damage_taken":0,"max_hp_gain":0,"max_hp_loss":0,"event_name":"Tomb of Lord Red Mask","floor":45,"gold_loss":0},{"damage_healed":0,"gold_gain":0,"player_choice":"Forge","damage_taken":0,"max_hp_gain":0,"max_hp_loss":0,"event_name":"Accursed Blacksmith","floor":47,"gold_loss":0,"cards_upgraded":["Cloak And Dagger"]}],"is_beta":false,"boss_relics":[{"not_picked":["Runic Pyramid","Coffee Dripper","Calling Bell"]},{"not_picked":["Empty Cage","Sozu"],"picked":"Snecko Eye"}],"items_purged_floors":[],"is_endless":false,"potions_floor_spawned":[4,10,12,13,21,24,25,31,33,38,46],"ascension_level":0}}