{"host":"ga4s3hj9m6nkn6gp","time":1611363929,"event":{"mods":["AchievementEnabler","BaseMod","Bestiary","Colored Powertips","Highlight Path","Minty Spire (QoL Compilation)","Relic Stats","everything is the same but u backflip on backflip"],"gold_per_floor":[109,184,198,210,210,210,242,242,242,242,252,252,280,230,230,230,230],"floor_reached":16,"language":"ENG","playtime":519,"items_purged":[],"score":173,"play_id":"4d3b4886-5d5a-4f17-a1b0-2d78684d04d7","local_time":"20210123020529","is_ascension_mode":true,"campfire_choices":[{"data":"Rebound","floor":6,"key":"SMITH"},{"data":"Sunder","floor":8,"key":"SMITH"},{"data":"Loop","floor":15,"key":"SMITH"}],"circlet_count":0,"master_deck":["AscendersBane","Strike_B","Strike_B","Strike_B","Strike_B","Defend_B","Defend_B","Defend_B","Defend_B","Zap","Dualcast","Go for the Eyes","Coolheaded","Rebound+1","Sunder+1","Compile Driver","Loop+1"],"relics":["Cracked Core","Calipers","HornCleat","Blood Vial","Pantograph","The Courier"],"acts_visited":["Exordium"],"potions_floor_usage":[13],"damage_taken":[{"damage":0,"enemies":"2 Louse","floor":1,"turns":2},{"damage":9,"enemies":"Small Slimes","floor":3,"turns":3},{"damage":6,"enemies":"Jaw Worm","floor":4,"turns":4},{"damage":46,"enemies":"Gremlin Nob","floor":7,"turns":6},{"damage":3,"enemies":"Lots of Slimes","floor":11,"turns":4},{"damage":12,"enemies":"3 Sentries","floor":13,"turns":6},{"damage":35,"enemies":"Slime Boss","floor":16,"turns":6}],"seed_played":"-3826236292880491930","potions_obtained":[{"floor":7,"key":"FocusPotion"}],"is_trial":false,"path_per_floor":["M","?","M","M","?","R","E","R","T","?","M","?","E","?","R","B"],"character_chosen":"DEFECT","items_purchased":[],"campfire_rested":0,"item_purchase_floors":[],"current_hp_per_floor":[50,39,30,24,49,49,3,3,3,21,20,17,7,7,7,0,0],"gold":230,"neow_bonus":"ONE_RARE_RELIC","is_daily":false,"chose_seed":false,"campfire_upgraded":3,"win_rate":0.0,"timestamp":1611363929,"path_taken":["M","?","M","M","?","R","E","R","T","?","M","?","E","?","R","BOSS"],"items_purchased_type":[],"build_version":"2020-12-22","purchased_purges":0,"victory":false,"max_hp_per_floor":[75,75,75,75,75,75,75,75,75,75,75,75,75,72,72,72,72],"relic_stats":{"Blood Vial":6,"counters":[7,31],"Pantograph":25,"obtain_stats":[{"Blood Vial":9,"Calipers":0,"HornCleat":7,"Pantograph":12,"The Courier":13,"Cracked Core":0},{"Blood Vial":4,"Calipers":0,"HornCleat":4,"Pantograph":5,"The Courier":6,"Cracked Core":0},{"Blood Vial":15,"Calipers":0,"HornCleat":15,"Pantograph":19,"The Courier":25,"Cracked Core":0}]},"card_choices":[{"not_picked":["Turbo","Steam Power"],"picked":"Go for the Eyes","floor":1},{"not_picked":["Hologram","Turbo"],"picked":"Coolheaded","floor":3},{"not_picked":["Hologram","Hello World"],"picked":"Rebound","floor":4},{"not_picked":["Leap","Recycle"],"picked":"Sunder","floor":7},{"not_picked":["Aggregate","Double Energy"],"picked":"Compile Driver","floor":11},{"not_picked":["Barrage","Chaos"],"picked":"Loop","floor":13}],"player_experience":668540,"relics_obtained":[{"floor":7,"key":"HornCleat"},{"floor":9,"key":"Blood Vial"},{"floor":13,"key":"The Courier"}],"event_choices":[{"damage_healed":0,"gold_gain":75,"player_choice":"Gather Gold","damage_taken":11,"max_hp_gain":0,"max_hp_loss":0,"event_name":"World of Goop","floor":2,"gold_loss":0},{"damage_healed":25,"gold_gain":0,"player_choice":"Banana","damage_taken":0,"max_hp_gain":0,"max_hp_loss":0,"event_name":"Big Fish","floor":5,"gold_loss":0},{"damage_healed":18,"gold_gain":0,"player_choice":"Healed and dodged fight","damage_taken":0,"max_hp_gain":0,"max_hp_loss":0,"event_name":"Mushrooms","floor":10,"gold_loss":0,"cards_obtained":["Parasite"]},{"damage_healed":0,"gold_gain":0,"player_choice":"Success","damage_taken":3,"relics_obtained":["Pantograph"],"max_hp_gain":0,"max_hp_loss":0,"event_name":"Scrap Ooze","floor":12,"gold_loss":0},{"cards_removed":["Parasite"],"damage_healed":0,"gold_gain":0,"player_choice":"Card Removal","damage_taken":0,"max_hp_gain":0,"max_hp_loss":0,"event_name":"The Cleric","floor":14,"gold_loss":50}],"is_beta":false,"boss_relics":[],"items_purged_floors":[],"is_endless":false,"potions_floor_spawned":[7],"killed_by":"Slime Boss","ascension_level":12}}