{"host":"928gv66myv2vlnsd","time":1611362313,"event":{"mods":["BaseMod","Minty Spire (QoL Compilation)","StSLib"],"gold_per_floor":[116,128,141,154,27,27,27,27,51,76,95,95,107,139,139,213,213,223,241,241,241],"floor_reached":20,"language":"ENG","playtime":972,"items_purged":["Magnetism"],"score":363,"play_id":"46694dd5-4aa9-44c0-a404-6ad55a208480","local_time":"20210122193833","is_ascension_mode":true,"campfire_choices":[{"data":"Berserk","floor":6,"key":"SMITH"},{"floor":8,"key":"REST"},{"floor":12,"key":"REST"},{"floor":15,"key":"REST"}],"circlet_count":0,"master_deck":["AscendersBane","Strike_R","Strike_R","Strike_R","Strike_R","Strike_R","Defend_R","Defend_R","Defend_R","Defend_R","Bash","Sever Soul","Cleave","Berserk+1","Shrug It Off","Uppercut","Flame Barrier","Clothesline","Spot Weakness","Limit Break"],"relics":["Burning Blood","Centennial Puzzle","Red Skull","Blood Vial","TungstenRod","Fusion Hammer"],"acts_visited":["Exordium","TheCity"],"potions_floor_usage":[13,18,18],"damage_taken":[{"damage":11,"enemies":"Small Slimes","floor":1,"turns":7},{"damage":4,"enemies":"Jaw Worm","floor":2,"turns":4},{"damage":1,"enemies":"Cultist","floor":3,"turns":3},{"damage":21,"enemies":"Lots of Slimes","floor":4,"turns":4},{"damage":32,"enemies":"Gremlin Nob","floor":10,"turns":4},{"damage":15,"enemies":"Red Slaver","floor":11,"turns":3},{"damage":5,"enemies":"Exordium Wildlife","floor":13,"turns":5},{"damage":12,"enemies":"Lagavulin","floor":14,"turns":7},{"damage":39,"enemies":"Slime Boss","floor":16,"turns":7},{"damage":9,"enemies":"3 Byrds","floor":18,"turns":5},{"damage":17,"enemies":"Spheric Guardian","floor":19,"turns":4},{"damage":52,"enemies":"Shelled Parasite and Fungi","floor":20,"turns":5}],"seed_played":"-953719064222561290","potions_obtained":[{"floor":1,"key":"Block Potion"},{"floor":3,"key":"ColorlessPotion"},{"floor":14,"key":"Explosive Potion"}],"is_trial":false,"path_per_floor":["M","M","M","M","$","R","?","R","T","E","M","R","M","E","R","B",null,"M","M","M"],"character_chosen":"IRONCLAD","items_purchased":["Shrug It Off"],"campfire_rested":3,"item_purchase_floors":[5],"current_hp_per_floor":[63,65,68,53,53,53,27,47,47,21,14,34,37,33,53,22,57,56,47,0,0],"gold":241,"neow_bonus":"RANDOM_COLORLESS_2","is_daily":false,"chose_seed":false,"campfire_upgraded":1,"win_rate":0.0,"timestamp":1611362313,"path_taken":["M","M","M","M","$","R","?","R","T","E","M","R","M","E","R","BOSS","M","M","M"],"items_purchased_type":["Card"],"build_version":"2020-12-22","purchased_purges":1,"victory":false,"max_hp_per_floor":[68,68,68,68,68,68,68,68,68,68,68,68,68,68,68,68,68,68,68,68,68],"card_choices":[{"not_picked":["Metamorphosis","Transmutation"],"picked":"Magnetism","floor":0},{"not_picked":["Shrug It Off","Iron Wave"],"picked":"Sever Soul","floor":1},{"not_picked":["Twin Strike","Intimidate","Thunderclap"],"picked":"SKIP","floor":2},{"not_picked":["Armaments","True Grit"],"picked":"Cleave","floor":3},{"not_picked":["Clash","Headbutt"],"picked":"Berserk","floor":4},{"not_picked":["Rampage","Thunderclap"],"picked":"Uppercut","floor":10},{"not_picked":["Burning Pact","Armaments"],"picked":"Flame Barrier","floor":11},{"not_picked":["Havoc","Hemokinesis"],"picked":"Clothesline","floor":13},{"not_picked":["Inflame","Warcry"],"picked":"Spot Weakness","floor":14},{"not_picked":["Double Tap","Exhume"],"picked":"Limit Break","floor":16},{"not_picked":["Fire Breathing","Cleave","Blood for Blood+1"],"picked":"SKIP","floor":18},{"not_picked":["Body Slam","Cleave","Infernal Blade"],"picked":"SKIP","floor":19}],"player_experience":1293025,"relics_obtained":[{"floor":9,"key":"Red Skull"},{"floor":10,"key":"Blood Vial"},{"floor":14,"key":"TungstenRod"}],"event_choices":[{"damage_healed":0,"gold_gain":0,"player_choice":"Success","damage_taken":26,"relics_obtained":["Centennial Puzzle"],"max_hp_gain":0,"max_hp_loss":0,"event_name":"Scrap Ooze","floor":7,"gold_loss":0}],"is_beta":false,"boss_relics":[{"not_picked":["Coffee Dripper","Mark of Pain"],"picked":"Fusion Hammer"}],"items_purged_floors":[5],"is_endless":false,"potions_floor_spawned":[1,3,10,14],"killed_by":"Shelled Parasite and Fungi","ascension_level":19}}