{"host":"l1bfbgeb3oxa8ieg","time":1611363820,"event":{"mods":["AlwaysNeverKeys","Aspiration","BaseMod","Beaked The Cultist","Better Match","Better Note","Better Third Choice","BetterRewards","Colored Powertips","Conspire","Energized Spire","Fiend Mod","Friendly Minions","Halation","Infinite Spire","Minty Spire (QoL Compilation)","Permanent Neow","Quick Restart","Replay The Spire","Shop Mod","Spicy Shops","Spikes Relics","StSLib","TestMod","The Blackbeard","The Mystic","The Necromancer","Uncapped","UnlockEverythingMod","vexMod"],"gold_per_floor":[119,194,42,42,58,89,89,107,107,121,132,132,158,174,174,270,270,283,283,283,293,293,293,293,293,320,320,320,62,62,87,87,188,188,204,222,242,191,205,233,233,245,272,272,272,286,286,133,133,133,133,133,58,93,93,93],"floor_reached":55,"language":"ENG","playtime":3542,"items_purged":["Dodge and Roll"],"score":698,"play_id":"58dfed2b-272a-418d-b854-053056c28602","local_time":"20210123020340","is_ascension_mode":false,"campfire_choices":[{"data":"Infinite Blades","floor":7,"key":"SMITH"},{"floor":15,"key":"REST"},{"floor":23,"key":"REST"},{"data":"A Thousand Cuts","floor":25,"key":"SMITH"},{"data":"Accuracy","floor":28,"key":"SMITH"},{"data":"Cloak And Dagger","floor":32,"key":"SMITH"},{"data":"Storm of Steel","floor":41,"key":"SMITH"},{"floor":44,"key":"REST"},{"floor":49,"key":"REST"},{"data":"Hidden Blade","floor":52,"key":"SMITH"}],"circlet_count":0,"master_deck":["Strike_G+1","Strike_G+1","Strike_G+1","Strike_G+1","Strike_G+1","Defend_G+1","Defend_G+1","Defend_G+1","Defend_G+1","Defend_G+1","Survivor","Neutralize","Cloak And Dagger","Accuracy+1","Outmaneuver","Prepared","Infinite Blades+1","A Thousand Cuts+1","Slice","conspire:DoublingDagger","Cloak And Dagger+1","Hidden Blade+1","Storm of Steel+1","ReplayTheSpireMod:Scrap Shanks","Infinite Blades"],"relics":["Ring of the Snake","testmod-TestBox","aspiration:Nostalgia","Fiend:FiendTotem","Eternal Feather","Replay:Bottled Steam","Ninja Scroll","aspiration:RitualDagger","Blood Vial","aspiration:SeaSaltIceCream","aspiration:Nostalgia","Iron Core","Regal Pillow","aspiration:EmptySkull","Potion Belt","OrangePellets","infinitespire:Beetle Shell"],"acts_visited":["Exordium","TheCity","TheBeyond","TheEnding"],"potions_floor_usage":[6,11,22,33,40,40,40,50],"damage_taken":[{"damage":0,"enemies":"Jaw Worm","floor":1,"turns":3},{"damage":0,"enemies":"2 Louse","floor":5,"turns":3},{"damage":20,"enemies":"Gremlin Nob","floor":6,"turns":5},{"damage":0,"enemies":"Cultist","floor":8,"turns":4},{"damage":12,"enemies":"2 Fungi Beasts","floor":10,"turns":4},{"damage":22,"enemies":"Gremlin Gang","floor":11,"turns":5},{"damage":12,"enemies":"Lagavulin","floor":13,"turns":6},{"damage":4,"enemies":"Exordium Thugs","floor":14,"turns":4},{"damage":35,"enemies":"The Guardian","floor":16,"turns":8},{"damage":15,"enemies":"3 Byrds","floor":18,"turns":4},{"damage":22,"enemies":"Shell Parasite","floor":21,"turns":5},{"damage":6,"enemies":"conspire:HollyBat","floor":22,"turns":2},{"damage":15,"enemies":"conspire:Head Lice","floor":31,"turns":5},{"damage":75,"enemies":"Collector","floor":33,"turns":7},{"damage":31,"enemies":"3 Darklings","floor":35,"turns":3},{"damage":17,"enemies":"3 Shapes","floor":36,"turns":5},{"damage":32,"enemies":"Spire Growth","floor":37,"turns":4},{"damage":24,"enemies":"Transient","floor":39,"turns":5},{"damage":41,"enemies":"Reptomancer","floor":40,"turns":4},{"damage":66,"enemies":"Writhing Mass","floor":42,"turns":6},{"damage":18,"enemies":"Spire Growth","floor":46,"turns":4},{"damage":115,"enemies":"Awakened One","floor":50,"turns":8},{"damage":88,"enemies":"Shield and Spear","floor":54,"turns":6},{"damage":24,"enemies":"The Heart","floor":55,"turns":2}],"seed_played":"-104060551781881765","potions_obtained":[{"floor":4,"key":"Explosive Potion"},{"floor":4,"key":"BlessingOfTheForge"},{"floor":4,"key":"Venom Potion"},{"floor":5,"key":"FearPotion"},{"floor":10,"key":"ColorlessPotion"},{"floor":13,"key":"Adrenaline Potion"},{"floor":14,"key":"LiquidMemories"},{"floor":16,"key":"CultistPotion"},{"floor":18,"key":"testmod-EscapePotion"},{"floor":35,"key":"testmod-TestPotion"},{"floor":40,"key":"testmod-SpacePotion"}],"is_trial":false,"path_per_floor":["M","?","$","?","M","E","R","M","T","M","M","?","E","M","R","B",null,"M","?","?","M","M","R","?","R","T","?","R","$","?","E","R","B",null,"M","M","M","$","M","E","R","M","T","R","?","M","?","$","R","B",null,"R","$","E","B"],"character_chosen":"THE_SILENT","items_purchased":["Accuracy","Outmaneuver","aspiration:SeaSaltIceCream","ColorlessPotion","OrangePellets"],"campfire_rested":4,"item_purchase_floors":[3,3,29,38,48],"current_hp_per_floor":[70,59,59,59,59,39,48,48,48,36,14,35,23,19,52,17,70,55,80,80,58,52,80,80,80,80,80,80,80,80,65,77,4,80,49,34,4,4,72,44,59,11,11,65,57,59,59,59,80,29,80,80,80,13,0,0],"gold":93,"neow_bonus":"NOSTALGIA","is_daily":false,"chose_seed":false,"campfire_upgraded":6,"win_rate":0.0,"timestamp":1611363820,"path_taken":["M","?","$","?","M","E","R","?","T","M","M","?","E","M","R","BOSS","M","?","?","?","M","R","?","R","T","?","R","?","?","E","R","BOSS","M","M","M","$","M","E","R","M","T","R","?","M","?","$","R","BOSS","R","$","E","BOSS"],"items_purchased_type":["Card","Card","Relic","Potion","Relic"],"build_version":"2020-12-22","purchased_purges":1,"victory":false,"max_hp_per_floor":[70,70,70,70,70,70,70,70,70,70,70,70,70,70,70,70,70,70,80,80,80,80,80,80,80,80,80,80,80,80,80,80,80,80,80,80,80,80,80,80,80,80,80,80,80,80,80,80,80,80,80,80,80,80,80,80],"card_choices":[{"not_picked":["Poisoned Stab","Prepared"],"picked":"Cloak And Dagger","floor":1},{"not_picked":["Blur","Underhanded Strike"],"picked":"Prepared","floor":5},{"not_picked":["Expertise","Sucker Punch"],"picked":"Infinite Blades","floor":6},{"not_picked":["PiercingWail","Deadly Poison"],"picked":"Dodge and Roll","floor":8},{"not_picked":["Acrobatics","Flechettes"],"picked":"A Thousand Cuts","floor":10},{"not_picked":["ReplayTheSpireMod:Speed Training","Escape Plan"],"picked":"Slice","floor":11},{"not_picked":["Dagger Spray","PiercingWail"],"picked":"Phantasmal Killer","floor":13},{"not_picked":["All Out Attack","Caltrops"],"picked":"conspire:DoublingDagger","floor":14},{"not_picked":["Crippling Poison+1","Bane"],"picked":"Cloak And Dagger","floor":18},{"not_picked":["Quick Slash+1","Deadly Poison"],"picked":"Hidden Blade","floor":21},{"not_picked":["Bullet Time","Underhanded Strike","Quick Slash"],"picked":"SKIP","floor":22},{"not_picked":["Dagger Throw","Well Laid Plans","Slice+1"],"picked":"SKIP","floor":31},{"not_picked":["Firewall","Reaper"],"picked":"Storm of Steel","floor":33},{"not_picked":["Prepared","PiercingWail+1"],"picked":"ReplayTheSpireMod:Scrap Shanks","floor":35},{"not_picked":["Blur+1","Sucker Punch+1","Well Laid Plans"],"picked":"SKIP","floor":36},{"not_picked":["Eviscerate+1","Slice","Dagger Throw+1"],"picked":"SKIP","floor":37},{"not_picked":["conspire:PoisonWeapons+1","Sucker Punch+1","Endless Agony+1"],"picked":"SKIP","floor":39},{"not_picked":["Flying Knee+1","Sucker Punch","Pace+1"],"picked":"SKIP","floor":40},{"not_picked":["Backflip+1","ReplayTheSpireMod:The Works","Underhanded Strike+1"],"picked":"SKIP","floor":42},{"not_picked":["Burst","Poisoned Stab","Riddle With Holes+1"],"picked":"SKIP","floor":46},{"not_picked":["Riddle With Holes","Reflex"],"picked":"Infinite Blades","floor":54}],"player_experience":268765,"relics_obtained":[{"floor":6,"key":"Eternal Feather"},{"floor":9,"key":"Replay:Bottled Steam"},{"floor":13,"key":"Ninja Scroll"},{"floor":26,"key":"Blood Vial"},{"floor":31,"key":"Regal Pillow"},{"floor":40,"key":"aspiration:EmptySkull"},{"floor":43,"key":"Potion Belt"},{"floor":54,"key":"infinitespire:Beetle Shell"}],"event_choices":[{"damage_healed":0,"gold_gain":75,"player_choice":"Gold","damage_taken":11,"max_hp_gain":0,"max_hp_loss":0,"event_name":"betterThird:BetterGoop","floor":2,"gold_loss":0},{"damage_healed":0,"gold_gain":0,"player_choice":"Got Potions","damage_taken":0,"max_hp_gain":0,"max_hp_loss":0,"event_name":"Lab","floor":4,"gold_loss":0},{"cards_removed":["Phantasmal Killer"],"damage_healed":15,"gold_gain":0,"player_choice":"Offered Rare","damage_taken":0,"max_hp_gain":10,"max_hp_loss":0,"event_name":"Bonfire Elementals","floor":19,"gold_loss":0},{"cards_removed":["A Thousand Cuts"],"damage_healed":0,"gold_gain":0,"player_choice":"Give","damage_taken":0,"max_hp_gain":0,"max_hp_loss":0,"event_name":"betterNote:BetterNote","floor":20,"gold_loss":0,"cards_obtained":["conspire:PoisonWeapons"]},{"damage_healed":0,"gold_gain":0,"player_choice":"Leave","damage_taken":0,"max_hp_gain":0,"max_hp_loss":0,"event_name":"conspire:Investor","floor":24,"gold_loss":0},{"damage_healed":0,"gold_gain":0,"player_choice":"Simplicity","damage_taken":0,"max_hp_gain":0,"max_hp_loss":10,"event_name":"betterThird:BetterWriting","floor":30,"gold_loss":0},{"damage_healed":0,"gold_gain":0,"player_choice":"Ignored","damage_taken":8,"max_hp_gain":0,"max_hp_loss":0,"event_name":"Plate Of N\u0027loth","floor":45,"gold_loss":0},{"damage_healed":0,"gold_gain":0,"player_choice":"Ignored","damage_taken":0,"max_hp_gain":0,"max_hp_loss":0,"event_name":"Mysterious Sphere","floor":47,"gold_loss":0}],"is_beta":false,"boss_relics":[{"not_picked":["energizedSpire:HighHeels","vexMod:NewClearReactor"],"picked":"aspiration:RitualDagger"},{"not_picked":["halation:HeavySnake","aspiration:PoetsPen_weak","energizedSpire:DeadBattery"]}],"items_purged_floors":[53],"is_endless":false,"potions_floor_spawned":[5,10,13,14,16,18,35,39,40],"killed_by":"The Heart","ascension_level":0}}