{"host":"ao4lxi9bhtts409i","time":1611432558,"event":{"mods":["AchievementEnabler","BaseMod","Colored Map","Colored Powertips","Minty Spire (QoL Compilation)","SuperFastMode"],"gold_per_floor":[110,130,130,147,147,176,176,202,202,202,219,219,219,238,238,336,336,355,355,366,384,384,384],"floor_reached":22,"language":"ENG","playtime":1088,"items_purged":[],"score":295,"play_id":"ddc8f57a-9635-4245-8bcd-159ee2b5cab8","local_time":"20210123210918","is_ascension_mode":true,"campfire_choices":[{"floor":7,"key":"REST"},{"floor":10,"key":"REST"},{"data":"Fire Breathing","floor":12,"key":"SMITH"},{"data":"True Grit","floor":15,"key":"SMITH"}],"circlet_count":0,"master_deck":["Strike_R","Strike_R","Strike_R","Defend_R","Defend_R","Defend_R+1","Defend_R+1","Bash","Cleave","Fire Breathing+1","Evolve","Inflame","Offering","Shrug It Off","True Grit+1","Demon Form","Iron Wave+1","Wild Strike","Entrench"],"relics":["Sozu","War Paint","Gremlin Horn","Letter Opener","Empty Cage","Nloth\u0027s Gift"],"acts_visited":["Exordium","TheCity"],"potions_floor_usage":[],"damage_taken":[{"damage":6,"enemies":"2 Louse","floor":1,"turns":3},{"damage":4,"enemies":"Jaw Worm","floor":2,"turns":3},{"damage":0,"enemies":"Cultist","floor":4,"turns":3},{"damage":48,"enemies":"Lagavulin","floor":6,"turns":9},{"damage":12,"enemies":"3 Sentries","floor":8,"turns":4},{"damage":11,"enemies":"Large Slime","floor":11,"turns":5},{"damage":22,"enemies":"Exordium Wildlife","floor":14,"turns":3},{"damage":6,"enemies":"Slime Boss","floor":16,"turns":5},{"damage":44,"enemies":"3 Byrds","floor":18,"turns":5},{"damage":8,"enemies":"Chosen","floor":20,"turns":5},{"damage":32,"enemies":"Snake Plant","floor":21,"turns":5},{"damage":19,"enemies":"Cultist and Chosen","floor":22,"turns":4}],"seed_played":"-4095741431246434332","potions_obtained":[],"is_trial":false,"path_per_floor":["M","M","$","M","?","E","R","E","T","R","M","R","T","M","R","B",null,"M","?","M","M","M"],"character_chosen":"IRONCLAD","items_purchased":[],"campfire_rested":2,"item_purchase_floors":[],"current_hp_per_floor":[74,70,70,70,70,22,46,34,34,58,47,47,57,35,35,29,90,46,46,38,6,0,0],"gold":384,"neow_bonus":"BOSS_RELIC","is_daily":false,"chose_seed":false,"campfire_upgraded":2,"win_rate":0.0,"timestamp":1611432558,"path_taken":["M","M","$","M","?","E","R","E","T","R","M","R","?","M","R","BOSS","M","?","M","M","M"],"items_purchased_type":[],"build_version":"2020-12-22","purchased_purges":0,"victory":false,"max_hp_per_floor":[80,80,80,80,80,80,80,80,80,80,80,80,90,90,90,90,90,90,90,90,90,90,90],"card_choices":[{"not_picked":["Warcry","Heavy Blade"],"picked":"Cleave","floor":1},{"not_picked":["Iron Wave","Thunderclap"],"picked":"Fire Breathing","floor":2},{"not_picked":["Wild Strike","Pommel Strike"],"picked":"Evolve","floor":4},{"not_picked":["Ghostly Armor","Pommel Strike"],"picked":"Inflame","floor":6},{"not_picked":["Rampage","Burning Pact"],"picked":"Offering","floor":8},{"not_picked":["Headbutt","Warcry"],"picked":"Shrug It Off","floor":11},{"not_picked":["Anger","Heavy Blade"],"picked":"True Grit","floor":14},{"not_picked":["Immolate","Brutality"],"picked":"Demon Form","floor":16},{"not_picked":["Twin Strike","Sword Boomerang"],"picked":"Iron Wave+1","floor":18},{"not_picked":["Double Tap","Rage"],"picked":"Wild Strike","floor":20},{"not_picked":["Whirlwind+1","Perfected Strike"],"picked":"Entrench","floor":21}],"player_experience":249737,"relics_obtained":[{"floor":6,"key":"War Paint"},{"floor":8,"key":"Gremlin Horn"},{"floor":9,"key":"Letter Opener"},{"floor":13,"key":"Pear"}],"event_choices":[{"damage_healed":0,"gold_gain":0,"player_choice":"Ignored","damage_taken":0,"max_hp_gain":0,"max_hp_loss":0,"event_name":"Liars Game","floor":5,"gold_loss":0},{"damage_healed":0,"gold_gain":0,"player_choice":"Traded Relic","damage_taken":0,"relics_obtained":["Nloth\u0027s Gift"],"max_hp_gain":0,"max_hp_loss":0,"event_name":"N\u0027loth","floor":19,"relics_lost":["Pear"],"gold_loss":0}],"is_beta":false,"boss_relics":[{"not_picked":["Tiny House","Runic Cube"],"picked":"Empty Cage"}],"items_purged_floors":[],"is_endless":false,"potions_floor_spawned":[2,14,21],"killed_by":"Cultist and Chosen","ascension_level":4}}