{"host":"kh1j1cf337zr4nij","time":1611392320,"event":{"mods":["2.2 Compatiblity","AchievementEnabler","Act Like it!","Aspiration","BaseMod","Beaked The Cultist","Bestiary","CCEM","Colored Map","Colored Powertips","Conspire","Downfall","Energized Spire","Fireblade Mod","Friendly Minions","FruityMod","GifTheSpireLib","Glutton Mod","Halation","Hermit","Highlight Path","Hubris","Jedi Mod","JesterMod","Mad Scientist","Marisa????????","Melee Mod","Minty Spire (QoL Compilation)","Quick Restart","Random Character Button","Relic Stats","Shade Mod","Slumbering Mod","Spikes Relics","StSLib","Stuff the Spire","SuperFastMode","Synergy Search","The Blackbeard","The Clintock","The Construct","The Cursed","The Disciple","The Druid","The Forsaken","The Hierophant","The Judge","The Juggle","The Mystic","The Necromancer","The Runesmith","The Servant 0.9.4","The Spell Scribe","The Valiant","TheFirefly","Trackpad","vexMod"],"gold_per_floor":[99,119,139,139,151,184,230,242,242,261,277,25,25,36,50,145,145,145,164,164,178,178,178,178,178,178],"floor_reached":25,"language":"ENG","playtime":1631,"items_purged":[],"score":230,"play_id":"1ce71511-c82a-42a7-8dc0-6737ef7e6e2a","local_time":"20210123035840","is_ascension_mode":false,"campfire_choices":[{"data":"Shade:AnimateDead","floor":1,"key":"SMITH"},{"data":"Shade:GraveStillness","floor":9,"key":"SMITH"},{"data":"Shade:Bonestorm","floor":13,"key":"SMITH"},{"floor":18,"key":"RECALL"}],"circlet_count":0,"master_deck":["Shade:Strike_Shade","Shade:Strike_Shade","Shade:Strike_Shade","Shade:Strike_Shade","Shade:Defend_Shade","Shade:Defend_Shade","Shade:Defend_Shade","Shade:Defend_Shade","Shade:AnimateDead+1","Shade:CarefulCut","Shade:FleshToFlesh","Shade:Doomsay","Shade:StitchTogether","Shade:LoseControl","Shade:GraveStillness+1","Shade:OpenGraves","Shade:Bonestorm+1","Shade:FuneraryJewels","Shade:CloudOfShrapnel","Shade:GreyBargain","Shade:Brains","Shade:Putrefaction","Shade:Excise+1","RitualDagger","Shade:FleshLikeOak","hubris:Sloth"],"relics":["Shade:YorickSkull","White Beast Statue","CCEMRelics:JestersCrown","StuffTheSpire:BottledEssence","Cursed Key"],"acts_visited":["Exordium","TheCity"],"potions_floor_usage":[10,12,15,16,19,25],"damage_taken":[{"damage":0,"enemies":"theSlumbering:NewCultist","floor":2,"turns":3},{"damage":0,"enemies":"Jaw Worm","floor":3,"turns":4},{"damage":0,"enemies":"2 Louse","floor":5,"turns":2},{"damage":0,"enemies":"theSlumbering:Adrasteia","floor":6,"turns":9},{"damage":0,"enemies":"Red Slaver","floor":8,"turns":5},{"damage":0,"enemies":"Large Slime","floor":10,"turns":9},{"damage":0,"enemies":"2 Fungi Beasts","floor":11,"turns":5},{"damage":0,"enemies":"downfall:FleeingMerchant","floor":12,"turns":4},{"damage":0,"enemies":"theSlumbering:NewSlaver","floor":14,"turns":3},{"damage":9,"enemies":"Lots of Slimes","floor":15,"turns":3},{"damage":64,"enemies":"DF_ARCHETYPE_STREAMLINE","floor":16,"turns":15},{"damage":10,"enemies":"3 Byrds","floor":19,"turns":4},{"damage":0,"enemies":"conspire:FuzzyDice","floor":21,"turns":5},{"damage":75,"enemies":"Slavers","floor":25,"turns":6}],"seed_played":"-8177369966656567695","potions_obtained":[{"floor":2,"key":"FearPotion"},{"floor":5,"key":"BlessingOfTheForge"},{"floor":6,"key":"jedi:wingpotion"},{"floor":8,"key":"ColorlessPotion"},{"floor":11,"key":"Strength Potion"},{"floor":12,"key":"jedi:tentaclejuice"},{"floor":14,"key":"PowerPotion"},{"floor":15,"key":"Explosive Potion"},{"floor":16,"key":"champ:CounterPotion"},{"floor":19,"key":"GamblersBrew"}],"is_trial":false,"path_per_floor":["R","M","M","?","M","E","T","M","R","M","M","$","R","M","M","B",null,"R","M","?","M","?","?","T","E"],"character_chosen":"SHADE","items_purchased":["StuffTheSpire:BottledEssence","Shade:CloudOfShrapnel"],"campfire_rested":0,"item_purchase_floors":[12,12],"current_hp_per_floor":[71,71,71,71,71,71,71,71,71,71,71,71,71,71,62,5,71,71,68,62,69,69,69,69,0,0],"gold":178,"neow_bonus":"TEN_PERCENT_HP_BONUS","is_daily":false,"chose_seed":false,"campfire_upgraded":3,"win_rate":0.0,"timestamp":1611392320,"path_taken":["R","M","M","?","M","E","T","M","R","M","M","$","R","?","M","BOSS","R","M","?","M","?","?","T","E"],"items_purchased_type":["Relic","Card"],"build_version":"2020-12-22","purchased_purges":0,"victory":false,"max_hp_per_floor":[71,71,71,71,71,71,71,71,71,71,71,71,71,71,71,71,71,71,71,71,71,71,71,71,71,71],"relic_stats":{"counters":[14,77],"Cursed Key":1,"obtain_stats":[{"Shade:YorickSkull":0,"StuffTheSpire:BottledEssence":12,"Cursed Key":17,"White Beast Statue":6,"CCEMRelics:JestersCrown":7},{"Shade:YorickSkull":0,"StuffTheSpire:BottledEssence":8,"Cursed Key":11,"White Beast Statue":4,"CCEMRelics:JestersCrown":4},{"Shade:YorickSkull":0,"StuffTheSpire:BottledEssence":41,"Cursed Key":62,"White Beast Statue":18,"CCEMRelics:JestersCrown":18}]},"card_choices":[{"not_picked":["Shade:SkeletonArmy","Shade:PoundOfFlesh"],"picked":"Shade:FleshToFlesh","floor":2},{"not_picked":["Shade:CommandSoldier","Shade:Premonition"],"picked":"Shade:Doomsay","floor":3},{"not_picked":["Shade:Frenzy","Shade:FeralStrike"],"picked":"Shade:StitchTogether","floor":5},{"not_picked":["Shade:GraveStillness","Shade:Frenzy"],"picked":"Shade:LoseControl","floor":6},{"not_picked":["Shade:FuneraryArmor","Shade:AncientSpear"],"picked":"Shade:GraveStillness","floor":8},{"not_picked":["Shade:TouchOfTheGrave","Shade:CloudOfShrapnel"],"picked":"Shade:OpenGraves","floor":10},{"not_picked":["Shade:Premonition","Shade:AncientSpear"],"picked":"Shade:Bonestorm","floor":11},{"not_picked":["Shade:SoulToxin","Shade:CallWraith"],"picked":"Shade:FuneraryJewels","floor":12},{"not_picked":["Shade:Tombstone","Shade:AncientSpear"],"picked":"Shade:GreyBargain","floor":14},{"not_picked":["Shade:RavenousHorde","Shade:SkeletonArmy"],"picked":"Shade:Brains","floor":15},{"not_picked":["Shade:SelfBurial","Shade:Coordination"],"picked":"Shade:Putrefaction","floor":16},{"not_picked":["Shade:BoneShards","Shade:FreshBones"],"picked":"Shade:Excise+1","floor":19},{"not_picked":["Shade:SoulToxin","Shade:FeralStrike"],"picked":"Shade:FleshLikeOak","floor":21}],"player_experience":42434,"relics_obtained":[{"floor":6,"key":"White Beast Statue"},{"floor":7,"key":"CCEMRelics:JestersCrown"}],"event_choices":[],"is_beta":false,"boss_relics":[{"not_picked":["Snecko Eye","jedi:hotpepper"],"picked":"Cursed Key"}],"items_purged_floors":[],"is_endless":false,"potions_floor_spawned":[2,5,6,8,10,11,12,14,15,16,19,21],"killed_by":"Slavers","ascension_level":0}}