{"host":"6xsbn6ynqlzwllfm","time":1611425363,"event":{"mods":["2.2 Compatiblity","BaseMod","Bestiary","Colored Map","Colored Powertips","Curses Come First","Highlight Path","Keyboard Shortcuts","Minty Spire (QoL Compilation)","Quick Restart","Relic Stats","Slay the Relics Exporter","StSLib","SuperFastMode"],"gold_per_floor":[111,111,111,135,135,171,186,22,47,66,97,118,159,172,172,261,261,280,170,189,27,48,48,48],"floor_reached":23,"language":"ENG","playtime":1146,"items_purged":["Strike_R"],"score":476,"play_id":"b3386bec-605f-44b9-ac2c-5ad86a6e7aea","local_time":"20210123130923","is_ascension_mode":true,"campfire_choices":[{"data":"Inflame","floor":15.0,"key":"SMITH"}],"circlet_count":0,"master_deck":["AscendersBane","Strike_R","Strike_R","Defend_R","Defend_R","Defend_R","Defend_R+1","Bash+1","Havoc","Cleave","Double Tap","Clothesline+1","Intimidate","Inflame+1","Twin Strike+1","Seeing Red+1","Metallicize","Battle Trance","Limit Break","Havoc+1","Sword Boomerang","Metallicize"],"relics":["Burning Blood","NeowsBlessing","Golden Idol","Potion Belt","Tiny Chest","Whetstone","Strawberry","Sozu","Frozen Eye"],"acts_visited":["Exordium","TheCity"],"potions_floor_usage":[16,16],"damage_taken":[{"damage":0.0,"enemies":"Small Slimes","floor":1.0,"turns":1.0},{"damage":0.0,"enemies":"2 Louse","floor":4.0,"turns":1.0},{"damage":0.0,"enemies":"3 Sentries","floor":6.0,"turns":1.0},{"damage":2.0,"enemies":"Jaw Worm","floor":7.0,"turns":4.0},{"damage":4.0,"enemies":"2 Fungi Beasts","floor":10.0,"turns":3.0},{"damage":34.0,"enemies":"Lagavulin","floor":11.0,"turns":7.0},{"damage":15.0,"enemies":"Lots of Slimes","floor":12.0,"turns":5.0},{"damage":7.0,"enemies":"3 Sentries","floor":13.0,"turns":6.0},{"damage":14.0,"enemies":"Blue Slaver","floor":14.0,"turns":3.0},{"damage":18,"enemies":"The Guardian","floor":16,"turns":8},{"damage":24,"enemies":"3 Byrds","floor":18,"turns":6},{"damage":1,"enemies":"Chosen","floor":20,"turns":3},{"damage":30,"enemies":"Centurion and Healer","floor":22,"turns":6},{"damage":30,"enemies":"Gremlin Leader","floor":23,"turns":4}],"seed_played":"-7946201597130196204","potions_obtained":[{"floor":7.0,"key":"Block Potion"},{"floor":12.0,"key":"Strength Potion"},{"floor":14.0,"key":"DuplicationPotion"}],"is_trial":false,"path_per_floor":["M","?","?","M","?","E","M","$","T","M","E","M","E","M","R","B",null,"M","?","M","$","M","E"],"character_chosen":"IRONCLAD","items_purchased":["Inflame","Frozen Eye"],"campfire_rested":0,"item_purchase_floors":[8,21],"current_hp_per_floor":[74,51,51,57,57,63,67,67,67,68,40,31,37,29,29,17,61,43,43,48,48,24,0,0],"gold":48,"neow_bonus":"THREE_ENEMY_KILL","is_daily":false,"chose_seed":false,"campfire_upgraded":1,"win_rate":0.0,"timestamp":1611425363,"path_taken":["M","?","?","M","?","E","?","$","T","M","E","M","E","M","R","BOSS","M","?","?","$","M","E"],"items_purchased_type":["Card","Relic"],"build_version":"2020-12-22","purchased_purges":1,"victory":false,"max_hp_per_floor":[75,75,68,68,68,68,68,68,68,68,68,68,75,75,75,75,75,75,75,75,75,75,75,75],"relic_stats":{"Sozu":2,"counters":[14,58],"Golden Idol":70,"Tiny Chest":0,"Whetstone":["Twin Strike","Clothesline"],"obtain_stats":[{"Potion Belt":6,"Sozu":17,"Frozen Eye":21,"NeowsBlessing":0,"Golden Idol":3,"Strawberry":13,"Tiny Chest":9,"Whetstone":11,"Burning Blood":0},{"Potion Belt":3,"Sozu":10,"Frozen Eye":12,"NeowsBlessing":0,"Golden Idol":1,"Strawberry":8,"Tiny Chest":4,"Whetstone":6,"Burning Blood":0},{"Potion Belt":3,"Sozu":39,"Frozen Eye":48,"NeowsBlessing":0,"Golden Idol":1,"Strawberry":28,"Tiny Chest":7,"Whetstone":17,"Burning Blood":0}],"Burning Blood":77},"card_choices":[{"not_picked":["Warcry","Sentinel"],"picked":"Havoc","floor":1.0},{"not_picked":["Clash","Heavy Blade"],"picked":"Cleave","floor":4.0},{"not_picked":["Blood for Blood","Havoc"],"picked":"Clothesline","floor":6.0},{"not_picked":["Thunderclap","Clash"],"picked":"Intimidate","floor":7.0},{"not_picked":["Entrench","Cleave"],"picked":"Twin Strike","floor":10.0},{"not_picked":["Pommel Strike","Bloodletting"],"picked":"Seeing Red","floor":11.0},{"not_picked":["Pommel Strike","Intimidate"],"picked":"Metallicize","floor":12.0},{"not_picked":["Sword Boomerang","Feel No Pain"],"picked":"Battle Trance","floor":13.0},{"not_picked":["Carnage","Havoc","Armaments"],"picked":"SKIP","floor":14.0},{"not_picked":["Immolate","Double Tap"],"picked":"Limit Break","floor":16},{"not_picked":["Cleave","Armaments"],"picked":"Havoc+1","floor":18},{"not_picked":["Second Wind","Bloodletting"],"picked":"Sword Boomerang","floor":20},{"not_picked":["Rampage","Clothesline+1"],"picked":"Metallicize","floor":22}],"player_experience":1088601,"relics_obtained":[{"floor":6.0,"key":"Potion Belt"},{"floor":9.0,"key":"Tiny Chest"},{"floor":11.0,"key":"Whetstone"},{"floor":13.0,"key":"Strawberry"}],"event_choices":[{"damage_healed":0.0,"max_hp_gain":0.0,"max_hp_loss":0.0,"gold_gain":0.0,"event_name":"Shining Light","player_choice":"Entered Light","floor":2.0,"gold_loss":0.0,"damage_taken":23.0,"cards_upgraded":["Defend_R","Bash"]},{"damage_healed":0.0,"max_hp_gain":0.0,"max_hp_loss":7.0,"gold_gain":0.0,"event_name":"Golden Idol","player_choice":"Lose Max HP","floor":3.0,"gold_loss":0.0,"damage_taken":0.0,"relics_obtained":["Golden Idol"]},{"damage_healed":0.0,"max_hp_gain":0.0,"max_hp_loss":0.0,"gold_gain":0.0,"cards_transformed":["Strike_R"],"event_name":"Living Wall","player_choice":"Change","floor":5.0,"gold_loss":0.0,"damage_taken":0.0,"cards_obtained":["Double Tap"]},{"cards_removed":["Strike_R"],"damage_healed":0,"gold_gain":0,"player_choice":"Upgrade and Remove","damage_taken":0,"max_hp_gain":0,"max_hp_loss":0,"event_name":"Designer","floor":19,"gold_loss":110,"cards_upgraded":["Seeing Red"]}],"is_beta":false,"boss_relics":[{"not_picked":["Black Star","Calling Bell"],"picked":"Sozu"}],"items_purged_floors":[8],"is_endless":false,"potions_floor_spawned":[7,12,14,20,22],"killed_by":"Gremlin Leader","ascension_level":20}}