{"host":"w3q5ijqu8eoknil3","time":1611378361,"event":{"mods":["AchievementEnabler","BaseMod","Block Reminder","Colored Map","Colored Powertips","Curses Come First","Dark Map","Minty Spire (QoL Compilation)","Quick Restart","Relic Stats","StSLib","ojb\u0027s Better Paths Mod","ojb\u0027s Info Mod","slay the spire mod where everything is the same but ironclad has a cowboy hat"],"gold_per_floor":[117,117,133,152,152,179,179,189,212,48,59,91,102,118,118,194,194,206,166,177,17,28,28,45,45,45,45,45],"floor_reached":27,"language":"ENG","playtime":868,"items_purged":[],"score":431,"play_id":"dc093008-8271-408c-9806-de4b32f5b69a","local_time":"20210123050601","is_ascension_mode":true,"campfire_choices":[{"data":"Phantasmal Killer","floor":7,"key":"SMITH"},{"floor":15,"key":"REST"},{"data":"Storm of Steel","floor":23,"key":"SMITH"}],"circlet_count":0,"master_deck":["AscendersBane","Strike_G","Strike_G","Strike_G","Strike_G","Strike_G","Defend_G","Defend_G","Defend_G","Defend_G","Defend_G","Survivor","Neutralize","Dagger Spray","PiercingWail","Flying Knee","Phantasmal Killer+1","Storm of Steel+1","Blade Dance","Blur","Backstab","Footwork","Blade Dance","Doppelganger","CurseOfTheBell","Dagger Throw","Finisher","Skewer","Calculated Gamble","Acrobatics","Cloak And Dagger+1"],"relics":["Ring of the Snake","NeowsBlessing","NlothsMask","Potion Belt","ClockworkSouvenir","Lantern","Calling Bell","Bag of Marbles","Mercury Hourglass","Ginger"],"acts_visited":["Exordium","TheCity"],"potions_floor_usage":[6,6,6,6,12,14,20,20,20,24,27],"damage_taken":[{"damage":0,"enemies":"Small Slimes","floor":1,"turns":1},{"damage":0,"enemies":"Cultist","floor":3,"turns":1},{"damage":0,"enemies":"2 Louse","floor":4,"turns":1},{"damage":14,"enemies":"Lagavulin","floor":6,"turns":8},{"damage":0,"enemies":"Lots of Slimes","floor":8,"turns":2},{"damage":11,"enemies":"Looter","floor":11,"turns":3},{"damage":14,"enemies":"Gremlin Nob","floor":12,"turns":3},{"damage":0,"enemies":"Exordium Thugs","floor":13,"turns":2},{"damage":0,"enemies":"Blue Slaver","floor":14,"turns":1},{"damage":34,"enemies":"Slime Boss","floor":16,"turns":16},{"damage":6,"enemies":"3 Byrds","floor":18,"turns":4},{"damage":0,"enemies":"Chosen","floor":20,"turns":3},{"damage":18,"enemies":"Snecko","floor":22,"turns":5},{"damage":2,"enemies":"3 Cultists","floor":24,"turns":4},{"damage":39,"enemies":"Slavers","floor":27,"turns":5}],"seed_played":"7736989055704152717","potions_obtained":[{"floor":3,"key":"EntropicBrew"},{"floor":4,"key":"AttackPotion"},{"floor":11,"key":"CunningPotion"},{"floor":13,"key":"Fire Potion"},{"floor":16,"key":"Swift Potion"},{"floor":19,"key":"CunningPotion"},{"floor":19,"key":"Regen Potion"},{"floor":19,"key":"Fire Potion"},{"floor":22,"key":"EssenceOfSteel"}],"is_trial":false,"path_per_floor":["M","?","M","M","?","E","R","M","T","$","M","E","M","M","R","B",null,"M","?","M","$","M","R","M","$","T","E"],"character_chosen":"THE_SILENT","items_purchased":["ClockworkSouvenir","Skewer","Calculated Gamble"],"campfire_rested":1,"item_purchase_floors":[10,21,21],"current_hp_per_floor":[59,59,59,59,59,45,45,45,45,45,34,20,20,20,39,5,51,45,45,50,50,32,32,30,30,30,0,0],"gold":45,"neow_bonus":"THREE_ENEMY_KILL","is_daily":false,"chose_seed":false,"campfire_upgraded":2,"win_rate":0.0,"timestamp":1611378361,"path_taken":["M","?","?","M","?","E","R","M","T","$","M","E","?","M","R","BOSS","M","?","M","$","M","R","M","?","T","E"],"items_purchased_type":["Relic","Card","Card"],"build_version":"2020-12-22","purchased_purges":0,"victory":false,"max_hp_per_floor":[66,66,66,66,66,66,66,66,66,66,66,66,66,66,66,66,66,66,66,66,66,66,66,66,66,66,66,66],"relic_stats":{"counters":[15,57],"Ginger":[2],"obtain_stats":[{"Potion Belt":6,"Calling Bell":17,"Lantern":12,"NeowsBlessing":0,"Bag of Marbles":17,"Ginger":17,"Ring of the Snake":0,"NlothsMask":2,"ClockworkSouvenir":10,"Mercury Hourglass":17},{"Potion Belt":4,"Calling Bell":10,"Lantern":7,"NeowsBlessing":0,"Bag of Marbles":10,"Ginger":10,"Ring of the Snake":0,"NlothsMask":1,"ClockworkSouvenir":5,"Mercury Hourglass":10},{"Potion Belt":11,"Calling Bell":38,"Lantern":19,"NeowsBlessing":0,"Bag of Marbles":38,"Ginger":38,"Ring of the Snake":0,"NlothsMask":1,"ClockworkSouvenir":13,"Mercury Hourglass":38}],"Ring of the Snake":[30],"Mercury Hourglass":[90]},"card_choices":[{"not_picked":["Dagger Throw","Concentrate"],"picked":"Dagger Spray","floor":1},{"not_picked":["Prepared","Dagger Spray"],"picked":"PiercingWail","floor":3},{"not_picked":["Bane","Quick Slash"],"picked":"Flying Knee","floor":4},{"not_picked":["Dagger Spray","Blur"],"picked":"Storm of Steel","floor":6},{"not_picked":["PiercingWail","Backflip"],"picked":"Blade Dance","floor":8},{"not_picked":["Endless Agony","Dagger Spray"],"picked":"Blur","floor":11},{"not_picked":["Deadly Poison","Flying Knee"],"picked":"Backstab","floor":12},{"not_picked":["Riddle With Holes","Outmaneuver"],"picked":"Footwork","floor":13},{"not_picked":["Underhanded Strike","Dagger Throw"],"picked":"Blade Dance","floor":14},{"not_picked":["Unload","A Thousand Cuts"],"picked":"Doppelganger","floor":16},{"not_picked":["Deadly Poison","Well Laid Plans"],"picked":"Dagger Throw","floor":18},{"not_picked":["Caltrops+1","Endless Agony"],"picked":"Finisher","floor":20},{"not_picked":["Dagger Throw","Slice"],"picked":"Acrobatics","floor":22},{"not_picked":["Backflip","Distraction"],"picked":"Cloak And Dagger+1","floor":24}],"player_experience":1010709,"relics_obtained":[{"floor":6,"key":"Potion Belt"},{"floor":12,"key":"Lantern"},{"floor":17,"key":"Bag of Marbles"},{"floor":17,"key":"Mercury Hourglass"},{"floor":17,"key":"Ginger"}],"event_choices":[{"damage_healed":0,"gold_gain":0,"player_choice":"Trade","damage_taken":0,"relics_obtained":["NlothsMask"],"max_hp_gain":0,"max_hp_loss":0,"event_name":"FaceTrader","floor":2,"gold_loss":0},{"damage_healed":0,"gold_gain":0,"player_choice":"1 cards matched","damage_taken":0,"max_hp_gain":0,"max_hp_loss":0,"event_name":"Match and Keep!","floor":5,"gold_loss":0,"cards_obtained":["Phantasmal Killer"]},{"damage_healed":0,"gold_gain":0,"player_choice":"Bought 3 Potions","damage_taken":0,"max_hp_gain":0,"max_hp_loss":0,"event_name":"The Woman in Blue","floor":19,"gold_loss":0}],"is_beta":false,"boss_relics":[{"not_picked":["Runic Dome","Sozu"],"picked":"Calling Bell"}],"items_purged_floors":[],"is_endless":false,"potions_floor_spawned":[3,4,11,13,16,22],"killed_by":"Slavers","ascension_level":18}}