{"host":"v9ordiuf4xzdpttp","time":1611378207,"event":{"mods":["AchievementEnabler","Act Like it!","AlwaysNeverKeys","Aspiration","Bartender","BaseMod","Better Third Choice","Better Vampires","BetterRewards","CCEM","Colored Map","Conspire","Dio Mod","Downfall","Energized Spire","Filter the Spire","Gold Saver","GungeonMod","Halation","Hero for Fun","Hubris","Hunter ??","Infinite Spire","Ironclad Rager","Jedi Mod","Marked Mod","Melee Mod","Minty Spire (QoL Compilation)","Pale of the Ancients","Poor People Problems","Remove Card Discount Mod","Robot Space Explorer","SOS???????","Shop Mod","Somnambulant","Spicy Shops","StSLib","The Bladedancer","The Bug Knight","The Construct","The Death Knight","The Exalted","The Hayseed","The Hierophant","The Jungle","The Mystic","The Runesmith","The Senshi","The Servant 0.9.4","The Wild Card","TheBandit","vexMod","??????REMEMod"],"gold_per_floor":[32,68,68,68,105,155,180,150,150,7,7,19,19,50,50,152,152,171,185,185,185],"floor_reached":20,"language":"ENG","playtime":1003,"items_purged":["DeathKnight:Defend_DeathKnight","DeathKnight:Defend_DeathKnight","DeathKnight:MutagenicPlague"],"score":176,"play_id":"d10f9463-31f5-49f7-b67f-bb3c2175c2c2","local_time":"20210123000327","is_ascension_mode":false,"campfire_choices":[{"floor":11,"key":"REST"},{"floor":15,"key":"REST"}],"circlet_count":0,"master_deck":["DeathKnight:Strike_DeathKnight","DeathKnight:Strike_DeathKnight","DeathKnight:Strike_DeathKnight","DeathKnight:Strike_DeathKnight","DeathKnight:Strike_DeathKnight","DeathKnight:Defend_DeathKnight","DeathKnight:Defend_DeathKnight","DeathKnight:Defend_DeathKnight","DeathKnight:RuneTap","DeathKnight:RuneStrike","HandOfGreed","SpikerPetCall+1","DeathKnight:DeathGrip","theWildCard:Michael","DeathKnight:ChainsOfIce","DeathKnight:BludPresence","DeathKnight:HartStrike","DeathKnight:DancingRuneblade","DeathKnight:BoneSpear","DeathKnight:BladedArmor","DeathKnight:PlagueStrike","DeathKnight:Razorice","DeathKnight:BloodBoil","DeathKnight:Hysteria"],"relics":["DeathKnight:BrokenRuneblade","REME_ComplimentaryCards","jedi:archwizardhat","Kunai","conspire:RoyalGoblet"],"acts_visited":["Exordium","TheCity"],"potions_floor_usage":[14,16,16,19],"damage_taken":[{"damage":1,"enemies":"2 Louse","floor":1,"turns":3},{"damage":2,"enemies":"Small Slimes","floor":2,"turns":3},{"damage":0,"enemies":"Cultist","floor":5,"turns":3},{"damage":46,"enemies":"Lagavulin","floor":6,"turns":7},{"damage":3,"enemies":"Looter","floor":7,"turns":3},{"damage":15,"enemies":"Red Slaver","floor":12,"turns":2},{"damage":3,"enemies":"Lots of Slimes","floor":14,"turns":4},{"damage":42,"enemies":"The Guardian","floor":16,"turns":7},{"damage":26,"enemies":"Spheric Guardian","floor":18,"turns":4},{"damage":31,"enemies":"Shell Parasite","floor":19,"turns":4},{"damage":19,"enemies":"Centurion and Healer","floor":20,"turns":1}],"seed_played":"8303147226139312358","potions_obtained":[{"floor":2,"key":"hexamod:SoulburnPotion"},{"floor":8,"key":"AttackPotion"},{"floor":8,"key":"SmokeBomb"},{"floor":12,"key":"Fire Potion"},{"floor":16,"key":"jedi:tentaclejuice"},{"floor":19,"key":"jedi:tentaclejuice"}],"is_trial":false,"path_per_floor":["M","M","?","?","M","E","M","?","T","$","R","M","$","M","R","B",null,"M","M","M"],"character_chosen":"DEATH_KNIGHT","items_purchased":["DeathKnight:DancingRuneblade","DeathKnight:BoneSpear"],"campfire_rested":2,"item_purchase_floors":[10,10],"current_hp_per_floor":[74,72,72,72,72,26,23,23,23,23,45,30,30,27,49,19,75,49,18,0,0],"gold":185,"neow_bonus":"RANDOM_COLORLESS_2","is_daily":false,"chose_seed":false,"campfire_upgraded":0,"win_rate":0.0,"timestamp":1611378207,"path_taken":["M","M","?","?","M","E","?","?","T","$","R","?","$","M","R","BOSS","M","M","?"],"items_purchased_type":["Card","Card"],"build_version":"2020-12-22","purchased_purges":3,"victory":false,"max_hp_per_floor":[75,75,75,75,75,75,75,75,75,75,75,75,75,75,75,75,75,75,75,75,75],"card_choices":[{"not_picked":["REME_ProfessionalPlagiarism","REME_PuzzleBox"],"picked":"HandOfGreed","floor":0},{"not_picked":["DeathKnight:Parry","DeathKnight:FoulBulwark"],"picked":"DeathKnight:DeathGrip","floor":1},{"not_picked":["DeathKnight:FrosPresence","DeathKnight:ShatteringStrikes"],"picked":"DeathKnight:MutagenicPlague","floor":2},{"not_picked":["DeathKnight:BladedArmor","DeathKnight:DeathCoil"],"picked":"DeathKnight:ChainsOfIce","floor":5},{"not_picked":["DeathKnight:RunicDetonation","DeathKnight:PillarOfFrost"],"picked":"DeathKnight:BludPresence","floor":6},{"not_picked":["DeathKnight:UnholyPresence","DeathKnight:MutagenicPlague"],"picked":"DeathKnight:HartStrike","floor":7},{"not_picked":["DeathKnight:FrosPresence","DeathKnight:UnholyAssault"],"picked":"DeathKnight:BladedArmor","floor":12},{"not_picked":["DeathKnight:HartStrike","DeathKnight:BludPresence"],"picked":"DeathKnight:PlagueStrike","floor":14},{"not_picked":["DeathKnight:RunicDetonation","DeathKnight:BoneStorm"],"picked":"DeathKnight:Razorice","floor":16},{"not_picked":["DeathKnight:FesteringStrike","DeathKnight:BludPresence"],"picked":"DeathKnight:BloodBoil","floor":18},{"not_picked":["DeathKnight:PlagueStrike","DeathKnight:UnholyFrenzy"],"picked":"DeathKnight:Hysteria","floor":19}],"player_experience":274207,"relics_obtained":[{"floor":6,"key":"jedi:archwizardhat"},{"floor":9,"key":"Kunai"}],"event_choices":[{"damage_healed":0,"gold_gain":0,"player_choice":"Upgraded","damage_taken":0,"max_hp_gain":0,"max_hp_loss":0,"event_name":"Upgrade Shrine","floor":4,"gold_loss":0,"cards_upgraded":["SpikerPetCall"]},{"damage_healed":0,"gold_gain":0,"player_choice":"Bought 2 Potions","damage_taken":0,"max_hp_gain":0,"max_hp_loss":0,"event_name":"The Woman in Blue","floor":8,"gold_loss":0}],"is_beta":false,"boss_relics":[{"not_picked":["halation:Risk","vexMod:RockOfEvil"],"picked":"conspire:RoyalGoblet"}],"items_purged_floors":[10,10,10],"is_endless":false,"potions_floor_spawned":[2,12,16,19],"killed_by":"Centurion and Healer","ascension_level":0}}