{"host":"d17dpptiltdcqz9s","time":1611385845,"event":{"mods":["BaseMod","Colored Powertips","Downfall","Minty Spire (QoL Compilation)","Replay The Spire","StSLib","The Bug Knight"],"gold_per_floor":[111,134,22,38,38,72,72,85,157,186,261,261,272,334,334,432,432,445,455,455,455,68,68,83,96,173,189,199,210,210,17,17,17,17,17,17],"floor_reached":35,"language":"ZHS","playtime":2561,"items_purged":["HollowMod:NailStrikeStart","downfall:Bewildered","HollowMod:QuickDashStart"],"score":317,"play_id":"11d9cc04-1c4f-4607-8d00-166741fe637e","local_time":"20210123151045","is_ascension_mode":false,"campfire_choices":[{"data":"HollowMod:FocusHealStart","floor":7,"key":"SMITH"},{"data":"HollowMod:ChannelNail","floor":12,"key":"SMITH"},{"floor":15,"key":"REST"},{"data":"HollowMod:CycloneSlash","floor":23,"key":"SMITH"},{"data":"HollowMod:DesolateDive","floor":30,"key":"SMITH"},{"data":"HollowMod:FastStrike","floor":34,"key":"SMITH"}],"circlet_count":0,"master_deck":["HollowMod:NailStrikeStart","HollowMod:NailStrikeStart","HollowMod:NailStrikeStart","HollowMod:QuickDashStart","HollowMod:QuickDashStart","HollowMod:QuickDashStart","HollowMod:FocusHealStart+1","HollowMod:PogoStrike","HollowMod:SoulStrike+1","HollowMod:LifebloodCocoon+1","HollowMod:CornifersMapStart","HollowMod:HornetsHelp","HollowMod:ChannelNail+1","HollowMod:CycloneSlash+1","HollowMod:Hiveblood","HollowMod:Weaversong","HollowMod:DungDefenderAura","Ghostly+1","Ghostly+1","Ghostly+1","Ghostly+1","Ghostly+1","HollowMod:DesolateDive+1","HollowMod:SiblingsSouls","HollowMod:FastStrike+1"],"relics":["HollowMod:VesselMask","NeowsBlessing","Gremlin Food","FossilizedHelix","Snack Pack","Replay:Bottled Snecko","Centennial Puzzle","Philosopher\u0027s Stone","sneckomod:BabySnecko","Replay:Towering Pillar of Hats","Replay:Bottled Eggs"],"acts_visited":["Exordium","TheCity"],"potions_floor_usage":[10,13,16,25,27,35,35],"damage_taken":[{"damage":0,"enemies":"Cultist","floor":1,"turns":1},{"damage":0,"enemies":"2 Louse","floor":4,"turns":1},{"damage":0,"enemies":"HollowMod:MossKnight","floor":6,"turns":1},{"damage":0,"enemies":"Jaw Worm","floor":8,"turns":4},{"damage":18,"enemies":"Lagavulin","floor":10,"turns":5},{"damage":0,"enemies":"3 Louse","floor":13,"turns":1},{"damage":71,"enemies":"Fading Forest","floor":16,"turns":11},{"damage":0,"enemies":"Spheric Guardian","floor":18,"turns":3},{"damage":17,"enemies":"2 Thieves","floor":19,"turns":3},{"damage":0,"enemies":"Chosen and Byrds","floor":24,"turns":6},{"damage":24,"enemies":"Snecko","floor":25,"turns":5},{"damage":10,"enemies":"3 Cultists","floor":27,"turns":6},{"damage":0,"enemies":"Snake Plant","floor":28,"turns":4},{"damage":0,"enemies":"Snecko","floor":29,"turns":6},{"damage":66,"enemies":"HollowMod:NKGrimm","floor":35,"turns":6}],"seed_played":"-8469593612760855714","potions_obtained":[{"floor":4,"key":"CultistPotion"},{"floor":10,"key":"Toxic Potion"},{"floor":14,"key":"Guardian:BlockOnCardUsePotion"},{"floor":16,"key":"Strength Potion"},{"floor":18,"key":"AttackPotion"},{"floor":24,"key":"SkillPotion"},{"floor":29,"key":"champ:CounterPotion"}],"is_trial":false,"path_per_floor":["M","T","$","M","?","E","R","M","T","E","?","R","M","?","R","B",null,"M","M","?","?","$","R","M","M","T","M","M","M","R","$","PTL","PTL","R","B"],"character_chosen":"THE_BUGKNIGHT","items_purchased":["HollowMod:LifebloodCocoon+1","Replay:Towering Pillar of Hats","HollowMod:FastStrike"],"campfire_rested":1,"item_purchase_floors":[3,22,31],"current_hp_per_floor":[75,75,75,75,75,75,75,75,75,67,56,56,58,28,50,38,75,75,62,37,37,37,37,37,13,13,37,37,37,37,37,37,37,37,0,0],"gold":17,"neow_bonus":"THREE_ENEMY_KILL","is_daily":false,"chose_seed":false,"campfire_upgraded":5,"win_rate":0.0,"timestamp":1611385845,"path_taken":["M","?","?","M","?","E","R","?","T","E","?","R","M","?","R","BOSS","M","M","?","?","$","R","M","M","T","?","M","M","R","$","PTL","PTL","R","BOSS"],"items_purchased_type":["Card","Relic","Card"],"build_version":"2020-12-22","purchased_purges":3,"victory":false,"max_hp_per_floor":[75,75,75,75,75,75,75,75,75,75,75,75,75,75,75,75,75,75,75,37,37,37,37,37,37,37,37,37,37,37,37,37,37,37,37,37],"card_choices":[{"not_picked":["HollowMod:TaintedHusks","HollowMod:FastStrike"],"picked":"HollowMod:SoulStrike","floor":1},{"not_picked":["HollowMod:VengefulVoid","HollowMod:DashSlash"],"picked":"HollowMod:CornifersMapStart","floor":4},{"not_picked":["HollowMod:MantisMark","HollowMod:MonarchWings"],"picked":"HollowMod:HornetsHelp","floor":6},{"not_picked":["HollowMod:RecoilStrike","HollowMod:SiblingsSouls","HollowMod:InfectedAttack"],"picked":"SKIP","floor":8},{"not_picked":["HollowMod:GrimmsGift","HollowMod:FastStrike"],"picked":"HollowMod:ChannelNail","floor":10},{"not_picked":["HollowMod:CornifersMapStart","HollowMod:TaintedHusks"],"picked":"HollowMod:CycloneSlash","floor":13},{"not_picked":["HollowMod:DoubleDash","HollowMod:MothsMistake"],"picked":"HollowMod:Hiveblood","floor":14},{"not_picked":["HollowMod:NewInfectedGuardian","HollowMod:MidwifesHunger"],"picked":"HollowMod:Weaversong","floor":16},{"not_picked":["HollowMod:HowlingWraiths","HollowMod:SiblingsShadow"],"picked":"HollowMod:DungDefenderAura","floor":18},{"not_picked":["HollowMod:TaintedHusks","HollowMod:DescendingDark","HollowMod:MawleksShell"],"picked":"SKIP","floor":19},{"not_picked":["HollowMod:theNailsmith","HollowMod:InfectedCysts"],"picked":"HollowMod:DesolateDive","floor":24},{"not_picked":["HollowMod:InfectedAttack","HollowMod:HeavyBlow","HollowMod:CornifersMapStart"],"picked":"SKIP","floor":25},{"not_picked":["HollowMod:SoulVessel","HollowMod:CoiledNail"],"picked":"HollowMod:SiblingsSouls","floor":27},{"not_picked":["HollowMod:ShadowDash","HollowMod:DoubleDash","HollowMod:DescendingDark"],"picked":"SKIP","floor":28},{"not_picked":["HollowMod:GreatSlash","HollowMod:SoulVessel+1","HollowMod:SiblingsSouls+1"],"picked":"SKIP","floor":29}],"player_experience":171233,"relics_obtained":[{"floor":2,"key":"Gremlin Food"},{"floor":6,"key":"FossilizedHelix"},{"floor":9,"key":"Snack Pack"},{"floor":10,"key":"Replay:Bottled Snecko"},{"floor":14,"key":"Centennial Puzzle"},{"floor":26,"key":"Replay:Bottled Eggs"}],"event_choices":[{"damage_healed":0,"gold_gain":0,"player_choice":"Full Heal","damage_taken":0,"max_hp_gain":0,"max_hp_loss":0,"event_name":"Wheel of Change","floor":5,"gold_loss":0},{"damage_healed":0,"gold_gain":75,"player_choice":"Gather Gold","damage_taken":11,"max_hp_gain":0,"max_hp_loss":0,"event_name":"World of Goop","floor":11,"gold_loss":0},{"damage_healed":0,"gold_gain":0,"player_choice":"Became a Ghost","damage_taken":0,"max_hp_gain":0,"max_hp_loss":38,"event_name":"Ghosts","floor":20,"gold_loss":0,"cards_obtained":["Ghostly","Ghostly","Ghostly","Ghostly","Ghostly"]}],"is_beta":false,"boss_relics":[{"not_picked":["Velvet Choker","Tiny House"],"picked":"Philosopher\u0027s Stone"}],"items_purged_floors":[3,22,31],"is_endless":false,"potions_floor_spawned":[4,10,16,18,24,29],"killed_by":"HollowMod:NKGrimm","ascension_level":0}}