{"host":"j4g6ia6asvpyu2b0","time":1611422582,"event":{"mods":["BaseMod","Colored Map","Minty Spire (QoL Compilation)","Permanent Neow","Quick Restart","Relic Stats","StSLib","Unceasing Turn Reminder"],"gold_per_floor":[115,127,143,156,169,169,203,203,203,229,379,379,379],"floor_reached":12,"language":"ENG","playtime":356,"items_purged":[],"score":162,"play_id":"4b8e578e-2c7c-49d1-ad74-082e1d35e1c3","local_time":"20210123102302","is_ascension_mode":true,"campfire_choices":[{"floor":6,"key":"REST"},{"data":"Limit Break","floor":8,"key":"SMITH"}],"circlet_count":0,"master_deck":["AscendersBane","Strike_R","Strike_R","Strike_R","Strike_R","Strike_R","Defend_R","Defend_R","Defend_R","Defend_R","Bash","Shame","Metamorphosis","Spot Weakness","Disarm","Twin Strike","Clothesline","Limit Break+1","Metallicize","Shrug It Off","Doubt"],"relics":["Burning Blood","Prayer Wheel","Bag of Preparation"],"acts_visited":["Exordium"],"potions_floor_usage":[12,12],"damage_taken":[{"damage":16,"enemies":"Jaw Worm","floor":1,"turns":4},{"damage":1,"enemies":"Cultist","floor":2,"turns":3},{"damage":16,"enemies":"2 Louse","floor":3,"turns":3},{"damage":0,"enemies":"Large Slime","floor":4,"turns":5},{"damage":31,"enemies":"Gremlin Gang","floor":5,"turns":5},{"damage":27,"enemies":"Gremlin Nob","floor":7,"turns":4},{"damage":20,"enemies":"Lagavulin","floor":10,"turns":7},{"damage":21,"enemies":"3 Sentries","floor":12,"turns":10}],"seed_played":"4614830912629900385","potions_obtained":[{"floor":1,"key":"Block Potion"},{"floor":2,"key":"EssenceOfSteel"}],"is_trial":false,"path_per_floor":["M","M","M","M","M","R","E","R","T","E","?","E"],"character_chosen":"IRONCLAD","items_purchased":[],"campfire_rested":1,"item_purchase_floors":[],"current_hp_per_floor":[58,63,53,59,34,56,35,35,35,21,21,0,0],"gold":379,"neow_bonus":"RANDOM_COLORLESS_2","is_daily":false,"chose_seed":false,"campfire_upgraded":1,"win_rate":0.0,"timestamp":1611422582,"path_taken":["M","M","M","M","M","R","E","R","T","E","?","E"],"items_purchased_type":[],"build_version":"2020-12-22","purchased_purges":0,"victory":false,"max_hp_per_floor":[75,75,75,75,75,75,75,75,75,75,75,75,75],"relic_stats":{"counters":[8,41],"Prayer Wheel":0,"Bag of Preparation":[2],"obtain_stats":[{"Prayer Wheel":7,"Bag of Preparation":10,"Burning Blood":0},{"Prayer Wheel":6,"Bag of Preparation":7,"Burning Blood":0},{"Prayer Wheel":24,"Bag of Preparation":31,"Burning Blood":0}],"Burning Blood":42},"card_choices":[{"not_picked":["Master of Strategy","Panache"],"picked":"Metamorphosis","floor":0},{"not_picked":["Fire Breathing","Sword Boomerang"],"picked":"Spot Weakness","floor":1},{"not_picked":["True Grit","Twin Strike"],"picked":"Disarm","floor":2},{"not_picked":["Entrench","Clash"],"picked":"Twin Strike","floor":3},{"not_picked":["True Grit","Warcry"],"picked":"Clothesline","floor":4},{"not_picked":["Battle Trance","Pommel Strike"],"picked":"Limit Break","floor":5},{"not_picked":["Infernal Blade","Whirlwind"],"picked":"Metallicize","floor":7},{"not_picked":["Second Wind","Clothesline"],"picked":"Shrug It Off","floor":10}],"player_experience":955294,"relics_obtained":[{"floor":7,"key":"Prayer Wheel"},{"floor":10,"key":"Bag of Preparation"}],"event_choices":[{"damage_healed":0,"gold_gain":150,"player_choice":"AGREE","damage_taken":0,"max_hp_gain":0,"max_hp_loss":0,"event_name":"Liars Game","floor":11,"gold_loss":0,"cards_obtained":["Doubt"]}],"is_beta":false,"boss_relics":[],"items_purged_floors":[],"is_endless":false,"potions_floor_spawned":[1,2,5,7,10],"killed_by":"3 Sentries","ascension_level":16}}