{"host":"u21q392b5xaj11fl","time":1611430686,"event":{"mods":["2.2 Compatiblity","Bard","BaseMod","Better Note","Colored Map","Colored Powertips","Conspire","Custom Start","Downfall","Faster Ascension Climbing","GifTheSpireLib","Gremlin Skip","Highlight Path","Hubris","Infinite Spire","Mad Scientist","Marisa????????","Mimic Mod","Minty Spire (QoL Compilation)","Permanent Neow","Potionbrewer","Quick Restart","READ ME - Guardian Mod","Relic Sorter","Replay The Spire","Shop Mod","Somnambulant","StSLib","Stuff the Spire","SuperFastMode","The Construct","The Disciple","The Servant 0.9.4","vexMod"],"gold_per_floor":[111,111,124,167,187,216,216,234,268,268,268,299,299,325,325,406,406,421,421,435,218,218,244,55,55,55,86,86,105,105,105,105,184,184,184,184],"floor_reached":34,"language":"ENG","playtime":4292,"items_purged":["champ:Strike"],"score":790,"play_id":"0411b7bc-606c-41e6-a5eb-5e2dc43a57ad","local_time":"20210123133806","is_ascension_mode":true,"campfire_choices":[{"data":"champ:IronFortress","floor":7.0,"key":"SMITH"},{"floor":10.0,"key":"REST"},{"data":"champ:Backstep","floor":15.0,"key":"SMITH"},{"data":"champ:GladiatorsShout","floor":25.0,"key":"SMITH"},{"data":"champ:HoldFirm","floor":28.0,"key":"SMITH"},{"data":"StuffTheSpire:Innocence","floor":30.0,"key":"SMITH"},{"data":"champ:FaceSlap","floor":32.0,"key":"SMITH"}],"circlet_count":0,"master_deck":["AscendersBane","champ:Strike","champ:Strike","champ:Strike","champ:Defend","champ:Defend","champ:Defend","champ:Defend","champ:Execute","champ:Taunt+1","champ:FaceSlap+1","champ:BringItOn","champ:IronFortress+1","champ:BringItOn","champ:Haymaker","champ:Backstep+1","champ:DefensiveShout","champ:FanOfKnives+1","champ:Devastate+1","Madness+1","StuffTheSpire:Innocence+1","champ:HoldFirm+1","champ:SwordThrow+1","champ:ShieldSlam+1","infinitespire:Gouge+1","Replay:Fractal Strike+1","champ:SteelEdge+1"],"relics":["champ:ChampionCrown","hubris:PeanutButter","conspire:GiftBox","Garlic","Gremlin Horn","Happy Flower","Centennial Puzzle","Molten Egg 2","ReplayTheSpireMod:TigerMarble","vexMod:RedPlottingStone","MerchantsRug","vexMod:NewClearReactor","StuffTheSpire:Gunfinga","Matryoshka"],"acts_visited":["Exordium","TheCity"],"potions_floor_usage":[],"damage_taken":[{"damage":21.0,"enemies":"Jaw Worm","floor":1.0,"turns":6.0},{"damage":3.0,"enemies":"conspire:RoseBush","floor":3.0,"turns":3.0},{"damage":26.0,"enemies":"conspire:MimicChest","floor":4.0,"turns":6.0},{"damage":0.0,"enemies":"Small Slimes","floor":5.0,"turns":3.0},{"damage":5.0,"enemies":"Replay:BlueRogue","floor":6.0,"turns":7.0},{"damage":3.0,"enemies":"conspire:2 RoseBushes","floor":8.0,"turns":5.0},{"damage":14.0,"enemies":"Gremlin Gang","floor":9.0,"turns":9.0},{"damage":10.0,"enemies":"3 Sentries","floor":12.0,"turns":9.0},{"damage":11.0,"enemies":"Gremlin Nob","floor":14.0,"turns":5.0},{"damage":53.0,"enemies":"Slime Boss","floor":16.0,"turns":10.0},{"damage":6.0,"enemies":"Chosen","floor":18.0,"turns":4.0},{"damage":13.0,"enemies":"3 Byrds","floor":20.0,"turns":6.0},{"damage":17.0,"enemies":"conspire:Head Lice","floor":23.0,"turns":4.0},{"damage":3.0,"enemies":"Slavers","floor":27.0,"turns":4.0},{"damage":0.0,"enemies":"3 Cultists","floor":29.0,"turns":3.0},{"damage":11.0,"enemies":"hubris:MusketHawk","floor":33.0,"turns":8.0}],"seed_played":"-9178042144557780949","potions_obtained":[{"floor":3.0,"key":"potionbrewer:DiscountPotion"},{"floor":6.0,"key":"SpeedPotion"},{"floor":12.0,"key":"potionbrewer:MidasPotion"},{"floor":14.0,"key":"potionbrewer:FreezingPotion"},{"floor":16.0,"key":"potionbrewer:BarricadePotion"},{"floor":20.0,"key":"Languid Potion"},{"floor":27.0,"key":"potionbrewer:CleansingPotion"}],"is_trial":false,"path_per_floor":["M","?","M","?","M","E","R","M","MIM","R","$","E","?","E","R","B",null,"M","?","M","?","T","E","$","R","T","E","R","M","R","AVR","R","B",null],"character_chosen":"THE_CHAMP","items_purchased":["Centennial Puzzle","MerchantsRug","hubris:PeanutButter"],"campfire_rested":1,"item_purchase_floors":[11,24,24],"current_hp_per_floor":[70,70,67,51,51,51,51,48,42,69,59,49,64,58,58,23,73,72,72,69,69,69,63,63,63,63,65,65,70,70,70,70,64,64,64,64],"gold":184,"neow_bonus":"UPGRADE_CARD","is_daily":false,"chose_seed":false,"campfire_upgraded":6,"win_rate":0.0,"timestamp":1611430686,"path_taken":["M","?","M","?","M","E","R","M","MIM","R","?","E","?","E","R","BOSS","M","?","M","?","?","E","$","R","T","E","R","M","R","AVR","R","BOSS"],"items_purchased_type":["Relic","Relic","Relic"],"build_version":"2020-12-22","purchased_purges":1,"victory":false,"max_hp_per_floor":[90,90,90,90,90,90,90,90,90,90,90,90,90,90,90,90,90,90,90,90,90,90,90,90,90,90,90,90,90,90,90,90,90,90,90,90],"card_choices":[{"not_picked":["champ:EnragedBash","champ:GutPunch"],"picked":"champ:FaceSlap","floor":1.0},{"not_picked":["champ:CrookedStrike","champ:DeathBlow"],"picked":"champ:IronFortress","floor":3.0},{"not_picked":["champ:CrookedStrike","champ:FightOn"],"picked":"champ:BringItOn","floor":4.0},{"not_picked":["champ:Circumvent","champ:HeartStrike"],"picked":"champ:Haymaker","floor":5.0},{"not_picked":["champ:DefensiveStyle","champ:Haymaker","champ:ShieldSlam"],"picked":"SKIP","floor":6.0},{"not_picked":["champ:GutPunch","champ:FocusedBerserking","champ:FaceSlap"],"picked":"SKIP","floor":8.0},{"not_picked":["champ:GladiatorStyle","champ:ShieldWall"],"picked":"champ:Backstep","floor":9.0},{"not_picked":["champ:PerfectForm","champ:PreciseThrust+1"],"picked":"champ:DefensiveShout","floor":12.0},{"not_picked":["champ:FalseCounter","champ:AdrenalArmor"],"picked":"champ:FanOfKnives+1","floor":14.0},{"not_picked":["champ:DancingMaster","champ:HeavySlash+1"],"picked":"champ:Devastate+1","floor":16.0},{"not_picked":["champ:PerfectedStrike+1","champ:GutPunch+1"],"picked":"champ:GladiatorsShout","floor":18.0},{"not_picked":["champ:FightOn","champ:FocusedDefense","champ:StanceDance+1"],"picked":"SKIP","floor":20.0},{"not_picked":["champ:Circumvent","champ:FalseCounter+1"],"picked":"champ:HoldFirm","floor":23.0},{"not_picked":["champ:Devastate+1","champ:CheapShot+1"],"picked":"champ:SwordThrow+1","floor":26.0},{"not_picked":["champ:Haymaker+1","champ:DefensiveStyle"],"picked":"champ:ShieldSlam+1","floor":27.0},{"not_picked":["champ:BringItOn","champ:SkillfulDodge","champ:DefensiveStyle"],"picked":"SKIP","floor":29.0},{"not_picked":["champ:CheapShot+1","champ:VampiricStrike+1"],"picked":"champ:SteelEdge+1","floor":33.0}],"player_experience":173572,"relics_obtained":[{"floor":4.0,"key":"Garlic"},{"floor":6.0,"key":"Gremlin Horn"},{"floor":9.0,"key":"Happy Flower"},{"floor":12.0,"key":"Molten Egg 2"},{"floor":14.0,"key":"hubris:TinFlute"},{"floor":22.0,"key":"ReplayTheSpireMod:TigerMarble"},{"floor":23.0,"key":"vexMod:RedPlottingStone"},{"floor":26.0,"key":"conspire:GiftBox"},{"floor":27.0,"key":"StuffTheSpire:Gunfinga"}],"event_choices":[{"cards_removed":["champ:Devastate"],"damage_healed":0.0,"max_hp_gain":0.0,"max_hp_loss":0.0,"gold_gain":0.0,"event_name":"betterNote:BetterNote","player_choice":"Give","floor":19.0,"gold_loss":0.0,"damage_taken":0.0,"cards_obtained":["None"]}],"is_beta":false,"boss_relics":[{"not_picked":["vexMod:FluxCapacitor","vexMod:MegatonBomb"],"picked":"vexMod:NewClearReactor"}],"items_purged_floors":[31],"is_endless":false,"potions_floor_spawned":[3,6,12,14,16,20,27,33],"ascension_level":13}}