{"host":"och2iitg9ibgz06n","time":1611379771,"event":{"mods":["Abigail Mod","AchievementEnabler","Aspiration","BaseMod","Colored Powertips","Dio Mod","Hubris","Hyrulean Relics","Infinite Spire","Minty Spire (QoL Compilation)","Replay The Spire","Small Relic Pack","StSLib","The Animator","The Bug Knight","The Hierophant","The Jungle","The Saiyan","TheHero","Wandering Minibosses","everything is the same but u backflip on backflip","slay the spire mod where everything is the same but ironclad has a cowboy hat","vexMod"],"gold_per_floor":[114,130,161,161,177,217,217,217,217,245,263,263,283,314,314,417,417,437,419,419,443,468,468,506,512,512],"floor_reached":25,"language":"ENG","playtime":1580,"items_purged":[],"score":309,"play_id":"d2c32e7b-ac18-47f5-807b-1b82ad8307a5","local_time":"20210122232931","is_ascension_mode":true,"campfire_choices":[{"floor":7,"key":"REST"},{"data":"animator:Millim","floor":12,"key":"SMITH"},{"floor":15,"key":"RECALL"},{"floor":23,"key":"REST"}],"circlet_count":0,"master_deck":["animator:Strike_GoblinSlayer","animator:Defend_GoblinSlayer","animator:Strike","animator:Strike","animator:Strike","animator:Defend","animator:Defend+1","animator:LizardPriest","animator:DwarfShaman","animator:Millim+1","animator:Mitsurugi","animator:Lancer","animator:Darkness","animator:ChaikaTrabant","animator:ElricAlphonse","animator:Genos","animator:Mitsurugi","animator:Rimuru","animator:Greed","Sickly","animator:Curse_Nutcracker","vexMod:UltimateCard","animator:Tatsumaki","animator:Chris+1","animator:Mitsurugi","animator:Hakurou","animator:Vesta"],"relics":["animator:LivingPicture","animator:TheMissingPiece","Oddly Smooth Stone","Bottled Flame","vexMod:ScavengeHelm","Charon\u0027s Ashes","Replay:Ancient Bell","HollowMod:PaleOreRelic","Pear","animator:AlchemistGlove","relicPack:DSword","infinitespire:Bottled Soul"],"acts_visited":["Exordium","TheCity"],"potions_floor_usage":[14,16,21,25],"damage_taken":[{"damage":2,"enemies":"Small Slimes","floor":1,"turns":4},{"damage":7,"enemies":"Cultist","floor":2,"turns":5},{"damage":1,"enemies":"2 Louse","floor":3,"turns":3},{"damage":1,"enemies":"Exordium Wildlife","floor":5,"turns":3},{"damage":17,"enemies":"3 Sentries","floor":6,"turns":7},{"damage":8,"enemies":"Lagavulin","floor":10,"turns":5},{"damage":7,"enemies":"3 Louse","floor":11,"turns":4},{"damage":5,"enemies":"Looter","floor":13,"turns":2},{"damage":0,"enemies":"Gremlin Nob","floor":14,"turns":3},{"damage":10,"enemies":"Hexaghost","floor":16,"turns":9},{"damage":8,"enemies":"Shell Parasite","floor":18,"turns":5},{"damage":24,"enemies":"2 Thieves","floor":19,"turns":7},{"damage":9,"enemies":"3 Cultists","floor":21,"turns":4},{"damage":0,"enemies":"Cultist and Chosen","floor":22,"turns":5},{"damage":13,"enemies":"HollowMod:Nosk","floor":24,"turns":6},{"damage":24,"enemies":"Sentry and Sphere","floor":25,"turns":3}],"seed_played":"-7762467847198519501","potions_obtained":[{"floor":2,"key":"Languid Potion"},{"floor":3,"key":"Venom Potion"},{"floor":6,"key":"BlessingOfTheForge"},{"floor":16,"key":"Reflective Coating"},{"floor":19,"key":"Languid Potion"},{"floor":24,"key":"LifebloodPotion"}],"is_trial":false,"path_per_floor":["M","M","M","?","M","E","R","?","T","E","M","R","M","E","R","B",null,"M","M","?","M","M","R","E","M"],"character_chosen":"THE_ANIMATOR","items_purchased":[],"campfire_rested":2,"item_purchase_floors":[],"current_hp_per_floor":[70,63,62,62,61,44,65,65,65,57,50,50,45,45,45,35,82,74,50,15,6,6,30,17,0,0],"gold":512,"neow_bonus":"TEN_PERCENT_HP_BONUS","is_daily":false,"chose_seed":false,"campfire_upgraded":1,"win_rate":0.0,"timestamp":1611379771,"path_taken":["M","M","M","?","M","E","R","?","T","E","?","R","?","E","R","BOSS","M","M","?","M","M","R","E","M"],"items_purchased_type":[],"build_version":"2020-12-22","purchased_purges":0,"victory":false,"max_hp_per_floor":[72,72,72,72,72,72,72,72,72,72,72,72,72,72,72,72,82,82,82,82,82,82,82,82,82,82],"card_choices":[{"not_picked":["animator:Viivi","animator:Genos"],"picked":"animator:Millim","floor":1},{"not_picked":["animator:Fredrika","animator:Witch"],"picked":"animator:Mitsurugi","floor":2},{"not_picked":["animator:LizardPriest","animator:Alexander"],"picked":"animator:Lancer","floor":3},{"not_picked":["animator:Kazuma","animator:YunYun"],"picked":"animator:Darkness","floor":5},{"not_picked":["animator:Tatsumaki","animator:Layla"],"picked":"animator:ChaikaTrabant","floor":6},{"not_picked":["animator:Verdia","animator:Wiz"],"picked":"animator:ElricAlphonse","floor":10},{"not_picked":["animator:Chris","animator:HighElfArcher"],"picked":"animator:Genos","floor":11},{"not_picked":["animator:Kazuma","animator:Vanir"],"picked":"animator:Mitsurugi","floor":13},{"not_picked":["animator:ElricEdward","animator:Shizu"],"picked":"animator:Rimuru","floor":14},{"not_picked":["animator:Gilgamesh","animator:GoblinSlayer"],"picked":"animator:Greed","floor":16},{"not_picked":["Pain","Amnesia"],"picked":"Sickly","floor":17},{"not_picked":["Pain","Replay:Hysterical Blindness"],"picked":"animator:Curse_Nutcracker","floor":17},{"not_picked":["hubris:Compulsion","relicPack:TruthCard"],"picked":"vexMod:UltimateCard","floor":17},{"not_picked":["animator:Caster","animator:EmiyaShirou"],"picked":"animator:Tatsumaki","floor":18},{"not_picked":["animator:SakuraMatou","animator:MaesHughes+1"],"picked":"animator:Chris+1","floor":19},{"not_picked":["animator:Darkness","animator:Verdia"],"picked":"animator:Mitsurugi","floor":21},{"not_picked":["animator:Kazuma+1","animator:MumenRider+1"],"picked":"animator:Hakurou","floor":22},{"not_picked":["animator:Archer","animator:RoyMustang"],"picked":"animator:Vesta","floor":24}],"player_experience":464129,"relics_obtained":[{"floor":6,"key":"Oddly Smooth Stone"},{"floor":9,"key":"Bottled Flame"},{"floor":10,"key":"vexMod:ScavengeHelm"},{"floor":14,"key":"Charon\u0027s Ashes"},{"floor":24,"key":"infinitespire:Bottled Soul"}],"event_choices":[{"cards_removed":["animator:Defend"],"damage_healed":0,"gold_gain":0,"player_choice":"Purged","damage_taken":0,"max_hp_gain":0,"max_hp_loss":0,"event_name":"Purifier","floor":8,"gold_loss":0}],"is_beta":false,"boss_relics":[{"not_picked":["Velvet Choker","hubris:GrandSneckoEye"],"picked":"Replay:Ancient Bell"},{"not_picked":["Red Skull","Blue Doll"],"picked":"HollowMod:PaleOreRelic"},{"not_picked":["Golden Egg","Meat on the Bone"],"picked":"Pear"},{"not_picked":["Lizard Tail","Unceasing Top"],"picked":"animator:AlchemistGlove"}],"items_purged_floors":[],"is_endless":false,"potions_floor_spawned":[2,3,6,16,19,24],"killed_by":"Sentry and Sphere","ascension_level":1}}