{"host":"iph0xvuia0glosgr","time":1611445600,"event":{"mods":["BaseMod","Minty Spire (QoL Compilation)"],"gold_per_floor":[117,132,143,143,154,229,259,259,259,434,8,41,59,59,59,154,154,172,192,205,225,225,257,276,276,303,303,18,47,60,74,74,179,179,189,199,210,210,226,226,260,313,313,324,354,366,54,67,67,67,67],"floor_reached":50,"language":"ENG","playtime":5545,"items_purged":["Doubt","Normality"],"score":585,"play_id":"8c623e47-3993-4a64-8f2c-ff7dac72bdba","local_time":"20210123234640","is_ascension_mode":false,"campfire_choices":[{"data":"Crippling Poison","floor":8,"key":"SMITH"},{"floor":15,"key":"REST"},{"data":"Infinite Blades","floor":25,"key":"SMITH"},{"floor":27,"key":"REST"},{"floor":32,"key":"REST"},{"data":"Catalyst","floor":40,"key":"SMITH"},{"floor":49,"key":"REST"}],"circlet_count":0,"master_deck":["Strike_G","Strike_G+1","Strike_G","Strike_G","Strike_G","Defend_G","Defend_G","Defend_G","Defend_G","Defend_G","Survivor","Neutralize","Crippling Poison+1","Dagger Spray","Bane+1","Bane","PiercingWail","Deadly Poison","Infinite Blades+1","Blur","Quick Slash","Cloak And Dagger","Glass Knife","Deflect","Deflect","Dagger Spray","Infinite Blades+1","Flechettes","Catalyst+1","PiercingWail","Sadistic Nature","Caltrops","Blade Dance+1","Bane+1","Noxious Fumes+1","Phantasmal Killer","Backstab","Slice","Flying Knee","Dodge and Roll","Blade Dance","Choke","Crippling Poison+1","Die Die Die","Dagger Spray","Deflect","Distraction","Footwork","Blade Dance"],"relics":["Ring of the Snake","White Beast Statue","Ginger","Girya","HandDrill","Pen Nib","Cursed Key","Omamori","Whetstone","Bronze Scales","WristBlade","Bag of Preparation","PreservedInsect","Turnip","Gambling Chip"],"acts_visited":["Exordium","TheCity","TheBeyond"],"potions_floor_usage":[7,7,12,13,14,16,23,24,29,30,33,33,37,41,44,46,50,50,50],"damage_taken":[{"damage":0,"enemies":"Small Slimes","floor":1,"turns":3},{"damage":0,"enemies":"2 Louse","floor":2,"turns":2},{"damage":1,"enemies":"Jaw Worm","floor":3,"turns":5},{"damage":6,"enemies":"Exordium Thugs","floor":5,"turns":6},{"damage":9,"enemies":"Gremlin Nob","floor":7,"turns":4},{"damage":17,"enemies":"Lagavulin","floor":12,"turns":6},{"damage":13,"enemies":"Red Slaver","floor":13,"turns":5},{"damage":0,"enemies":"Blue Slaver","floor":14,"turns":1},{"damage":31,"enemies":"Slime Boss","floor":16,"turns":9},{"damage":0,"enemies":"3 Byrds","floor":18,"turns":4},{"damage":6,"enemies":"Shell Parasite","floor":19,"turns":3},{"damage":20,"enemies":"Snecko","floor":20,"turns":5},{"damage":6,"enemies":"Snake Plant","floor":21,"turns":4},{"damage":13,"enemies":"Book of Stabbing","floor":23,"turns":5},{"damage":0,"enemies":"3 Cultists","floor":24,"turns":4},{"damage":19,"enemies":"Gremlin Leader","floor":29,"turns":6},{"damage":4,"enemies":"Chosen and Byrds","floor":30,"turns":4},{"damage":0,"enemies":"Snake Plant","floor":31,"turns":2},{"damage":29,"enemies":"Collector","floor":33,"turns":6},{"damage":27,"enemies":"3 Darklings","floor":35,"turns":3},{"damage":1,"enemies":"Orb Walker","floor":36,"turns":3},{"damage":34,"enemies":"Sphere and 2 Shapes","floor":37,"turns":3},{"damage":0,"enemies":"Maw","floor":39,"turns":5},{"damage":26,"enemies":"Nemesis","floor":41,"turns":5},{"damage":21,"enemies":"Spire Growth","floor":44,"turns":4},{"damage":12,"enemies":"Giant Head","floor":45,"turns":5},{"damage":5,"enemies":"3 Darklings","floor":46,"turns":3},{"damage":9,"enemies":"Jaw Worm Horde","floor":48,"turns":3},{"damage":61,"enemies":"Time Eater","floor":50,"turns":6}],"seed_played":"-4029374539262932537","potions_obtained":[{"floor":2,"key":"CunningPotion"},{"floor":3,"key":"Regen Potion"},{"floor":5,"key":"Weak Potion"},{"floor":7,"key":"SmokeBomb"},{"floor":12,"key":"Ancient Potion"},{"floor":13,"key":"SkillPotion"},{"floor":16,"key":"Explosive Potion"},{"floor":18,"key":"FearPotion"},{"floor":19,"key":"FairyPotion"},{"floor":23,"key":"Swift Potion"},{"floor":24,"key":"Regen Potion"},{"floor":29,"key":"Weak Potion"},{"floor":30,"key":"PowerPotion"},{"floor":33,"key":"SteroidPotion"},{"floor":35,"key":"Poison Potion"},{"floor":36,"key":"CunningPotion"},{"floor":37,"key":"SkillPotion"},{"floor":41,"key":"SkillPotion"},{"floor":44,"key":"CultistPotion"},{"floor":45,"key":"SkillPotion"},{"floor":46,"key":"Energy Potion"},{"floor":48,"key":"SpeedPotion"}],"is_trial":false,"path_per_floor":["M","M","M","?","M","?","E","R","T","?","$","E","M","M","R","B",null,"M","M","M","M","?","E","M","R","T","R","$","E","M","M","R","B",null,"M","M","M","?","M","R","E","T","T","M","E","M","$","M","R","B"],"character_chosen":"THE_SILENT","items_purchased":["Deadly Poison","Infinite Blades","Blur","HandDrill","PiercingWail","Sadistic Nature","Caltrops","Dagger Spray","Deflect","Distraction","Footwork"],"campfire_rested":4,"item_purchase_floors":[11,11,11,11,28,28,28,47,47,47,47],"current_hp_per_floor":[77,77,76,69,63,52,55,55,55,55,55,38,25,25,48,17,77,77,71,51,45,45,32,32,32,32,55,55,51,47,47,70,41,77,50,49,15,67,67,67,41,41,41,20,8,3,3,20,40,0,0],"gold":67,"neow_bonus":"TEN_PERCENT_HP_BONUS","is_daily":false,"chose_seed":false,"campfire_upgraded":3,"win_rate":0.0,"timestamp":1611445600,"path_taken":["M","M","M","?","M","?","E","R","T","?","$","E","M","M","R","BOSS","M","M","M","M","?","E","M","R","T","R","$","E","M","M","R","BOSS","M","M","M","?","M","R","E","?","T","M","E","M","$","M","R","BOSS"],"items_purchased_type":["Card","Card","Card","Relic","Card","Card","Card","Card","Card","Card","Card"],"build_version":"2020-12-22","purchased_purges":2,"victory":false,"max_hp_per_floor":[77,77,77,77,77,77,77,77,77,77,77,77,77,77,77,77,77,77,77,77,77,77,77,77,77,77,77,77,77,77,77,77,77,77,77,77,77,67,67,67,67,67,67,67,67,67,67,67,67,67,67],"card_choices":[{"not_picked":["Cloak And Dagger","Bane"],"picked":"Crippling Poison","floor":1},{"not_picked":["Infinite Blades","Quick Slash"],"picked":"Dagger Spray","floor":2},{"not_picked":["Acrobatics","Expertise"],"picked":"Bane","floor":3},{"not_picked":["Acrobatics","Masterful Stab"],"picked":"Bane","floor":5},{"not_picked":["Dagger Spray","Acrobatics"],"picked":"PiercingWail","floor":7},{"not_picked":["Deflect","Underhanded Strike"],"picked":"Quick Slash","floor":12},{"not_picked":["Finisher","Quick Slash"],"picked":"Cloak And Dagger","floor":13},{"not_picked":["Tools of the Trade","Phantasmal Killer"],"picked":"Glass Knife","floor":16},{"not_picked":["Outmaneuver","Underhanded Strike"],"picked":"Deflect","floor":18},{"not_picked":["Underhanded Strike","Reflex"],"picked":"Deflect","floor":19},{"not_picked":["Masterful Stab","Outmaneuver"],"picked":"Dagger Spray","floor":20},{"not_picked":["Choke","Backstab"],"picked":"Infinite Blades+1","floor":21},{"not_picked":["Prepared","Masterful Stab"],"picked":"Flechettes","floor":23},{"not_picked":["Dash+1","Terror"],"picked":"Catalyst","floor":24},{"not_picked":["Glass Knife","Sucker Punch+1"],"picked":"Blade Dance+1","floor":29},{"not_picked":["Dagger Throw","Slice"],"picked":"Bane+1","floor":30},{"not_picked":["Concentrate","Dagger Spray"],"picked":"Noxious Fumes+1","floor":31},{"not_picked":["Burst","Malaise"],"picked":"Phantasmal Killer","floor":33},{"not_picked":["Outmaneuver","Setup+1"],"picked":"Backstab","floor":35},{"not_picked":["Dodge and Roll+1","Quick Slash+1"],"picked":"Slice","floor":36},{"not_picked":["Prepared+1","Calculated Gamble+1"],"picked":"Flying Knee","floor":37},{"not_picked":["Outmaneuver","Flying Knee+1"],"picked":"Dodge and Roll","floor":39},{"not_picked":["Cloak And Dagger","Dodge and Roll"],"picked":"Blade Dance","floor":41},{"not_picked":["Dodge and Roll","Blade Dance"],"picked":"Choke","floor":44},{"not_picked":["Accuracy","Choke+1"],"picked":"Crippling Poison+1","floor":45},{"not_picked":["Quick Slash","Outmaneuver"],"picked":"Die Die Die","floor":46},{"not_picked":["Flying Knee+1","Quick Slash"],"picked":"Blade Dance","floor":48}],"player_experience":207148,"relics_obtained":[{"floor":7,"key":"Ginger"},{"floor":9,"key":"Girya"},{"floor":12,"key":"Pen Nib"},{"floor":23,"key":"Omamori"},{"floor":26,"key":"Whetstone"},{"floor":29,"key":"Bronze Scales"},{"floor":41,"key":"Bag of Preparation"},{"floor":42,"key":"PreservedInsect"},{"floor":43,"key":"Turnip"},{"floor":45,"key":"Gambling Chip"}],"event_choices":[{"damage_healed":0,"gold_gain":0,"player_choice":"Success","damage_taken":7,"relics_obtained":["White Beast Statue"],"max_hp_gain":0,"max_hp_loss":0,"event_name":"Scrap Ooze","floor":4,"gold_loss":0},{"damage_healed":0,"gold_gain":75,"player_choice":"Gather Gold","damage_taken":11,"max_hp_gain":0,"max_hp_loss":0,"event_name":"World of Goop","floor":6,"gold_loss":0},{"damage_healed":0,"gold_gain":175,"player_choice":"AGREE","damage_taken":0,"max_hp_gain":0,"max_hp_loss":0,"event_name":"Liars Game","floor":10,"gold_loss":0,"cards_obtained":["Doubt"]},{"damage_healed":0,"gold_gain":0,"player_choice":"Ignored","damage_taken":0,"max_hp_gain":0,"max_hp_loss":0,"event_name":"Ghosts","floor":22,"gold_loss":0},{"damage_healed":67,"gold_gain":0,"player_choice":"Heal","damage_taken":0,"max_hp_gain":0,"max_hp_loss":10,"event_name":"The Moai Head","floor":38,"gold_loss":0}],"is_beta":false,"boss_relics":[{"not_picked":["Coffee Dripper","HoveringKite"],"picked":"Cursed Key"},{"not_picked":["Philosopher\u0027s Stone","Runic Dome"],"picked":"WristBlade"}],"items_purged_floors":[11,47],"is_endless":false,"potions_floor_spawned":[2,3,5,7,12,13,14,16,18,19,20,21,23,24,29,30,31,33,35,36,37,39,41,44,45,46,48],"killed_by":"Time Eater","ascension_level":0}}