{"host":"ncocfkoislda923u","time":1611383088,"event":{"mods":["BaseMod","Googly Eyes","HololiveMod","Minty Spire (QoL Compilation)","Spire Arcade","StSLib"],"gold_per_floor":[82,82,7,21,39,65,65,82,133,166,186,136,136,164,164,267,267,284,284,301,301,317,350,350,383,383,409,420,370,381,401,401,499,499,511,511,526,543,543,543,547,547],"floor_reached":41,"language":"ENG","playtime":2461,"items_purged":["Hololive_Defend"],"score":733,"play_id":"6b787110-2709-4064-b0e7-a43569404b94","local_time":"20210123072448","is_ascension_mode":true,"campfire_choices":[{"data":"Hololive_CallHoushouMarine","floor":7,"key":"SMITH"},{"data":"Hololive_CallShiroganeNoel","floor":13,"key":"SMITH"},{"data":"Hololive_StrengthChampion","floor":15,"key":"SMITH"},{"data":"Hololive_CallYozoraMel","floor":24,"key":"SMITH"},{"floor":32,"key":"RECALL"},{"floor":40,"key":"REST"}],"circlet_count":0,"master_deck":["Hololive_DevilCharm","Hololive_CallKiryuuCoco","Hololive_CallShiroganeNoel+1","Hololive_StrengthChampion+1","Hololive_CallHoushouMarine+1","Hololive_CallRosalyn","Hololive_AWSL","Hololive_CallKiryuuCoco","Hololive_CallRosalyn","Hololive_CallAkiRosenthal+1","Hololive_CallAZKi+1","Hololive_StrengthChampion+1","Hololive_CallYozoraMel+1","Hololive_DDD","Hololive_CallSpadeEcho+1","Hololive_StarCraft","Hololive_CallRosalyn+1","Hololive_StrengthChampion+1"],"relics":["Hololive_TheStar","White Beast Statue","Bag of Preparation","Bottled Lightning","Astrolabe","Mercury Hourglass","FossilizedHelix","Potion Belt","StrikeDummy","Fusion Hammer"],"acts_visited":["Exordium","TheCity","TheBeyond"],"potions_floor_usage":[41,41,41,41],"damage_taken":[{"damage":0.0,"enemies":"Jaw Worm","floor":1.0,"turns":4.0},{"damage":0.0,"enemies":"2 Louse","floor":4.0,"turns":2.0},{"damage":3.0,"enemies":"Small Slimes","floor":5.0,"turns":2.0},{"damage":0.0,"enemies":"Lagavulin","floor":6.0,"turns":5.0},{"damage":0,"enemies":"3 Louse","floor":8,"turns":2},{"damage":0,"enemies":"Gremlin Nob","floor":10,"turns":5},{"damage":0,"enemies":"Red Slaver","floor":11,"turns":3},{"damage":0,"enemies":"Lagavulin","floor":14,"turns":4},{"damage":0,"enemies":"Slime Boss","floor":16,"turns":5},{"damage":0,"enemies":"Spheric Guardian","floor":18,"turns":4},{"damage":0,"enemies":"Shell Parasite","floor":20,"turns":3},{"damage":0,"enemies":"Sentry and Sphere","floor":22,"turns":5},{"damage":0,"enemies":"Gremlin Leader","floor":23,"turns":12},{"damage":15,"enemies":"Slavers","floor":25,"turns":6},{"damage":0,"enemies":"Gremlin Leader","floor":27,"turns":6},{"damage":0,"enemies":"Centurion and Healer","floor":28,"turns":4},{"damage":0,"enemies":"Snake Plant","floor":30,"turns":6},{"damage":0,"enemies":"Sentry and Sphere","floor":31,"turns":4},{"damage":0,"enemies":"Champ","floor":33,"turns":6},{"damage":0,"enemies":"Orb Walker","floor":35,"turns":3},{"damage":0,"enemies":"3 Shapes","floor":37,"turns":4},{"damage":0,"enemies":"3 Darklings","floor":38,"turns":5},{"damage":90,"enemies":"Reptomancer","floor":41,"turns":12}],"seed_played":"7596009407330121245","potions_obtained":[{"floor":6,"key":"Energy Potion"},{"floor":8,"key":"SteroidPotion"},{"floor":10,"key":"DistilledChaos"},{"floor":14,"key":"DuplicationPotion"},{"floor":16,"key":"FairyPotion"},{"floor":27,"key":"GamblersBrew"},{"floor":28,"key":"LiquidMemories"},{"floor":30,"key":"SkillPotion"}],"is_trial":false,"path_per_floor":["M","?","$","M","M","E","R","M","T","E","M","?","R","E","R","B",null,"M","?","M","?","M","E","R","E","T","E","M","?","M","M","R","B",null,"M","?","M","M","?","R","E"],"character_chosen":"Hololive_HololiveCharacter","items_purchased":[],"campfire_rested":1,"item_purchase_floors":[],"current_hp_per_floor":[32,32,32,32,29,29,29,29,29,29,30,30,30,31,31,32,35,36,36,37,37,38,39,39,33,33,41,42,42,43,44,44,45,45,46,44,45,46,46,46,0,0],"gold":547,"neow_bonus":"REMOVE_TWO","is_daily":false,"chose_seed":false,"campfire_upgraded":4,"win_rate":0.0,"timestamp":1611383088,"path_taken":["M","?","$","M","M","E","R","M","T","E","M","?","R","E","R","BOSS","M","?","M","?","M","E","R","E","T","E","M","?","?","M","R","BOSS","M","?","M","M","?","R","E"],"items_purchased_type":[],"build_version":"2020-12-22","purchased_purges":1,"victory":false,"max_hp_per_floor":[32,32,32,32,32,32,32,32,32,32,33,33,33,34,34,35,35,36,36,37,37,38,39,39,40,40,41,42,42,43,44,44,45,45,46,44,45,46,46,46,47,47],"card_choices":[{"not_picked":["Hololive_Trident","Hololive_Rebound","Hololive_CallTokoyamiTowa"],"picked":"Hololive_CallShiroganeNoel","floor":1.0},{"not_picked":["Hololive_Sequa","Hololive_LuckPotion","Hololive_CallShishiroBotan"],"picked":"Hololive_StrengthChampion","floor":4.0},{"not_picked":["Hololive_OvertimeWork","Hololive_Sequa","Hololive_CallCivia","Hololive_CallTsunomakiWatame"],"picked":"SKIP","floor":5.0},{"not_picked":["Hololive_CallYogiri","Hololive_HuntDinosaur","Hololive_CallOzoraSubaru"],"picked":"Hololive_CallHoushouMarine","floor":6},{"not_picked":["Hololive_Breathe","Hololive_LuckPotion","Hololive_StrengthChampion"],"picked":"Hololive_CallRosalyn","floor":8},{"not_picked":["Hololive_Spy","Hololive_CallShiroganeNoel","Hololive_LuckPotion"],"picked":"Hololive_AWSL","floor":10},{"not_picked":["Hololive_FlyingPonyTail","Hololive_OvertimeWork","Hololive_StrengthChampion"],"picked":"Hololive_CallKiryuuCoco","floor":11},{"not_picked":["Hololive_SoulCatcher","Hololive_CallCivia","Hololive_WolfAndLamb"],"picked":"Hololive_CallRosalyn","floor":14},{"not_picked":["Hololive_Nanodesu","Hololive_Thief","Hololive_DDD"],"picked":"Hololive_IdolExercise","floor":16},{"not_picked":["Hololive_ManjiGathering","Hololive_Watashimo","Hololive_Psychosis"],"picked":"Hololive_StrengthChampion+1","floor":18},{"not_picked":["Hololive_Trident+1","Hololive_CallTokoyamiTowa","Hololive_CallUsadaPekora","Hololive_CallShiroganeNoel"],"picked":"SKIP","floor":20},{"not_picked":["Hololive_Rebound+1","Hololive_CallShirakamiFubuki","Hololive_Trident","Hololive_Psychosis"],"picked":"SKIP","floor":22},{"not_picked":["Hololive_CallNakiriAyame","Hololive_CocoNews","Hololive_Rebound","Hololive_HuntDinosaur+1"],"picked":"SKIP","floor":23},{"not_picked":["Hololive_CallShishiroBotan+1","Hololive_Sequa","Hololive_CallMinatoAqua"],"picked":"Hololive_DDD","floor":25},{"not_picked":["Hololive_Psychosis","Hololive_CallTokinoSora","Hololive_CallShiroganeNoel","Hololive_CallAyundaRisu+1"],"picked":"SKIP","floor":27},{"not_picked":["Hololive_RevenueBasedLive+1","Hololive_Rebound","Hololive_Breathe","Hololive_StrengthChampion"],"picked":"SKIP","floor":28},{"not_picked":["Hololive_Psychosis","Hololive_Breathe","Hololive_LuckPotion","Hololive_CallCivia"],"picked":"SKIP","floor":30},{"not_picked":["Hololive_BringToTrial","Hololive_CocoNews","Hololive_CallOzoraSubaru"],"picked":"Hololive_CallSpadeEcho+1","floor":31},{"not_picked":["Hololive_AWSL","Hololive_WolfAndLamb","Hololive_Nanodesu"],"picked":"Hololive_StarCraft","floor":33},{"not_picked":["Hololive_Drill","Hololive_Breathe+1","Hololive_Sequa+1"],"picked":"Hololive_CallRosalyn+1","floor":35},{"not_picked":["Hololive_HuntDinosaur","Hololive_Trident","Hololive_Drill+1","Hololive_Sequa+1"],"picked":"SKIP","floor":37},{"not_picked":["Hololive_Breathe+1","Hololive_OvertimeWork+1","Hololive_CallSpadeEcho"],"picked":"Hololive_StrengthChampion+1","floor":38}],"player_experience":1349385,"relics_obtained":[{"floor":6,"key":"White Beast Statue"},{"floor":10,"key":"Bag of Preparation"},{"floor":14,"key":"Bottled Lightning"},{"floor":23,"key":"Mercury Hourglass"},{"floor":25,"key":"FossilizedHelix"},{"floor":26,"key":"Potion Belt"},{"floor":27,"key":"StrikeDummy"}],"event_choices":[{"cards_removed":["Hololive_Defend"],"damage_healed":0.0,"max_hp_gain":0.0,"max_hp_loss":0.0,"gold_gain":0.0,"event_name":"Living Wall","player_choice":"Forget","floor":2.0,"gold_loss":0.0,"damage_taken":0.0},{"cards_removed":["Hololive_CallNakiriAyame"],"damage_healed":0,"gold_gain":0,"player_choice":"Card Removal","damage_taken":0,"max_hp_gain":0,"max_hp_loss":0,"event_name":"The Cleric","floor":12,"gold_loss":50},{"damage_healed":0,"gold_gain":0,"player_choice":"Read","damage_taken":0,"max_hp_gain":0,"max_hp_loss":0,"event_name":"The Library","floor":19,"gold_loss":0,"cards_obtained":["Hololive_CallYozoraMel"]},{"cards_removed":["Hololive_BeCareful"],"damage_healed":0,"gold_gain":0,"player_choice":"Elegance","damage_taken":0,"max_hp_gain":0,"max_hp_loss":0,"event_name":"Back to Basics","floor":21,"gold_loss":0},{"damage_healed":0,"gold_gain":0,"player_choice":"Bet on Owner","damage_taken":0,"max_hp_gain":0,"max_hp_loss":0,"event_name":"The Joust","floor":29,"gold_loss":50},{"damage_healed":0,"gold_gain":0,"player_choice":"Max HP","damage_taken":0,"max_hp_gain":0,"max_hp_loss":2,"event_name":"Winding Halls","floor":36,"gold_loss":0},{"cards_removed":["Hololive_IdolExercise"],"damage_healed":0,"gold_gain":0,"player_choice":"Removed Skill","damage_taken":0,"max_hp_gain":0,"max_hp_loss":0,"event_name":"Falling","floor":39,"gold_loss":0}],"is_beta":false,"boss_relics":[{"not_picked":["Pandora\u0027s Box","SacredBark"],"picked":"Astrolabe"},{"not_picked":["Busted Crown","Hololive_TopUpMoneyS"],"picked":"Fusion Hammer"}],"items_purged_floors":[3],"is_endless":false,"potions_floor_spawned":[6,8,10,11,14,16,18,20,22,23,25,27,28,30,31,33,35,37,38],"killed_by":"Reptomancer","ascension_level":1}}