{"host":"vqgrg90fv56geajp","time":1611411977,"event":{"mods":["BaseMod","Colored Map","Colored Powertips","Minty Spire (QoL Compilation)","Quick Restart","Rare Cards Sparkle","Relic Stats"],"gold_per_floor":[110,110,129,149,149,149,177,177,177,194,194,228,228,228,228,306,306,317,31,31,48,48,48,48,48],"floor_reached":24,"language":"ENG","playtime":910,"items_purged":["Dualcast"],"score":404,"play_id":"e7e7c787-8992-45ac-94bd-fce695c7a10b","local_time":"20210123162617","is_ascension_mode":true,"campfire_choices":[{"data":"Reprogram","floor":6.0,"key":"SMITH"},{"floor":8.0,"key":"REST"},{"data":"Recycle","floor":11.0,"key":"SMITH"},{"data":"Beam Cell","floor":15.0,"key":"SMITH"},{"floor":23,"key":"REST"}],"circlet_count":0,"master_deck":["AscendersBane","Strike_B","Strike_B","Strike_B","Defend_B","Defend_B","Defend_B","Defend_B","Zap","Gash","Beam Cell+1","Reprogram+1","Streamline","Recycle+1","Rebound","Hyperbeam","Beam Cell","Scrape","Self Repair+1","BootSequence","Writhe","Go for the Eyes","Reprogram+1"],"relics":["Cracked Core","GremlinMask","Frozen Egg 2","Mercury Hourglass","Cables","SlaversCollar","Nunchaku"],"acts_visited":["Exordium","TheCity"],"potions_floor_usage":[18],"damage_taken":[{"damage":6.0,"enemies":"Jaw Worm","floor":1.0,"turns":4.0},{"damage":3.0,"enemies":"2 Louse","floor":3.0,"turns":2.0},{"damage":0.0,"enemies":"Cultist","floor":4.0,"turns":3.0},{"damage":27.0,"enemies":"3 Sentries","floor":7.0,"turns":7.0},{"damage":0.0,"enemies":"Exordium Wildlife","floor":10.0,"turns":2.0},{"damage":11.0,"enemies":"Gremlin Nob","floor":12.0,"turns":3.0},{"damage":57.0,"enemies":"Hexaghost","floor":16.0,"turns":9.0},{"damage":7,"enemies":"Chosen","floor":18,"turns":3},{"damage":26,"enemies":"Spheric Guardian","floor":21,"turns":4},{"damage":68,"enemies":"Chosen and Byrds","floor":24,"turns":5}],"seed_played":"137325114619117675","potions_obtained":[{"floor":1.0,"key":"PowerPotion"},{"floor":10.0,"key":"Fire Potion"},{"floor":12.0,"key":"Explosive Potion"}],"is_trial":false,"path_per_floor":["M","?","M","M","?","R","E","R","T","M","R","E","?","?","R","B",null,"M","$","?","M","?","R","M"],"character_chosen":"DEFECT","items_purchased":["Scrape","Self Repair+1","BootSequence"],"campfire_rested":2,"item_purchase_floors":[19,19,19],"current_hp_per_floor":[65,65,62,62,62,62,35,58,58,58,58,47,73,73,73,16,63,56,56,56,40,40,63,0,0],"gold":48,"neow_bonus":"TEN_PERCENT_HP_BONUS","is_daily":false,"chose_seed":false,"campfire_upgraded":3,"win_rate":0.0,"timestamp":1611411977,"path_taken":["M","?","M","M","?","R","E","R","T","?","R","E","?","?","R","BOSS","M","$","?","M","?","R","?"],"items_purchased_type":["Card","Card","Card"],"build_version":"2020-12-22","purchased_purges":1,"victory":false,"max_hp_per_floor":[78,78,78,78,78,78,78,78,78,78,78,78,78,78,78,78,78,78,78,78,78,78,78,78,78],"relic_stats":{"Nunchaku":[1],"counters":[10,42],"obtain_stats":[{"SlaversCollar":17,"Nunchaku":20,"GremlinMask":5,"Frozen Egg 2":7,"Cracked Core":0,"Mercury Hourglass":9,"Cables":12},{"SlaversCollar":7,"Nunchaku":8,"GremlinMask":3,"Frozen Egg 2":4,"Cracked Core":0,"Mercury Hourglass":4,"Cables":6},{"SlaversCollar":30,"Nunchaku":33,"GremlinMask":9,"Frozen Egg 2":16,"Cracked Core":0,"Mercury Hourglass":16,"Cables":21}],"Mercury Hourglass":[77],"Cables":[11,11,0,0,0]},"card_choices":[{"not_picked":["FTL","Aggregate"],"picked":"Gash","floor":1.0},{"not_picked":["Ball Lightning","White Noise"],"picked":"Reprogram","floor":3.0},{"not_picked":["Force Field","Redo"],"picked":"Streamline","floor":4.0},{"not_picked":["Tempest","Coolheaded","Ball Lightning"],"picked":"SKIP","floor":7.0},{"not_picked":["Ball Lightning","Doom and Gloom"],"picked":"Recycle","floor":10.0},{"not_picked":["Cold Snap","Consume"],"picked":"Rebound","floor":12.0},{"not_picked":["Electrodynamics+1","Amplify"],"picked":"Hyperbeam","floor":16.0},{"not_picked":["Ball Lightning","Compile Driver+1"],"picked":"Beam Cell","floor":18},{"not_picked":["Leap","Auto Shields"],"picked":"Go for the Eyes","floor":21}],"player_experience":2490649,"relics_obtained":[{"floor":7.0,"key":"Frozen Egg 2"},{"floor":9.0,"key":"Mercury Hourglass"},{"floor":12.0,"key":"Cables"}],"event_choices":[{"damage_healed":0.0,"max_hp_gain":0.0,"max_hp_loss":0.0,"gold_gain":0.0,"cards_transformed":["Strike_B"],"event_name":"Living Wall","player_choice":"Change","floor":2.0,"gold_loss":0.0,"damage_taken":0.0,"cards_obtained":["Beam Cell"]},{"damage_healed":0.0,"max_hp_gain":0.0,"max_hp_loss":0.0,"gold_gain":0.0,"event_name":"FaceTrader","player_choice":"Trade","floor":5.0,"gold_loss":0.0,"damage_taken":0.0,"relics_obtained":["GremlinMask"]},{"damage_healed":26.0,"max_hp_gain":0.0,"max_hp_loss":0.0,"gold_gain":0.0,"event_name":"Big Fish","player_choice":"Banana","floor":13.0,"gold_loss":0.0,"damage_taken":0.0},{"damage_healed":0.0,"max_hp_gain":0.0,"max_hp_loss":0.0,"gold_gain":0.0,"event_name":"Liars Game","player_choice":"Ignored","floor":14.0,"gold_loss":0.0,"damage_taken":0.0},{"damage_healed":0,"gold_gain":0,"player_choice":"Opened","damage_taken":0,"relics_obtained":["Nunchaku"],"max_hp_gain":0,"max_hp_loss":0,"event_name":"The Mausoleum","floor":20,"gold_loss":0,"cards_obtained":["Writhe"]},{"damage_healed":0,"gold_gain":0,"player_choice":"Copied","damage_taken":0,"max_hp_gain":0,"max_hp_loss":0,"event_name":"Duplicator","floor":22,"gold_loss":0,"cards_obtained":["Reprogram"]}],"is_beta":false,"boss_relics":[{"not_picked":["Coffee Dripper","Astrolabe"],"picked":"SlaversCollar"}],"items_purged_floors":[19],"is_endless":false,"potions_floor_spawned":[1,10,12],"killed_by":"Chosen and Byrds","ascension_level":20}}