{"host":"skx52d3x4g37h2em","time":1611413939,"event":{"mods":["Act Like it!","BaseMod","Colored Map","Downfall","Highlight Path","Minty Spire (QoL Compilation)","Quick Restart","Relic Sorter","Replay The Spire","StSLib"],"gold_per_floor":[199,218,232,232,244,244,244,256,282,282,312,312,331,346,359,460,510,510,530,540,64,74,102,102,114,314,314,314,74,142,154,169,264,264,264,282,438,490,504,504,527,76,108,108,126,126,146,43,55,55],"floor_reached":51,"language":"ENG","playtime":3857,"items_purged":["downfall:Haunted","downfall:Bewildered","champ:PerfectedStrike+1"],"score":726,"play_id":"133fe88d-0003-45dc-932f-9d3becd6cad8","local_time":"20210123175859","is_ascension_mode":false,"campfire_choices":[{"data":"champ:Taunt","floor":6.0,"key":"SMITH"},{"data":"champ:SkillfulDodge","floor":10.0,"key":"SMITH"},{"data":"champ:Backstep","floor":18.0,"key":"SMITH"},{"data":"1","floor":28.0,"key":"LIFT"},{"data":"2","floor":35,"key":"LIFT"},{"data":"3","floor":40,"key":"LIFT"},{"data":"champ:LastStand","floor":44,"key":"SMITH"},{"data":"champ:CalledShot","floor":46,"key":"SMITH"}],"circlet_count":0,"master_deck":["champ:Strike+1","champ:Strike+1","champ:Defend","champ:Defend","champ:Defend","champ:Execute","champ:Taunt+1","champ:CrownThrow","champ:AdrenalArmor+1","champ:SkillfulDodge+1","champ:EnGarde","champ:FancyFootwork","champ:GutPunch","champ:FlashCut","champ:StrikeOfGenius","champ:Backstep+1","champ:LastStand+1","champ:FaceSlap","champ:StanceDance+1","champ:FancyFootwork","champ:ArenaPreparation","champ:SkillfulDodge+1","champ:IronFortress+1","champ:VampiricStrike","champ:FaceSlap+1","champ:ShieldWall+1","champ:CalledShot+1","expansioncontent:QuickStudy"],"relics":["champ:ChampionCrown","Champion Belt","WingedGreaves","Mercury Hourglass","Odd Mushroom","Tiny House","champ:BerserkersGuideToSlaughter","Girya","Durian","Counterbalance","sneckomod:BabySnecko","Medical Kit","Replay:Bottled Flurry","Astrolabe","Replay:Multitool","Whetstone","PreservedInsect","Mango"],"acts_visited":["Exordium","TheCity","TheBeyond"],"potions_floor_usage":[33,37,38,50,50],"damage_taken":[{"damage":68.0,"floor":1.0,"turns":5.0},{"damage":4.0,"enemies":"Jaw Worm","floor":2.0,"turns":4.0},{"damage":14.0,"enemies":"2 Louse","floor":3.0,"turns":4.0},{"damage":11.0,"enemies":"Cultist","floor":5.0,"turns":4.0},{"damage":30.0,"enemies":"Large Slime","floor":8.0,"turns":5.0},{"damage":37.0,"enemies":"Lagavulin","floor":9.0,"turns":9.0},{"damage":25.0,"enemies":"The Mushroom Lair","floor":11.0,"turns":4.0},{"damage":5.0,"enemies":"Exordium Wildlife","floor":13.0,"turns":3.0},{"damage":17.0,"enemies":"Blue Slaver","floor":14.0,"turns":3.0},{"damage":40.0,"enemies":"Exordium Thugs","floor":15.0,"turns":4.0},{"damage":30.0,"enemies":"WA_ARCHETYPE_RETAIN","floor":16.0,"turns":6.0},{"damage":26.0,"enemies":"3 Byrds","floor":19.0,"turns":5.0},{"damage":26.0,"enemies":"Shell Parasite","floor":20.0,"turns":5.0},{"damage":45.0,"enemies":"downfall:FleeingMerchant","floor":21.0,"turns":4.0},{"damage":33.0,"enemies":"3 Cultists","floor":22.0,"turns":5.0},{"damage":90.0,"enemies":"Gremlin Leader","floor":23.0,"turns":8.0},{"damage":15.0,"enemies":"Shelled Parasite and Fungi","floor":25.0,"turns":6.0},{"damage":31.0,"enemies":"downfall:FleeingMerchant","floor":29.0,"turns":4.0},{"damage":9.0,"enemies":"Snake Plant","floor":31.0,"turns":4.0},{"damage":14.0,"enemies":"Snecko","floor":32.0,"turns":3.0},{"damage":94,"enemies":"SI_MIRROR_ARCHETYPE","floor":33,"turns":12},{"damage":7,"enemies":"Orb Walker","floor":36,"turns":3},{"damage":15,"enemies":"downfall:FleeingMerchant","floor":37,"turns":4},{"damage":51,"enemies":"2 Orb Walkers","floor":38,"turns":4},{"damage":0,"enemies":"3 Shapes","floor":39,"turns":3},{"damage":20,"enemies":"R_Hoarder","floor":43,"turns":5},{"damage":11,"enemies":"Transient","floor":45,"turns":5},{"damage":18,"enemies":"4 Shapes","floor":47,"turns":5},{"damage":9,"enemies":"Maw","floor":49,"turns":6},{"damage":84,"enemies":"DF_ARCHETYPE_ORBS","floor":50,"turns":10}],"seed_played":"9137315037363699659","potions_obtained":[{"floor":1.0,"key":"LiquidBronze"},{"floor":5.0,"key":"Death Potion"},{"floor":13.0,"key":"SmokeBomb"},{"floor":15.0,"key":"hexamod:SoulburnPotion"},{"floor":17.0,"key":"Block Potion"},{"floor":25.0,"key":"Energy Potion"},{"floor":32.0,"key":"LiquidBronze"},{"floor":33,"key":"SteroidPotion"},{"floor":38,"key":"Weak Potion"},{"floor":43,"key":"LifebloodPotion"},{"floor":47,"key":"Swift Potion"}],"is_trial":false,"path_per_floor":["R_BF","M","M","?","M","R","T","M","E","R","?","?","M","M","M","B",null,"R","M","M","$","M","E","T","M","?","?","R","$","T","M","M","B",null,"R","M","$","?","M","R","T","$","E","R","M","R","M","$","M","B",null],"character_chosen":"THE_CHAMP","items_purchased":["champ:BerserkersGuideToSlaughter","Girya","Medical Kit","LiquidMemories","PreservedInsect","expansioncontent:QuickStudy","Flashbang"],"campfire_rested":0,"item_purchase_floors":[21,21,29,37,42,42,48],"current_hp_per_floor":[51,47,43,76,75,75,75,75,68,68,68,53,53,46,36,26,104,104,103,97,97,96,76,76,86,86,86,86,95,95,96,107,78,109,109,109,109,83,93,93,93,93,107,107,111,111,113,113,123,84],"gold":55,"neow_bonus":"TEN_PERCENT_HP_BONUS","is_daily":false,"chose_seed":false,"campfire_upgraded":5,"win_rate":0.0,"timestamp":1611413939,"path_taken":["R_BF","M","M","?","M","R","T","M","E","R","?","?","M","?","M","BOSS","R","M","M","$","M","E","T","M","?","?","R","$","?","?","M","BOSS","R","M","$","?","M","R","T","$","E","R","M","R","M","$","M","BOSS"],"items_purchased_type":["Relic","Relic","Relic","Potion","Relic","Card","Potion"],"build_version":"2020-12-22","purchased_purges":3,"victory":true,"max_hp_per_floor":[99,99,99,99,99,99,99,99,99,99,99,99,99,99,99,99,104,104,104,104,104,104,109,109,109,109,109,109,109,109,109,109,109,109,109,109,109,109,109,109,109,109,123,123,123,123,123,123,123,123],"card_choices":[{"not_picked":["champ:RecklessLeap","champ:Backstep"],"picked":"champ:CrownThrow","floor":1.0},{"not_picked":["champ:CrownThrow","champ:BerserkersShout"],"picked":"champ:AdrenalArmor","floor":2.0},{"not_picked":["champ:BladeFlurry","champ:Haymaker"],"picked":"champ:SkillfulDodge","floor":3.0},{"not_picked":["champ:Parry","champ:EndlessRage"],"picked":"champ:EnGarde","floor":5.0},{"not_picked":["champ:FanOfKnives","champ:Haymaker"],"picked":"champ:FancyFootwork","floor":8.0},{"not_picked":["champ:GladiatorStyle","champ:Duel"],"picked":"champ:GutPunch","floor":9.0},{"not_picked":["champ:SetATrap","champ:PerfectedStrike"],"picked":"champ:FlashCut","floor":11.0},{"not_picked":["champ:EnGarde","champ:FancyFootwork"],"picked":"champ:StrikeOfGenius","floor":13.0},{"not_picked":["champ:EnGarde","champ:FanOfKnives"],"picked":"champ:Backstep","floor":14.0},{"not_picked":["champ:EnGarde","champ:RapidStrikes","champ:Haymaker"],"picked":"SKIP","floor":15.0},{"not_picked":["champ:HoldFirm","champ:IgnorePain"],"picked":"champ:LastStand","floor":16.0},{"not_picked":["champ:CalledShot","champ:ShieldSlam"],"picked":"champ:FaceSlap","floor":17.0},{"not_picked":["champ:EnGarde+1","champ:AdrenalArmor"],"picked":"champ:StanceDance+1","floor":19.0},{"not_picked":["champ:FlashCut","champ:EndlessRage"],"picked":"champ:FancyFootwork","floor":20.0},{"not_picked":["champ:FaceSlap","champ:Shatter"],"picked":"champ:ArenaPreparation","floor":21.0},{"not_picked":["champ:ArenaPreparation","champ:TornadoPunch","champ:Haymaker+1"],"picked":"SKIP","floor":22.0},{"not_picked":["champ:BladeFlurry","champ:DeathBlow","champ:GutPunch"],"picked":"SKIP","floor":23.0},{"not_picked":["champ:EndlessRage","champ:FanOfKnives","champ:GladiatorForm"],"picked":"SKIP","floor":25.0},{"not_picked":["champ:TornadoPunch","champ:RecklessLeap+1","champ:CrookedStrike"],"picked":"SKIP","floor":29.0},{"not_picked":["champ:RapidStrikes+1","champ:DefensiveShout"],"picked":"champ:SkillfulDodge+1","floor":31.0},{"not_picked":["champ:RecklessLeap","champ:Circumvent"],"picked":"champ:IronFortress+1","floor":32.0},{"not_picked":["champ:ShieldThrow","champ:UltimateStance"],"picked":"champ:VampiricStrike","floor":33},{"not_picked":["champ:StanceDance+1","champ:TornadoPunch","champ:Backstep+1"],"picked":"SKIP","floor":36},{"not_picked":["champ:GutPunch","champ:CrownThrow+1","champ:ShieldWall+1"],"picked":"SKIP","floor":37},{"not_picked":["champ:Shatter+1","champ:Backstep"],"picked":"champ:CalledShot","floor":38},{"not_picked":["champ:FanOfKnives+1","champ:FlashCut","champ:CrownThrow"],"picked":"SKIP","floor":39},{"not_picked":["champ:LastStand","champ:IronFortress+1","champ:PerfectedStrike"],"picked":"SKIP","floor":43},{"not_picked":["champ:BerserkersShout+1","champ:SetATrap+1","champ:TornadoPunch"],"picked":"SKIP","floor":45},{"not_picked":["champ:FanOfKnives+1","champ:SetATrap","champ:FlashCut+1"],"picked":"SKIP","floor":47},{"not_picked":["champ:EnGarde+1","champ:RisingSlash","champ:PerfectedStrike"],"picked":"SKIP","floor":49}],"player_experience":136801,"relics_obtained":[{"floor":1.0,"key":"Champion Belt"},{"floor":7.0,"key":"WingedGreaves"},{"floor":9.0,"key":"Mercury Hourglass"},{"floor":11.0,"key":"Odd Mushroom"},{"floor":23.0,"key":"Durian"},{"floor":24.0,"key":"Counterbalance"},{"floor":30.0,"key":"Replay:Bottled Flurry"},{"floor":38,"key":"Replay:Multitool"},{"floor":41,"key":"Whetstone"},{"floor":43,"key":"Mango"}],"event_choices":[{"damage_healed":33.0,"max_hp_gain":0.0,"max_hp_loss":0.0,"gold_gain":0.0,"event_name":"Big Fish","player_choice":"Banana","floor":4.0,"gold_loss":0.0,"damage_taken":0.0},{"damage_healed":0.0,"max_hp_gain":0.0,"max_hp_loss":0.0,"gold_gain":0.0,"event_name":"Mushrooms","player_choice":"Fought Mushrooms","floor":11.0,"gold_loss":0.0,"damage_taken":0.0},{"damage_healed":0,"gold_gain":0,"player_choice":"Fight","damage_taken":0,"max_hp_gain":0,"max_hp_loss":0,"event_name":"Mysterious Sphere","floor":38,"gold_loss":0}],"is_beta":false,"boss_relics":[{"not_picked":["Ring of Chaos","Cursed Key"],"picked":"Tiny House"},{"not_picked":["Busted Crown","Velvet Choker"],"picked":"Astrolabe"}],"items_purged_floors":[29,37,42],"is_endless":false,"potions_floor_spawned":[1,5,13,14,15,19,25,31,32,33,38,43,47,49],"ascension_level":0}}