{"host":"wj6vwlg8bkoql3lv","time":1611393618,"event":{"mods":["AchievementEnabler","Bard","Bartender","BaseMod","Colored Map","Custom Start","Decade(???)","Downfall","Friendly Minions","Hermit","Hubris","Infinite Spire","JesterMod","Jorbs\u0027s Wanderer Trilogy","Marisa????????","Minty Spire (QoL Compilation)","Potionbrewer","Quick Restart","Replay The Spire","Robot Space Explorer","SIMod","Shade Mod","StSLib","The Blue Laboratory","The Bug Knight","The Construct","The Cursed","The Death Knight","The Disciple","The Gatherer","The Hayseed","The Hierophant","The Jungle","The Marked","The Mystic","The Runesmith","The Senshi","The Servant 0.9.4","TheFirefly","Transform Curses"],"gold_per_floor":[118,118,118,118,118,147,147,177,204,204,222,238,257,273,273,374,374,385,402,402,313,326,148,148,167,167,181,194,210,241,261,261,364,364,381,381,391,408,32,58,58,74,74,74,89,106,106,119,119,119],"floor_reached":51,"language":"ENG","playtime":4991,"items_purged":["Languid"],"score":615,"play_id":"ef33f858-8981-491e-88e4-dada070ffba8","local_time":"20210123092018","is_ascension_mode":false,"campfire_choices":[{"floor":7,"key":"REST"},{"data":"hubris:Fate","floor":10,"key":"SMITH"},{"floor":15,"key":"REST"},{"data":"Echo Form","floor":24,"key":"SMITH"},{"data":"Fusion","floor":32,"key":"SMITH"},{"data":"Crystallizer","floor":41,"key":"SMITH"},{"data":"Doom and Gloom","floor":44,"key":"SMITH"},{"data":"Mirror Shield","floor":47,"key":"SMITH"},{"data":"Defragment","floor":49,"key":"SMITH"}],"circlet_count":0,"master_deck":["Strike_B+1","Strike_B+2","Strike_B+1","Defend_B+1","Defend_B+2","Defend_B+1","Defend_B+1","Zap","Dualcast","Cold Snap","Amplify+1","hubris:Fate+1","Sweeping Beam","Time Bomb","Coolheaded","Chill","Consume","Sunder","Echo Form+1","Panic Button","Panic Button","Cold Snap","BasicCrystalCard","Blizzard+1","Stack","Defragment+1","Ball Lightning+1","Fusion+1","Reboot","Mirror Shield+1","Compile Driver+1","Crystallizer+1","Doom and Gloom+1","BasicCrystalCard+1","Compile Driver+1","ReplaySolidLightProjector+1","Self Repair+1","Reprogram+1"],"relics":["FrozenCore","Incense Burner","ReplayTheSpireMod:Ring of Addiction","White Beast Statue","hubris:EmptyBottle","ReplayTheSpireMod:Ring of Exchange","Pyrelight","MealTicket","Simple Rune","Centennial Puzzle","Philosopher\u0027s Stone","hubris:PeanutButter","DeathKnight:SindragosasSkull","hubris:SlimyHat","Raider\u0027s Mask","Strawberry","hubris:GlazedTorus","Blue Doll","potionbrewer:RamsHorn"],"acts_visited":["Exordium","TheCity","TheBeyond"],"potions_floor_usage":[6,6,6,6,6,6,8,11,13,13,16,16,16,16,16,16,19,22,22,25,27,28,28,29,30,30,31,31,33,33,33,37,37,38,38,46,48,48,50,50,50,50],"damage_taken":[{"damage":5.0,"enemies":"Small Slimes","floor":1.0,"turns":3.0},{"damage":0,"enemies":"Lagavulin","floor":6,"turns":10},{"damage":6,"enemies":"Gremlin Nob","floor":8,"turns":3},{"damage":0,"enemies":"Cultist","floor":11,"turns":3},{"damage":1,"enemies":"Jaw Worm","floor":12,"turns":2},{"damage":0,"enemies":"Looter","floor":13,"turns":3},{"damage":8,"enemies":"Exordium Wildlife","floor":14,"turns":4},{"damage":12,"enemies":"The Guardian","floor":16,"turns":7},{"damage":12,"enemies":"2 Thieves","floor":18,"turns":3},{"damage":9,"enemies":"Shell Parasite","floor":19,"turns":2},{"damage":0,"enemies":"Cultist and Chosen","floor":22,"turns":3},{"damage":8,"enemies":"3 Cultists","floor":25,"turns":4},{"damage":0,"enemies":"Centurion and Healer","floor":27,"turns":5},{"damage":0,"enemies":"Shelled Parasite and Fungi","floor":28,"turns":5},{"damage":1,"enemies":"3 Cultists","floor":29,"turns":5},{"damage":0,"enemies":"Gremlin Leader","floor":30,"turns":4},{"damage":14,"enemies":"Snake Plant","floor":31,"turns":2},{"damage":20,"enemies":"hubris:MusketHawk","floor":33,"turns":9},{"damage":1,"enemies":"3 Darklings","floor":35,"turns":7},{"damage":28,"enemies":"3 Shapes","floor":37,"turns":4},{"damage":0,"enemies":"Maw","floor":38,"turns":9},{"damage":0,"enemies":"R_Hoarder","floor":40,"turns":8},{"damage":3,"enemies":"Sphere and 2 Shapes","floor":42,"turns":4},{"damage":1,"enemies":"4 Shapes","floor":45,"turns":4},{"damage":0,"enemies":"Jaw Worm Horde","floor":46,"turns":3},{"damage":9,"enemies":"Sphere and 2 Shapes","floor":48,"turns":5},{"damage":11,"enemies":"Replay:Hell Engine","floor":50,"turns":10}],"seed_played":"-3284527819152842316","potions_obtained":[{"floor":1.0,"key":"DeathKnight:RimePotion"},{"floor":2.0,"key":"Adrenaline Potion"},{"floor":2.0,"key":"EssenceOfSteel"},{"floor":6,"key":"Adrenaline Potion"},{"floor":8,"key":"blueLaboratory:BottleOfVodka"},{"floor":11,"key":"Energy Potion"},{"floor":12,"key":"potionbrewer:ToxicPotion"},{"floor":13,"key":"blueLaboratory:AbyssPotion"},{"floor":14,"key":"Dexterity Potion"},{"floor":16,"key":"potionbrewer:DiscountPotion"},{"floor":18,"key":"DistilledChaos"},{"floor":19,"key":"Energy Potion"},{"floor":22,"key":"Milkshake"},{"floor":25,"key":"Block Potion"},{"floor":27,"key":"Venom Potion"},{"floor":28,"key":"blueLaboratory:FruitPreserves"},{"floor":29,"key":"Flashbang"},{"floor":30,"key":"Dexterity Potion"},{"floor":31,"key":"blueLaboratory:CoolantVial"},{"floor":33,"key":"blueLaboratory:PhilterOfMotion"},{"floor":35,"key":"Adrenaline Potion"},{"floor":37,"key":"EssenceOfSteel"},{"floor":38,"key":"Venom Potion"},{"floor":40,"key":"blueLaboratory:ExaltedPotion"},{"floor":42,"key":"Elixir"},{"floor":45,"key":"FocusPotion"},{"floor":46,"key":"Energy Potion"},{"floor":48,"key":"Dexterity Potion"}],"is_trial":false,"path_per_floor":["M","?","?","?","?","E","R","E","T","R","M","M","M","M","R","B",null,"M","M","?","?","M","$","R","M","T","M","M","M","E","M","R","B",null,"M","AVR","M","M","$","E","R","M","T","R","M","M","R","M","R","B",null],"character_chosen":"DEFECT","items_purchased":["BasicCrystalCard","Blizzard+1","Doom and Gloom","hubris:GlazedTorus"],"campfire_rested":2,"item_purchase_floors":[23,23,39,39],"current_hp_per_floor":[49,49,49,49,30,30,52,46,46,46,46,45,45,37,59,47,75,63,54,54,54,69,75,75,67,67,67,67,66,66,52,52,32,75,74,81,52,67,80,80,80,75,75,75,74,74,74,75,75,74],"gold":119,"neow_bonus":"ONE_RARE_RELIC","is_daily":false,"chose_seed":false,"campfire_upgraded":7,"win_rate":0.0,"timestamp":1611393618,"path_taken":["M","?","?","?","?","E","R","E","T","R","M","M","M","M","R","BOSS","M","M","?","?","M","$","R","M","T","M","?","M","E","M","R","BOSS","M","AVR","?","M","$","E","R","M","T","R","M","M","R","M","R","BOSS"],"items_purchased_type":["Card","Card","Card","Relic"],"build_version":"2020-12-22","purchased_purges":1,"victory":true,"max_hp_per_floor":[75,75,75,75,75,75,75,75,75,75,75,75,75,75,75,75,75,75,75,75,75,75,75,75,75,75,75,75,75,75,75,75,75,75,75,82,80,80,80,80,80,78,78,78,76,76,76,76,76,76],"card_choices":[{"not_picked":["Tempest","Double Energy"],"picked":"Cold Snap","floor":1.0},{"not_picked":["infinitespire:SealOfDarkness+","ReplayTheSpireMod:Book of Names"],"picked":"hubris:Fate","floor":5},{"not_picked":["Stack","FTL"],"picked":"Sweeping Beam","floor":6},{"not_picked":["Steam","Hologram"],"picked":"Time Bomb","floor":8},{"not_picked":["Stack","hubris:Ukulele"],"picked":"Coolheaded","floor":11},{"not_picked":["Auto Shields","Melter"],"picked":"Chill","floor":12},{"not_picked":["hubris:PowerSurge","hubris:Ukulele"],"picked":"Consume","floor":13},{"not_picked":["Cold Snap","Streamline"],"picked":"Sunder","floor":14},{"not_picked":["hubris:Prefetch","All For One"],"picked":"Echo Form","floor":16},{"not_picked":["Stack","ReplayTheSpireMod:GoodbyeWorld"],"picked":"Panic Button","floor":18},{"not_picked":["Consume","Redo"],"picked":"Panic Button","floor":19},{"not_picked":["Panic Button","Hello World+1"],"picked":"Cold Snap","floor":22},{"not_picked":["Leap","Heatsinks"],"picked":"Stack","floor":25},{"not_picked":["Meteor Strike","Go for the Eyes"],"picked":"Defragment","floor":27},{"not_picked":["Go for the Eyes+1","Cold Snap+1"],"picked":"Ball Lightning+1","floor":28},{"not_picked":["Scrape+1","Undo","Beam Cell"],"picked":"SKIP","floor":29},{"not_picked":["BasicCrystalCard","Stack+1"],"picked":"Fusion","floor":30},{"not_picked":["Ball Lightning","Gash"],"picked":"Reboot","floor":31},{"not_picked":["hubris:Prefetch","Buffer"],"picked":"Mirror Shield","floor":33},{"not_picked":["Redo","Hologram+1","Skim"],"picked":"SKIP","floor":35},{"not_picked":["Steam","Conserve Battery+1"],"picked":"Compile Driver+1","floor":37},{"not_picked":["Gash","Panic Button+1"],"picked":"Crystallizer","floor":38},{"not_picked":["hubris:PowerSurge+1","ReplayTheSpireMod:Calculation Training"],"picked":"BasicCrystalCard+1","floor":40},{"not_picked":["Steam+1","BasicCrystalCard"],"picked":"Compile Driver+1","floor":42},{"not_picked":["Panic Button+1","Leap+1"],"picked":"ReplaySolidLightProjector+1","floor":45},{"not_picked":["Rebound+1","Hello World"],"picked":"Self Repair+1","floor":46},{"not_picked":["Aggregate","Beam Cell+1"],"picked":"Reprogram+1","floor":48}],"player_experience":147650,"relics_obtained":[{"floor":2.0,"key":"ReplayTheSpireMod:Ring of Addiction"},{"floor":2.0,"key":"White Beast Statue"},{"floor":2.0,"key":"hubris:EmptyBottle"},{"floor":2.0,"key":"ReplayTheSpireMod:Ring of Exchange"},{"floor":6,"key":"MealTicket"},{"floor":8,"key":"Simple Rune"},{"floor":9,"key":"Centennial Puzzle"},{"floor":26,"key":"DeathKnight:SindragosasSkull"},{"floor":30,"key":"hubris:SlimyHat"},{"floor":40,"key":"Blue Doll"},{"floor":43,"key":"potionbrewer:RamsHorn"}],"event_choices":[{"damage_healed":0,"gold_gain":0,"player_choice":"Simplicity","damage_taken":0,"max_hp_gain":0,"max_hp_loss":0,"event_name":"Back to Basics","floor":20,"gold_loss":0,"cards_upgraded":["Strike_B","Strike_B","Strike_B","Defend_B","Defend_B","Defend_B","Defend_B"]},{"damage_healed":0,"gold_gain":0,"player_choice":"Paid Gold","damage_taken":0,"relics_obtained":["hubris:PeanutButter"],"max_hp_gain":0,"max_hp_loss":0,"event_name":"WeMeetAgain","floor":21,"gold_loss":89}],"is_beta":false,"boss_relics":[{"not_picked":["Toolbox","Black Star"],"picked":"Philosopher\u0027s Stone"},{"not_picked":["potionbrewer:SalesContract","bronze:MakeshiftBattery"],"picked":"FrozenCore"}],"items_purged_floors":[23],"is_endless":false,"potions_floor_spawned":[1,6,8,11,12,13,14,16,18,19,22,25,27,28,29,30,31,33,35,37,38,40,42,45,46,48],"ascension_level":0}}