{"host":"5jzx1090woovszu4","time":1611386289,"event":{"mods":["BaseMod","Hermit","Minty Spire (QoL Compilation)","Shade Mod","Spicy Shops","StSLib","The Marked"],"gold_per_floor":[117,25,42,42,55,55,88,88,115,115,131,131,106,135,135,234,234,246,246,345,419,334,334,362,362,389,389,389],"floor_reached":27,"language":"ENG","playtime":1072,"items_purged":[],"score":259,"play_id":"64f72e31-cfbb-4ef0-8a34-7fb1e2d0a0ed","local_time":"20210123081809","is_ascension_mode":true,"campfire_choices":[{"data":"Blade Dance","floor":6,"key":"SMITH"},{"floor":8,"key":"REST"},{"data":"Footwork","floor":10,"key":"SMITH"},{"data":"hermit:Snapshot","floor":12,"key":"SMITH"},{"data":"hermit:LoneWolf","floor":15,"key":"SMITH"},{"floor":23,"key":"REST"}],"circlet_count":0,"master_deck":["hermit:Strike_Hermit","hermit:Strike_Hermit","hermit:Strike_Hermit","hermit:Strike_Hermit","hermit:Defend_Hermit","hermit:Defend_Hermit","hermit:Defend_Hermit","hermit:Defend_Hermit","hermit:Snapshot+1","hermit:Covet","Footwork+1","Blade Dance+1","hermit:Misfire","hermit:HeroicBravado","hermit:Roulette","hermit:LoneWolf+1","Necronomicurse","hermit:FinalCanter+1"],"relics":["hermit:Momento","NlothsMask","Centennial Puzzle","WingedGreaves","SacredBark","Necronomicon","Gremlin Horn","hermit:Horseshoe","Molten Egg 2","MealTicket"],"acts_visited":["Exordium","TheCity"],"potions_floor_usage":[14,24,24],"damage_taken":[{"damage":0,"enemies":"Cultist","floor":1,"turns":3},{"damage":2,"enemies":"Jaw Worm","floor":3,"turns":2},{"damage":10,"enemies":"Small Slimes","floor":5,"turns":2},{"damage":16,"enemies":"Gremlin Nob","floor":7,"turns":4},{"damage":0,"enemies":"Blue Slaver","floor":11,"turns":3},{"damage":22,"enemies":"3 Sentries","floor":14,"turns":9},{"damage":63,"enemies":"The Guardian","floor":16,"turns":15},{"damage":18,"enemies":"3 Byrds","floor":18,"turns":5},{"damage":27,"enemies":"Gremlin Leader","floor":24,"turns":6},{"damage":45,"enemies":"Book of Stabbing","floor":27,"turns":5}],"seed_played":"4699281652800712037","potions_obtained":[{"floor":5,"key":"GamblersBrew"},{"floor":7,"key":"Regen Potion"},{"floor":14,"key":"Explosive Potion"},{"floor":16,"key":"Ancient Potion"}],"is_trial":false,"path_per_floor":["M","$","M","?","M","R","E","R","T","R","M","R","$","E","R","B",null,"M","?","?","T","?","R","E","?","T","E"],"character_chosen":"HERMIT","items_purchased":["Blade Dance","hermit:Roulette"],"campfire_rested":2,"item_purchase_floors":[2,13],"current_hp_per_floor":[82,82,80,80,70,70,54,78,78,78,78,78,78,67,67,4,82,64,48,48,48,48,72,45,45,45,0,0],"gold":389,"neow_bonus":"TEN_PERCENT_HP_BONUS","is_daily":false,"chose_seed":false,"campfire_upgraded":4,"win_rate":0.0,"timestamp":1611386289,"path_taken":["M","?","M","?","M","R","E","R","T","R","?","R","$","E","R","BOSS","M","?","?","?","?","R","E","?","T","E"],"items_purchased_type":["Card","Card"],"build_version":"2020-12-22","purchased_purges":0,"victory":false,"max_hp_per_floor":[82,82,82,82,82,82,82,82,82,82,82,82,82,82,82,82,82,82,82,82,82,82,82,82,82,82,82,82],"card_choices":[{"not_picked":["Dagger Spray","Blade Dance"],"picked":"Footwork","floor":1},{"not_picked":["Well Laid Plans","Dodge and Roll","Slice"],"picked":"SKIP","floor":3},{"not_picked":["Sucker Punch","Tools of the Trade"],"picked":"hermit:Misfire","floor":5},{"not_picked":["Prepared","hermit:Reprieve"],"picked":"hermit:HeroicBravado","floor":7},{"not_picked":["Cloak And Dagger","PiercingWail","Flying Knee"],"picked":"SKIP","floor":11},{"not_picked":["Malaise","Backstab"],"picked":"hermit:LoneWolf","floor":14},{"not_picked":["Poisoned Stab","Prepared","Bouncing Flask"],"picked":"SKIP","floor":18},{"not_picked":["hermit:TrackingShot+1","Well Laid Plans"],"picked":"hermit:FinalCanter+1","floor":24}],"player_experience":673322,"relics_obtained":[{"floor":7,"key":"Centennial Puzzle"},{"floor":14,"key":"WingedGreaves"},{"floor":19,"key":"Necronomicon"},{"floor":21,"key":"Gremlin Horn"},{"floor":24,"key":"Molten Egg 2"},{"floor":26,"key":"MealTicket"}],"event_choices":[{"damage_healed":0,"gold_gain":0,"player_choice":"Trade","damage_taken":0,"relics_obtained":["NlothsMask"],"max_hp_gain":0,"max_hp_loss":0,"event_name":"FaceTrader","floor":4,"gold_loss":0},{"damage_healed":0,"gold_gain":0,"player_choice":"Obtained Book","damage_taken":16,"max_hp_gain":0,"max_hp_loss":0,"event_name":"Cursed Tome","floor":19,"gold_loss":0},{"damage_healed":0,"gold_gain":99,"player_choice":"Stole From Cult","damage_taken":0,"max_hp_gain":0,"max_hp_loss":0,"event_name":"Nest","floor":20,"gold_loss":0},{"damage_healed":0,"gold_gain":0,"player_choice":"Obtained Relic","damage_taken":0,"relics_obtained":["hermit:Horseshoe"],"max_hp_gain":0,"max_hp_loss":0,"event_name":"Addict","floor":22,"gold_loss":85},{"damage_healed":0,"gold_gain":0,"player_choice":"Ignored","damage_taken":0,"max_hp_gain":0,"max_hp_loss":0,"event_name":"Ghosts","floor":25,"gold_loss":0}],"is_beta":false,"boss_relics":[{"not_picked":["Pandora\u0027s Box","Empty Cage"],"picked":"SacredBark"}],"items_purged_floors":[],"is_endless":false,"potions_floor_spawned":[5,7,14,16,18],"killed_by":"Book of Stabbing","ascension_level":2}}