{"host":"agbyy69nq62afhwx","time":1611429828,"event":{"mods":["BaseMod","Colored Map","DeckTracker","Highlight Path","Keyboard Shortcuts","Minty Spire (QoL Compilation)","Quick Restart","StSLib","SuperFastMode","everything is the same but u backflip on backflip"],"gold_per_floor":[18,18,31,49,49,92,92,136,159,159,159,159,193,246,246,346,346,370,17,40,65,81,81,81,81],"floor_reached":24,"language":"KOR","playtime":905,"items_purged":[],"score":458,"play_id":"b9668040-5fec-4624-bb35-a8eb3724fd90","local_time":"20210124042348","is_ascension_mode":true,"campfire_choices":[{"data":"Double Energy","floor":7.0,"key":"SMITH"},{"floor":10.0,"key":"REST"},{"data":"Force Field","floor":15.0,"key":"SMITH"},{"floor":23.0,"key":"REST"}],"circlet_count":0,"master_deck":["AscendersBane","Strike_B","Strike_B","Strike_B","Strike_B","Defend_B","Defend_B","Defend_B","Defend_B","Zap","Dualcast","Streamline","Injury","Chill","Creative AI+1","Double Energy+1","Machine Learning","Hologram","Force Field+1","Biased Cognition","Coolheaded","Core Surge"],"relics":["Cracked Core","FossilizedHelix","Golden Idol","CeramicFish","Regal Pillow","Smiling Mask","Oddly Smooth Stone","Fusion Hammer","Singing Bowl"],"acts_visited":["Exordium","TheCity"],"potions_floor_usage":[24],"damage_taken":[{"damage":8.0,"enemies":"2 Louse","floor":1.0,"turns":3.0},{"damage":0.0,"enemies":"Small Slimes","floor":3.0,"turns":2.0},{"damage":0.0,"enemies":"Jaw Worm","floor":4.0,"turns":3.0},{"damage":20.0,"enemies":"Lagavulin","floor":6.0,"turns":6.0},{"damage":19.0,"enemies":"3 Sentries","floor":8.0,"turns":7.0},{"damage":14.0,"enemies":"Lots of Slimes","floor":13.0,"turns":7.0},{"damage":0.0,"enemies":"Gremlin Nob","floor":14.0,"turns":3.0},{"damage":38.0,"enemies":"Slime Boss","floor":16.0,"turns":11.0},{"damage":23.0,"enemies":"2 Thieves","floor":18.0,"turns":5.0},{"damage":8.0,"enemies":"Chosen","floor":20.0,"turns":6.0},{"damage":10.0,"enemies":"Shelled Parasite and Fungi","floor":21.0,"turns":9.0},{"damage":9.0,"enemies":"Centurion and Healer","floor":22.0,"turns":10.0},{"damage":42,"enemies":"Gremlin Leader","floor":24,"turns":6}],"seed_played":"2977905116822865614","potions_obtained":[{"floor":4.0,"key":"PowerPotion"},{"floor":6.0,"key":"Energy Potion"},{"floor":16.0,"key":"BlessingOfTheForge"}],"is_trial":false,"path_per_floor":["M","?","M","M","$","E","R","E","T","R","?","?","M","E","R","B",null,"M","$","M","M","M","R","E"],"character_chosen":"DEFECT","items_purchased":["Core Surge","Singing Bowl"],"campfire_rested":2,"item_purchase_floors":[19,19],"current_hp_per_floor":[56,56,56,56,56,36,36,17,17,53,53,53,39,39,39,1,54,31,31,25,17,10,48,6,6],"gold":81,"neow_bonus":"ONE_RARE_RELIC","is_daily":false,"chose_seed":false,"campfire_upgraded":2,"win_rate":0.0,"timestamp":1611429828,"path_taken":["M","?","M","M","$","E","R","E","T","R","?","?","?","E","R","BOSS","M","$","M","M","M","R","E"],"items_purchased_type":["Card","Relic"],"build_version":"2020-12-22","purchased_purges":0,"victory":false,"max_hp_per_floor":[71,71,71,71,71,71,71,71,71,71,71,71,71,71,71,71,71,71,71,73,75,77,77,77,77],"card_choices":[{"not_picked":["Cold Snap","Auto Shields"],"picked":"Streamline","floor":1.0},{"not_picked":["Turbo","Cold Snap"],"picked":"Chill","floor":3.0},{"not_picked":["Ball Lightning","Capacitor"],"picked":"Creative AI","floor":4.0},{"not_picked":["Rebound","Capacitor"],"picked":"Double Energy","floor":6.0},{"not_picked":["Beam Cell","Doom and Gloom"],"picked":"Machine Learning","floor":8.0},{"not_picked":["Barrage","Turbo"],"picked":"Hologram","floor":13.0},{"not_picked":["Scrape","Hologram"],"picked":"Force Field","floor":14.0},{"not_picked":["All For One","Fission"],"picked":"Biased Cognition","floor":16.0},{"not_picked":["Cold Snap","Leap"],"picked":"Coolheaded","floor":18.0},{"not_picked":["Defragment","Lockon","Gash"],"picked":"Singing Bowl","floor":20.0},{"not_picked":["Ball Lightning","Gash","Blizzard"],"picked":"Singing Bowl","floor":21.0},{"not_picked":["BootSequence","Sweeping Beam","Doom and Gloom"],"picked":"Singing Bowl","floor":22.0}],"player_experience":455821,"relics_obtained":[{"floor":6.0,"key":"CeramicFish"},{"floor":8.0,"key":"Regal Pillow"},{"floor":9.0,"key":"Smiling Mask"},{"floor":14.0,"key":"Oddly Smooth Stone"}],"event_choices":[{"damage_healed":0.0,"max_hp_gain":0.0,"max_hp_loss":0.0,"gold_gain":0.0,"event_name":"Golden Idol","player_choice":"Take Wound","floor":2.0,"gold_loss":0.0,"damage_taken":0.0,"relics_obtained":["Golden Idol"],"cards_obtained":["Injury"]},{"damage_healed":0.0,"max_hp_gain":0.0,"max_hp_loss":0.0,"gold_gain":0.0,"event_name":"Living Wall","player_choice":"Grow","floor":11.0,"gold_loss":0.0,"damage_taken":0.0,"cards_upgraded":["Creative AI"]},{"damage_healed":0.0,"max_hp_gain":0.0,"max_hp_loss":0.0,"gold_gain":0.0,"event_name":"Liars Game","player_choice":"Ignored","floor":12.0,"gold_loss":0.0,"damage_taken":0.0}],"is_beta":false,"boss_relics":[{"not_picked":["Cursed Key","Sozu"],"picked":"Fusion Hammer"}],"items_purged_floors":[],"is_endless":false,"potions_floor_spawned":[4,6,16,20,21],"killed_by":"Gremlin Leader","ascension_level":18}}