{"host":"o98f72bjn8jxgroo","time":1611422866,"event":{"mods":["Act Like it!","BaseMod","ChefMod","Dio Mod","Fox Events","GifTheSpireLib","Jedi Mod","Minty Spire (QoL Compilation)","Relic Stats","Spicy Shops","StSLib","The Blackbeard","The Saiyan","??????REMEMod"],"gold_per_floor":[119,119,119,119,149,149,149,149,198,198,210,237,237,341,341,466,543,557,407,407,135,150,150],"floor_reached":22,"language":"PTB","playtime":1080,"items_purged":["REME_FirmDetermination","REME_AllRoundStrike","dioMod:PhantomBlood","dioMod:PathToHeaven"],"score":193,"play_id":"1d857006-9e4b-46a7-9fd8-674219ae82b9","local_time":"20210123152746","daily_mods":["Shiny","Allstar","Colorless Cards","Heirloom","Flight"],"is_ascension_mode":false,"campfire_choices":[{"data":"REME_PuzzleBox","floor":6,"key":"SMITH"},{"data":"REME_MawOfCthun","floor":7,"key":"SMITH"},{"data":"Mind Blast","floor":8,"key":"SMITH"},{"data":"Mayhem","floor":10,"key":"SMITH"},{"data":"REME_ProfessionalPlagiarism","floor":13,"key":"SMITH"},{"data":"REME_WheelOfFate","floor":15,"key":"SMITH"}],"circlet_count":0,"master_deck":["dioMod:Refresh","dioMod:Pluck","dioMod:ZaWarudo","dioMod:Regeneration","dioMod:KonoDioDa","dioMod:Despair","dioMod:TheWalk","dioMod:SevenPageMuda","dioMod:RoadRoller","dioMod:UltimateSacrifice","dioMod:GoldVial","Thinking Ahead","Metamorphosis","Master of Strategy","Magnetism","REME_HeartOfCthun","Chrysalis","Mayhem+1","REME_PuzzleBox+1","Secret Weapon","REME_MawOfCthun+1","REME_EyeOfCthun","REME_WheelOfFate+1","Sadistic Nature","jedi:LeechingStrike","REME_Flogging","Transmutation","HandOfGreed","jedi:cleanse","Apotheosis+1","Panache","Violence","Secret Technique","REME_BodyOfCthun","The Bomb","REME_BuildACard","REME_ProfessionalPlagiarism+1","Jack Of All Trades","Mind Blast+1","REME_PuzzleBox","Jack Of All Trades","Trip","dioMod:Muda","dioMod:Pluck","Bandage Up","Panache","REME_AllRoundStrike"],"relics":["dioMod:VampireBlood","REME_ComplimentaryCards","jedi:matchstick","jedi:cryingmask","foxEvents:LuckyCharm","Strawberry","Runic Pyramid","Ornamental Fan","Vajra"],"acts_visited":["Exordium","TheCity"],"potions_floor_usage":[],"damage_taken":[{"damage":5,"enemies":"2 Louse","floor":1,"turns":3},{"damage":0,"enemies":"Small Slimes","floor":5,"turns":1},{"damage":0,"enemies":"Cultist","floor":11,"turns":1},{"damage":0,"enemies":"Colosseum Slavers","floor":12,"turns":1},{"damage":21,"enemies":"The Guardian","floor":16,"turns":4},{"damage":7,"enemies":"Chosen","floor":18,"turns":3},{"damage":0,"enemies":"3 Byrds","floor":22,"turns":1}],"seed_played":"5241536763956912742","potions_obtained":[{"floor":12,"key":"SpeedPotion"},{"floor":16,"key":"Weak Potion"}],"is_trial":true,"path_per_floor":["M","?","?","?","M","R","R","R","T","R","M","?","R","T","R","B",null,"M","$","?","$","M"],"character_chosen":"THE_DEFAULT","items_purchased":["Vajra"],"campfire_rested":0,"item_purchase_floors":[21],"current_hp_per_floor":[74,74,67,67,73,73,73,73,73,73,75,78,78,85,85,79,85,85,85,85,85,85,85],"gold":150,"neow_bonus":"","is_daily":false,"chose_seed":false,"campfire_upgraded":6,"win_rate":0.0,"timestamp":1611422866,"path_taken":["M","?","?","?","M","R","R","R","T","R","?","?","R","?","R","BOSS","M","$","?","$","M"],"items_purchased_type":["Relic"],"build_version":"2020-12-22","purchased_purges":4,"victory":false,"max_hp_per_floor":[75,75,75,75,75,75,75,75,75,75,75,78,78,85,85,85,85,85,85,85,85,85,85],"relic_stats":{"counters":[7,14],"Ornamental Fan":[0],"obtain_stats":[{"dioMod:VampireBlood":0,"Ornamental Fan":20,"Strawberry":14,"Vajra":21,"jedi:matchstick":0,"jedi:cryingmask":9,"foxEvents:LuckyCharm":12,"REME_ComplimentaryCards":0,"Runic Pyramid":17},{"dioMod:VampireBlood":0,"Ornamental Fan":6,"Strawberry":4,"Vajra":6,"jedi:matchstick":0,"jedi:cryingmask":2,"foxEvents:LuckyCharm":4,"REME_ComplimentaryCards":0,"Runic Pyramid":5},{"dioMod:VampireBlood":0,"Ornamental Fan":13,"Strawberry":6,"Vajra":13,"jedi:matchstick":0,"jedi:cryingmask":4,"foxEvents:LuckyCharm":6,"REME_ComplimentaryCards":0,"Runic Pyramid":10}]},"card_choices":[{"not_picked":["dioMod:CautiousMuda","Discovery"],"picked":"REME_FirmDetermination","floor":1},{"not_picked":["dioMod:LaserVision","dioMod:BloodSplash"],"picked":"dioMod:Muda","floor":5},{"not_picked":["REME_TheoryOfElimination","dioMod:WRYYY"],"picked":"dioMod:Pluck","floor":11},{"not_picked":["dioMod:HeavyLifting","dioMod:TripleThreat"],"picked":"Bandage Up","floor":12},{"not_picked":["Apotheosis","dioMod:GoldVial"],"picked":"Panache","floor":16},{"not_picked":["dioMod:SecretPlan","dioMod:BlendIn+1","Forethought+1"],"picked":"SKIP","floor":18}],"player_experience":365869,"relics_obtained":[{"floor":9,"key":"jedi:cryingmask"},{"floor":12,"key":"foxEvents:LuckyCharm"},{"floor":14,"key":"Strawberry"}],"event_choices":[{"damage_healed":0,"gold_gain":0,"player_choice":"Grow","damage_taken":0,"max_hp_gain":0,"max_hp_loss":0,"event_name":"Living Wall","floor":2,"gold_loss":0,"cards_upgraded":["Apotheosis"]},{"cards_removed":["REME_BattleFury"],"damage_healed":0,"gold_gain":0,"player_choice":"Card Removal","damage_taken":7,"max_hp_gain":0,"max_hp_loss":0,"event_name":"Golden Wing","floor":3,"gold_loss":0},{"cards_removed":["jedi:RedIncense"],"damage_healed":0,"gold_gain":0,"player_choice":"Card Removal","damage_taken":0,"max_hp_gain":0,"max_hp_loss":0,"event_name":"Wheel of Change","floor":4,"gold_loss":0},{"damage_healed":0,"gold_gain":0,"player_choice":"Opened","damage_taken":0,"relics_obtained":["Ornamental Fan"],"max_hp_gain":0,"max_hp_loss":0,"event_name":"The Mausoleum","floor":20,"gold_loss":0}],"is_beta":false,"boss_relics":[{"not_picked":["Empty Cage","Fusion Hammer"],"picked":"Runic Pyramid"}],"items_purged_floors":[19,19,21,21],"is_endless":false,"potions_floor_spawned":[12,16],"killed_by":"3 Byrds","ascension_level":0}}