{"host":"srk2drlvga69hbot","time":1611402347,"event":{"mods":["BaseMod","Bestiary","Block Reminder","Colored Map","Colored Powertips","Dark Map","DeckTracker","Highlight Path","Minty Spire (QoL Compilation)","Quick Restart","Rare Cards Sparkle","Relic Stats","SuperFastMode","Unceasing Turn Reminder"],"gold_per_floor":[113,113,38,38,57,83,83,110,110,385,411,411,437,452,452,452,452],"floor_reached":16,"language":"ZHS","playtime":640,"items_purged":["Strike_R"],"score":189,"play_id":"c242476d-8282-4eb1-bf21-19a4a79f39ef","local_time":"20210123194547","is_ascension_mode":true,"campfire_choices":[{"data":"Infernal Blade","floor":7.0,"key":"SMITH"},{"floor":15.0,"key":"REST"}],"circlet_count":0,"master_deck":["Strike_R","Strike_R","Strike_R","Strike_R","Defend_R","Defend_R","Defend_R","Defend_R","Bash","Infernal Blade+1","Whirlwind","Shrug It Off","Fiend Fire","True Grit","Shrug It Off","Rampage"],"relics":["Burning Blood","NeowsBlessing","Juzu Bracelet","Oddly Smooth Stone","Toy Ornithopter","Pantograph","InkBottle","Sundial","Nunchaku"],"acts_visited":["Exordium"],"potions_floor_usage":[],"damage_taken":[{"damage":0.0,"enemies":"Jaw Worm","floor":1.0,"turns":1.0},{"damage":0.0,"enemies":"Cultist","floor":5.0,"turns":1.0},{"damage":0.0,"enemies":"3 Sentries","floor":6.0,"turns":1.0},{"damage":31.0,"enemies":"Lagavulin","floor":8.0,"turns":6.0},{"damage":38.0,"enemies":"3 Sentries","floor":11.0,"turns":6.0},{"damage":28.0,"enemies":"Lagavulin","floor":13.0,"turns":6.0},{"damage":0.0,"enemies":"Small Slimes","floor":14.0,"turns":3.0},{"damage":29,"enemies":"Slime Boss","floor":16,"turns":6}],"seed_played":"-5035389311148404863","potions_obtained":[{"floor":1.0,"key":"Dexterity Potion"},{"floor":11.0,"key":"Fruit Juice"}],"is_trial":false,"path_per_floor":["M","?","$","T","M","E","R","E","T","?","E","?","E","M","R","B"],"character_chosen":"IRONCLAD","items_purchased":[],"campfire_rested":1,"item_purchase_floors":[],"current_hp_per_floor":[80,80,80,80,80,80,80,55,55,55,33,33,11,17,42,38,38],"gold":452,"neow_bonus":"THREE_ENEMY_KILL","is_daily":false,"chose_seed":false,"campfire_upgraded":1,"win_rate":0.0,"timestamp":1611402347,"path_taken":["M","?","$","?","M","E","R","E","T","?","E","?","E","M","R","BOSS"],"items_purchased_type":[],"build_version":"2020-12-22","purchased_purges":1,"victory":false,"max_hp_per_floor":[80,80,80,80,80,80,80,80,80,80,85,85,85,85,85,85,85],"relic_stats":{"Nunchaku":[1],"counters":[8,30],"Sundial":[2],"Pantograph":25,"Juzu Bracelet":2,"obtain_stats":[{"Nunchaku":13,"NeowsBlessing":0,"Sundial":11,"Pantograph":8,"Oddly Smooth Stone":4,"Juzu Bracelet":2,"Burning Blood":0,"Toy Ornithopter":6,"InkBottle":9},{"Nunchaku":6,"NeowsBlessing":0,"Sundial":5,"Pantograph":4,"Oddly Smooth Stone":1,"Juzu Bracelet":1,"Burning Blood":0,"Toy Ornithopter":3,"InkBottle":4},{"Nunchaku":21,"NeowsBlessing":0,"Sundial":15,"Pantograph":9,"Oddly Smooth Stone":1,"Juzu Bracelet":1,"Burning Blood":0,"Toy Ornithopter":3,"InkBottle":9}],"Burning Blood":24,"Toy Ornithopter":5,"InkBottle":[3]},"card_choices":[{"not_picked":["Clash","Shrug It Off"],"picked":"Infernal Blade","floor":1.0},{"not_picked":["Sword Boomerang","Clash"],"picked":"Whirlwind","floor":5.0},{"not_picked":["Warcry","Ghostly Armor"],"picked":"Shrug It Off","floor":6.0},{"not_picked":["Heavy Blade","Clothesline"],"picked":"Fiend Fire","floor":8.0},{"not_picked":["Havoc","Thunderclap"],"picked":"True Grit","floor":11.0},{"not_picked":["Sever Soul","Body Slam"],"picked":"Shrug It Off","floor":13.0},{"not_picked":["Sever Soul","Pommel Strike"],"picked":"Rampage","floor":14.0}],"player_experience":161992,"relics_obtained":[{"floor":4.0,"key":"Oddly Smooth Stone"},{"floor":6.0,"key":"Toy Ornithopter"},{"floor":8.0,"key":"Pantograph"},{"floor":9.0,"key":"InkBottle"},{"floor":11.0,"key":"Sundial"},{"floor":13.0,"key":"Nunchaku"}],"event_choices":[{"damage_healed":0.0,"max_hp_gain":0.0,"max_hp_loss":0.0,"gold_gain":0.0,"event_name":"WeMeetAgain","player_choice":"Gave Potion","floor":2.0,"gold_loss":0.0,"damage_taken":0.0,"relics_obtained":["Juzu Bracelet"]},{"damage_healed":0.0,"max_hp_gain":0.0,"max_hp_loss":0.0,"gold_gain":275.0,"event_name":"Golden Shrine","player_choice":"Desecrate","floor":10.0,"gold_loss":0.0,"damage_taken":0.0,"cards_obtained":["Regret"]},{"cards_removed":["Regret"],"damage_healed":0.0,"max_hp_gain":0.0,"max_hp_loss":0.0,"gold_gain":0.0,"event_name":"Purifier","player_choice":"Purged","floor":12.0,"gold_loss":0.0,"damage_taken":0.0}],"is_beta":false,"boss_relics":[],"items_purged_floors":[3],"is_endless":false,"potions_floor_spawned":[1,11],"killed_by":"Slime Boss","ascension_level":5}}