{"host":"o7j6aatxjwpw1421","time":1611407185,"event":{"mods":["2.2 Compatiblity","AchievementEnabler","BaseMod","Colored Map","DeckTracker","Highlight Path","Keyboard Shortcuts","Minty Spire (QoL Compilation)","Permanent Neow","Quick Restart","StSLib","SuperFastMode","everything is the same but u backflip on backflip"],"gold_per_floor":[112,112,129,129,144,177,177,187,187,187,202,220,248,263,263,337,337,348,360,360,24,42,42,70,70,70,85,85,97,97,107,107,107,107],"floor_reached":33,"language":"KOR","playtime":1456,"items_purged":["Defend_P"],"score":581,"play_id":"0643e115-7060-4bf4-8a17-ee84ee4c3e7a","local_time":"20210123220625","is_ascension_mode":true,"campfire_choices":[{"floor":7.0,"key":"REST"},{"floor":10.0,"key":"REST"},{"data":"FlurryOfBlows","floor":15.0,"key":"SMITH"},{"data":"Vault","floor":23.0,"key":"SMITH"},{"floor":25.0,"key":"REST"},{"floor":30,"key":"REST"},{"data":"EmptyFist","floor":32,"key":"SMITH"}],"circlet_count":0,"master_deck":["AscendersBane","Strike_P","Strike_P","Defend_P","Defend_P","Eruption+1","Vigilance","EmptyFist+1","DeceiveReality","EmptyBody","FlurryOfBlows+1","Vault+1","ThirdEye+1","Conclude+1","Meditate+1","Dark Shackles","SpiritShield","ReachHeaven"],"relics":["PureWater","Vajra","Darkstone Periapt","Unceasing Top","Astrolabe","Lantern","Letter Opener","WingedGreaves"],"acts_visited":["Exordium","TheCity"],"potions_floor_usage":[27],"damage_taken":[{"damage":0.0,"enemies":"2 Louse","floor":1.0,"turns":3.0},{"damage":1.0,"enemies":"Small Slimes","floor":3.0,"turns":3.0},{"damage":4.0,"enemies":"Jaw Worm","floor":5.0,"turns":3.0},{"damage":39.0,"enemies":"3 Sentries","floor":6.0,"turns":9.0},{"damage":4.0,"enemies":"3 Louse","floor":8.0,"turns":4.0},{"damage":1.0,"enemies":"2 Fungi Beasts","floor":11.0,"turns":4.0},{"damage":7.0,"enemies":"Red Slaver","floor":12.0,"turns":4.0},{"damage":3.0,"enemies":"Lagavulin","floor":13.0,"turns":7.0},{"damage":9.0,"enemies":"Blue Slaver","floor":14.0,"turns":4.0},{"damage":27.0,"enemies":"Slime Boss","floor":16.0,"turns":10.0},{"damage":6.0,"enemies":"2 Thieves","floor":18.0,"turns":5.0},{"damage":13.0,"enemies":"Spheric Guardian","floor":19.0,"turns":5.0},{"damage":0.0,"enemies":"Centurion and Healer","floor":22.0,"turns":5.0},{"damage":0.0,"enemies":"Slavers","floor":24.0,"turns":2.0},{"damage":0,"enemies":"Cultist and Chosen","floor":27,"turns":6},{"damage":13,"enemies":"Shelled Parasite and Fungi","floor":29,"turns":9},{"damage":18,"enemies":"Centurion and Healer","floor":31,"turns":4},{"damage":20,"enemies":"Collector","floor":33,"turns":5}],"seed_played":"8120430114187820493","potions_obtained":[{"floor":3.0,"key":"BottledMiracle"},{"floor":5.0,"key":"CultistPotion"},{"floor":8.0,"key":"SneckoOil"},{"floor":16.0,"key":"PowerPotion"},{"floor":19.0,"key":"SteroidPotion"},{"floor":22.0,"key":"Explosive Potion"}],"is_trial":false,"path_per_floor":["M","?","M","?","M","E","R","M","T","R","M","M","E","M","R","B",null,"M","M","?","$","M","R","E","R","T","M","?","M","R","M","R","B"],"character_chosen":"WATCHER","items_purchased":["Dark Shackles","Lantern"],"campfire_rested":4,"item_purchase_floors":[21,21],"current_hp_per_floor":[61,61,60,65,61,22,43,39,39,60,59,52,49,40,40,13,58,52,39,39,39,39,39,39,60,60,60,39,26,49,31,31,11,11],"gold":107,"neow_bonus":"UPGRADE_CARD","is_daily":false,"chose_seed":false,"campfire_upgraded":3,"win_rate":0.0,"timestamp":1611407185,"path_taken":["M","?","M","?","M","E","R","M","T","R","M","M","E","M","R","BOSS","M","M","?","$","M","R","E","R","T","M","?","M","R","M","R","BOSS"],"items_purchased_type":["Card","Relic"],"build_version":"2020-12-22","purchased_purges":1,"victory":false,"max_hp_per_floor":[68,68,68,73,73,73,73,73,73,73,73,73,73,73,73,73,73,73,73,73,73,73,73,73,73,73,73,78,78,78,78,78,78,78],"card_choices":[{"not_picked":["JustLucky","Sanctity"],"picked":"EmptyFist","floor":1.0},{"not_picked":["EmptyFist","JustLucky","Crescendo"],"picked":"SKIP","floor":3.0},{"not_picked":["EmptyBody","CutThroughFate"],"picked":"DeceiveReality","floor":5.0},{"not_picked":["SashWhip","FlyingSleeves"],"picked":"EmptyBody","floor":6.0},{"not_picked":["Consecrate","Protect","BowlingBash"],"picked":"SKIP","floor":8.0},{"not_picked":["Crescendo","FollowUp","CutThroughFate"],"picked":"SKIP","floor":11.0},{"not_picked":["FollowUp","Evaluate","Prostrate"],"picked":"SKIP","floor":12.0},{"not_picked":["Wallop","ReachHeaven"],"picked":"FlurryOfBlows","floor":13.0},{"not_picked":["EmptyBody","Swivel","EmptyFist"],"picked":"SKIP","floor":14.0},{"not_picked":["DevaForm","Judgement"],"picked":"Vault","floor":16.0},{"not_picked":["Crescendo","ForeignInfluence","SashWhip"],"picked":"SKIP","floor":18.0},{"not_picked":["ForeignInfluence","Evaluate","DeceiveReality"],"picked":"SKIP","floor":19.0},{"not_picked":["ClearTheMind","EmptyBody","FollowUp"],"picked":"SKIP","floor":22.0},{"not_picked":["DeceiveReality","ReachHeaven"],"picked":"SpiritShield","floor":24.0},{"not_picked":["Fasting2","WheelKick","EmptyFist"],"picked":"SKIP","floor":27},{"not_picked":["PathToVictory","CutThroughFate","BowlingBash"],"picked":"SKIP","floor":29},{"not_picked":["EmptyMind","Sanctity"],"picked":"ReachHeaven","floor":31}],"player_experience":610492,"relics_obtained":[{"floor":6.0,"key":"Vajra"},{"floor":9.0,"key":"Darkstone Periapt"},{"floor":13.0,"key":"Unceasing Top"},{"floor":24.0,"key":"Letter Opener"},{"floor":26.0,"key":"WingedGreaves"}],"event_choices":[{"damage_healed":0.0,"max_hp_gain":0.0,"max_hp_loss":0.0,"gold_gain":0.0,"event_name":"Liars Game","player_choice":"Ignored","floor":2.0,"gold_loss":0.0,"damage_taken":0.0},{"damage_healed":0.0,"max_hp_gain":5.0,"max_hp_loss":0.0,"gold_gain":0.0,"event_name":"Big Fish","player_choice":"Donut","floor":4.0,"gold_loss":0.0,"damage_taken":0.0},{"damage_healed":0.0,"max_hp_gain":0.0,"max_hp_loss":0.0,"gold_gain":0.0,"event_name":"Ghosts","player_choice":"Ignored","floor":20.0,"gold_loss":0.0,"damage_taken":0.0},{"damage_healed":0,"gold_gain":0,"player_choice":"Shed Blood","damage_taken":26,"max_hp_gain":5,"max_hp_loss":0,"event_name":"Forgotten Altar","floor":28,"gold_loss":0}],"is_beta":false,"boss_relics":[{"not_picked":["Velvet Choker","Runic Dome"],"picked":"Astrolabe"}],"items_purged_floors":[21],"is_endless":false,"potions_floor_spawned":[3,5,8,16,19,22],"killed_by":"Collector","ascension_level":18}}