{"host":"04hh9gplt9wkfmr1","time":1611414420,"event":{"mods":["AchievementEnabler","BaseMod","Colored Map","KOR Keyword Fix","Minty Spire (QoL Compilation)","Rare Cards Sparkle","SuperFastMode"],"gold_per_floor":[112,128,128,141,66,93,93,110,110,110,126,126,136,158,158,263,263,275,200,30,48,63,63,96,96,121,121,121,152,172,21,21,125,125,136,146,146,66,85,85,385,385,434,471,483,523,545,557,557],"floor_reached":48,"language":"KOR","playtime":1522,"items_purged":["Regret"],"score":786,"play_id":"99affdc8-9dc2-4cc4-a886-e8a2bfbc2ea9","local_time":"20210124000700","is_ascension_mode":true,"campfire_choices":[{"data":"Zap","floor":7.0,"key":"SMITH"},{"data":"Zap","floor":10.0,"key":"SMITH"},{"floor":12.0,"key":"REST"},{"data":"Biased Cognition","floor":15.0,"key":"SMITH"},{"data":"Apotheosis","floor":23.0,"key":"SMITH"},{"data":"Reboot","floor":25.0,"key":"SMITH"},{"data":"Echo Form","floor":27.0,"key":"SMITH"},{"data":"Reinforced Body","floor":32.0,"key":"SMITH"},{"data":"Defragment","floor":40,"key":"SMITH"},{"data":"Dualcast","floor":45,"key":"SMITH"}],"circlet_count":0,"master_deck":["Defend_B","Defend_B","Defend_B","Defend_B","Zap+1","Dualcast+1","Gash","Gash","Zap+1","Dramatic Entrance","Reboot+1","Reinforced Body+1","Go for the Eyes","Self Repair","Cold Snap","Biased Cognition+1","Echo Form+1","Go for the Eyes","Apotheosis+1","Hologram","Gash","Cold Snap","Bite","Bite","Bite","Bite","Bite","Reinforced Body","Stack","All For One","CurseOfTheBell","Stack+1","Steam+1","Madness","Madness","Defragment+1","Gash+1","Forethought","Trip","Blind","Gash+1","Gash"],"relics":["Cracked Core","Incense Burner","Centennial Puzzle","MealTicket","Odd Mushroom","SlaversCollar","White Beast Statue","Cables","Juzu Bracelet","Calling Bell","Anchor","Ornamental Fan","Turnip","MawBank","Ancient Tea Set","Art of War"],"acts_visited":["Exordium","TheCity","TheBeyond"],"potions_floor_usage":[35,35,44,44,44,46],"damage_taken":[{"damage":9.0,"enemies":"Jaw Worm","floor":1.0,"turns":3.0},{"damage":2.0,"enemies":"Cultist","floor":2.0,"turns":3.0},{"damage":0.0,"enemies":"2 Louse","floor":4.0,"turns":1.0},{"damage":25.0,"enemies":"Lagavulin","floor":6.0,"turns":6.0},{"damage":9.0,"enemies":"Large Slime","floor":8.0,"turns":4.0},{"damage":3.0,"enemies":"Blue Slaver","floor":11.0,"turns":3.0},{"damage":7.0,"enemies":"3 Louse","floor":13.0,"turns":2.0},{"damage":12.0,"enemies":"The Mushroom Lair","floor":14.0,"turns":3.0},{"damage":26.0,"enemies":"Hexaghost","floor":16.0,"turns":9.0},{"damage":3.0,"enemies":"Chosen","floor":18.0,"turns":5.0},{"damage":6.0,"enemies":"3 Byrds","floor":21.0,"turns":3.0},{"damage":3.0,"enemies":"3 Cultists","floor":22.0,"turns":4.0},{"damage":3.0,"enemies":"Gremlin Leader","floor":24.0,"turns":5.0},{"damage":28.0,"enemies":"Book of Stabbing","floor":29.0,"turns":6.0},{"damage":10.0,"enemies":"Centurion and Healer","floor":30.0,"turns":4.0},{"damage":72.0,"enemies":"Automaton","floor":33.0,"turns":11.0},{"damage":1,"enemies":"3 Shapes","floor":35,"turns":4},{"damage":0,"enemies":"Orb Walker","floor":36,"turns":2},{"damage":12,"enemies":"Maw","floor":39,"turns":9},{"damage":32,"enemies":"Nemesis","floor":44,"turns":7},{"damage":9,"enemies":"Reptomancer","floor":46,"turns":8},{"damage":43,"enemies":"3 Darklings","floor":47,"turns":4},{"damage":40,"enemies":"4 Shapes","floor":48,"turns":4}],"seed_played":"4934655692798267640","potions_obtained":[{"floor":8.0,"key":"SmokeBomb"},{"floor":11.0,"key":"AttackPotion"},{"floor":14.0,"key":"Energy Potion"},{"floor":16.0,"key":"PotionOfCapacity"},{"floor":21.0,"key":"DistilledChaos"},{"floor":24.0,"key":"Swift Potion"},{"floor":29.0,"key":"Weak Potion"},{"floor":30.0,"key":"LiquidMemories"},{"floor":33.0,"key":"Fire Potion"},{"floor":35,"key":"Dexterity Potion"},{"floor":36,"key":"DistilledChaos"},{"floor":44,"key":"ColorlessPotion"},{"floor":46,"key":"BlessingOfTheForge"},{"floor":47,"key":"DuplicationPotion"}],"is_trial":false,"path_per_floor":["M","M","?","M","$","E","R","M","T","R","M","R","M","?","R","B",null,"M","?","$","M","M","R","E","R","T","R","?","E","M","$","R","B",null,"M","M","?","$","M","R","?","?","T","E","R","E","M","M"],"character_chosen":"DEFECT","items_purchased":["Apotheosis","Juzu Bracelet","Defragment"],"campfire_rested":1,"item_purchase_floors":[20,31,38],"current_hp_per_floor":[59,57,57,57,57,32,32,23,23,23,27,49,49,44,44,25,63,74,74,75,69,75,75,75,75,75,75,75,64,61,75,75,36,65,74,74,65,75,68,68,68,58,58,49,49,65,31,0,0],"gold":557,"neow_bonus":"ONE_RARE_RELIC","is_daily":false,"chose_seed":false,"campfire_upgraded":9,"win_rate":0.0,"timestamp":1611414420,"path_taken":["M","M","?","?","?","E","R","M","T","R","M","R","M","?","R","BOSS","M","?","$","M","M","R","E","R","T","R","?","E","M","?","R","BOSS","M","M","?","$","M","R","?","?","T","E","R","E","M","M"],"items_purchased_type":["Card","Relic","Card"],"build_version":"2020-12-22","purchased_purges":1,"victory":false,"max_hp_per_floor":[75,75,75,75,75,75,75,75,75,75,75,75,75,75,75,75,75,75,75,75,75,75,75,75,75,75,75,75,75,75,75,75,75,75,75,75,75,75,75,75,75,75,75,75,75,75,75,75,75],"card_choices":[{"not_picked":["Streamline","Steam"],"picked":"Gash","floor":1.0},{"not_picked":["Streamline","Leap"],"picked":"Gash","floor":2.0},{"not_picked":["Aggregate","Barrage","Storm"],"picked":"SKIP","floor":4.0},{"not_picked":["Conserve Battery","Skim"],"picked":"Go for the Eyes","floor":6.0},{"not_picked":["Ball Lightning","Rebound"],"picked":"Self Repair","floor":8.0},{"not_picked":["Fission","Auto Shields"],"picked":"Cold Snap","floor":11.0},{"not_picked":["Redo","Turbo","Barrage"],"picked":"SKIP","floor":13.0},{"not_picked":["Leap","Sweeping Beam"],"picked":"Biased Cognition","floor":14.0},{"not_picked":["Core Surge","Hyperbeam"],"picked":"Echo Form","floor":16.0},{"not_picked":["Recycle","Self Repair"],"picked":"Go for the Eyes","floor":18.0},{"not_picked":["Barrage","Compile Driver"],"picked":"Hologram","floor":21.0},{"not_picked":["Ball Lightning+1","Coolheaded"],"picked":"Gash","floor":22.0},{"not_picked":["Thunder Strike","Turbo"],"picked":"Cold Snap","floor":24.0},{"not_picked":["Barrage+1","Leap"],"picked":"Reinforced Body","floor":29.0},{"not_picked":["Tempest","Conserve Battery"],"picked":"Stack","floor":30.0},{"not_picked":["Buffer","Hyperbeam"],"picked":"All For One","floor":33.0},{"not_picked":["Scrape+1","Fusion+1"],"picked":"Stack+1","floor":35},{"not_picked":["Consume","Cold Snap"],"picked":"Steam+1","floor":36},{"not_picked":["Tempest+1","Blizzard"],"picked":"Gash+1","floor":39},{"not_picked":["PanicButton","Impatience"],"picked":"Forethought","floor":42},{"not_picked":["Dark Shackles","Swift Strike"],"picked":"Trip","floor":42},{"not_picked":["Metamorphosis","Purity"],"picked":"Blind","floor":42},{"not_picked":["FTL","Seek"],"picked":"Gash+1","floor":44},{"not_picked":["White Noise+1","Auto Shields"],"picked":"Gash","floor":46},{"not_picked":["Barrage+1","Melter","Auto Shields"],"picked":"SKIP","floor":47}],"player_experience":74374,"relics_obtained":[{"floor":6.0,"key":"Centennial Puzzle"},{"floor":9.0,"key":"MealTicket"},{"floor":14.0,"key":"Odd Mushroom"},{"floor":24.0,"key":"White Beast Statue"},{"floor":26.0,"key":"Blood Vial"},{"floor":29.0,"key":"Cables"},{"floor":34.0,"key":"Anchor"},{"floor":34.0,"key":"Ornamental Fan"},{"floor":34.0,"key":"Turnip"},{"floor":43,"key":"MawBank"},{"floor":44,"key":"Ancient Tea Set"},{"floor":46,"key":"Art of War"}],"event_choices":[{"damage_healed":0.0,"max_hp_gain":0.0,"max_hp_loss":0.0,"gold_gain":0.0,"event_name":"Match and Keep!","player_choice":"4 cards matched","floor":3.0,"gold_loss":0.0,"damage_taken":0.0,"cards_obtained":["Zap","Dramatic Entrance","Reboot","Reinforced Body"]},{"damage_healed":0.0,"max_hp_gain":0.0,"max_hp_loss":0.0,"gold_gain":0.0,"event_name":"Mushrooms","player_choice":"Fought Mushrooms","floor":14.0,"gold_loss":0.0,"damage_taken":0.0},{"cards_removed":["Strike_B"],"damage_healed":0.0,"max_hp_gain":0.0,"max_hp_loss":0.0,"gold_gain":0.0,"event_name":"Beggar","player_choice":"Gave Gold","floor":19.0,"gold_loss":75.0,"damage_taken":0.0},{"damage_healed":0.0,"max_hp_gain":0.0,"max_hp_loss":0.0,"gold_gain":0.0,"event_name":"Vampires","player_choice":"Became a vampire (Vial)","floor":28.0,"relics_lost":["Blood Vial"],"gold_loss":0.0,"damage_taken":0.0,"cards_obtained":["Bite","Bite","Bite","Bite","Bite"]},{"damage_healed":0,"gold_gain":0,"player_choice":"Embrace Madness","damage_taken":9,"max_hp_gain":0,"max_hp_loss":0,"event_name":"Winding Halls","floor":37,"gold_loss":0,"cards_obtained":["Madness","Madness"]},{"damage_healed":0,"gold_gain":300,"player_choice":"Gold","damage_taken":0,"max_hp_gain":0,"max_hp_loss":0,"event_name":"Wheel of Change","floor":41,"gold_loss":0},{"damage_healed":0,"gold_gain":0,"player_choice":"Memory 3","damage_taken":10,"max_hp_gain":0,"max_hp_loss":0,"event_name":"SensoryStone","floor":42,"gold_loss":0}],"is_beta":false,"boss_relics":[{"not_picked":["Philosopher\u0027s Stone","Ectoplasm"],"picked":"SlaversCollar"},{"not_picked":["Nuclear Battery","Busted Crown"],"picked":"Calling Bell"}],"items_purged_floors":[5],"is_endless":false,"potions_floor_spawned":[8,11,14,16,21,24,29,30,33,35,36,39,44,46,47],"killed_by":"4 Shapes","ascension_level":6}}