{"host":"tgr1xoidyjfo4u0n","time":1611380931,"event":{"mods":["Act Like it!","Alarm Clock","BaseMod","CapriCore","Colored Powertips","GifTheSpireLib","Highlight Path","Minty Spire (QoL Compilation)","StSLib"],"gold_per_floor":[112,128,147,166,185,185,220,220,247,265,36,36,36,61,61,163,163,150,150,168,168,168],"floor_reached":21,"language":"ZHS","playtime":1007,"items_purged":["Strike_G"],"score":201,"play_id":"14a764fc-730f-4cdf-9ef2-a9cfd3c77ada","local_time":"20210123134851","is_ascension_mode":true,"campfire_choices":[{"data":"Predator","floor":6.0,"key":"SMITH"},{"floor":8.0,"key":"REST"},{"data":"Deadly Poison","floor":13.0,"key":"SMITH"},{"floor":15.0,"key":"REST"}],"circlet_count":0,"master_deck":["Strike_G","Defend_G","Defend_G","Defend_G","Defend_G","Defend_G","Survivor","Neutralize","Endless Agony","Predator+1","PiercingWail","Dagger Spray","Adrenaline","Deflect","Finisher","Crippling Poison","Tactician","Footwork","Backflip","Deadly Poison+1","Leg Sweep","Concentrate","Wraith Form v2","Malaise+1","Eviscerate+1","Tools of the Trade+1"],"relics":["Ring of the Snake","NeowsBlessing","Dream Catcher","Blood Vial","Orrery","Toy Ornithopter","Regal Pillow","Astrolabe"],"acts_visited":["Exordium","TheCity"],"potions_floor_usage":[],"damage_taken":[{"damage":0.0,"enemies":"Cultist","floor":1.0,"turns":1.0},{"damage":0.0,"enemies":"Jaw Worm","floor":2.0,"turns":1.0},{"damage":0.0,"enemies":"Small Slimes","floor":3.0,"turns":1.0},{"damage":0.0,"enemies":"Blue Slaver","floor":4.0,"turns":5.0},{"damage":4.0,"enemies":"Looter","floor":5.0,"turns":4.0},{"damage":32.0,"enemies":"Lagavulin","floor":7.0,"turns":8.0},{"damage":0.0,"enemies":"Exordium Wildlife","floor":10.0,"turns":3.0},{"damage":6.0,"enemies":"3 Sentries","floor":14.0,"turns":6.0},{"damage":19.0,"enemies":"The Guardian","floor":16.0,"turns":12.0},{"damage":2.0,"enemies":"2 Thieves","floor":18.0,"turns":4.0},{"damage":7,"enemies":"3 Byrds","floor":20,"turns":4},{"damage":0,"enemies":"3 Cultists","floor":21,"turns":3}],"seed_played":"6761308084521611451","potions_obtained":[{"floor":2.0,"key":"Swift Potion"},{"floor":4.0,"key":"Poison Potion"},{"floor":7.0,"key":"Weak Potion"},{"floor":16.0,"key":"Strength Potion"},{"floor":18.0,"key":"PowerPotion"}],"is_trial":false,"path_per_floor":["M","M","M","M","M","R","E","R","T","M","$","?","R","E","R","B",null,"M","?","M","M"],"character_chosen":"THE_SILENT","items_purchased":["Orrery"],"campfire_rested":2,"item_purchase_floors":[11],"current_hp_per_floor":[70,70,70,70,66,66,34,55,55,57,57,32,32,28,64,47,70,68,68,63,65,65],"gold":168,"neow_bonus":"THREE_ENEMY_KILL","is_daily":false,"chose_seed":false,"campfire_upgraded":2,"win_rate":0.0,"timestamp":1611380931,"path_taken":["M","M","M","M","M","R","E","R","T","M","$","?","R","E","R","BOSS","M","?","M","M"],"items_purchased_type":["Relic"],"build_version":"2020-12-22","purchased_purges":1,"victory":false,"max_hp_per_floor":[70,70,70,70,70,70,70,70,70,70,70,70,70,70,70,70,70,70,70,70,70,70],"card_choices":[{"not_picked":["Quick Slash","Slice"],"picked":"Endless Agony","floor":1.0},{"not_picked":["Dodge and Roll","Dagger Throw"],"picked":"Predator","floor":2.0},{"not_picked":["Endless Agony","Calculated Gamble"],"picked":"PiercingWail","floor":3.0},{"not_picked":["Sucker Punch","Prepared"],"picked":"Dagger Spray","floor":4.0},{"not_picked":["Predator","Cloak And Dagger"],"picked":"Adrenaline","floor":5.0},{"not_picked":["Crippling Poison","Dagger Spray"],"picked":"Deflect","floor":7.0},{"not_picked":["Quick Slash","Deflect"],"picked":"Finisher","floor":8.0},{"not_picked":["Slice","Sucker Punch"],"picked":"Crippling Poison","floor":10.0},{"not_picked":["Dagger Throw","Poisoned Stab"],"picked":"Tactician","floor":11.0},{"not_picked":["Endless Agony","Skewer"],"picked":"Footwork","floor":11.0},{"not_picked":["Predator","Cloak And Dagger"],"picked":"Backflip","floor":11.0},{"not_picked":["Slice","Backstab"],"picked":"Deadly Poison","floor":11.0},{"not_picked":["Deadly Poison","Blade Dance"],"picked":"Leg Sweep","floor":14.0},{"not_picked":["Deflect","Bane"],"picked":"Concentrate","floor":15.0},{"not_picked":["Unload","Envenom"],"picked":"Wraith Form v2","floor":16.0},{"not_picked":["Outmaneuver","Slice","Bane"],"picked":"SKIP","floor":18.0},{"not_picked":["Deadly Poison","Dagger Throw+1","Skewer"],"picked":"SKIP","floor":20}],"player_experience":401856,"relics_obtained":[{"floor":7.0,"key":"Dream Catcher"},{"floor":9.0,"key":"Blood Vial"},{"floor":14.0,"key":"Regal Pillow"}],"event_choices":[{"damage_healed":0.0,"max_hp_gain":0.0,"max_hp_loss":0.0,"gold_gain":0.0,"event_name":"Scrap Ooze","player_choice":"Success","floor":12.0,"gold_loss":0.0,"damage_taken":25.0,"relics_obtained":["Toy Ornithopter"]},{"damage_healed":0,"gold_gain":0,"player_choice":"Ignored","damage_taken":0,"max_hp_gain":0,"max_hp_loss":0,"event_name":"Cursed Tome","floor":19,"gold_loss":0}],"is_beta":false,"boss_relics":[{"not_picked":["Runic Dome","Cursed Key"],"picked":"Astrolabe"}],"items_purged_floors":[11],"is_endless":false,"potions_floor_spawned":[2,4,7,16,18],"killed_by":"3 Cultists","ascension_level":1}}