{"host":"o7j6aatxjwpw1421","time":1611405128,"event":{"mods":["2.2 Compatiblity","AchievementEnabler","BaseMod","Colored Map","DeckTracker","Highlight Path","Keyboard Shortcuts","Minty Spire (QoL Compilation)","Permanent Neow","Quick Restart","StSLib","SuperFastMode","everything is the same but u backflip on backflip"],"gold_per_floor":[317,327,327,344,269,269,302,302,347,366,398,414,414,414],"floor_reached":13,"language":"KOR","playtime":407,"items_purged":["Defend_P"],"score":181,"play_id":"d3562d01-ffe1-49b0-8206-c43a573a3100","local_time":"20210123213208","is_ascension_mode":true,"campfire_choices":[{"data":"Eruption","floor":6.0,"key":"SMITH"},{"floor":8.0,"key":"REST"}],"circlet_count":0,"master_deck":["AscendersBane","Strike_P","Strike_P","Strike_P+1","Strike_P","Defend_P","Defend_P","Defend_P","Eruption+1","Vigilance","EmptyFist","MentalFortress+1","EmptyBody","Halt","Study"],"relics":["PureWater","Old Coin","Bronze Scales","Nunchaku","White Beast Statue"],"acts_visited":["Exordium"],"potions_floor_usage":[],"damage_taken":[{"damage":0.0,"enemies":"Cultist","floor":1.0,"turns":2.0},{"damage":3.0,"enemies":"2 Louse","floor":2.0,"turns":3.0},{"damage":13.0,"enemies":"Jaw Worm","floor":4.0,"turns":6.0},{"damage":2.0,"enemies":"Gremlin Nob","floor":7.0,"turns":3.0},{"damage":0.0,"enemies":"Gremlin Gang","floor":10.0,"turns":4.0},{"damage":25.0,"enemies":"3 Sentries","floor":11.0,"turns":9.0},{"damage":2.0,"enemies":"Exordium Thugs","floor":12.0,"turns":4.0},{"damage":16,"enemies":"Gremlin Nob","floor":13,"turns":3}],"seed_played":"-991759103603813295","potions_obtained":[{"floor":4.0,"key":"Regen Potion"},{"floor":7.0,"key":"Swift Potion"},{"floor":11.0,"key":"Fire Potion"},{"floor":12.0,"key":"SpeedPotion"}],"is_trial":false,"path_per_floor":["M","M","?","M","$","R","E","R","T","M","E","M","E"],"character_chosen":"WATCHER","items_purchased":[],"campfire_rested":1,"item_purchase_floors":[],"current_hp_per_floor":[61,58,38,25,25,25,23,43,43,43,33,31,15,15],"gold":414,"neow_bonus":"ONE_RARE_RELIC","is_daily":false,"chose_seed":false,"campfire_upgraded":1,"win_rate":0.0,"timestamp":1611405128,"path_taken":["M","M","?","M","$","R","E","R","T","M","E","M","E"],"items_purchased_type":[],"build_version":"2020-12-22","purchased_purges":1,"victory":false,"max_hp_per_floor":[68,68,68,68,68,68,68,68,68,68,68,68,68,68],"card_choices":[{"not_picked":["CutThroughFate","Crescendo"],"picked":"EmptyFist","floor":1.0},{"not_picked":["EmptyFist","CrushJoints"],"picked":"MentalFortress","floor":2.0},{"not_picked":["Protect","EmptyFist","Vengeance"],"picked":"SKIP","floor":4.0},{"not_picked":["Crescendo","Omniscience"],"picked":"EmptyBody","floor":7.0},{"not_picked":["ReachHeaven","PathToVictory"],"picked":"Halt","floor":10.0},{"not_picked":["CarveReality","SandsOfTime"],"picked":"Study","floor":11.0},{"not_picked":["PathToVictory","CrushJoints","ClearTheMind"],"picked":"SKIP","floor":12.0}],"player_experience":610492,"relics_obtained":[{"floor":7.0,"key":"Bronze Scales"},{"floor":9.0,"key":"Nunchaku"},{"floor":11.0,"key":"White Beast Statue"}],"event_choices":[{"damage_healed":0.0,"max_hp_gain":0.0,"max_hp_loss":0.0,"gold_gain":0.0,"event_name":"Shining Light","player_choice":"Entered Light","floor":3.0,"gold_loss":0.0,"damage_taken":20.0,"cards_upgraded":["Strike_P","MentalFortress"]}],"is_beta":false,"boss_relics":[],"items_purged_floors":[5],"is_endless":false,"potions_floor_spawned":[4,7,11,12],"killed_by":"Gremlin Nob","ascension_level":18}}