{"host":"k7udt7atmcuzf6l0","time":1611371841,"event":{"mods":["AchievementEnabler","BaseMod","Colored Map","Colored Powertips","Highlight Path","Minty Spire (QoL Compilation)","Quick Restart","Rare Cards Sparkle","StSLib","UnlockEverythingMod"],"gold_per_floor":[116,43,56,72,72,72,99,99,99,133,98,98,122,297,297,420,420,439,179,203,223,246,281,281,281,281,281,299,299,299,325,325,325,325],"floor_reached":33,"language":"ZHT","playtime":700,"items_purged":[],"score":293,"play_id":"19d39d91-4a0b-42c7-a2e8-7ed16b97f892","local_time":"20210123111721","is_ascension_mode":false,"campfire_choices":[{"data":"Infernal Blade","floor":6,"key":"SMITH"},{"data":"Pommel Strike","floor":8,"key":"SMITH"},{"data":"Armaments","floor":15,"key":"SMITH"},{"data":"Limit Break","floor":25,"key":"SMITH"},{"data":"Spot Weakness","floor":27,"key":"SMITH"},{"data":"Whirlwind","floor":29,"key":"SMITH"},{"data":"Flex","floor":32,"key":"SMITH"}],"circlet_count":0,"master_deck":["Strike_R","Strike_R","Strike_R","Strike_R","Strike_R","Defend_R","Defend_R","Defend_R","Defend_R","Bash","Spot Weakness+1","Infernal Blade+1","Cleave","Pommel Strike+1","Headbutt","Whirlwind+1","Armaments+1","Doubt","Limit Break+1","Shrug It Off+1","Flex+1"],"relics":["Burning Blood","NeowsBlessing","StoneCalendar","Juzu Bracelet","HornCleat","Pocketwatch","Bloody Idol","Coffee Dripper","Singing Bowl","Bag of Preparation","StrikeDummy","Orichalcum"],"acts_visited":["Exordium","TheCity"],"potions_floor_usage":[16,16,31],"damage_taken":[{"damage":0,"enemies":"2 Louse","floor":1,"turns":1},{"damage":0,"enemies":"Small Slimes","floor":3,"turns":1},{"damage":0,"enemies":"Jaw Worm","floor":4,"turns":1},{"damage":35,"enemies":"3 Sentries","floor":7,"turns":6},{"damage":4,"enemies":"Lagavulin","floor":10,"turns":3},{"damage":0,"enemies":"3 Louse","floor":13,"turns":1},{"damage":29,"enemies":"Slime Boss","floor":16,"turns":7},{"damage":20,"enemies":"2 Thieves","floor":18,"turns":3},{"damage":17,"enemies":"Shell Parasite","floor":20,"turns":5},{"damage":15,"enemies":"Snake Plant","floor":21,"turns":3},{"damage":14,"enemies":"3 Cultists","floor":22,"turns":5},{"damage":40,"enemies":"Gremlin Leader","floor":23,"turns":6},{"damage":11,"enemies":"Cultist and Chosen","floor":28,"turns":4},{"damage":28,"enemies":"Slavers","floor":31,"turns":4},{"damage":34,"enemies":"Champ","floor":33,"turns":6}],"seed_played":"822039767034759908","potions_obtained":[{"floor":4,"key":"GamblersBrew"},{"floor":7,"key":"FairyPotion"},{"floor":13,"key":"ElixirPotion"},{"floor":18,"key":"ElixirPotion"},{"floor":22,"key":"ElixirPotion"}],"is_trial":false,"path_per_floor":["M","$","M","M","?","R","E","R","T","E","?","?","M","?","R","B",null,"M","$","M","M","M","E","?","R","T","R","M","R","?","E","R","B"],"character_chosen":"IRONCLAD","items_purchased":["Infernal Blade","Singing Bowl"],"campfire_rested":0,"item_purchase_floors":[2,19],"current_hp_per_floor":[80,80,80,80,73,73,44,44,44,46,66,46,52,52,52,29,80,66,66,57,50,44,12,12,12,12,12,9,9,9,26,26,0,0],"gold":325,"neow_bonus":"THREE_ENEMY_KILL","is_daily":false,"chose_seed":false,"campfire_upgraded":7,"win_rate":0.0,"timestamp":1611371841,"path_taken":["M","$","M","M","?","R","E","R","T","E","?","?","M","?","R","BOSS","M","$","M","M","M","E","?","R","T","R","M","R","?","E","R","BOSS"],"items_purchased_type":["Card","Relic"],"build_version":"2020-12-22","purchased_purges":0,"victory":false,"max_hp_per_floor":[80,80,80,80,80,80,80,80,80,80,80,80,80,80,80,80,80,80,80,82,84,86,88,88,88,88,88,90,90,90,90,90,90,90],"card_choices":[{"not_picked":["Iron Wave","Twin Strike"],"picked":"Spot Weakness","floor":1},{"not_picked":["Havoc","Reckless Charge"],"picked":"Cleave","floor":3},{"not_picked":["Havoc","Perfected Strike"],"picked":"Pommel Strike","floor":4},{"not_picked":["Shrug It Off","True Grit"],"picked":"Headbutt","floor":7},{"not_picked":["Pummel","Thunderclap"],"picked":"Whirlwind","floor":10},{"not_picked":["Uppercut","Heavy Blade"],"picked":"Armaments","floor":13},{"not_picked":["Demon Form","Reaper"],"picked":"Limit Break","floor":16},{"not_picked":["Evolve","Warcry"],"picked":"Shrug It Off+1","floor":18},{"not_picked":["Spot Weakness","Disarm","Sword Boomerang"],"picked":"Singing Bowl","floor":20},{"not_picked":["Carnage+1","Whirlwind","Dropkick"],"picked":"Singing Bowl","floor":21},{"not_picked":["Twin Strike","Headbutt","Cleave"],"picked":"Singing Bowl","floor":22},{"not_picked":["Clothesline","Armaments","Intimidate"],"picked":"Singing Bowl","floor":23},{"not_picked":["Twin Strike","Bludgeon","Iron Wave"],"picked":"Singing Bowl","floor":28},{"not_picked":["Perfected Strike","Metallicize"],"picked":"Flex","floor":31}],"player_experience":106430,"relics_obtained":[{"floor":7,"key":"Juzu Bracelet"},{"floor":9,"key":"HornCleat"},{"floor":10,"key":"Pocketwatch"},{"floor":23,"key":"Bag of Preparation"},{"floor":26,"key":"StrikeDummy"},{"floor":31,"key":"Orichalcum"}],"event_choices":[{"damage_healed":0,"gold_gain":0,"player_choice":"Success","damage_taken":7,"relics_obtained":["StoneCalendar"],"max_hp_gain":0,"max_hp_loss":0,"event_name":"Scrap Ooze","floor":5,"gold_loss":0},{"damage_healed":20,"gold_gain":0,"player_choice":"Healed","damage_taken":0,"max_hp_gain":0,"max_hp_loss":0,"event_name":"The Cleric","floor":11,"gold_loss":35},{"damage_healed":0,"gold_gain":0,"player_choice":"Take Damage","damage_taken":20,"relics_obtained":["Golden Idol"],"max_hp_gain":0,"max_hp_loss":0,"event_name":"Golden Idol","floor":12,"gold_loss":0},{"damage_healed":0,"gold_gain":175,"player_choice":"AGREE","damage_taken":0,"max_hp_gain":0,"max_hp_loss":0,"event_name":"Liars Game","floor":14,"gold_loss":0,"cards_obtained":["Doubt"]},{"damage_healed":0,"gold_gain":0,"player_choice":"Ignored","damage_taken":0,"max_hp_gain":0,"max_hp_loss":0,"event_name":"Ghosts","floor":24,"gold_loss":0},{"damage_healed":0,"gold_gain":0,"player_choice":"Gave Idol","damage_taken":0,"relics_obtained":["Bloody Idol"],"max_hp_gain":0,"max_hp_loss":0,"event_name":"Forgotten Altar","floor":30,"relics_lost":["Golden Idol"],"gold_loss":0}],"is_beta":false,"boss_relics":[{"not_picked":["Velvet Choker","SacredBark"],"picked":"Coffee Dripper"}],"items_purged_floors":[],"is_endless":false,"potions_floor_spawned":[4,7,13,18,22],"killed_by":"Champ","ascension_level":0}}