{"host":"2e3z4r48quhw80cc","time":1611409213,"event":{"mods":["BaseMod","Minty Spire (QoL Compilation)","Quick Restart","StSLib","SuperFastMode"],"gold_per_floor":[113,113,131,147,157,191,208,208,234,234,296,316,350,369,369,472,472,483,483,483,502,44,44,44,71,71,94,94,109,126,137,137,137,137],"floor_reached":33,"language":"KOR","playtime":1003,"items_purged":["Defend_B"],"score":363,"play_id":"515ae966-9722-4f47-9445-d1fd838db759","local_time":"20210123224013","is_ascension_mode":true,"campfire_choices":[{"data":"Defragment","floor":8.0,"key":"SMITH"},{"data":"Zap","floor":15.0,"key":"SMITH"},{"data":"Storm","floor":23.0,"key":"SMITH"},{"floor":28.0,"key":"REST"},{"data":"Fission","floor":32,"key":"SMITH"}],"circlet_count":0,"master_deck":["Strike_B","Defend_B","Defend_B","Zap+1","Dualcast","Glacier","Defragment+1","Static Discharge","Sweeping Beam","Storm+1","Heatsinks","Chaos","Amplify","Consume+1","Stack","Hello World","Storm","Chrysalis","Heatsinks+1","Chill+1","Force Field","Fission+1","Ball Lightning+1"],"relics":["Cracked Core","Meat on the Bone","Potion Belt","DataDisk","Boot","Centennial Puzzle","Velvet Choker","Singing Bowl","Happy Flower","Prayer Wheel","Pocketwatch","Omamori"],"acts_visited":["Exordium","TheCity"],"potions_floor_usage":[33],"damage_taken":[{"damage":7.0,"enemies":"Jaw Worm","floor":1.0,"turns":3.0},{"damage":3.0,"enemies":"Cultist","floor":3.0,"turns":4.0},{"damage":4.0,"enemies":"Small Slimes","floor":4.0,"turns":7.0},{"damage":3.0,"enemies":"Blue Slaver","floor":5.0,"turns":5.0},{"damage":20.0,"enemies":"3 Sentries","floor":6.0,"turns":14.0},{"damage":7.0,"enemies":"2 Fungi Beasts","floor":7.0,"turns":3.0},{"damage":15.0,"enemies":"3 Sentries","floor":11.0,"turns":7.0},{"damage":14.0,"enemies":"Exordium Thugs","floor":12.0,"turns":3.0},{"damage":9.0,"enemies":"Gremlin Nob","floor":13.0,"turns":4.0},{"damage":2.0,"enemies":"Looter","floor":14.0,"turns":4.0},{"damage":25.0,"enemies":"Slime Boss","floor":16.0,"turns":6.0},{"damage":8.0,"enemies":"Shell Parasite","floor":18.0,"turns":5.0},{"damage":19.0,"enemies":"2 Thieves","floor":21.0,"turns":4.0},{"damage":28.0,"enemies":"Gremlin Leader","floor":25.0,"turns":5.0},{"damage":16,"enemies":"Cultist and Chosen","floor":29,"turns":4},{"damage":5,"enemies":"Snecko","floor":30,"turns":3},{"damage":8,"enemies":"Snake Plant","floor":31,"turns":3},{"damage":48,"enemies":"Collector","floor":33,"turns":7}],"seed_played":"-5810064506699117489","potions_obtained":[{"floor":1.0,"key":"GamblersBrew"},{"floor":2.0,"key":"PotionOfCapacity"},{"floor":2.0,"key":"SmokeBomb"},{"floor":12.0,"key":"Energy Potion"},{"floor":13.0,"key":"FearPotion"},{"floor":14.0,"key":"BlessingOfTheForge"},{"floor":18.0,"key":"PowerPotion"},{"floor":30,"key":"EntropicBrew"}],"is_trial":false,"path_per_floor":["M","?","M","M","M","E","M","R","T","?","?","M","E","M","R","B",null,"M","?","T","M","$","R","?","E","T","T","R","M","M","M","R","B"],"character_chosen":"DEFECT","items_purchased":["Storm","Happy Flower","Chrysalis"],"campfire_rested":1,"item_purchase_floors":[22,22,22],"current_hp_per_floor":[61,61,58,54,51,31,36,36,36,33,30,28,31,41,41,28,63,55,55,55,50,50,50,50,34,34,34,57,43,52,44,44,0,0],"gold":137,"neow_bonus":"REMOVE_CARD","is_daily":false,"chose_seed":false,"campfire_upgraded":4,"win_rate":0.0,"timestamp":1611409213,"path_taken":["M","?","?","M","M","E","M","R","T","?","?","M","E","M","R","BOSS","M","?","?","M","$","R","?","E","T","?","R","M","M","M","R","BOSS"],"items_purchased_type":["Card","Relic","Card"],"build_version":"2020-12-22","purchased_purges":1,"victory":false,"max_hp_per_floor":[75,75,75,75,75,75,75,75,75,75,75,75,75,75,75,75,75,75,75,75,77,77,77,77,77,77,77,77,79,81,81,81,81,81],"card_choices":[{"not_picked":["Ball Lightning","Gash"],"picked":"Glacier","floor":1.0},{"not_picked":["Rebound","Turbo","Stack"],"picked":"SKIP","floor":3.0},{"not_picked":["Streamline","Rebound"],"picked":"Defragment","floor":4.0},{"not_picked":["Compile Driver","Tempest"],"picked":"Static Discharge","floor":5.0},{"not_picked":["Steam","Stack"],"picked":"Sweeping Beam","floor":6.0},{"not_picked":["Beam Cell","Leap","Conserve Battery"],"picked":"SKIP","floor":7.0},{"not_picked":["Ball Lightning","Hyperbeam"],"picked":"Storm","floor":12.0},{"not_picked":["Rebound","Beam Cell"],"picked":"Heatsinks","floor":13.0},{"not_picked":["Undo","Coolheaded"],"picked":"Chaos","floor":14.0},{"not_picked":["Core Surge","Thunder Strike"],"picked":"Amplify","floor":16.0},{"not_picked":["Rebound","Coolheaded"],"picked":"Consume+1","floor":18.0},{"not_picked":["Compile Driver","Doom and Gloom","Steam Power"],"picked":"Singing Bowl","floor":21.0},{"not_picked":["Static Discharge+1","Redo+1"],"picked":"Heatsinks+1","floor":25.0},{"not_picked":["Barrage+1","Fusion","Rebound"],"picked":"Singing Bowl","floor":29},{"not_picked":["Cold Snap","Sweeping Beam"],"picked":"Chill+1","floor":29},{"not_picked":["Streamline","Rip and Tear","Undo"],"picked":"Singing Bowl","floor":30},{"not_picked":["Undo+1","Melter"],"picked":"Force Field","floor":30},{"not_picked":["Streamline","Rebound"],"picked":"Fission","floor":31},{"not_picked":["FTL","Redo"],"picked":"Ball Lightning+1","floor":31}],"player_experience":71639,"relics_obtained":[{"floor":6.0,"key":"Meat on the Bone"},{"floor":9.0,"key":"Potion Belt"},{"floor":11.0,"key":"Boot"},{"floor":13.0,"key":"Centennial Puzzle"},{"floor":20.0,"key":"Singing Bowl"},{"floor":25.0,"key":"Prayer Wheel"},{"floor":26.0,"key":"Pocketwatch"},{"floor":27.0,"key":"Omamori"}],"event_choices":[{"damage_healed":0.0,"max_hp_gain":0.0,"max_hp_loss":0.0,"gold_gain":0.0,"event_name":"Lab","player_choice":"Got Potions","floor":2.0,"gold_loss":0.0,"damage_taken":0.0},{"damage_healed":0.0,"max_hp_gain":0.0,"max_hp_loss":0.0,"gold_gain":0.0,"event_name":"Scrap Ooze","player_choice":"Success","floor":10.0,"gold_loss":0.0,"damage_taken":3.0,"relics_obtained":["DataDisk"]},{"damage_healed":0.0,"max_hp_gain":0.0,"max_hp_loss":0.0,"gold_gain":30.0,"event_name":"Dead Adventurer","player_choice":"Searched \u00273\u0027 times","floor":11.0,"gold_loss":0.0,"damage_taken":0.0},{"damage_healed":0.0,"max_hp_gain":0.0,"max_hp_loss":0.0,"gold_gain":0.0,"cards_transformed":["Strike_B","Strike_B"],"event_name":"Drug Dealer","player_choice":"Became Test Subject","floor":19.0,"gold_loss":0.0,"damage_taken":0.0,"cards_obtained":["Stack","Hello World"]},{"cards_removed":["Defend_B"],"damage_healed":0.0,"max_hp_gain":0.0,"max_hp_loss":0.0,"gold_gain":0.0,"event_name":"Back to Basics","player_choice":"Elegance","floor":24.0,"gold_loss":0.0,"damage_taken":0.0}],"is_beta":false,"boss_relics":[{"not_picked":["Tiny House","Runic Pyramid"],"picked":"Velvet Choker"}],"items_purged_floors":[22],"is_endless":false,"potions_floor_spawned":[1,3,12,13,14,18,30],"killed_by":"Collector","ascension_level":6}}