{"host":"kg61lsvem4dxoat8","time":1611417351,"event":{"mods":["BaseMod","Colored Powertips","Minty Spire (QoL Compilation)","Quick Restart","Rare Cards Sparkle","Relic Stats","slay the spire mod where everything is the same but ironclad has a cowboy hat"],"gold_per_floor":[118,118,118,133,4,36,36,66,66,91,102,122,155,234,234,313,313,323,335,355,27,46,80,80,110,110,110,136,154,66,85,85,161,161,179,54,108,108,108,108,137,151,151,151,166,166,166,180,180,180],"floor_reached":51,"language":"ENG","playtime":1363,"items_purged":["Strike_G","Strike_G","Dagger Throw"],"score":1448,"play_id":"a57a4dab-a356-4e99-add1-b421c0b20b95","local_time":"20210123235551","is_ascension_mode":true,"campfire_choices":[{"data":"Blade Dance","floor":7,"key":"SMITH"},{"data":"Blade Dance","floor":15,"key":"SMITH"},{"floor":24,"key":"REST"},{"data":"Accuracy","floor":32,"key":"SMITH"},{"data":"Cloak And Dagger","floor":40,"key":"SMITH"},{"data":"Terror","floor":44,"key":"SMITH"},{"data":"Blade Dance","floor":47,"key":"SMITH"},{"data":"A Thousand Cuts","floor":49,"key":"SMITH"}],"circlet_count":0,"master_deck":["AscendersBane","Strike_G","Strike_G","Defend_G","Defend_G","Defend_G","Defend_G","Defend_G","Survivor","Neutralize","Poisoned Stab","Blade Dance+1","Infinite Blades","Terror+1","Blade Dance+1","Blade Dance+1","Escape Plan","Slice","Cloak And Dagger+1","Calculated Gamble","Blur","Blade Dance+1","Accuracy+1","A Thousand Cuts+1","Accuracy+1","PiercingWail+1","Footwork+1"],"relics":["Ring of the Snake","NeowsBlessing","Pantograph","Tiny Chest","Darkstone Periapt","Orichalcum","Bag of Preparation","Bottled Flame","WristBlade","Oddly Smooth Stone","Kunai","Lizard Tail","Ginger","Dream Catcher","Philosopher\u0027s Stone","Vajra","Toxic Egg 2","Art of War","Mercury Hourglass"],"acts_visited":["Exordium","TheCity","TheBeyond"],"potions_floor_usage":[8,10,16,19,23,23,45,48],"damage_taken":[{"damage":0,"enemies":"Small Slimes","floor":1,"turns":1},{"damage":0,"enemies":"Jaw Worm","floor":4,"turns":1},{"damage":0,"enemies":"Gremlin Nob","floor":6,"turns":1},{"damage":14,"enemies":"3 Sentries","floor":8,"turns":10},{"damage":20,"enemies":"Lagavulin","floor":10,"turns":5},{"damage":0,"enemies":"Cultist","floor":11,"turns":3},{"damage":0,"enemies":"Lots of Slimes","floor":12,"turns":4},{"damage":12,"enemies":"3 Sentries","floor":13,"turns":7},{"damage":30,"enemies":"Slime Boss","floor":16,"turns":10},{"damage":0,"enemies":"3 Byrds","floor":18,"turns":4},{"damage":6,"enemies":"Chosen","floor":19,"turns":2},{"damage":0,"enemies":"Snecko","floor":20,"turns":2},{"damage":0,"enemies":"Snake Plant","floor":22,"turns":2},{"damage":28,"enemies":"Slavers","floor":23,"turns":6},{"damage":19,"enemies":"Gremlin Leader","floor":25,"turns":4},{"damage":60,"enemies":"Book of Stabbing","floor":28,"turns":6},{"damage":0,"enemies":"3 Cultists","floor":29,"turns":4},{"damage":8,"enemies":"Centurion and Healer","floor":31,"turns":3},{"damage":41,"enemies":"Collector","floor":33,"turns":5},{"damage":27,"enemies":"3 Darklings","floor":35,"turns":4},{"damage":0,"enemies":"Nemesis","floor":41,"turns":3},{"damage":0,"enemies":"Orb Walker","floor":42,"turns":1},{"damage":5,"enemies":"3 Darklings","floor":45,"turns":2},{"damage":9,"enemies":"Maw","floor":48,"turns":3},{"damage":35,"enemies":"Donu and Deca","floor":50,"turns":7}],"seed_played":"4457188216833564422","potions_obtained":[{"floor":1,"key":"BlessingOfTheForge"},{"floor":8,"key":"Weak Potion"},{"floor":12,"key":"Weak Potion"},{"floor":18,"key":"SteroidPotion"},{"floor":20,"key":"FairyPotion"},{"floor":22,"key":"PowerPotion"},{"floor":23,"key":"Fruit Juice"},{"floor":41,"key":"Energy Potion"},{"floor":42,"key":"Block Potion"}],"is_trial":false,"path_per_floor":["M","?","?","M","$","E","R","E","T","E","M","M","E","T","R","B",null,"M","M","M","$","M","E","R","E","T","?","E","M","$","M","R","B",null,"M","$","T","?","T","R","E","M","T","R","M","?","R","M","R","B",null],"character_chosen":"THE_SILENT","items_purchased":["Blade Dance","Oddly Smooth Stone","Strength Potion","Accuracy"],"campfire_rested":1,"item_purchase_floors":[5,21,21,30],"current_hp_per_floor":[59,52,57,57,57,57,57,43,43,23,23,23,11,11,11,6,55,55,49,49,49,49,26,48,29,29,29,38,38,38,30,30,14,61,34,34,34,62,62,62,62,62,62,62,57,57,57,48,48,24],"gold":180,"neow_bonus":"THREE_ENEMY_KILL","is_daily":false,"chose_seed":false,"campfire_upgraded":7,"win_rate":0.0,"timestamp":1611417351,"path_taken":["M","?","?","M","$","E","R","E","T","E","M","M","E","?","R","BOSS","M","M","M","$","M","E","R","E","T","?","E","M","$","?","R","BOSS","M","$","?","?","?","R","E","M","T","R","M","?","R","M","R","BOSS"],"items_purchased_type":["Card","Relic","Potion","Card"],"build_version":"2020-12-22","purchased_purges":3,"victory":true,"max_hp_per_floor":[66,66,71,71,71,71,71,71,71,71,71,71,71,71,71,71,71,71,71,71,71,71,76,76,76,76,76,76,76,76,76,76,76,76,76,76,76,62,62,62,62,62,62,62,62,59,59,59,59,59],"relic_stats":{"Darkstone Periapt":0,"counters":[25,100],"Bag of Preparation":[34],"Ginger":[6],"Orichalcum":[156],"Mercury Hourglass":[51],"Lizard Tail":38,"Dream Catcher":0,"Pantograph":61,"Tiny Chest":1,"Art of War":[0],"Kunai":[48],"obtain_stats":[{"Darkstone Periapt":9,"NeowsBlessing":0,"Oddly Smooth Stone":21,"Vajra":37,"Bag of Preparation":13,"Ginger":26,"Orichalcum":10,"Mercury Hourglass":43,"Bottled Flame":14,"Lizard Tail":25,"Dream Catcher":28,"WristBlade":17,"Pantograph":6,"Tiny Chest":8,"Philosopher\u0027s Stone":34,"Art of War":41,"Kunai":23,"Toxic Egg 2":39,"Ring of the Snake":0},{"Darkstone Periapt":4,"NeowsBlessing":0,"Oddly Smooth Stone":12,"Vajra":20,"Bag of Preparation":8,"Ginger":15,"Orichalcum":5,"Mercury Hourglass":22,"Bottled Flame":8,"Lizard Tail":15,"Dream Catcher":16,"WristBlade":9,"Pantograph":3,"Tiny Chest":4,"Philosopher\u0027s Stone":19,"Art of War":21,"Kunai":14,"Toxic Egg 2":20,"Ring of the Snake":0},{"Darkstone Periapt":13,"NeowsBlessing":0,"Oddly Smooth Stone":50,"Vajra":84,"Bag of Preparation":32,"Ginger":62,"Orichalcum":18,"Mercury Hourglass":88,"Bottled Flame":32,"Lizard Tail":62,"Dream Catcher":68,"WristBlade":42,"Pantograph":3,"Tiny Chest":13,"Philosopher\u0027s Stone":80,"Art of War":87,"Kunai":58,"Toxic Egg 2":84,"Ring of the Snake":0}],"Ring of the Snake":[50]},"card_choices":[{"not_picked":["Choke","Sucker Punch","Underhanded Strike"],"picked":"SKIP","floor":1},{"not_picked":["Flying Knee","Caltrops"],"picked":"Poisoned Stab","floor":4},{"not_picked":["Expertise","Leg Sweep","Well Laid Plans"],"picked":"SKIP","floor":6},{"not_picked":["Setup","Prepared"],"picked":"Infinite Blades","floor":8},{"not_picked":["Dagger Throw","Bane"],"picked":"Terror","floor":10},{"not_picked":["Outmaneuver","Unload"],"picked":"Blade Dance","floor":11},{"not_picked":["Backflip","Sucker Punch"],"picked":"Blade Dance","floor":12},{"not_picked":["Dagger Throw","Dodge and Roll","Tactician"],"picked":"SKIP","floor":13},{"not_picked":["Die Die Die","Glass Knife"],"picked":"Phantasmal Killer","floor":16},{"not_picked":["Concentrate","Quick Slash"],"picked":"Escape Plan","floor":18},{"not_picked":["Eviscerate","Deadly Poison+1","Infinite Blades"],"picked":"SKIP","floor":19},{"not_picked":["Dagger Throw","Prepared"],"picked":"Slice","floor":20},{"not_picked":["Poisoned Stab","Deadly Poison"],"picked":"Cloak And Dagger","floor":22},{"not_picked":["Flying Knee","Expertise"],"picked":"Calculated Gamble","floor":23},{"not_picked":["Flying Knee","Leg Sweep"],"picked":"Blur","floor":25},{"not_picked":["Poisoned Stab","Sucker Punch"],"picked":"Blade Dance+1","floor":28},{"not_picked":["Deadly Poison","PiercingWail","Cloak And Dagger"],"picked":"SKIP","floor":29},{"not_picked":["Backflip","Poisoned Stab","Slice"],"picked":"SKIP","floor":31},{"not_picked":["Malaise","Unload"],"picked":"A Thousand Cuts","floor":33},{"not_picked":["Deflect","Blade Dance"],"picked":"Accuracy+1","floor":35},{"not_picked":["Prepared+1","Flying Knee","Glass Knife"],"picked":"SKIP","floor":41},{"not_picked":["Bouncing Flask+1","Deadly Poison+1","Well Laid Plans"],"picked":"SKIP","floor":42},{"not_picked":["Slice","Finisher"],"picked":"PiercingWail+1","floor":45},{"not_picked":["Deflect+1","Bane"],"picked":"Footwork+1","floor":48}],"player_experience":1386758,"relics_obtained":[{"floor":6,"key":"Pantograph"},{"floor":8,"key":"Tiny Chest"},{"floor":9,"key":"Darkstone Periapt"},{"floor":10,"key":"Orichalcum"},{"floor":13,"key":"Bag of Preparation"},{"floor":14,"key":"Bottled Flame"},{"floor":23,"key":"Kunai"},{"floor":25,"key":"Lizard Tail"},{"floor":26,"key":"Ginger"},{"floor":28,"key":"Dream Catcher"},{"floor":37,"key":"Vajra"},{"floor":39,"key":"Toxic Egg 2"},{"floor":41,"key":"Art of War"},{"floor":43,"key":"Mercury Hourglass"}],"event_choices":[{"cards_removed":["Strike_G"],"damage_healed":0,"gold_gain":0,"player_choice":"Card Removal","damage_taken":7,"max_hp_gain":0,"max_hp_loss":0,"event_name":"Golden Wing","floor":2,"gold_loss":0},{"damage_healed":0,"gold_gain":0,"player_choice":"Donut","damage_taken":0,"max_hp_gain":5,"max_hp_loss":0,"event_name":"Big Fish","floor":3,"gold_loss":0},{"damage_healed":0,"gold_gain":0,"cards_transformed":["Phantasmal Killer"],"player_choice":"Transformed","damage_taken":0,"max_hp_gain":0,"max_hp_loss":0,"event_name":"Transmorgrifier","floor":27,"gold_loss":0,"cards_obtained":["Dagger Throw"]},{"damage_healed":62,"gold_gain":0,"player_choice":"Heal","damage_taken":0,"max_hp_gain":0,"max_hp_loss":14,"event_name":"The Moai Head","floor":38,"gold_loss":0},{"damage_healed":0,"gold_gain":0,"player_choice":"Max HP","damage_taken":0,"max_hp_gain":0,"max_hp_loss":3,"event_name":"Winding Halls","floor":46,"gold_loss":0}],"is_beta":false,"boss_relics":[{"not_picked":["Sozu","Astrolabe"],"picked":"WristBlade"},{"not_picked":["Tiny House","SacredBark"],"picked":"Philosopher\u0027s Stone"}],"items_purged_floors":[5,21,36],"is_endless":false,"potions_floor_spawned":[1,8,12,18,20,22,23,41,42],"ascension_level":16}}