{"host":"1zjc08c6hob33401","time":1611406406,"event":{"mods":["AchievementEnabler","Act Like it!","Aspiration","BaseMod","Downfall","Elementarium","Energized Spire","Evolution","Friendly Minions","Gensokyo","GifTheSpireLib","Hubris","Infinite Spire","Jedi Mod","Menagerie","Minty Spire (QoL Compilation)","Pale of the Ancients","Quick Restart","Replay The Spire","Retaliation","Shop Mod","Spire Arcade","StS++","StSLib","Stuff the Spire","The Blue Laboratory","Wandering Minibosses","vexMod","??????REMEMod"],"gold_per_floor":[109,127,147,101,93,93,103,128,128,64,64,66,75,75,75,70,70],"floor_reached":16,"language":"RUS","playtime":1085,"items_purged":[],"score":167,"play_id":"2af84411-f0b7-4d18-bab3-2d284278ad5c","local_time":"20210123145326","is_ascension_mode":true,"campfire_choices":[{"data":"champ:IgnorePain","floor":6.0,"key":"SMITH"},{"floor":11,"key":"REST"},{"floor":15,"key":"REST"}],"circlet_count":0,"master_deck":["AscendersBane","Strike_B","Strike_B","Strike_B","Strike_B","Defend_B","Defend_B","Defend_B","Defend_B","Zap","Dualcast","champ:IgnorePain+1","DDmod:MulticlassingSkill","StSpp:Igniter","Cold Snap","StSpp:Fierceness","Cold Snap","Blizzard","Skim","Conserve Battery","StuffTheSpire:LaunchingStrike"],"relics":["Cracked Core","REME_ComplimentaryCards","MerchantsRug","Carrot","vexMod:InvisibilityCloak","Menagerie:Aurumvore","infinitespire:Lychee Nut"],"acts_visited":["Menagerie:Menagerie"],"potions_floor_usage":[7,13,16],"damage_taken":[{"damage":3.0,"enemies":"Menagerie:2_RABBITS","floor":1.0,"turns":4.0},{"damage":1.0,"enemies":"Menagerie:StygianBoar","floor":2.0,"turns":4.0},{"damage":5.0,"enemies":"Menagerie:MonstrousExperiment","floor":3.0,"turns":4.0},{"damage":39.0,"enemies":"Menagerie:KEEPER_AND_YOUNG_SUNEATER","floor":5.0,"turns":7.0},{"damage":1,"enemies":"Menagerie:STYGIAN_BOAR_AND_WHISPERING_WRAITH","floor":7,"turns":7},{"damage":15,"enemies":"Menagerie:MaskedSummoner","floor":8,"turns":10},{"damage":2,"enemies":"Menagerie:Hexasnake","floor":12,"turns":5},{"damage":20,"enemies":"Menagerie:Hydra","floor":13,"turns":5},{"damage":32,"enemies":"Menagerie:Suneater","floor":16,"turns":6}],"seed_played":"-3239028236720235372","potions_obtained":[{"floor":2.0,"key":"blueLaboratory:TrueEctoplasm"},{"floor":5.0,"key":"EssenceOfSteel"},{"floor":8,"key":"Toxic Potion"},{"floor":13,"key":"blueLaboratory:HummingbirdPotion"}],"is_trial":false,"path_per_floor":["M","M","M","$","M","R","M","E","T","?","R","M","E","?","R","B"],"character_chosen":"DEFECT","items_purchased":["MerchantsRug"],"campfire_rested":2,"item_purchase_floors":[4],"current_hp_per_floor":[65,64,59,59,20,20,19,4,4,4,26,24,4,10,26,0,0],"gold":70,"neow_bonus":"RANDOM_COLORLESS","is_daily":false,"chose_seed":false,"campfire_upgraded":1,"win_rate":0.0,"timestamp":1611406406,"path_taken":["M","M","M","$","M","R","M","E","T","?","R","M","E","?","R","BOSS"],"items_purchased_type":["Relic"],"build_version":"2020-12-22","purchased_purges":0,"victory":false,"max_hp_per_floor":[75,75,75,75,75,75,75,75,75,75,75,75,56,56,56,56,56],"card_choices":[{"not_picked":["Replay:Bootleg Shield Generator","vexMod:EmailVexCard"],"picked":"DDmod:MulticlassingSkill","floor":0.0},{"not_picked":["Consume","Redo"],"picked":"StSpp:Igniter","floor":1.0},{"not_picked":["jedi:BurstFrost","Beam Cell"],"picked":"Cold Snap","floor":2.0},{"not_picked":["Panic Button","Go for the Eyes"],"picked":"StSpp:Fierceness","floor":3.0},{"not_picked":["StuffTheSpire:Plugnplay","Stack"],"picked":"Cold Snap","floor":5.0},{"not_picked":["StSpp:Pointer","Turbo"],"picked":"Blizzard","floor":7},{"not_picked":["Panic Button","Hologram"],"picked":"Skim","floor":8},{"not_picked":["Auto Shields","Barrage"],"picked":"Conserve Battery","floor":12},{"not_picked":["Redo","Consume"],"picked":"StuffTheSpire:LaunchingStrike","floor":13}],"player_experience":658824,"relics_obtained":[{"floor":8,"key":"Carrot"},{"floor":9,"key":"vexMod:InvisibilityCloak"},{"floor":13,"key":"infinitespire:Lychee Nut"}],"event_choices":[{"damage_healed":0,"gold_gain":0,"player_choice":"Pacify","damage_taken":0,"relics_obtained":["Menagerie:Aurumvore"],"max_hp_gain":0,"max_hp_loss":0,"event_name":"Menagerie:ScentOfGold","floor":10,"gold_loss":0}],"is_beta":false,"boss_relics":[],"items_purged_floors":[],"is_endless":false,"potions_floor_spawned":[2,5,8,13],"killed_by":"Menagerie:Suneater","ascension_level":12}}