{"host":"irwdypew7j0recua","time":1611415437,"event":{"mods":["AchievementEnabler","BaseMod","Better Third Choice","Better Vampires","BetterRewards","Conspire","Custom Start","Downfall","Googly Eyes","Hermit","Infinite Spire","KomeijiMod","Marisa????????","Minty Spire (QoL Compilation)","Quick Restart","Rare Cards Sparkle","Reworked Bosses","Shop Mod","Spicy Shops","StSLib","The Construct","The Cursed","The Necromancer","WarShipGirlsR/????R mod"],"gold_per_floor":[117,117,117,117,135,465,465,465,490,515,527,574,586,618,630,747,759,789,286,300,300,319,319,319],"floor_reached":23,"language":"ENG","playtime":1141,"items_purged":["Flechettes"],"score":217,"play_id":"b132c741-b5ea-4b46-b9c4-0f9f6833c637","local_time":"20210123132357","is_ascension_mode":true,"campfire_choices":[{"data":"Glass Knife","floor":7,"key":"SMITH"},{"floor":11,"key":"REST"},{"floor":15,"key":"REST"}],"circlet_count":0,"master_deck":["Survivor","Neutralize+1","Blade Dance","Heel Hook+1","Glass Knife+1","Reflex","Tactician","Calculated Gamble","Die Die Die","Cloak And Dagger","Malaise","Blur","Dodge and Roll","All Out Attack","Noxious Fumes","Prepared","Backflip+1","Terror","Accuracy","Deflect"],"relics":["Ring of the Snake","Old Coin","Whetstone","MawBank","Omamori","Pandora\u0027s Box","Oddly Smooth Stone","HandDrill","ShirouKen"],"acts_visited":["Exordium","TheCity"],"potions_floor_usage":[12,16],"damage_taken":[{"damage":0,"enemies":"2 Louse","floor":1,"turns":4},{"damage":4,"enemies":"Small Slimes","floor":5,"turns":4},{"damage":20,"enemies":"Gremlin Nob","floor":6,"turns":4},{"damage":18,"enemies":"Lagavulin","floor":10,"turns":4},{"damage":14,"enemies":"3 Sentries","floor":12,"turns":5},{"damage":1,"enemies":"Jaw Worm","floor":14,"turns":2},{"damage":16,"enemies":"Hexaghost","floor":16,"turns":9},{"damage":1,"enemies":"Chosen","floor":18,"turns":3},{"damage":19,"enemies":"Spheric Guardian","floor":20,"turns":4},{"damage":11,"enemies":"Snake Plant","floor":22,"turns":4},{"damage":44,"enemies":"Slavers","floor":23,"turns":4}],"seed_played":"-6306352481775435679","potions_obtained":[{"floor":1,"key":"Energy Potion"},{"floor":5,"key":"SneckoOil"},{"floor":14,"key":"Explosive Potion"},{"floor":22,"key":"Poison Potion"}],"is_trial":false,"path_per_floor":["M","?","?","?","M","E","R","?","T","E","R","E","?","M","R","B",null,"M","$","M","?","M","E"],"character_chosen":"THE_SILENT","items_purchased":["Oddly Smooth Stone","HandDrill","ShirouKen","Terror"],"campfire_rested":2,"item_purchase_floors":[19,19,19,19],"current_hp_per_floor":[70,63,63,70,66,46,46,32,32,14,35,21,5,4,25,9,70,69,69,50,50,39,0,0],"gold":319,"neow_bonus":"REMOVE_CARD","is_daily":false,"chose_seed":false,"campfire_upgraded":1,"win_rate":0.0,"timestamp":1611415437,"path_taken":["M","?","?","?","?","E","R","?","T","E","R","E","?","M","R","BOSS","M","$","M","?","M","E"],"items_purchased_type":["Relic","Relic","Relic","Card"],"build_version":"2020-12-22","purchased_purges":1,"victory":false,"max_hp_per_floor":[70,70,70,70,70,70,70,70,70,70,70,70,70,70,70,70,70,70,70,70,70,70,70,70],"card_choices":[{"not_picked":["Predator","Flechettes"],"picked":"Blade Dance","floor":1},{"not_picked":["Quick Slash","Deflect"],"picked":"Heel Hook","floor":5},{"not_picked":["Noxious Fumes","Bane"],"picked":"Glass Knife","floor":6},{"not_picked":["Dodge and Roll","Poisoned Stab"],"picked":"Reflex","floor":10},{"not_picked":["Bane","Deadly Poison"],"picked":"Tactician","floor":12},{"not_picked":["Deflect","Predator"],"picked":"Calculated Gamble","floor":14},{"not_picked":["Adrenaline","Phantasmal Killer"],"picked":"Die Die Die","floor":16},{"not_picked":["Flechettes+1","Prepared"],"picked":"Backflip+1","floor":18},{"not_picked":["Choke+1","Sucker Punch","Backflip"],"picked":"SKIP","floor":20},{"not_picked":["Catalyst","Terror"],"picked":"Deflect","floor":22}],"player_experience":169022,"relics_obtained":[{"floor":6,"key":"Old Coin"},{"floor":9,"key":"Whetstone"},{"floor":10,"key":"MawBank"},{"floor":12,"key":"Omamori"}],"event_choices":[{"cards_removed":["Strike_G"],"damage_healed":0,"gold_gain":0,"player_choice":"Card Removal","damage_taken":7,"max_hp_gain":0,"max_hp_loss":0,"event_name":"Golden Wing","floor":2,"gold_loss":0},{"damage_healed":0,"gold_gain":0,"player_choice":"Agree","damage_taken":0,"max_hp_gain":0,"max_hp_loss":0,"event_name":"conspire:LoneGhost","floor":3,"gold_loss":0},{"damage_healed":46,"gold_gain":0,"player_choice":"Upgrade","damage_taken":14,"max_hp_gain":0,"max_hp_loss":70,"event_name":"betterThird:BetterShining","floor":8,"gold_loss":0,"cards_upgraded":["conspire:GhostlyStrike","conspire:GhostlyStrike"]},{"damage_healed":0,"gold_gain":0,"player_choice":"Read","damage_taken":0,"max_hp_gain":0,"max_hp_loss":0,"event_name":"The Library","floor":21,"gold_loss":0,"cards_obtained":["Accuracy"]}],"is_beta":false,"boss_relics":[{"not_picked":["Coffee Dripper","construct:WeddingRing"],"picked":"Pandora\u0027s Box"}],"items_purged_floors":[19],"is_endless":false,"potions_floor_spawned":[1,5,14,22],"killed_by":"Slavers","ascension_level":1}}