{"host":"fqepcc6wiujntn7y","time":1611398811,"event":{"mods":["AchievementEnabler","BaseMod","Minty Spire (QoL Compilation)","Quick Restart","Replay The Spire","StSLib","The Jungle"],"gold_per_floor":[112,125,184,199,219,246,246,266,266,276,52,52,67,92,92,194,194,213,231,251,263,263,592,386,412,424,468,480,518,530,574,586,703,715,743,585,545,558,169,202,202,236,236,236,252,252,264,276,276,276],"floor_reached":51,"language":"ENG","playtime":3815,"items_purged":[],"score":967,"play_id":"603f06ec-8fd8-421d-b4a2-308134022be0","local_time":"20210123104651","daily_mods":["Draft","Heirloom","DeadlyEvents"],"is_ascension_mode":false,"campfire_choices":[{"floor":7,"key":"REST"},{"floor":12,"key":"REST"},{"data":"Bouncing Flask","floor":15,"key":"SMITH"},{"floor":28,"key":"REST"},{"floor":30,"key":"REST"},{"floor":32,"key":"REST"},{"floor":44,"key":"REST"},{"data":"Apotheosis","floor":46,"key":"SMITH"},{"data":"Atom Bomb","floor":49,"key":"SMITH"}],"circlet_count":0,"master_deck":["Poisoned Stab","Hidden Blade+1","Poisoned Stab+1","Outmaneuver","Deadly Poison","Bane","Deadly Poison","Poisoned Stab","Blade Dance","Cloak And Dagger","Dodge and Roll","Dagger Spray","Fluid Movement","Noxious Fumes","Bane","Draining Mist","Skewer","Bouncing Flask+1","PiercingWail","Backflip+1","Flying Knee","Flechettes","Backflip","Footwork+1","Backstab","Concentrate","Bane","Atom Bomb+1","Caltrops+1","Crippling Poison","Accuracy+1","Toxin Wave+1","Infinite Blades","Bane","Flechettes+1","Dodge and Roll","Blur+1","ReplayTheSpireMod:Speed Training","Distraction+1","Deadly Poison+1","Envenom","Doubt","Doubt","Replay:Hysterical Blindness","Apotheosis+1","Envenom","Caltrops","Blade Dance","Cloak And Dagger","Cloak And Dagger","Poisoned Stab","Dodge and Roll+1","Crippling Poison","Choke","Sucker Punch+1"],"relics":["Ring of the Snake","The Specimen","Blue Doll","Matryoshka","Potion Belt","Vampiric Spirits","Lantern","TungstenRod","Sozu","Old Coin","BargainBundle","MawBank","Ancient Tea Set","Question Card","Shuriken","Happy Flower","Pantograph","Replay:Ancient Bell","Snake Skull","HornCleat","Counterbalance","Bird Faced Urn","Strawberry","White Beast Statue","Gremlin Food","Bottled Flame"],"acts_visited":["Exordium","TheCity","TheBeyond"],"potions_floor_usage":[5,6,10,16,16,16,50,50],"damage_taken":[{"damage":1,"enemies":"2 Louse","floor":1,"turns":3},{"damage":0,"enemies":"Small Slimes","floor":2,"turns":3},{"damage":8,"enemies":"Jaw Worm","floor":4,"turns":3},{"damage":19,"enemies":"Exordium Thugs","floor":5,"turns":3},{"damage":12,"enemies":"Lagavulin","floor":6,"turns":4},{"damage":18,"enemies":"Lots of Slimes","floor":8,"turns":3},{"damage":1,"enemies":"3 Louse","floor":10,"turns":2},{"damage":10,"enemies":"Red Slaver","floor":13,"turns":2},{"damage":0,"enemies":"Gremlin Nob","floor":14,"turns":3},{"damage":7,"enemies":"Slime Boss","floor":16,"turns":6},{"damage":15,"enemies":"Shell Parasite","floor":18,"turns":3},{"damage":4,"enemies":"Chosen","floor":19,"turns":3},{"damage":6,"enemies":"Snecko","floor":20,"turns":3},{"damage":8,"enemies":"Centurion and Healer","floor":21,"turns":4},{"damage":2,"enemies":"Replay:Snechameleon","floor":23,"turns":4},{"damage":26,"enemies":"Gremlin Leader","floor":25,"turns":6},{"damage":11,"enemies":"Replay:Snechameleon","floor":27,"turns":5},{"damage":27,"enemies":"Book of Stabbing","floor":29,"turns":4},{"damage":14,"enemies":"Gremlin Leader","floor":31,"turns":4},{"damage":17,"enemies":"Pondfish","floor":33,"turns":8},{"damage":4,"enemies":"Orb Walker","floor":35,"turns":3},{"damage":0,"enemies":"3 Shapes","floor":38,"turns":2},{"damage":20,"enemies":"Nemesis","floor":40,"turns":5},{"damage":12,"enemies":"Giant Head","floor":42,"turns":5},{"damage":19,"enemies":"Transient","floor":45,"turns":5},{"damage":9,"enemies":"Jaw Worm Horde","floor":47,"turns":3},{"damage":6,"enemies":"4 Shapes","floor":48,"turns":4},{"damage":43,"enemies":"Donu and Deca","floor":50,"turns":7}],"seed_played":"-6699345696160500151","potions_obtained":[{"floor":1,"key":"Energy Potion"},{"floor":3,"key":"Flashbang"},{"floor":3,"key":"DistilledChaos"},{"floor":8,"key":"EntropicBrew"},{"floor":10,"key":"Energy Potion"},{"floor":13,"key":"Weak Potion"}],"is_trial":true,"path_per_floor":["M","M","?","M","M","E","R","M","T","M","$","R","M","E","R","B",null,"M","M","M","M","?","E","$","E","T","E","R","E","R","E","R","B",null,"M","$","?","M","$","E","T","E","T","R","M","R","M","M","R","B",null],"character_chosen":"THE_SILENT","items_purchased":["Lantern","Footwork+1","Backstab","BargainBundle","Bane","Flechettes+1","Dodge and Roll","Apotheosis","Bird Faced Urn","Caltrops","Blade Dance","Cloak And Dagger"],"campfire_rested":6,"item_purchase_floors":[11,11,11,24,24,24,24,36,39,39,39,39],"current_hp_per_floor":[69,69,69,61,42,30,51,33,33,34,34,55,48,52,52,50,70,55,53,49,49,49,52,52,33,33,25,46,23,44,35,56,53,70,66,66,66,70,70,61,61,64,64,77,58,58,69,73,73,48],"gold":276,"neow_bonus":"","is_daily":false,"chose_seed":false,"campfire_upgraded":3,"win_rate":0.0,"timestamp":1611398811,"path_taken":["M","M","?","M","M","E","R","M","T","M","$","R","?","?","R","BOSS","M","M","?","M","?","E","$","E","T","E","R","E","R","?","R","BOSS","M","$","?","?","$","E","?","E","T","R","M","R","M","M","R","BOSS"],"items_purchased_type":["Relic","Card","Card","Relic","Card","Card","Card","Card","Relic","Card","Card","Card"],"build_version":"2020-12-22","purchased_purges":0,"victory":true,"max_hp_per_floor":[70,70,70,70,70,70,70,70,70,70,70,70,70,70,70,70,70,70,70,70,70,70,70,70,70,70,70,70,70,70,70,70,70,70,70,70,70,70,70,77,77,77,77,77,77,77,77,77,77,77],"card_choices":[{"not_picked":["Predator","ReplayTheSpireMod:The Works"],"picked":"Poisoned Stab","floor":0},{"not_picked":["Dodge and Roll","Sucker Punch"],"picked":"Hidden Blade","floor":0},{"not_picked":["Deadly Poison","Deflect"],"picked":"Poisoned Stab","floor":0},{"not_picked":["Dagger Spray","Hidden Blade"],"picked":"Outmaneuver","floor":0},{"not_picked":["Choke","Prepared"],"picked":"Deadly Poison","floor":0},{"not_picked":["Dodge and Roll","Quick Slash"],"picked":"Bane","floor":0},{"not_picked":["Dodge and Roll","ReplayTheSpireMod:Exploit Weakness"],"picked":"Deadly Poison","floor":0},{"not_picked":["Masterful Stab","Concentrate"],"picked":"Poisoned Stab","floor":0},{"not_picked":["Quick Slash","Poisoned Stab"],"picked":"Blade Dance","floor":0},{"not_picked":["Bane","Dagger Spray"],"picked":"Cloak And Dagger","floor":0},{"not_picked":["Quick Slash","Dagger Throw"],"picked":"Dodge and Roll","floor":0},{"not_picked":["Expertise","Prepared"],"picked":"Dagger Spray","floor":0},{"not_picked":["Dodge and Roll","Backflip"],"picked":"Fluid Movement","floor":0},{"not_picked":["Flying Knee","Calculated Gamble"],"picked":"Noxious Fumes","floor":0},{"not_picked":["Quick Slash","Riddle With Holes"],"picked":"Bane","floor":0},{"not_picked":["Heel Hook","ReplayTheSpireMod:Tripwire"],"picked":"Draining Mist","floor":1},{"not_picked":["Hidden Blade","Blur"],"picked":"Skewer","floor":2},{"not_picked":["Cloak And Dagger","Outmaneuver"],"picked":"Bouncing Flask","floor":3},{"not_picked":["Outmaneuver","Dagger Spray"],"picked":"PiercingWail","floor":4},{"not_picked":["ReplayTheSpireMod:The Works","Flying Knee"],"picked":"Backflip","floor":5},{"not_picked":["Deflect","Blur"],"picked":"Flying Knee","floor":6},{"not_picked":["Replay:Bag of Tricks","Dodge and Roll"],"picked":"Flechettes","floor":8},{"not_picked":["Quick Slash","Caltrops"],"picked":"Backflip","floor":10},{"not_picked":["Heel Hook","Slice"],"picked":"Concentrate","floor":13},{"not_picked":["Terror","Sucker Punch"],"picked":"Bane","floor":14},{"not_picked":["Venomology","Corpse Explosion"],"picked":"Atom Bomb","floor":16},{"not_picked":["Slice","Underhanded Strike"],"picked":"Caltrops+1","floor":18},{"not_picked":["Acrobatics+1","Replay:Poison Smokescreen"],"picked":"Crippling Poison","floor":19},{"not_picked":["Riddle With Holes","Prepared"],"picked":"Accuracy+1","floor":20},{"not_picked":["Deadly Poison","Acrobatics+1"],"picked":"Toxin Wave+1","floor":21},{"not_picked":["Masterful Stab","Deflect"],"picked":"Infinite Blades","floor":23},{"not_picked":["Unload","Prepared"],"picked":"Blur+1","floor":25},{"not_picked":["All Out Attack","Terror","Prepared"],"picked":"ReplayTheSpireMod:Speed Training","floor":27},{"not_picked":["ReplayTheSpireMod:The Works","Concentrate+1","ReplayTheSpireMod:Shiv Toss+1"],"picked":"Distraction+1","floor":29},{"not_picked":["ReplayTheSpireMod:The Works","Flying Knee","Venomology"],"picked":"Deadly Poison+1","floor":31},{"not_picked":["Replay:Bag of Tricks","Doppelganger","After Image"],"picked":"Envenom","floor":33},{"not_picked":["Spreading Infection","ReplayTheSpireMod:Faulty Equipment","ReplayTheSpireMod:Doomed"],"picked":"Doubt","floor":34},{"not_picked":["Amnesia","Languid","CurseOfTheBell"],"picked":"Doubt","floor":34},{"not_picked":["Clumsy","ReplayTheSpireMod:Splinters","Hallucinations"],"picked":"Replay:Hysterical Blindness","floor":34},{"not_picked":["Reflex+1","Sneak Up","Prepared","Flechettes+1"],"picked":"SKIP","floor":35},{"not_picked":["Dagger Spray","Bane","ReplayTheSpireMod:Shiv Toss"],"picked":"Envenom","floor":38},{"not_picked":["Masterful Stab","Outmaneuver+1","Bane+1"],"picked":"Poisoned Stab","floor":40},{"not_picked":["Skewer+1","Quick Slash+1","Prepared+1"],"picked":"Dodge and Roll+1","floor":42},{"not_picked":["Well Laid Plans+1","Sneak Up+1","Endless Agony"],"picked":"Crippling Poison","floor":45},{"not_picked":["Backflip+1","Concentrate+1","Predator"],"picked":"Choke","floor":47},{"not_picked":["ReplayTheSpireMod:Tripwire","Deflect+1","Prepared+1"],"picked":"Sucker Punch+1","floor":48}],"player_experience":63748,"relics_obtained":[{"floor":3,"key":"Blue Doll"},{"floor":6,"key":"Matryoshka"},{"floor":9,"key":"Potion Belt"},{"floor":9,"key":"Vampiric Spirits"},{"floor":14,"key":"TungstenRod"},{"floor":23,"key":"Old Coin"},{"floor":25,"key":"MawBank"},{"floor":26,"key":"Ancient Tea Set"},{"floor":26,"key":"Question Card"},{"floor":27,"key":"Shuriken"},{"floor":29,"key":"Happy Flower"},{"floor":31,"key":"Pantograph"},{"floor":40,"key":"Strawberry"},{"floor":41,"key":"White Beast Statue"},{"floor":42,"key":"Gremlin Food"},{"floor":43,"key":"Bottled Flame"}],"event_choices":[{"damage_healed":0,"gold_gain":0,"player_choice":"Ignored","damage_taken":0,"max_hp_gain":0,"max_hp_loss":0,"event_name":"NoteForYourself","floor":22,"gold_loss":0},{"damage_healed":0,"gold_gain":0,"player_choice":"Upgraded Two","damage_taken":0,"max_hp_gain":0,"max_hp_loss":0,"event_name":"Designer","floor":37,"gold_loss":40,"cards_upgraded":["Poisoned Stab","Backflip"]}],"is_beta":false,"boss_relics":[{"not_picked":["Abe\u0027s Treasure","Runic Dome"],"picked":"Sozu"},{"not_picked":["Kintsugi","Fusion Hammer"],"picked":"Replay:Ancient Bell"},{"not_picked":["Replay:Rubber Ducky","Dream Catcher"],"picked":"Snake Skull"},{"not_picked":["ReplayTheSpireMod:Ninjato","Mummified Hand"],"picked":"HornCleat"},{"not_picked":["Tough Bandages","Replay:PocketPolymizer"],"picked":"Counterbalance"}],"items_purged_floors":[],"is_endless":false,"potions_floor_spawned":[1,4,8,10,13,20,21,33,38,42,45,47,48],"ascension_level":0}}