{"host":"n91kx4xj3dn3811n","time":1611368908,"event":{"mods":["Act Like it!","BaseMod","Colored Powertips","Highlight Path","Minty Spire (QoL Compilation)","MostiFishMod","Quick Restart","RumiaBox-露米娅的神秘盒子","Spicy Shops","StSLib","TestMod","Waifu the Spire","[IsaacMod]以撒尖塔"],"gold_per_floor":[114,125,136,155,165,196,196,224,251,251,286,249,649,662,662,760,760,791,829,312,347,381,425,425,425,425,439,439,439,439],"floor_reached":29,"language":"ZHS","playtime":2278,"items_purged":["Injury","Defend_G"],"score":928,"play_id":"012cebc4-c5ab-4912-a442-393856afd7fb","local_time":"20210123102828","is_ascension_mode":true,"campfire_choices":[{"data":"Noxious Fumes","floor":7,"key":"SMITH"},{"data":"MostiFishMod:Opportunism","floor":15,"key":"SMITH"},{"data":"Infinite Blades","floor":25,"key":"SMITH"},{"data":"MostiFishMod:ShivMaster","floor":28,"key":"SMITH"}],"circlet_count":0,"master_deck":["AscendersBane","Strike_G","Strike_G","Strike_G","Strike_G","Strike_G","Defend_G","Defend_G","Defend_G","Defend_G","Survivor","Neutralize","MostiFishMod:Opportunism+1","Backflip","Noxious Fumes+1","Dagger Spray","MostiFishMod:PreservedThorns","Choke","MostiFishMod:ShivMaster+1","Finisher","MostiFishMod:PreservedThorns","Bane","Corpse Explosion","Venomology","Envenom","A Thousand Cuts","Adrenaline","MostiFishMod:SpreadingSpore","MostiFishMod:Neurotoxin","Infinite Blades+1","Cloak And Dagger"],"relics":["Ring of the Snake","testmod-TestBox","HushsDoor","BFFS","testmod-CardMagician","NightmareShop","SynthV:TestCard","Anchor","testmod-TurbochargingSystem","Golden Idol","Oddly Smooth Stone","ChampionBelt","Strawberry","Blood Vial","SteamSale","ZombieArmy","testmod-Antiphasic","White Beast Statue","BelialBook","Sundial"],"acts_visited":["Exordium","TheCity"],"potions_floor_usage":[19,23,23,29,29],"damage_taken":[{"damage":0,"enemies":"Cultist","floor":1,"turns":5},{"damage":4,"enemies":"Jaw Worm","floor":2,"turns":5},{"damage":0,"enemies":"Small Slimes","floor":3,"turns":3},{"damage":2,"enemies":"2 Fungi Beasts","floor":4,"turns":3},{"damage":0,"enemies":"3 Louse","floor":5,"turns":2},{"damage":0,"enemies":"Gremlin Nob","floor":6,"turns":3},{"damage":24,"enemies":"3 Sentries","floor":8,"turns":3},{"damage":2,"enemies":"Gremlin Nob","floor":11,"turns":3},{"damage":3,"enemies":"Exordium Thugs","floor":14,"turns":3},{"damage":1,"enemies":"Slime Boss","floor":16,"turns":5},{"damage":1,"enemies":"Gremlin Leader","floor":18,"turns":3},{"damage":25,"enemies":"Book of Stabbing","floor":19,"turns":4},{"damage":14,"enemies":"Slavers","floor":21,"turns":2},{"damage":15,"enemies":"Book of Stabbing","floor":22,"turns":3},{"damage":0,"enemies":"Slavers","floor":23,"turns":2},{"damage":0,"enemies":"Chosen","floor":27,"turns":3},{"damage":32,"enemies":"Book of Stabbing","floor":29,"turns":4}],"seed_played":"5795024225038378289","potions_obtained":[{"floor":6,"key":"DistilledChaos"},{"floor":8,"key":"Swift Potion"},{"floor":11,"key":"testmod-TestPotion"},{"floor":23,"key":"SteroidPotion"},{"floor":27,"key":"CultistPotion"}],"is_trial":false,"path_per_floor":["M","M","M","M","M","E","R","E","T","?","E","?","?","M","R","B",null,"M","M","$","M","M","E","?","R","T","M","R","M"],"character_chosen":"THE_SILENT","items_purchased":["Venomology","SteamSale","ZombieArmy","Adrenaline","MostiFishMod:SpreadingSpore"],"campfire_rested":0,"item_purchase_floors":[17,20,20,20,20],"current_hp_per_floor":[59,55,55,53,53,53,53,29,29,29,27,27,27,24,24,23,49,55,30,30,18,5,9,22,22,22,24,24,0,0],"gold":439,"neow_bonus":"ONE_RANDOM_RARE_CARD","is_daily":false,"chose_seed":false,"campfire_upgraded":4,"win_rate":0.0,"timestamp":1611368908,"path_taken":["M","M","M","M","?","E","R","E","T","?","E","?","?","M","R","BOSS","M","M","$","M","M","E","?","R","T","M","R","M"],"items_purchased_type":["Card","Relic","Relic","Card","Card"],"build_version":"2020-12-22","purchased_purges":2,"victory":false,"max_hp_per_floor":[66,66,66,66,66,66,66,66,66,66,66,66,66,66,66,66,57,64,64,64,64,64,64,64,64,64,64,64,69,69],"card_choices":[{"not_picked":[],"picked":"Bomb","floor":0},{"not_picked":["MostiFishMod:ThornCasing","Bomb"],"picked":"Backflip","floor":1},{"not_picked":["Calculated Gamble","Flechettes","Bomb","Bane"],"picked":"Noxious Fumes","floor":2},{"not_picked":["Setup","Sucker Punch","Expertise","Storm of Steel"],"picked":"Dagger Spray","floor":3},{"not_picked":["Endless Agony","Blur","Accuracy","Skewer"],"picked":"MostiFishMod:PreservedThorns","floor":4},{"not_picked":["Bomb","Concentrate","Slice","Blur"],"picked":"Choke","floor":5},{"not_picked":["MostiFishMod:PerfectParry","MostiFishMod:PoisonShield","Outmaneuver","MostiFishMod:InvigoratingSolution"],"picked":"MostiFishMod:ShivMaster","floor":6},{"not_picked":["Dash","Bomb","Calculated Gamble","Bouncing Flask"],"picked":"Finisher","floor":8},{"not_picked":["Predator","Acrobatics","Heel Hook","Distraction"],"picked":"MostiFishMod:PreservedThorns","floor":11},{"not_picked":["Poisoned Stab","MostiFishMod:PerfectParry","Outmaneuver","Deadly Poison"],"picked":"Bane","floor":14},{"not_picked":["MostiFishMod:Dislodge","Tools of the Trade","MostiFishMod:FullyArmed","Doppelganger"],"picked":"Corpse Explosion","floor":16},{"not_picked":["Backstab","All Out Attack","Crippling Poison","Dagger Throw"],"picked":"Envenom","floor":18},{"not_picked":["Tools of the Trade","Eviscerate","MostiFishMod:PoisonShield+1","Footwork"],"picked":"A Thousand Cuts","floor":19},{"not_picked":["Backflip","Heel Hook","Dagger Spray","Flying Knee"],"picked":"MostiFishMod:Neurotoxin","floor":21},{"not_picked":["MostiFishMod:Neurotoxin","Catalyst","Acrobatics","Poisoned Stab"],"picked":"Infinite Blades","floor":22},{"not_picked":["Dodge and Roll","Bane","Expertise","All Out Attack"],"picked":"Cloak And Dagger","floor":23},{"not_picked":["Well Laid Plans","Acrobatics","Dodge and Roll","Deflect","Sucker Punch"],"picked":"SKIP","floor":27},{"not_picked":["Well Laid Plans","Acrobatics","Dodge and Roll","Deflect","Sucker Punch"],"picked":"SKIP","floor":27}],"player_experience":163241,"relics_obtained":[{"floor":1,"key":"SynthV:TestCard"},{"floor":6,"key":"Anchor"},{"floor":8,"key":"testmod-TurbochargingSystem"},{"floor":11,"key":"Oddly Smooth Stone"},{"floor":18,"key":"Strawberry"},{"floor":19,"key":"Blood Vial"},{"floor":21,"key":"testmod-Antiphasic"},{"floor":22,"key":"White Beast Statue"},{"floor":23,"key":"BelialBook"},{"floor":26,"key":"Sundial"}],"event_choices":[{"damage_healed":0,"gold_gain":0,"player_choice":"Take Wound","damage_taken":0,"relics_obtained":["Golden Idol"],"max_hp_gain":0,"max_hp_loss":0,"event_name":"Golden Idol","floor":10,"gold_loss":0,"cards_obtained":["Injury"]},{"damage_healed":0,"gold_gain":0,"player_choice":"Left Gold","damage_taken":0,"max_hp_gain":0,"max_hp_loss":0,"event_name":"World of Goop","floor":12,"gold_loss":37},{"damage_healed":0,"gold_gain":400,"player_choice":"Sell","damage_taken":0,"max_hp_gain":0,"max_hp_loss":0,"event_name":"恩洛斯的盘子","floor":13,"relics_lost":["DaveBox"],"gold_loss":0},{"damage_healed":13,"gold_gain":0,"player_choice":"Heal","damage_taken":0,"max_hp_gain":0,"max_hp_loss":0,"event_name":"The Library","floor":24,"gold_loss":0}],"is_beta":false,"boss_relics":[{"not_picked":["testmod-HarvestTotem","Runic Dome"],"picked":"ChampionBelt"},{"not_picked":[]}],"items_purged_floors":[17,20],"is_endless":false,"potions_floor_spawned":[6,8,11,14,16,18,19,21,23,27],"killed_by":"Book of Stabbing","ascension_level":20}}