{"host":"bxn2em57qlx5u4i0","time":1611375663,"event":{"mods":["BaseMod","Colored Map","Colored Powertips","Highlight Path","Minty Spire (QoL Compilation)","Random Character Button","Relic Sorter","Relic Stats","StSLib","SuperFastMode"],"gold_per_floor":[110,110,110,75,75,106,141,172,172,172,215,253,286,361,361,451,451,470,470,483,483,502,536,576,620,620,620,172,172,205,205,205,298,298,316,159,159,159,190,224,257,257,257,290,356,390,428,472,484,496,508,520,532,30,73,73],"floor_reached":57,"language":"ENG","playtime":1744,"items_purged":[],"score":4380,"play_id":"9fd23812-f3d4-4bb3-a771-a3cf9d051ad8","local_time":"20210122232103","daily_mods":["SealedDeck","Flight","Binary"],"is_ascension_mode":true,"campfire_choices":[{"data":"Beam Cell","floor":10,"key":"SMITH"},{"data":"Coolheaded","floor":15,"key":"SMITH"},{"data":"Gash","floor":29,"key":"SMITH"},{"data":"Leap","floor":32,"key":"SMITH"},{"floor":42,"key":"RECALL"},{"floor":49,"key":"REST"},{"floor":53,"key":"REST"}],"circlet_count":0,"master_deck":["AscendersBane","Chill+1","Leap+1","Hologram+1","Skim+1","Coolheaded+1","Gash+1","Beam Cell+1","Gash+1","Glacier+1","Consume+1","Capacitor+1","Self Repair+1","Capacitor+1","Loop+1"],"relics":["Cracked Core","Busted Crown","Letter Opener","Golden Idol","Matryoshka","Kunai","Bottled Lightning","Boot","White Beast Statue","Emotion Chip","MealTicket","Gremlin Horn","Black Star","Dream Catcher","Blue Candle","Centennial Puzzle","Calipers","Juzu Bracelet","Akabeko","Frozen Egg 2","PreservedInsect","Singing Bowl","Pantograph","InkBottle","Shuriken","Sozu","Vajra","Prayer Wheel","The Courier","Art of War","Darkstone Periapt","War Paint","Eternal Feather","Omamori","Mercury Hourglass","TungstenRod","FossilizedHelix","Blood Vial","Sundial","Cables","Regal Pillow","MawBank","Bag of Marbles","Nunchaku","StrikeDummy"],"acts_visited":["Exordium","TheCity","TheBeyond","TheEnding"],"potions_floor_usage":[25,56,56],"damage_taken":[{"damage":0,"enemies":"Cultist","floor":1,"turns":3},{"damage":0,"enemies":"Gremlin Nob","floor":6,"turns":3},{"damage":8,"enemies":"3 Sentries","floor":7,"turns":9},{"damage":0,"enemies":"Lagavulin","floor":8,"turns":3},{"damage":0,"enemies":"Gremlin Nob","floor":11,"turns":3},{"damage":0,"enemies":"Lagavulin","floor":12,"turns":4},{"damage":0,"enemies":"Gremlin Nob","floor":13,"turns":3},{"damage":0,"enemies":"Hexaghost","floor":16,"turns":4},{"damage":2,"enemies":"2 Thieves","floor":18,"turns":2},{"damage":0,"enemies":"Spheric Guardian","floor":20,"turns":3},{"damage":0,"enemies":"Snecko","floor":22,"turns":4},{"damage":0,"enemies":"Book of Stabbing","floor":23,"turns":3},{"damage":0,"enemies":"Gremlin Leader","floor":24,"turns":3},{"damage":0,"enemies":"Slavers","floor":25,"turns":8},{"damage":0,"enemies":"Book of Stabbing","floor":30,"turns":2},{"damage":0,"enemies":"Collector","floor":33,"turns":3},{"damage":0,"enemies":"3 Shapes","floor":35,"turns":1},{"damage":0,"enemies":"Mind Bloom Boss Battle","floor":39,"turns":3},{"damage":0,"enemies":"Nemesis","floor":40,"turns":3},{"damage":0,"enemies":"Giant Head","floor":41,"turns":4},{"damage":0,"enemies":"Nemesis","floor":44,"turns":3},{"damage":0,"enemies":"2 Orb Walkers","floor":45,"turns":3},{"damage":0,"enemies":"Giant Head","floor":46,"turns":3},{"damage":0,"enemies":"Reptomancer","floor":47,"turns":2},{"damage":0,"enemies":"Giant Head","floor":48,"turns":3},{"damage":0,"enemies":"Awakened One","floor":50,"turns":4},{"damage":0,"enemies":"Time Eater","floor":51,"turns":10},{"damage":9,"enemies":"Shield and Spear","floor":55,"turns":5},{"damage":25,"enemies":"The Heart","floor":56,"turns":10}],"seed_played":"-5047374442507879276","potions_obtained":[{"floor":1,"key":"SteroidPotion"},{"floor":6,"key":"DuplicationPotion"},{"floor":13,"key":"SkillPotion"},{"floor":25,"key":"BlessingOfTheForge"},{"floor":30,"key":"SkillPotion"}],"is_trial":true,"path_per_floor":["M","T","?","?","?","E","E","E","T","R","E","E","E","?","R","B",null,"M","?","M","?","M","E","E","E","T","?","$","R","E","T","R","B",null,"M","$","?","?","?","E","E","R","T","E","?","E","E","E","R","B","B",null,"R","$","E","B",null],"character_chosen":"DEFECT","items_purchased":["PreservedInsect","Singing Bowl","Vajra","Capacitor+1","Bag of Marbles","Nunchaku","Self Repair+1","Capacitor+1","Loop+1"],"campfire_rested":2,"item_purchase_floors":[28,28,36,54,54,54,54,54,54],"current_hp_per_floor":[64,64,43,60,60,60,52,52,52,52,52,52,52,41,41,41,58,56,56,56,56,56,56,56,56,56,56,64,64,64,64,64,64,64,64,64,54,54,64,64,64,64,64,64,64,64,64,64,64,64,64,64,64,64,64,49],"gold":73,"neow_bonus":"","is_daily":false,"chose_seed":false,"campfire_upgraded":4,"win_rate":0.0,"timestamp":1611375663,"path_taken":["M","?","?","?","?","E","E","E","T","R","E","E","E","?","R","BOSS","M","?","?","?","?","E","E","E","T","?","$","R","E","?","R","BOSS","M","$","?","?","?","E","E","R","T","E","?","E","E","E","R","BOSS","BOSS","R","$","E","BOSS"],"items_purchased_type":["Relic","Relic","Relic","Card","Relic","Relic","Card","Card","Card"],"build_version":"2020-12-22","purchased_purges":0,"victory":true,"max_hp_per_floor":[71,71,71,71,64,64,64,64,64,64,64,64,64,64,64,64,64,64,64,64,64,64,64,64,64,64,64,64,64,64,64,64,64,64,64,64,64,64,64,64,64,64,64,64,64,64,64,64,64,64,64,64,64,64,64,64],"relic_stats":{"Darkstone Periapt":0,"Regal Pillow":0,"Gremlin Horn":[18,18],"Singing Bowl":0,"Juzu Bracelet":1,"Boot":[50],"Sozu":10,"Blood Vial":0,"Emotion Chip":[14,2,12,0,0],"Dream Catcher":2,"Centennial Puzzle":[6],"Nunchaku":[3],"Sundial":[24],"Pantograph":10,"MealTicket":8,"Prayer Wheel":0,"Kunai":[83],"InkBottle":[42],"counters":[29,114],"Golden Idol":256,"Blue Candle":[0],"Eternal Feather":0,"PreservedInsect":671,"Letter Opener":[450],"War Paint":["Hologram","Chill"],"MawBank":72,"Mercury Hourglass":[147],"Cables":[31,8,23,0,0],"Busted Crown":62,"Shuriken":[54],"Black Star":11,"Art of War":[3],"obtain_stats":[{"Darkstone Periapt":41,"Regal Pillow":48,"Calipers":24,"Gremlin Horn":13,"Singing Bowl":28,"Vajra":36,"Juzu Bracelet":25,"Boot":9,"Sozu":34,"Blood Vial":46,"Emotion Chip":11,"Dream Catcher":23,"Centennial Puzzle":24,"Nunchaku":54,"Matryoshka":6,"Sundial":47,"Pantograph":30,"MealTicket":12,"Prayer Wheel":39,"Kunai":7,"Cracked Core":0,"InkBottle":30,"Golden Idol":5,"Blue Candle":23,"Eternal Feather":43,"PreservedInsect":28,"The Courier":40,"Omamori":44,"Letter Opener":2,"Frozen Egg 2":26,"War Paint":41,"MawBank":48,"White Beast Statue":9,"Akabeko":25,"Mercury Hourglass":44,"Cables":47,"Busted Crown":0,"Shuriken":31,"Black Star":17,"Art of War":40,"Bag of Marbles":54,"Bottled Lightning":8,"StrikeDummy":55,"TungstenRod":45,"FossilizedHelix":46},{"Darkstone Periapt":20,"Regal Pillow":25,"Calipers":13,"Gremlin Horn":7,"Singing Bowl":14,"Vajra":17,"Juzu Bracelet":14,"Boot":4,"Sozu":16,"Blood Vial":23,"Emotion Chip":5,"Dream Catcher":12,"Centennial Puzzle":13,"Nunchaku":27,"Matryoshka":2,"Sundial":24,"Pantograph":15,"MealTicket":6,"Prayer Wheel":18,"Kunai":3,"Cracked Core":0,"InkBottle":15,"Golden Idol":1,"Blue Candle":12,"Eternal Feather":20,"PreservedInsect":14,"The Courier":19,"Omamori":21,"Letter Opener":1,"Frozen Egg 2":14,"War Paint":20,"MawBank":25,"White Beast Statue":4,"Akabeko":14,"Mercury Hourglass":21,"Cables":24,"Busted Crown":0,"Shuriken":15,"Black Star":8,"Art of War":19,"Bag of Marbles":27,"Bottled Lightning":4,"StrikeDummy":28,"TungstenRod":22,"FossilizedHelix":23},{"Darkstone Periapt":71,"Regal Pillow":85,"Calipers":47,"Gremlin Horn":28,"Singing Bowl":55,"Vajra":61,"Juzu Bracelet":55,"Boot":18,"Sozu":60,"Blood Vial":80,"Emotion Chip":21,"Dream Catcher":44,"Centennial Puzzle":47,"Nunchaku":99,"Matryoshka":6,"Sundial":82,"Pantograph":57,"MealTicket":25,"Prayer Wheel":64,"Kunai":15,"Cracked Core":0,"InkBottle":57,"Golden Idol":3,"Blue Candle":44,"Eternal Feather":71,"PreservedInsect":55,"The Courier":67,"Omamori":74,"Letter Opener":3,"Frozen Egg 2":55,"War Paint":71,"MawBank":85,"White Beast Statue":18,"Akabeko":55,"Mercury Hourglass":74,"Cables":82,"Busted Crown":0,"Shuriken":57,"Black Star":32,"Art of War":67,"Bag of Marbles":99,"Bottled Lightning":18,"StrikeDummy":104,"TungstenRod":77,"FossilizedHelix":80}],"TungstenRod":16},"card_choices":[],"player_experience":2916389,"relics_obtained":[{"floor":2,"key":"Letter Opener"},{"floor":6,"key":"Matryoshka"},{"floor":7,"key":"Kunai"},{"floor":8,"key":"Bottled Lightning"},{"floor":9,"key":"Boot"},{"floor":9,"key":"White Beast Statue"},{"floor":11,"key":"Emotion Chip"},{"floor":12,"key":"MealTicket"},{"floor":13,"key":"Gremlin Horn"},{"floor":23,"key":"Dream Catcher"},{"floor":23,"key":"Blue Candle"},{"floor":24,"key":"Centennial Puzzle"},{"floor":24,"key":"Calipers"},{"floor":25,"key":"Juzu Bracelet"},{"floor":25,"key":"Akabeko"},{"floor":26,"key":"Frozen Egg 2"},{"floor":30,"key":"Pantograph"},{"floor":30,"key":"InkBottle"},{"floor":31,"key":"Shuriken"},{"floor":39,"key":"Prayer Wheel"},{"floor":40,"key":"The Courier"},{"floor":40,"key":"Art of War"},{"floor":41,"key":"Darkstone Periapt"},{"floor":41,"key":"War Paint"},{"floor":43,"key":"Eternal Feather"},{"floor":44,"key":"Omamori"},{"floor":44,"key":"Mercury Hourglass"},{"floor":45,"key":"TungstenRod"},{"floor":46,"key":"FossilizedHelix"},{"floor":46,"key":"Blood Vial"},{"floor":47,"key":"Sundial"},{"floor":47,"key":"Cables"},{"floor":48,"key":"Regal Pillow"},{"floor":48,"key":"MawBank"},{"floor":55,"key":"StrikeDummy"}],"event_choices":[{"damage_healed":0,"gold_gain":0,"player_choice":"Entered Light","damage_taken":21,"max_hp_gain":0,"max_hp_loss":0,"event_name":"Shining Light","floor":3,"gold_loss":0,"cards_upgraded":["Glacier","Skim"]},{"damage_healed":17,"gold_gain":0,"player_choice":"Healed","damage_taken":0,"max_hp_gain":0,"max_hp_loss":0,"event_name":"The Cleric","floor":4,"gold_loss":35},{"damage_healed":0,"gold_gain":0,"player_choice":"Lose Max HP","damage_taken":0,"relics_obtained":["Golden Idol"],"max_hp_gain":0,"max_hp_loss":7,"event_name":"Golden Idol","floor":5,"gold_loss":0},{"damage_healed":0,"gold_gain":75,"player_choice":"Gather Gold","damage_taken":11,"max_hp_gain":0,"max_hp_loss":0,"event_name":"World of Goop","floor":14,"gold_loss":0},{"damage_healed":0,"gold_gain":0,"player_choice":"Upgraded","damage_taken":0,"max_hp_gain":0,"max_hp_loss":0,"event_name":"Upgrade Shrine","floor":19,"gold_loss":0,"cards_upgraded":["Consume"]},{"damage_healed":0,"gold_gain":0,"player_choice":"Forge","damage_taken":0,"max_hp_gain":0,"max_hp_loss":0,"event_name":"Accursed Blacksmith","floor":21,"gold_loss":0,"cards_upgraded":["Gash"]},{"damage_healed":0,"gold_gain":0,"player_choice":"Ignored","damage_taken":0,"max_hp_gain":0,"max_hp_loss":0,"event_name":"Beggar","floor":27,"gold_loss":0},{"damage_healed":0,"gold_gain":0,"player_choice":"Memory 3","damage_taken":10,"max_hp_gain":0,"max_hp_loss":0,"event_name":"SensoryStone","floor":37,"gold_loss":0},{"damage_healed":0,"gold_gain":0,"player_choice":"0 cards matched","damage_taken":0,"max_hp_gain":0,"max_hp_loss":0,"event_name":"Match and Keep!","floor":38,"gold_loss":0,"cards_obtained":[]},{"damage_healed":0,"gold_gain":0,"player_choice":"Fight","damage_taken":0,"max_hp_gain":0,"max_hp_loss":0,"event_name":"MindBloom","floor":39,"gold_loss":0},{"damage_healed":0,"gold_gain":0,"player_choice":"Fight","damage_taken":0,"max_hp_gain":0,"max_hp_loss":0,"event_name":"Mysterious Sphere","floor":45,"gold_loss":0}],"is_beta":false,"boss_relics":[{"not_picked":["Calling Bell","Ectoplasm"],"picked":"Black Star"},{"not_picked":["Astrolabe","Empty Cage"],"picked":"Sozu"}],"items_purged_floors":[],"is_endless":false,"potions_floor_spawned":[1,6,11,12,13,16,18,20,22,23,24,25,30,33,35,39,40,41,44,45,46,47,48,55],"ascension_level":20}}