{"host":"aewhn2fld106mlky","time":1611365324,"event":{"mods":["Act Like it!","BaseMod","Downfall","Koishi","KomeijiMod","Minty Spire (QoL Compilation)","Quick Restart","Relic Stats","Spicy Shops","StSLib","The Jungle","The Mystic"],"gold_per_floor":[99,99,99,118,26,26,53,67,126,153,53,68,53,53,70,172,172,172,186,96,96,108,108,189,208,93,108,126,160,160,160,171,269,269,269,544,779,797,848,9,35,35,61,61,61,61,61,61,79,79],"floor_reached":51,"language":"ZHS","playtime":2603,"items_purged":["Injury","champ:Defend","Regret"],"score":779,"play_id":"b07c1c46-9b1a-4456-a71e-e5270a742c2a","local_time":"20210123092844","is_ascension_mode":false,"campfire_choices":[{"data":"champ:Execute","floor":1,"key":"SMITH"},{"data":"expansioncontent:QuickStudy","floor":6,"key":"SMITH"},{"data":"champ:CheapShot","floor":11,"key":"SMITH"},{"data":"champ:LastStand","floor":18,"key":"SMITH"},{"data":"champ:Encircle","floor":23,"key":"SMITH"},{"floor":30,"key":"REST"},{"data":"champ:CalledShot","floor":35,"key":"SMITH"},{"data":"champ:GutPunch","floor":42,"key":"SMITH"},{"data":"champ:HoldFirm","floor":44,"key":"SMITH"},{"data":"champ:FanOfKnives","floor":46,"key":"SMITH"},{"data":"champ:AdrenalArmor","floor":47,"key":"SMITH"}],"circlet_count":0,"master_deck":["champ:Strike","champ:Strike","champ:Strike","champ:Defend","champ:Defend","champ:Defend","champ:Execute+1","champ:Taunt","champ:Parry","champ:FanOfKnives","expansioncontent:QuickStudy+1","champ:Haymaker","champ:CheapShot+1","champ:EnGarde","champ:HeartStrike","champ:LastStand+1","champ:GutPunch+1","champ:HoldFirm+1","champ:AdrenalArmor+1","champ:Backstep+1","champ:FanOfKnives+1","champ:Encircle+1","champ:CalledShot+1","champ:CrownThrow+1","champ:SkillfulDodge+1","champ:CrownThrow","champ:GladiatorStyle","champ:StanceDance+1","champ:VampiricStrike","champ:GutPunch+1","champ:FaceSlap+1","champ:Shatter+1","expansioncontent:AwakenDeath+1","champ:TornadoPunch+1"],"relics":["champ:ChampionCrown","Ornamental Fan","Vajra","Oddly Smooth Stone","Odd Mushroom","downfall:HeartBlessingBlue","SlaversCollar","Letter Opener","Happy Flower","Coffee Dripper","WingedGreaves","Kunai","Sundial","Mercury Hourglass","Meat on the Bone","Frozen Egg 2"],"acts_visited":["Exordium","TheCity","TheBeyond"],"potions_floor_usage":[15,16,16,19,27,33,33,50,50,50],"damage_taken":[{"damage":10,"enemies":"Cultist","floor":4,"turns":4},{"damage":25,"enemies":"downfall:FleeingMerchant","floor":5,"turns":4},{"damage":11,"enemies":"Jaw Worm","floor":8,"turns":4},{"damage":52,"enemies":"Lagavulin Event","floor":9,"turns":7},{"damage":27,"enemies":"The Mushroom Lair","floor":10,"turns":5},{"damage":0,"enemies":"2 Louse","floor":12,"turns":2},{"damage":29,"enemies":"downfall:FleeingMerchant","floor":13,"turns":5},{"damage":1,"enemies":"Exordium Wildlife","floor":15,"turns":3},{"damage":29,"enemies":"WA_ARCHETYPE_RETAIN","floor":16,"turns":5},{"damage":14,"enemies":"Chosen","floor":19,"turns":7},{"damage":30,"enemies":"downfall:FleeingMerchant","floor":20,"turns":5},{"damage":38,"enemies":"Snake Plant","floor":22,"turns":5},{"damage":29,"enemies":"Centurion and Healer","floor":25,"turns":7},{"damage":18,"enemies":"downfall:FleeingMerchant","floor":26,"turns":4},{"damage":18,"enemies":"Sentry and Sphere","floor":27,"turns":4},{"damage":34,"enemies":"3 Cultists","floor":28,"turns":5},{"damage":12,"enemies":"Gremlin Leader","floor":29,"turns":5},{"damage":6,"enemies":"Snake Plant","floor":32,"turns":3},{"damage":59,"enemies":"IC_MUSHROOM_ARCHETYPE","floor":33,"turns":5},{"damage":5,"enemies":"downfall:FleeingMerchant","floor":37,"turns":3},{"damage":27,"enemies":"3 Shapes","floor":38,"turns":4},{"damage":52,"enemies":"2 Orb Walkers","floor":39,"turns":5},{"damage":26,"enemies":"Reptomancer","floor":43,"turns":5},{"damage":14,"enemies":"3 Darklings","floor":49,"turns":4},{"damage":93,"enemies":"DF_ARCHETYPE_ORBS","floor":50,"turns":8}],"seed_played":"7165698318227004983","potions_obtained":[{"floor":12,"key":"Fire Potion"},{"floor":14,"key":"AttackPotion"},{"floor":14,"key":"Weak Potion"},{"floor":15,"key":"DistilledChaos"},{"floor":19,"key":"CalmPotion"},{"floor":22,"key":"Swift Potion"},{"floor":25,"key":"SneckoOil"},{"floor":29,"key":"AttackPotion"},{"floor":39,"key":"ColorlessPotion"}],"is_trial":false,"path_per_floor":["R","T","?","M","$","R","T","M","?","?","R","M","$","?","M","B",null,"R","M","$","?","M","R","T","M","$","M","M","E","R","?","M","B",null,"R","?","$","M","?","$","T","R","E","R","?","R","R","?","M","B",null],"character_chosen":"THE_CHAMP","items_purchased":["Vajra","expansioncontent:QuickStudy","Kunai","Sundial","PowerPotion","Mercury Hourglass"],"campfire_rested":1,"item_purchase_floors":[5,5,40,40,40,40],"current_hp_per_floor":[99,99,99,99,94,94,94,83,46,29,39,39,30,30,29,5,109,109,100,90,90,77,77,77,63,55,47,13,13,45,45,39,45,109,109,109,109,102,60,60,60,60,61,61,61,61,61,61,59,32],"gold":79,"neow_bonus":"TEN_PERCENT_HP_BONUS","is_daily":false,"chose_seed":false,"campfire_upgraded":10,"win_rate":0.0,"timestamp":1611365324,"path_taken":["R","?","?","M","$","R","T","M","?","?","R","?","$","?","M","BOSS","R","?","$","?","M","R","T","M","?","?","M","E","R","?","M","BOSS","R","?","?","M","?","$","T","R","E","R","?","R","R","?","M","BOSS"],"items_purchased_type":["Relic","Card","Relic","Relic","Potion","Relic"],"build_version":"2020-12-22","purchased_purges":3,"victory":true,"max_hp_per_floor":[99,99,99,99,99,99,99,99,99,99,109,109,109,109,109,109,109,109,109,109,109,109,109,109,109,109,109,109,109,109,109,109,109,109,109,109,109,109,109,109,109,109,109,109,109,109,109,109,109,109],"relic_stats":{"Happy Flower":[12],"counters":[25,118],"Ornamental Fan":[176],"Sundial":[0],"Letter Opener":[132],"Kunai":[9],"obtain_stats":[{"Happy Flower":29,"Vajra":5,"Oddly Smooth Stone":9,"champ:ChampionCrown":0,"Letter Opener":24,"Odd Mushroom":10,"Frozen Egg 2":43,"Mercury Hourglass":40,"SlaversCollar":17,"Ornamental Fan":2,"downfall:HeartBlessingBlue":11,"Sundial":40,"WingedGreaves":39,"Coffee Dripper":34,"Kunai":40,"Meat on the Bone":41},{"Happy Flower":17,"Vajra":2,"Oddly Smooth Stone":4,"champ:ChampionCrown":0,"Letter Opener":12,"Odd Mushroom":5,"Frozen Egg 2":23,"Mercury Hourglass":22,"SlaversCollar":9,"Ornamental Fan":0,"downfall:HeartBlessingBlue":5,"Sundial":22,"WingedGreaves":22,"Coffee Dripper":19,"Kunai":22,"Meat on the Bone":22},{"Happy Flower":81,"Vajra":8,"Oddly Smooth Stone":19,"champ:ChampionCrown":0,"Letter Opener":56,"Odd Mushroom":24,"Frozen Egg 2":106,"Mercury Hourglass":101,"SlaversCollar":39,"Ornamental Fan":0,"downfall:HeartBlessingBlue":24,"Sundial":101,"WingedGreaves":101,"Coffee Dripper":89,"Kunai":101,"Meat on the Bone":101}],"Mercury Hourglass":[54],"Meat on the Bone":36},"card_choices":[{"not_picked":["champ:RecklessLeap","champ:PerfectedStrike"],"picked":"champ:Parry","floor":4},{"not_picked":["champ:GutPunch","champ:FlashCut"],"picked":"champ:FanOfKnives","floor":5},{"not_picked":["champ:BerserkersShout","champ:PerfectedStrike"],"picked":"champ:Haymaker","floor":8},{"not_picked":["champ:StanceDance","champ:ArenaPreparation"],"picked":"champ:CheapShot","floor":9},{"not_picked":["champ:Endure","champ:CrownThrow"],"picked":"champ:EnGarde","floor":10},{"not_picked":["champ:EnGarde","champ:PreemptiveStrike"],"picked":"champ:HeartStrike","floor":12},{"not_picked":["champ:GladiatorForm","champ:AdrenalArmor"],"picked":"champ:LastStand","floor":13},{"not_picked":["champ:AdrenalArmor","champ:EnGarde"],"picked":"champ:GutPunch","floor":15},{"not_picked":["champ:SteelEdge","champ:CheapShot"],"picked":"champ:HoldFirm","floor":16},{"not_picked":["champ:RisingSlash","champ:ShieldSlam"],"picked":"champ:AdrenalArmor","floor":19},{"not_picked":["champ:FancyFootwork","champ:BladeFlurry"],"picked":"champ:Backstep+1","floor":20},{"not_picked":["champ:SkillfulDodge","champ:BladeFlurry"],"picked":"champ:CalledShot","floor":22},{"not_picked":["champ:Circumvent","champ:BerserkersShout"],"picked":"champ:CrownThrow+1","floor":25},{"not_picked":["champ:HoldFirm","champ:Duel"],"picked":"champ:SkillfulDodge+1","floor":26},{"not_picked":["champ:GutPunch","champ:FalseCounter"],"picked":"champ:CrownThrow","floor":27},{"not_picked":["champ:PreemptiveStrike+1","champ:CrownThrow"],"picked":"champ:GladiatorStyle","floor":28},{"not_picked":["champ:CrownThrow","champ:EnragedBash"],"picked":"champ:StanceDance+1","floor":29},{"not_picked":["champ:GutPunch","champ:TornadoPunch","champ:RisingSlash"],"picked":"SKIP","floor":32},{"not_picked":["champ:DancingMaster","champ:Devastate"],"picked":"champ:VampiricStrike","floor":33},{"not_picked":["champ:RapidStrikes","champ:StanceDance+1"],"picked":"champ:GutPunch+1","floor":37},{"not_picked":["champ:RapidStrikes","champ:PreciseThrust"],"picked":"champ:FaceSlap+1","floor":38},{"not_picked":["champ:BerserkersShout","champ:FlashCut+1"],"picked":"champ:Shatter+1","floor":39},{"not_picked":["champ:FancyFootwork","champ:ShieldThrow","champ:GutPunch+1"],"picked":"SKIP","floor":43},{"not_picked":["expansioncontent:Chronoboost+1","expansioncontent:HyperBeam"],"picked":"expansioncontent:AwakenDeath+1","floor":48},{"not_picked":["champ:AdrenalArmor+1","champ:RecklessLeap"],"picked":"champ:TornadoPunch+1","floor":49}],"player_experience":45259,"relics_obtained":[{"floor":2,"key":"Ornamental Fan"},{"floor":9,"key":"Oddly Smooth Stone"},{"floor":10,"key":"Odd Mushroom"},{"floor":24,"key":"Letter Opener"},{"floor":29,"key":"Happy Flower"},{"floor":39,"key":"WingedGreaves"},{"floor":41,"key":"Meat on the Bone"},{"floor":43,"key":"Frozen Egg 2"}],"event_choices":[{"damage_healed":0,"gold_gain":0,"player_choice":"Fought Mushrooms","damage_taken":0,"max_hp_gain":0,"max_hp_loss":0,"event_name":"Mushrooms","floor":10,"gold_loss":0},{"damage_healed":0,"gold_gain":0,"player_choice":"Got Potions","damage_taken":0,"max_hp_gain":0,"max_hp_loss":0,"event_name":"Lab","floor":14,"gold_loss":0},{"damage_healed":0,"gold_gain":0,"player_choice":"Ignored","damage_taken":0,"max_hp_gain":0,"max_hp_loss":0,"event_name":"Vampires","floor":31,"gold_loss":0},{"damage_healed":0,"gold_gain":0,"player_choice":"Fight","damage_taken":0,"max_hp_gain":0,"max_hp_loss":0,"event_name":"Mysterious Sphere","floor":39,"gold_loss":0},{"cards_removed":["champ:Strike"],"damage_healed":0,"gold_gain":0,"player_choice":"Removed Attack","damage_taken":0,"max_hp_gain":0,"max_hp_loss":0,"event_name":"Falling","floor":45,"gold_loss":0}],"is_beta":false,"boss_relics":[{"not_picked":["Tiny House","champ:ChampionCrownUpgraded"],"picked":"SlaversCollar"},{"not_picked":["Fusion Hammer","Snecko Eye"],"picked":"Coffee Dripper"}],"items_purged_floors":[20,26,37],"is_endless":false,"potions_floor_spawned":[12,15,19,22,25,29,32,39],"ascension_level":0}}