{"host":"344lv32hnei0mdhu","time":1611397878,"event":{"mods":["Act Like it!","BaseMod","Better Match","Better Sensory Stone","Better Skull","Better Third Choice","Better Vampires","Colored Powertips","Highlight Path","Minty Spire (QoL Compilation)","Quick Restart","Random Character Button","Rare Cards Sparkle","StSLib"],"gold_per_floor":[118,118,118,118,39,70,70,109,109,33,33,73,88,112,112,236,236,256,171,171,196,46,99,123,33,33,33,46,46,46,98,98,238,238,254,254,179,193,256,256,299,147,197,197,197,210,210,226,226,226,226,226,226,264,264,264],"floor_reached":55,"language":"ENG","playtime":2367,"items_purged":["Strike_G"],"score":1211,"play_id":"fcce2f2f-c476-4b4d-9225-b79f41db25e9","local_time":"20210123043118","is_ascension_mode":true,"campfire_choices":[{"floor":7.0,"key":"REST"},{"data":"Blade Dance","floor":15.0,"key":"SMITH"},{"floor":27.0,"key":"REST"},{"floor":29.0,"key":"REST"},{"floor":32.0,"key":"RECALL"},{"floor":40.0,"key":"REST"},{"data":"Night Terror","floor":45.0,"key":"SMITH"},{"data":"Bullet Time","floor":47.0,"key":"SMITH"},{"data":"Neutralize","floor":49.0,"key":"SMITH"},{"floor":52.0,"key":"REST"}],"circlet_count":0,"master_deck":["AscendersBane","Strike_G","Strike_G","Strike_G","Defend_G+1","Defend_G","Defend_G","Defend_G","Defend_G","Survivor","Neutralize+1","Poisoned Stab","Choke","Backstab","Crippling Poison","Noxious Fumes+1","Blade Dance+1","Footwork+1","Night Terror+1","Noxious Fumes+1","Tools of the Trade+1","Corpse Explosion","Bullet Time+1"],"relics":["Ring of the Snake","NeowsBlessing","Golden Idol","Frozen Egg 2","Singing Bowl","TungstenRod","StrikeDummy","Runic Pyramid","White Beast Statue","Anchor","Orichalcum","CeramicFish","Eternal Feather","Ornamental Fan","WristBlade","Tough Bandages","Letter Opener","Lee\u0027s Waffle","Boot"],"acts_visited":["Exordium","TheCity","TheBeyond","TheEnding"],"potions_floor_usage":[55],"damage_taken":[{"damage":0.0,"enemies":"Small Slimes","floor":1.0,"turns":1.0},{"damage":0.0,"enemies":"Lagavulin","floor":6.0,"turns":1.0},{"damage":0.0,"enemies":"3 Sentries","floor":8.0,"turns":1.0},{"damage":1.0,"enemies":"Jaw Worm","floor":11.0,"turns":4.0},{"damage":10.0,"enemies":"Lagavulin","floor":12.0,"turns":6.0},{"damage":0.0,"enemies":"2 Louse","floor":13.0,"turns":1.0},{"damage":0.0,"enemies":"2 Fungi Beasts","floor":14.0,"turns":2.0},{"damage":22.0,"enemies":"Slime Boss","floor":16.0,"turns":10.0},{"damage":0.0,"enemies":"3 Byrds","floor":18.0,"turns":4.0},{"damage":8.0,"enemies":"Shell Parasite","floor":21.0,"turns":5.0},{"damage":37.0,"enemies":"Book of Stabbing","floor":23.0,"turns":7.0},{"damage":7.0,"enemies":"Centurion and Healer","floor":24.0,"turns":8.0},{"damage":4.0,"enemies":"Snecko","floor":28.0,"turns":5.0},{"damage":33.0,"enemies":"Gremlin Leader","floor":31.0,"turns":8.0},{"damage":68.0,"enemies":"Automaton","floor":33.0,"turns":10.0},{"damage":12.0,"enemies":"Orb Walker","floor":35.0,"turns":5.0},{"damage":25.0,"enemies":"3 Shapes","floor":38.0,"turns":5.0},{"damage":0.0,"enemies":"Mind Bloom Boss Battle","floor":39.0,"turns":7.0},{"damage":11.0,"enemies":"Giant Head","floor":41.0,"turns":10.0},{"damage":17.0,"enemies":"Spire Growth","floor":46.0,"turns":9.0},{"damage":2.0,"enemies":"Sphere and 2 Shapes","floor":48.0,"turns":4.0},{"damage":95.0,"enemies":"Time Eater","floor":50.0,"turns":14.0},{"damage":96,"enemies":"Shield and Spear","floor":54,"turns":6},{"damage":53,"enemies":"The Heart","floor":55,"turns":2}],"seed_played":"2328230381367268811","potions_obtained":[{"floor":6.0,"key":"Ancient Potion"},{"floor":12.0,"key":"Energy Potion"},{"floor":13.0,"key":"Explosive Potion"},{"floor":16.0,"key":"Dexterity Potion"},{"floor":21.0,"key":"ColorlessPotion"},{"floor":23.0,"key":"Strength Potion"},{"floor":24.0,"key":"Regen Potion"},{"floor":31.0,"key":"Strength Potion"},{"floor":33.0,"key":"FearPotion"},{"floor":35.0,"key":"Weak Potion"},{"floor":46.0,"key":"ColorlessPotion"},{"floor":54,"key":"AttackPotion"}],"is_trial":false,"path_per_floor":["M","?","?","?","$","E","R","E","T","$","M","E","M","M","R","B",null,"M","?","?","M","$","E","M","?","T","R","M","R","$","E","R","B",null,"M","?","$","M","?","R","E","$","T","?","R","M","R","M","R","B",null,"R","$","E","B"],"character_chosen":"THE_SILENT","items_purchased":["Choke","Noxious Fumes+1","Orichalcum","Lee\u0027s Waffle"],"campfire_rested":5,"item_purchase_floors":[5,10,22,42],"current_hp_per_floor":[63,46,46,46,46,46,67,67,67,67,68,60,60,60,60,38,65,65,65,65,59,59,22,17,17,17,52,50,80,80,59,71,3,61,51,51,51,28,30,67,58,95,95,95,95,80,92,92,99,4,75,99,99,5,0,0],"gold":264,"neow_bonus":"THREE_ENEMY_KILL","is_daily":false,"chose_seed":false,"campfire_upgraded":4,"win_rate":0.0,"timestamp":1611397878,"path_taken":["M","?","?","?","$","E","R","E","T","$","M","E","M","M","R","BOSS","M","?","?","M","$","E","M","?","T","R","?","R","$","E","R","BOSS","M","?","$","M","?","R","E","$","T","?","R","M","R","?","R","BOSS","R","$","E","BOSS"],"items_purchased_type":["Card","Card","Relic","Relic"],"build_version":"2020-12-22","purchased_purges":1,"victory":false,"max_hp_per_floor":[70,70,70,70,70,70,70,70,70,70,72,74,74,74,74,74,74,74,74,74,76,76,76,78,78,78,78,80,80,80,80,80,80,80,82,82,82,84,86,86,88,95,95,95,95,97,97,99,99,99,99,99,99,101,101,101],"card_choices":[{"not_picked":["Slice","Quick Slash"],"picked":"Poisoned Stab","floor":1.0},{"not_picked":["PiercingWail","Dagger Spray"],"picked":"Backstab","floor":6.0},{"not_picked":["Slice","Tools of the Trade+1"],"picked":"Crippling Poison","floor":8.0},{"not_picked":["Deadly Poison","Slice","Underhanded Strike"],"picked":"Singing Bowl","floor":11.0},{"not_picked":["Deadly Poison","Heel Hook","Dagger Spray"],"picked":"Singing Bowl","floor":12.0},{"not_picked":["Endless Agony","Well Laid Plans+1"],"picked":"Blade Dance","floor":13.0},{"not_picked":["Blade Dance","Backflip"],"picked":"Footwork+1","floor":14.0},{"not_picked":["Unload","Grand Finale"],"picked":"Night Terror","floor":16.0},{"not_picked":["Crippling Poison","Prepared"],"picked":"Noxious Fumes+1","floor":18.0},{"not_picked":["Underhanded Strike+1","Bane","Poisoned Stab"],"picked":"Singing Bowl","floor":21.0},{"not_picked":["Eviscerate","Reflex"],"picked":"Tools of the Trade+1","floor":23.0},{"not_picked":["Leg Sweep","Poisoned Stab","Blade Dance+1"],"picked":"Singing Bowl","floor":24.0},{"not_picked":["Crippling Poison","Quick Slash","Leg Sweep+1"],"picked":"Singing Bowl","floor":28.0},{"not_picked":["Setup","Dagger Spray"],"picked":"Corpse Explosion","floor":31.0},{"not_picked":["Tools of the Trade+1","A Thousand Cuts+1"],"picked":"Bullet Time","floor":33.0},{"not_picked":["Acrobatics","Caltrops+1","Backflip"],"picked":"Singing Bowl","floor":35.0},{"not_picked":["Slice","Backflip","PiercingWail"],"picked":"Singing Bowl","floor":38.0},{"not_picked":["Blade Dance","Cloak And Dagger","Deadly Poison"],"picked":"Singing Bowl","floor":39.0},{"not_picked":["Blade Dance","Dodge and Roll","Deflect"],"picked":"Singing Bowl","floor":41.0},{"not_picked":["Blade Dance+1","Setup","Flying Knee"],"picked":"Singing Bowl","floor":46.0},{"not_picked":["Catalyst+1","Bullet Time","Backstab+1"],"picked":"Singing Bowl","floor":48.0},{"not_picked":["Dodge and Roll","Flying Knee","Deadly Poison+1"],"picked":"Singing Bowl","floor":54}],"player_experience":373792,"relics_obtained":[{"floor":6.0,"key":"Frozen Egg 2"},{"floor":8.0,"key":"Singing Bowl"},{"floor":9.0,"key":"TungstenRod"},{"floor":12.0,"key":"StrikeDummy"},{"floor":23.0,"key":"CeramicFish"},{"floor":26.0,"key":"Eternal Feather"},{"floor":31.0,"key":"Ornamental Fan"},{"floor":39.0,"key":"Tough Bandages"},{"floor":41.0,"key":"Letter Opener"},{"floor":54,"key":"Boot"}],"event_choices":[{"damage_healed":0.0,"max_hp_gain":0.0,"max_hp_loss":0.0,"gold_gain":0.0,"event_name":"Golden Idol","player_choice":"Take Damage","floor":2.0,"gold_loss":0.0,"damage_taken":17.0,"relics_obtained":["Golden Idol"]},{"damage_healed":0.0,"max_hp_gain":0.0,"max_hp_loss":0.0,"gold_gain":1.0,"event_name":"betterStone:BetterStone","player_choice":"1","floor":3.0,"gold_loss":0.0,"damage_taken":0.0},{"damage_healed":0.0,"max_hp_gain":0.0,"max_hp_loss":0.0,"gold_gain":0.0,"event_name":"Golden Wing","player_choice":"Ignored","floor":4.0,"gold_loss":0.0,"damage_taken":0.0},{"damage_healed":0.0,"max_hp_gain":0.0,"max_hp_loss":0.0,"gold_gain":0.0,"event_name":"Addict","player_choice":"Obtained Relic","floor":19.0,"gold_loss":85.0,"damage_taken":0.0,"relics_obtained":["White Beast Statue"]},{"damage_healed":0.0,"max_hp_gain":0.0,"max_hp_loss":0.0,"gold_gain":0.0,"event_name":"The Mausoleum","player_choice":"Opened","floor":20.0,"gold_loss":0.0,"damage_taken":0.0,"relics_obtained":["Anchor"],"cards_obtained":["Writhe"]},{"cards_removed":["Writhe"],"damage_healed":0.0,"max_hp_gain":0.0,"max_hp_loss":0.0,"gold_gain":0.0,"event_name":"Designer","player_choice":"Upgrade and Remove","floor":25.0,"gold_loss":90.0,"damage_taken":0.0,"cards_upgraded":["Defend_G"]},{"cards_removed":["Strike_G"],"damage_healed":0.0,"max_hp_gain":0.0,"max_hp_loss":0.0,"gold_gain":0.0,"event_name":"Falling","player_choice":"Removed Attack","floor":36.0,"gold_loss":0.0,"damage_taken":0.0},{"damage_healed":0.0,"max_hp_gain":0.0,"max_hp_loss":0.0,"gold_gain":0.0,"event_name":"MindBloom","player_choice":"Fight","floor":39.0,"gold_loss":0.0,"damage_taken":0.0},{"damage_healed":5.0,"max_hp_gain":0.0,"max_hp_loss":0.0,"gold_gain":0.0,"event_name":"betterSkull:BetterSkull","player_choice":"LEAVE ","floor":44.0,"gold_loss":0.0,"damage_taken":0.0,"cards_upgraded":[],"relics_obtained":[]}],"is_beta":false,"boss_relics":[{"not_picked":["Ectoplasm","Pandora\u0027s Box"],"picked":"Runic Pyramid"},{"not_picked":["Cursed Key","Ring of the Serpent"],"picked":"WristBlade"}],"items_purged_floors":[37],"is_endless":false,"potions_floor_spawned":[6,12,13,16,21,23,24,28,31,33,35,38,39,41,46,48,54],"killed_by":"The Heart","ascension_level":10}}