{"host":"jwbw4f4imxd0v0b0","time":1611383039,"event":{"mods":["BaseMod","Colored Map","Highlight Path","Minty Spire (QoL Compilation)","Relic Stats","StSLib"],"gold_per_floor":[114,114,64,79,94,124,139,139,139,40,70,70,85,100,100,200,200,215,6,6,6,6,21,21,51,51,51,381,381,396,426,426,526,526,541,39,39,54,69,99,99,114,114,114,129,159,189,219,219,219],"floor_reached":51,"language":"ENG","playtime":2559,"items_purged":["Writhe","Strike_R+1"],"score":1033,"play_id":"d25f4143-1fd6-4214-84a4-2e27da5cf9df","local_time":"20210123002359","daily_mods":["Cursed Run","Purple Cards","DeadlyEvents"],"is_ascension_mode":false,"campfire_choices":[{"data":"Flame Barrier","floor":8,"key":"SMITH"},{"data":"LessonLearned","floor":12,"key":"SMITH"},{"data":"Bash","floor":15,"key":"SMITH"},{"data":"Feed","floor":24,"key":"SMITH"},{"data":"Sword Boomerang","floor":27,"key":"SMITH"},{"data":"Fire Breathing","floor":32,"key":"SMITH"},{"data":"Reaper","floor":41,"key":"SMITH"},{"data":"Feel No Pain","floor":44,"key":"SMITH"},{"floor":49,"key":"REST"}],"circlet_count":0,"master_deck":["Strike_R+1","Strike_R+1","Defend_R+1","Defend_R+1","Defend_R+1","Defend_R+1","Bash+1","CrushJoints+1","Seeing Red+1","Flame Barrier+1","True Grit+1","FollowUp+1","LessonLearned+1","Parasite","Feed+1","CurseOfTheBell","Spot Weakness+1","Reaper+1","Fire Breathing+1","Sword Boomerang+1","Doubt","Carnage+1","Doubt","Flame Barrier+1","Parasite","Limit Break+1","Feel No Pain+1","Shrug It Off+1","Parasite","Shame","Regret"],"relics":["Cursed Key","Darkstone Periapt","Du-Vu Doll","Turnip","InkBottle","Bag of Preparation","Calling Bell","Oddly Smooth Stone","Paper Frog","Pocketwatch","The Courier","Kunai","Old Coin","Peace Pipe","Toy Ornithopter","Busted Crown","Potion Belt","Singing Bowl","War Paint","Mummified Hand","Akabeko","Whetstone","Orichalcum"],"acts_visited":["Exordium","TheCity","TheBeyond"],"potions_floor_usage":[11,16,28,30,45,50,50,50,50,50],"damage_taken":[{"damage":1,"enemies":"Jaw Worm","floor":1,"turns":3},{"damage":0,"enemies":"2 Louse","floor":4,"turns":2},{"damage":1,"enemies":"Cultist","floor":5,"turns":3},{"damage":14,"enemies":"Lagavulin","floor":6,"turns":6},{"damage":7,"enemies":"Exordium Thugs","floor":7,"turns":5},{"damage":35,"enemies":"3 Sentries","floor":11,"turns":7},{"damage":7,"enemies":"Exordium Wildlife","floor":13,"turns":4},{"damage":0,"enemies":"3 Louse","floor":14,"turns":2},{"damage":24,"enemies":"Hexaghost","floor":16,"turns":10},{"damage":0,"enemies":"3 Byrds","floor":18,"turns":2},{"damage":10,"enemies":"Spheric Guardian","floor":23,"turns":4},{"damage":0,"enemies":"Book of Stabbing","floor":25,"turns":4},{"damage":4,"enemies":"Gremlin Leader","floor":28,"turns":6},{"damage":0,"enemies":"Snake Plant","floor":30,"turns":3},{"damage":38,"enemies":"Slavers","floor":31,"turns":5},{"damage":85,"enemies":"Automaton","floor":33,"turns":15},{"damage":22,"enemies":"3 Darklings","floor":35,"turns":5},{"damage":29,"enemies":"Orb Walker","floor":38,"turns":5},{"damage":5,"enemies":"Writhing Mass","floor":39,"turns":3},{"damage":54,"enemies":"Nemesis","floor":40,"turns":7},{"damage":16,"enemies":"Transient","floor":42,"turns":5},{"damage":10,"enemies":"4 Shapes","floor":45,"turns":3},{"damage":3,"enemies":"Giant Head","floor":46,"turns":6},{"damage":33,"enemies":"Nemesis","floor":47,"turns":5},{"damage":2,"enemies":"Reptomancer","floor":48,"turns":4},{"damage":9,"enemies":"Time Eater","floor":50,"turns":5}],"seed_played":"-4692305807027556167","potions_obtained":[{"floor":5,"key":"ElixirPotion"},{"floor":6,"key":"LiquidBronze"},{"floor":13,"key":"Fruit Juice"},{"floor":14,"key":"Regen Potion"},{"floor":16,"key":"Weak Potion"},{"floor":28,"key":"Swift Potion"},{"floor":33,"key":"CultistPotion"},{"floor":35,"key":"Fruit Juice"},{"floor":39,"key":"Weak Potion"},{"floor":45,"key":"Explosive Potion"},{"floor":46,"key":"LiquidBronze"},{"floor":47,"key":"Dexterity Potion"}],"is_trial":false,"path_per_floor":["M","?","?","M","M","E","M","R","T","$","E","R","M","M","R","B",null,"M","$","?","$","$","M","R","E","T","R","E","T","M","E","R","B",null,"M","$","?","M","M","E","R","M","T","R","M","E","E","E","R","B",null],"character_chosen":"IRONCLAD","items_purchased":["FollowUp","Reaper","Fire Breathing","Potion Belt","Feel No Pain","Singing Bowl","SteroidPotion"],"campfire_rested":1,"item_purchase_floors":[10,19,19,36,36,36,36],"current_hp_per_floor":[79,79,79,79,78,64,57,57,63,63,28,28,21,21,21,8,103,103,103,103,103,103,96,96,100,106,106,112,118,126,92,92,56,140,134,134,134,111,118,76,76,105,111,111,133,182,151,170,189,191],"gold":219,"neow_bonus":"","is_daily":true,"chose_seed":false,"campfire_upgraded":8,"win_rate":0.0,"timestamp":1611383039,"path_taken":["M","?","?","M","M","E","M","R","T","$","E","R","?","M","R","BOSS","M","$","?","?","$","?","R","E","T","R","?","?","M","E","R","BOSS","M","$","?","M","M","E","R","M","T","R","M","E","?","E","R","BOSS"],"items_purchased_type":["Card","Card","Card","Relic","Card","Relic","Potion"],"build_version":"2020-12-22","purchased_purges":2,"victory":true,"max_hp_per_floor":[80,80,80,80,80,80,80,80,86,86,86,86,86,86,86,97,103,103,103,103,103,103,106,106,110,116,116,116,122,126,130,130,140,140,140,140,140,146,158,160,160,162,168,168,179,185,187,189,189,195],"relic_stats":{"Darkstone Periapt":54,"Singing Bowl":16,"counters":[26,129],"Bag of Preparation":[40],"Whetstone":[],"War Paint":["Flame Barrier","Shrug It Off"],"Orichalcum":[6],"Cursed Key":4,"Peace Pipe":0,"Busted Crown":18,"Mummified Hand":[9],"Turnip":[12],"Kunai":[13],"obtain_stats":[{"Darkstone Periapt":0,"Potion Belt":36,"Singing Bowl":36,"Oddly Smooth Stone":17,"The Courier":25,"Bag of Preparation":11,"Whetstone":47,"War Paint":40,"Orichalcum":48,"Cursed Key":0,"Akabeko":46,"Old Coin":28,"Du-Vu Doll":0,"Calling Bell":17,"Peace Pipe":29,"Busted Crown":34,"Mummified Hand":43,"Turnip":6,"Kunai":26,"InkBottle":9,"Toy Ornithopter":31,"Paper Frog":17,"Pocketwatch":17},{"Darkstone Periapt":0,"Potion Belt":17,"Singing Bowl":17,"Oddly Smooth Stone":9,"The Courier":12,"Bag of Preparation":6,"Whetstone":24,"War Paint":20,"Orichalcum":25,"Cursed Key":0,"Akabeko":23,"Old Coin":13,"Du-Vu Doll":0,"Calling Bell":9,"Peace Pipe":13,"Busted Crown":16,"Mummified Hand":21,"Turnip":4,"Kunai":12,"InkBottle":5,"Toy Ornithopter":15,"Paper Frog":9,"Pocketwatch":9},{"Darkstone Periapt":0,"Potion Belt":86,"Singing Bowl":86,"Oddly Smooth Stone":42,"The Courier":52,"Bag of Preparation":26,"Whetstone":120,"War Paint":101,"Orichalcum":124,"Cursed Key":0,"Akabeko":115,"Old Coin":58,"Du-Vu Doll":0,"Calling Bell":42,"Peace Pipe":58,"Busted Crown":81,"Mummified Hand":106,"Turnip":14,"Kunai":52,"InkBottle":19,"Toy Ornithopter":66,"Paper Frog":42,"Pocketwatch":42}],"InkBottle":[35],"Toy Ornithopter":10,"Pocketwatch":[114]},"card_choices":[{"not_picked":["Thunderclap","Prostrate"],"picked":"CrushJoints","floor":1},{"not_picked":["Flex","Combust"],"picked":"Seeing Red","floor":4},{"not_picked":["FollowUp","Clash"],"picked":"Flame Barrier","floor":5},{"not_picked":["Halt","Warcry"],"picked":"True Grit","floor":6},{"not_picked":["Perfected Strike","EmptyMind","Halt"],"picked":"SKIP","floor":7},{"not_picked":["CutThroughFate","Adaptation"],"picked":"LessonLearned","floor":11},{"not_picked":["EmptyFist","JustLucky","Pommel Strike"],"picked":"SKIP","floor":13},{"not_picked":["Clash","MentalFortress","Rage"],"picked":"SKIP","floor":14},{"not_picked":["Blasphemy","Omniscience"],"picked":"Feed","floor":16},{"not_picked":["Wild Strike","Pommel Strike+1"],"picked":"Spot Weakness+1","floor":18},{"not_picked":["PathToVictory","Flex"],"picked":"Sword Boomerang","floor":23},{"not_picked":["Perfected Strike","Armaments+1","CutThroughFate"],"picked":"SKIP","floor":25},{"not_picked":["MasterReality","EmptyFist"],"picked":"Carnage+1","floor":28},{"not_picked":["Sever Soul+1","Nirvana","Reckless Charge+1"],"picked":"SKIP","floor":30},{"not_picked":["Sever Soul+1","Nirvana","Reckless Charge+1"],"picked":"SKIP","floor":30},{"not_picked":["Warcry+1","Meditate"],"picked":"Flame Barrier","floor":31},{"not_picked":["Omniscience","LessonLearned"],"picked":"Limit Break","floor":33},{"not_picked":["Consecrate+1"],"picked":"SKIP","floor":35},{"not_picked":["Iron Wave"],"picked":"Singing Bowl","floor":38},{"not_picked":["Worship"],"picked":"Singing Bowl","floor":39},{"not_picked":["LessonLearned"],"picked":"Singing Bowl","floor":40},{"not_picked":["InnerPeace"],"picked":"Singing Bowl","floor":42},{"not_picked":["Inflame"],"picked":"Singing Bowl","floor":45},{"not_picked":["PathToVictory"],"picked":"Singing Bowl","floor":46},{"not_picked":["Dark Embrace+1"],"picked":"Singing Bowl","floor":47},{"not_picked":["Iron Wave"],"picked":"Singing Bowl","floor":48}],"player_experience":1131311,"relics_obtained":[{"floor":6,"key":"Turnip"},{"floor":9,"key":"InkBottle"},{"floor":11,"key":"Bag of Preparation"},{"floor":17,"key":"Oddly Smooth Stone"},{"floor":17,"key":"Paper Frog"},{"floor":17,"key":"Pocketwatch"},{"floor":25,"key":"The Courier"},{"floor":26,"key":"Kunai"},{"floor":28,"key":"Old Coin"},{"floor":29,"key":"Peace Pipe"},{"floor":31,"key":"Toy Ornithopter"},{"floor":40,"key":"War Paint"},{"floor":43,"key":"Mummified Hand"},{"floor":46,"key":"Akabeko"},{"floor":47,"key":"Whetstone"},{"floor":48,"key":"Orichalcum"}],"event_choices":[{"damage_healed":0,"gold_gain":0,"player_choice":"Grow","damage_taken":0,"max_hp_gain":0,"max_hp_loss":0,"event_name":"Living Wall","floor":2,"gold_loss":0,"cards_upgraded":["CrushJoints"]},{"cards_removed":["Strike_R"],"damage_healed":0,"gold_gain":0,"player_choice":"Card Removal","damage_taken":0,"max_hp_gain":0,"max_hp_loss":0,"event_name":"The Cleric","floor":3,"gold_loss":50},{"damage_healed":0,"gold_gain":0,"player_choice":"Simplicity","damage_taken":0,"max_hp_gain":0,"max_hp_loss":0,"event_name":"Back to Basics","floor":20,"gold_loss":0,"cards_upgraded":["Strike_R","Strike_R","Strike_R","Strike_R","Defend_R","Defend_R"]},{"damage_healed":0,"gold_gain":0,"cards_transformed":["Strike_R"],"player_choice":"Transformed","damage_taken":0,"max_hp_gain":0,"max_hp_loss":0,"event_name":"Transmorgrifier","floor":37,"gold_loss":0,"cards_obtained":["Shrug It Off"]}],"is_beta":false,"boss_relics":[{"not_picked":["SacredBark","SlaversCollar"],"picked":"Calling Bell"},{"not_picked":["Runic Dome","Velvet Choker"],"picked":"Busted Crown"}],"items_purged_floors":[10,36],"is_endless":false,"potions_floor_spawned":[5,6,13,14,16,28,33,35,39,45,46,47],"ascension_level":0}}