{"host":"4axoa1rfjgnprp9l","time":1611369044,"event":{"mods":["2.2 Compatiblity","AchievementEnabler","BaseMod","Colored Map","DeckTracker","Highlight Path","Minty Spire (QoL Compilation)","Permanent Neow","StSLib","SuperFastMode"],"gold_per_floor":[115,115,128,145,163,163,176,207,262,262,262,300,280,280,280],"floor_reached":14,"language":"KOR","playtime":324,"items_purged":[],"score":200,"play_id":"24d699a0-b179-4c68-a5d6-2b549ea749c4","local_time":"20210123113044","is_ascension_mode":true,"campfire_choices":[{"data":"Dramatic Entrance","floor":6.0,"key":"SMITH"}],"circlet_count":0,"master_deck":["AscendersBane","Strike_R","Strike_R","Strike_R","Strike_R","Defend_R","Defend_R","Defend_R","Defend_R","Bash","Dramatic Entrance+1","Inflame","Wild Strike","Disarm","Feed+1","Shrug It Off"],"relics":["Burning Blood","Juzu Bracelet","Golden Idol","The Courier"],"acts_visited":["Exordium"],"potions_floor_usage":[14],"damage_taken":[{"damage":2.0,"enemies":"2 Louse","floor":1.0,"turns":2.0},{"damage":0.0,"enemies":"Cultist","floor":3.0,"turns":2.0},{"damage":0.0,"enemies":"Small Slimes","floor":4.0,"turns":2.0},{"damage":2.0,"enemies":"Exordium Thugs","floor":5.0,"turns":4.0},{"damage":0.0,"enemies":"Lots of Slimes","floor":7.0,"turns":1.0},{"damage":46.0,"enemies":"Lagavulin","floor":8.0,"turns":9.0},{"damage":27,"enemies":"Gremlin Nob","floor":12,"turns":4},{"damage":15,"enemies":"Lagavulin","floor":14,"turns":5}],"seed_played":"6057548671097960092","potions_obtained":[{"floor":1.0,"key":"LiquidBronze"},{"floor":4.0,"key":"BlessingOfTheForge"},{"floor":8.0,"key":"Dexterity Potion"},{"floor":12,"key":"Fire Potion"}],"is_trial":false,"path_per_floor":["M","?","M","M","M","R","M","E","T","?","?","E","?","E"],"character_chosen":"IRONCLAD","items_purchased":[],"campfire_rested":0,"item_purchase_floors":[],"current_hp_per_floor":[72,72,75,75,75,75,75,35,35,35,35,14,14,0,0],"gold":280,"neow_bonus":"RANDOM_COLORLESS","is_daily":false,"chose_seed":false,"campfire_upgraded":1,"win_rate":0.0,"timestamp":1611369044,"path_taken":["M","?","M","M","M","R","?","E","T","?","?","E","?","E"],"items_purchased_type":[],"build_version":"2020-12-22","purchased_purges":0,"victory":false,"max_hp_per_floor":[75,75,75,75,75,75,75,75,75,68,68,68,68,68,68],"card_choices":[{"not_picked":["Madness","Deep Breath"],"picked":"Dramatic Entrance","floor":0.0},{"not_picked":["Shrug It Off","Clothesline"],"picked":"Inflame","floor":1.0},{"not_picked":["Flame Barrier","Feel No Pain"],"picked":"Wild Strike","floor":3.0},{"not_picked":["Spot Weakness","Flex","Pommel Strike"],"picked":"SKIP","floor":4.0},{"not_picked":["Flex","Iron Wave","Feel No Pain"],"picked":"SKIP","floor":5.0},{"not_picked":["Warcry","Anger"],"picked":"Disarm","floor":7.0},{"not_picked":["Hemokinesis","Dual Wield"],"picked":"Feed","floor":8.0},{"not_picked":["Heavy Blade","Pommel Strike"],"picked":"Shrug It Off","floor":12}],"player_experience":912273,"relics_obtained":[{"floor":8.0,"key":"Juzu Bracelet"},{"floor":12,"key":"The Courier"}],"event_choices":[{"cards_removed":["Strike_R"],"damage_healed":0.0,"max_hp_gain":0.0,"max_hp_loss":0.0,"gold_gain":0.0,"event_name":"Purifier","player_choice":"Purged","floor":2.0,"gold_loss":0.0,"damage_taken":0.0},{"damage_healed":0,"gold_gain":0,"player_choice":"Lose Max HP","damage_taken":0,"relics_obtained":["Golden Idol"],"max_hp_gain":0,"max_hp_loss":7,"event_name":"Golden Idol","floor":10,"gold_loss":0},{"damage_healed":0,"gold_gain":0,"player_choice":"Upgraded","damage_taken":0,"max_hp_gain":0,"max_hp_loss":0,"event_name":"Upgrade Shrine","floor":11,"gold_loss":0,"cards_upgraded":["Feed"]},{"damage_healed":0,"gold_gain":0,"player_choice":"Bought 1 Potion","damage_taken":0,"max_hp_gain":0,"max_hp_loss":0,"event_name":"The Woman in Blue","floor":13,"gold_loss":0}],"is_beta":false,"boss_relics":[],"items_purged_floors":[],"is_endless":false,"potions_floor_spawned":[1,4,7,8,12],"killed_by":"Lagavulin","ascension_level":20}}