{"host":"4jkyggjfmxcpengt","time":1611375382,"event":{"mods":["AchievementEnabler","BaseMod","Better Note","Block Reminder","Colored Powertips","Fiend Mod","Hermit","Minty Spire (QoL Compilation)","Quick Restart","Replay The Spire","SacredBarkPlus","StSLib","The Animator","Transform Curses","Unceasing Turn Reminder"],"gold_per_floor":[112,128,138,153,163,163,191,208,208,208,208,208,219,219,219,322,322,333,142,241,181,193,193,207,99,126,126,144,144,227,137,137,241,241,259,276,276,286,87,114,125,125,125,125,145,145,145,0,0,0],"floor_reached":51,"language":"SPA","playtime":3202,"items_purged":["Strike_P","FollowUp"],"score":770,"play_id":"2804fc2d-b3a6-498c-8d87-50aa58303d60","local_time":"20210123051622","is_ascension_mode":true,"campfire_choices":[{"data":"Replay:ManipulateFuture","floor":6,"key":"SMITH"},{"data":"Wallop","floor":10,"key":"SMITH"},{"data":"Eruption","floor":12,"key":"SMITH"},{"data":"Halt","floor":12,"key":"SMITH"},{"floor":15,"key":"REST"},{"data":"Meditate","floor":23,"key":"SMITH"},{"data":"Fasting2","floor":23,"key":"SMITH"},{"floor":27,"key":"REST"},{"floor":29,"key":"REST"},{"data":"Wireheading","floor":32,"key":"SMITH"},{"data":"Devotion","floor":32,"key":"SMITH"},{"floor":42,"key":"REST"},{"data":"Scrawl","floor":44,"key":"SMITH"},{"data":"WindmillStrike","floor":44,"key":"SMITH"},{"data":"CutThroughFate","floor":47,"key":"SMITH"},{"data":"EmptyMind","floor":47,"key":"SMITH"},{"floor":49,"key":"REST"}],"circlet_count":0,"master_deck":["Strike_P+1","Defend_P","Defend_P","Eruption+1","Vigilance","SandsOfTime","BowlingBash","Halt+1","EmptyFist","Replay:ManipulateFuture+1","Wallop+1","EmptyMind+1","Protect+1","Fasting2+1","Meditate+1","WindmillStrike+1","Wireheading+1","BowlingBash+1","Scrawl+1","EmptyFist+1","Ragnarok+1","Blasphemy+1","ClearTheMind+1","MentalFortress+1","JustLucky","CutThroughFate+1"],"relics":["PureWater","Bag of Marbles","Du-Vu Doll","Replay:Accelerometer","Replay:Arrowhead","Busted Crown","Tiny Chest","Replay:Wax Seal","Astrolabe","Quantum Egg","Gremlin Horn","Ornamental Fan","Red Mask"],"acts_visited":["Exordium","TheCity","TheBeyond"],"potions_floor_usage":[16,24,50,50,50],"damage_taken":[{"damage":4,"enemies":"Jaw Worm","floor":1,"turns":5},{"damage":0,"enemies":"2 Louse","floor":2,"turns":2},{"damage":0,"enemies":"Small Slimes","floor":3,"turns":3},{"damage":0,"enemies":"2 Fungi Beasts","floor":4,"turns":3},{"damage":0,"enemies":"Exordium Thugs","floor":5,"turns":3},{"damage":10,"enemies":"Replay:BlueRogue","floor":7,"turns":8},{"damage":0,"enemies":"Large Slime","floor":8,"turns":5},{"damage":7,"enemies":"2 Fungi Beasts","floor":13,"turns":3},{"damage":0,"enemies":"Slime Boss","floor":16,"turns":4},{"damage":20,"enemies":"Shell Parasite","floor":18,"turns":4},{"damage":12,"enemies":"2 Thieves","floor":22,"turns":3},{"damage":22,"enemies":"Cultist and Chosen","floor":24,"turns":7},{"damage":9,"enemies":"Snecko","floor":28,"turns":5},{"damage":6,"enemies":"Automaton","floor":33,"turns":8},{"damage":0,"enemies":"3 Shapes","floor":35,"turns":3},{"damage":17,"enemies":"Orb Walker","floor":36,"turns":3},{"damage":0,"enemies":"4 Shapes","floor":38,"turns":6},{"damage":24,"enemies":"Nemesis","floor":40,"turns":5},{"damage":2,"enemies":"3 Darklings","floor":41,"turns":3},{"damage":0,"enemies":"Transient","floor":45,"turns":5},{"damage":23,"enemies":"Replay:Hell Engine","floor":50,"turns":8}],"seed_played":"-6829361554282450364","potions_obtained":[{"floor":1,"key":"Adrenaline Potion"},{"floor":4,"key":"LiquidBronze"},{"floor":5,"key":"Block Potion"},{"floor":38,"key":"AttackPotion"},{"floor":40,"key":"ColorlessPotion"},{"floor":45,"key":"FearPotion"}],"is_trial":false,"path_per_floor":["M","M","M","M","M","R","E","M","T","R","?","R","M","?","R","B",null,"M","$","?","?","M","R","M","$","T","R","M","R","?","?","R","B",null,"M","M","?","M","$","E","M","R","T","R","M","T","R","?","R","B",null],"character_chosen":"WATCHER","items_purchased":["Fasting2","Meditate","WindmillStrike","Wireheading","MentalFortress+1","JustLucky"],"campfire_rested":5,"item_purchase_floors":[19,19,19,25,39,39],"current_hp_per_floor":[61,61,61,61,61,61,51,51,51,51,44,44,37,42,65,65,74,54,54,54,54,42,42,20,20,20,43,34,57,57,57,57,51,71,71,54,54,54,54,30,28,51,51,51,51,51,51,51,74,51],"gold":0,"neow_bonus":"RANDOM_COMMON_RELIC","is_daily":false,"chose_seed":false,"campfire_upgraded":12,"win_rate":0.0,"timestamp":1611375382,"path_taken":["M","M","M","M","M","R","E","M","T","R","?","R","M","?","R","BOSS","M","$","?","?","M","R","M","$","T","R","M","R","?","?","R","BOSS","M","M","?","M","$","E","M","R","T","R","M","?","R","?","R","BOSS"],"items_purchased_type":["Card","Card","Card","Card","Card","Card"],"build_version":"2020-12-22","purchased_purges":2,"victory":true,"max_hp_per_floor":[72,72,72,72,72,72,72,72,72,72,72,72,72,77,77,77,77,77,77,77,77,77,77,77,77,77,77,77,77,77,77,77,77,77,77,77,77,77,77,77,77,77,77,77,77,77,77,77,77,77],"card_choices":[{"not_picked":["Vengeance","WaveOfTheHand"],"picked":"SandsOfTime","floor":1},{"not_picked":["Replay:Hum","Nirvana"],"picked":"BowlingBash","floor":2},{"not_picked":["Consecrate","FollowUp"],"picked":"Halt","floor":3},{"not_picked":["Protect","CutThroughFate"],"picked":"EmptyFist","floor":4},{"not_picked":["SashWhip","Consecrate"],"picked":"Replay:ManipulateFuture","floor":5},{"not_picked":["Fasting2","EmptyFist"],"picked":"FollowUp","floor":7},{"not_picked":["Replay:Cycle","EmptyBody"],"picked":"Wallop","floor":8},{"not_picked":["ClearTheMind","Scrawl"],"picked":"EmptyMind","floor":13},{"not_picked":["Brilliance","MasterReality"],"picked":"Devotion","floor":16},{"not_picked":[],"picked":"Protect+1","floor":18},{"not_picked":["ReachHeaven"],"picked":"SKIP","floor":22},{"not_picked":["Halt"],"picked":"SKIP","floor":24},{"not_picked":["Protect"],"picked":"SKIP","floor":28},{"not_picked":[],"picked":"BowlingBash+1","floor":30},{"not_picked":[],"picked":"Scrawl","floor":33},{"not_picked":["ForeignInfluence"],"picked":"SKIP","floor":35},{"not_picked":[],"picked":"ClearTheMind+1","floor":36},{"not_picked":["Perseverance+1"],"picked":"SKIP","floor":38},{"not_picked":["FlyingSleeves"],"picked":"SKIP","floor":40},{"not_picked":["Meditate"],"picked":"SKIP","floor":41},{"not_picked":[],"picked":"CutThroughFate","floor":45}],"player_experience":1008183,"relics_obtained":[{"floor":7,"key":"Du-Vu Doll"},{"floor":9,"key":"Replay:Accelerometer"},{"floor":26,"key":"Tiny Chest"},{"floor":30,"key":"Replay:Wax Seal"},{"floor":40,"key":"Quantum Egg"},{"floor":43,"key":"Gremlin Horn"},{"floor":46,"key":"Ornamental Fan"}],"event_choices":[{"damage_healed":0,"gold_gain":0,"player_choice":"Success","damage_taken":7,"relics_obtained":["Replay:Arrowhead"],"max_hp_gain":0,"max_hp_loss":0,"event_name":"Scrap Ooze","floor":11,"gold_loss":0},{"damage_healed":0,"gold_gain":0,"player_choice":"Donut","damage_taken":0,"max_hp_gain":5,"max_hp_loss":0,"event_name":"Big Fish","floor":14,"gold_loss":0},{"damage_healed":0,"gold_gain":99,"player_choice":"Stole From Cult","damage_taken":0,"max_hp_gain":0,"max_hp_loss":0,"event_name":"Nest","floor":20,"gold_loss":0},{"cards_removed":["Strike_P"],"damage_healed":0,"gold_gain":0,"player_choice":"Upgrade and Remove","damage_taken":0,"max_hp_gain":0,"max_hp_loss":0,"event_name":"Designer","floor":31,"gold_loss":90,"cards_upgraded":["Strike_P"]},{"cards_removed":["Devotion"],"damage_healed":0,"gold_gain":0,"player_choice":"Removed Power","damage_taken":0,"max_hp_gain":0,"max_hp_loss":0,"event_name":"Falling","floor":37,"gold_loss":0},{"damage_healed":0,"gold_gain":0,"player_choice":"Paid","damage_taken":0,"relics_obtained":["Red Mask"],"max_hp_gain":0,"max_hp_loss":0,"event_name":"Tomb of Lord Red Mask","floor":48,"gold_loss":145}],"is_beta":false,"boss_relics":[{"not_picked":["Coffee Dripper","Honey Jar"],"picked":"Busted Crown"},{"not_picked":["Cursed Key","Replay:Wanted Poster"],"picked":"Astrolabe"}],"items_purged_floors":[25,39],"is_endless":false,"potions_floor_spawned":[1,4,5,13,38,40,45],"ascension_level":7}}