{"host":"pesfwaef25r60kxm","time":1611422720,"event":{"mods":["Ascension Reborn","BaseMod","Challenge The Spire","Colored Powertips","KomeijiMod","Minty Spire (QoL Compilation)","Prisma Mod","Quick Restart","Replay The Spire","RumiaBox-露米娅的神秘盒子","Shop Mod","StSLib","Td1madao Mod","The Bladedancer","The Construct","The Cursed","The Hierophant","The IronCluck","The Poker Player","[IsaacMod]以撒尖塔","vexMod"],"gold_per_floor":[233,233,233,246,246,277,277,319,319,319,269,307,307,330,330,448,448,461,461,477,275,275,307,330,362,362,378,396,396,516,532,532,653,653,667,687,443,443,286,320,320,360,390,404,428,450,450,470,470,470,470,470,29,63,63],"floor_reached":56,"language":"ZHS","playtime":2043,"items_purged":["Strike_G+1","Strike_G+1","Dagger Spray","Defend_G+1"],"score":350,"play_id":"2b1ea45a-56c8-4561-830e-69d9707d4faf","local_time":"20210124012520","is_ascension_mode":true,"campfire_choices":[{"floor":7,"key":"REST"},{"data":"Caltrops","floor":10,"key":"SMITH"},{"data":"ReplayUltimateDefense","floor":29,"key":"SMITH"},{"floor":32,"key":"RECALL"},{"data":"Draining Mist","floor":47,"key":"SMITH"},{"data":"A Thousand Cuts","floor":49,"key":"SMITH"},{"data":"Outmaneuver","floor":52,"key":"SMITH"}],"circlet_count":0,"master_deck":["Defend_G+1","Defend_G+1","Defend_G+1","Defend_G+1","Survivor+1","Neutralize+1","Bouncing Flask+1","Well Laid Plans","Outmaneuver+1","Caltrops+1","Noxious Fumes","A Thousand Cuts+1","Replay:Poison Smokescreen+1","ReplayUltimateDefense+1","Draining Mist+1","Caltrops","Crippling Poison","A Thousand Cuts","Burst","Fluid Movement","Blade Dance+1","Bandage Up","Dodge and Roll+1","Crippling Poison+1","Draining Mist+1","Catalyst"],"relics":["Ring of the Snake","HushsDoor","GnawedLeaf","AddBug","SecretRecord","SecretRecord","SecretRecord","SecretRecord","SecretRecord","SecretRecord","SecretRecord","SecretRecord","SecretRecord"],"acts_visited":["Exordium","TheCity","TheBeyond","TheEnding"],"potions_floor_usage":[23,55,55,55],"damage_taken":[{"damage":0,"enemies":"Small Slimes","floor":1,"turns":2},{"damage":0,"enemies":"2 Louse","floor":4,"turns":2},{"damage":0,"enemies":"Gremlin Nob","floor":6,"turns":2},{"damage":0,"enemies":"3 Sentries","floor":8,"turns":2},{"damage":0,"enemies":"Gremlin Nob","floor":12,"turns":4},{"damage":0,"enemies":"Jaw Worm","floor":14,"turns":2},{"damage":11,"enemies":"Hexaghost","floor":16,"turns":5},{"damage":2,"enemies":"Shell Parasite","floor":18,"turns":3},{"damage":0,"enemies":"Spheric Guardian","floor":20,"turns":2},{"damage":1,"enemies":"Book of Stabbing","floor":23,"turns":3},{"damage":0,"enemies":"Centurion and Healer","floor":24,"turns":5},{"damage":19,"enemies":"Slavers","floor":25,"turns":2},{"damage":0,"enemies":"Cultist and Chosen","floor":27,"turns":4},{"damage":0,"enemies":"Shelled Parasite and Fungi","floor":28,"turns":3},{"damage":0,"enemies":"Colosseum Slavers","floor":30,"turns":3},{"damage":0,"enemies":"Colosseum Nobs","floor":30,"turns":3},{"damage":0,"enemies":"Sentry and Sphere","floor":31,"turns":2},{"damage":2,"enemies":"Automaton","floor":33,"turns":5},{"damage":0,"enemies":"Orb Walker","floor":35,"turns":3},{"damage":0,"enemies":"3 Darklings","floor":36,"turns":2},{"damage":26,"enemies":"Reptomancer","floor":40,"turns":5},{"damage":0,"enemies":"R_Hoarder","floor":42,"turns":5},{"damage":0,"enemies":"Writhing Mass","floor":44,"turns":2},{"damage":0,"enemies":"Jaw Worm Horde","floor":45,"turns":2},{"damage":10,"enemies":"Sphere and 2 Shapes","floor":46,"turns":4},{"damage":1,"enemies":"Maw","floor":48,"turns":4},{"damage":15,"enemies":"Replay:Hell Engine","floor":50,"turns":7},{"damage":0,"enemies":"Shield and Spear","floor":54,"turns":4},{"damage":0,"enemies":"LittleHush","floor":55,"turns":15}],"seed_played":"-2541706418324734549","potions_obtained":[{"floor":1,"key":"FearPotion"},{"floor":4,"key":"DuplicationPotion"},{"floor":4,"key":"Languid Potion"},{"floor":8,"key":"CalmPotion"},{"floor":12,"key":"Languid Potion"},{"floor":16,"key":"SkillPotion"},{"floor":23,"key":"Fruit Juice"},{"floor":23,"key":"Ancient Potion"},{"floor":24,"key":"PowerPotion"},{"floor":27,"key":"Toxic Potion"},{"floor":36,"key":"Energy Potion"},{"floor":42,"key":"PowerPotion"}],"is_trial":false,"path_per_floor":["M","?","?","M","?","E","R","E","T","R","?","E","?","M","R","B",null,"M","?","M","$","T","E","M","E","T","M","M","R","?","M","R","B",null,"M","M","$","?","$","E","?","E","T","M","M","M","R","M","R","B",null,"R","$","E","B",null],"character_chosen":"THE_SILENT","items_purchased":["ReplayUltimateDefense","Fluid Movement","Sling","Replay:Wax Seal","Catalyst","Divine Protection","Toolbox"],"campfire_rested":1,"item_purchase_floors":[21,37,37,39,53,53,53],"current_hp_per_floor":[74,67,64,64,49,49,74,74,74,74,74,74,74,74,74,69,78,76,76,76,76,76,82,82,63,63,63,63,63,63,63,63,67,87,87,87,87,87,87,61,51,66,66,81,87,87,87,87,87,91,91,91,91,91,95],"gold":63,"neow_bonus":"HUNDRED_GOLD","is_daily":false,"chose_seed":false,"campfire_upgraded":5,"win_rate":0.0,"timestamp":1611422720,"path_taken":["M","?","?","M","?","E","R","E","T","R","?","E","?","M","R","BOSS","M","?","?","$","?","E","M","E","T","M","M","R","?","M","R","BOSS","M","M","$","?","$","E","?","E","T","M","?","M","R","M","R","BOSS","R","$","E","BOSS"],"items_purchased_type":["Card","Card","Relic","Relic","Card","Relic","Relic"],"build_version":"2020-12-22","purchased_purges":4,"victory":true,"max_hp_per_floor":[74,74,74,74,74,74,74,74,74,74,74,74,74,74,74,78,78,78,78,78,78,78,83,83,83,83,83,83,83,83,83,83,87,87,87,87,87,87,87,87,87,87,87,87,87,87,87,87,87,91,91,91,91,91,95],"card_choices":[{"not_picked":["Sucker Punch","Hidden Blade"],"picked":"Flying Knee","floor":1},{"not_picked":["Masterful Stab","Cloak And Dagger"],"picked":"Bouncing Flask","floor":4},{"not_picked":["Deadly Poison","Finisher"],"picked":"Bomb","floor":6},{"not_picked":["Eviscerate","Deadly Poison"],"picked":"Well Laid Plans","floor":6},{"not_picked":["Slice","Sucker Punch"],"picked":"Outmaneuver","floor":8},{"not_picked":["Prepared","Dodge and Roll+1"],"picked":"Caltrops","floor":8},{"not_picked":["Tactician","Night Terror"],"picked":"Noxious Fumes","floor":12},{"not_picked":["Skewer","Prepared+1","Flechettes"],"picked":"SKIP","floor":12},{"not_picked":["Sneak Up+1","Underhanded Strike","Hidden Blade"],"picked":"SKIP","floor":14},{"not_picked":["Die Die Die","Bullet Time"],"picked":"A Thousand Cuts","floor":16},{"not_picked":["Dagger Spray+1","Flying Knee+1","Slice"],"picked":"SKIP","floor":18},{"not_picked":["Calculated Gamble+1","Deflect"],"picked":"Replay:Poison Smokescreen+1","floor":20},{"not_picked":["Catalyst","ReplayTheSpireMod:Exploit Weakness"],"picked":"Draining Mist+1","floor":23},{"not_picked":["Bane+1","Endless Agony","Tools of the Trade"],"picked":"SKIP","floor":24},{"not_picked":["Slice+1","Poisoned Stab","Flying Knee"],"picked":"SKIP","floor":25},{"not_picked":["Slice+1","Quick Slash"],"picked":"Caltrops","floor":27},{"not_picked":["Blade Dance","Endless Agony"],"picked":"Crippling Poison","floor":28},{"not_picked":["Flechettes","Replay:Poison Smokescreen"],"picked":"A Thousand Cuts","floor":30},{"not_picked":["Underhanded Strike+1","Dagger Throw","Deflect+1"],"picked":"SKIP","floor":31},{"not_picked":["Doppelganger","Envenom"],"picked":"Burst","floor":33},{"not_picked":["Dagger Spray+1","Prepared+1","Deflect+1"],"picked":"SKIP","floor":35},{"not_picked":["Masterful Stab+1","Flying Knee","Dagger Throw+1"],"picked":"SKIP","floor":36},{"not_picked":["Unload","Sucker Punch+1"],"picked":"Blade Dance+1","floor":40},{"not_picked":["Panacea","ReplayTheSpireMod:Uncanny Aura"],"picked":"Bandage Up","floor":41},{"not_picked":["ReplayTheSpireMod:Scrap Shanks+1","Dagger Throw+1"],"picked":"Dodge and Roll+1","floor":42},{"not_picked":["Dodge and Roll+1","Blade Dance"],"picked":"Crippling Poison+1","floor":44},{"not_picked":["Distraction+1","Well Laid Plans+1"],"picked":"Draining Mist","floor":45},{"not_picked":["ReplayTheSpireMod:From All Sides","Flying Knee+1","Deflect+1"],"picked":"SKIP","floor":46},{"not_picked":["Dagger Throw+1","Underhanded Strike+1","Accuracy+1"],"picked":"SKIP","floor":48},{"not_picked":["Dagger Spray","Hidden Blade","Cloak And Dagger"],"picked":"SKIP","floor":54}],"player_experience":136319,"relics_obtained":[{"floor":1,"key":"AddBug"},{"floor":6,"key":"ReplayTheSpireMod:Lightbulb"},{"floor":8,"key":"Potion Belt"},{"floor":9,"key":"HowToJump"},{"floor":12,"key":"SecretRecord"},{"floor":12,"key":"Calipers"},{"floor":16,"key":"Peace Pipe"},{"floor":18,"key":"SecretRecord"},{"floor":18,"key":"Darkstone Periapt"},{"floor":20,"key":"SecretRecord"},{"floor":20,"key":"vexMod:ConsolationPrize"},{"floor":22,"key":"Bottled Tornado"},{"floor":22,"key":"Replay:Bottled Steam"},{"floor":23,"key":"Toy Ornithopter"},{"floor":24,"key":"SecretRecord"},{"floor":24,"key":"Nunchaku"},{"floor":25,"key":"BookOfRevelations"},{"floor":26,"key":"vexMod:Dragonfruit"},{"floor":26,"key":"Frozen Egg 2"},{"floor":30,"key":"vexMod:RedPlottingStone"},{"floor":30,"key":"LastBattle"},{"floor":30,"key":"SecretRecord"},{"floor":31,"key":"TuHaoJin"},{"floor":33,"key":"SecretRecord"},{"floor":33,"key":"ShirouKen"},{"floor":40,"key":"White Beast Statue"},{"floor":42,"key":"Toxic Egg 2"},{"floor":43,"key":"NineVolt"},{"floor":43,"key":"Smiling Mask"},{"floor":44,"key":"SecretRecord"},{"floor":54,"key":"SecretRecord"},{"floor":54,"key":"Replay:Mystery Machine"}],"event_choices":[{"cards_removed":["Strike_G"],"damage_healed":0,"gold_gain":0,"player_choice":"Card Removal","damage_taken":7,"max_hp_gain":0,"max_hp_loss":0,"event_name":"Golden Wing","floor":2,"gold_loss":0},{"damage_healed":0,"gold_gain":0,"player_choice":"Success","damage_taken":3,"relics_obtained":["GodSword4"],"max_hp_gain":0,"max_hp_loss":0,"event_name":"Scrap Ooze","floor":3,"gold_loss":0},{"damage_healed":0,"gold_gain":0,"player_choice":"Entered Light","damage_taken":15,"max_hp_gain":0,"max_hp_loss":0,"event_name":"Shining Light","floor":5,"gold_loss":0,"cards_upgraded":["Flying Knee","Bouncing Flask"]},{"cards_removed":["Strike_G"],"damage_healed":0,"gold_gain":0,"player_choice":"Card Removal","damage_taken":0,"max_hp_gain":0,"max_hp_loss":0,"event_name":"The Cleric","floor":11,"gold_loss":50},{"damage_healed":0,"gold_gain":0,"player_choice":"Fight","damage_taken":0,"max_hp_gain":0,"max_hp_loss":0,"event_name":"Colosseum","floor":30,"gold_loss":0},{"damage_healed":0,"gold_gain":0,"player_choice":"Fought Nobs","damage_taken":0,"max_hp_gain":0,"max_hp_loss":0,"event_name":"Colosseum","floor":30,"gold_loss":0},{"cards_removed":["Flying Knee"],"damage_healed":0,"gold_gain":0,"player_choice":"Removed Attack","damage_taken":0,"max_hp_gain":0,"max_hp_loss":0,"event_name":"Falling","floor":38,"gold_loss":0},{"damage_healed":0,"gold_gain":0,"player_choice":"Memory 3","damage_taken":10,"max_hp_gain":0,"max_hp_loss":0,"event_name":"SensoryStone","floor":41,"gold_loss":0}],"is_beta":false,"boss_relics":[{"not_picked":["vexMod:TanglingVine","Velvet Choker"],"picked":"Cursed Key"},{"not_picked":[]},{"not_picked":["Kintsugi","Calling Bell"],"picked":"Replay:Drink Me"},{"not_picked":[]}],"items_purged_floors":[21,37,39,53],"is_endless":false,"potions_floor_spawned":[4,12,23,24,28,30,33,35,36,45],"ascension_level":-20}}