{"host":"27wa8ufp4ryspt1p","time":1611360387,"event":{"mods":["2.2 Compatiblity","Abigail Mod","Act Like it!","Aspiration","BaseMod","Better Altar","Better Match","Better Note","Better Skull","Better Third Choice","Colored Map","Conspire","Curses Come First","Dota2Spire","Downfall-Rebalance","Elementarium","Energized Spire","Fox Events","Friendly Minions","Gensokyo","GifTheSpireLib","Gold Saver","Halation","Hallownest","HololiveMod","Hubris","Humility","Infinite Spire","Keyboard Shortcuts","Menagerie","Mimic Mod","Minty Spire (QoL Compilation)","Pale of the Ancients","Poor People Problems","Quarter Circle Forward PUNCH!","Reimu??????","Relic Sorter","Relic Stats","Replay The Spire","Reworked Bosses","Shop Mod","Spicy Shops","Spikes Relics","Spire Arcade","StSLib","Stuff the Spire","SuperFastMode","The Cursed","The Exalted","The Judge","The Necromancer","Trackpad","Waifu the Spire","Wandering Minibosses","[IsaacMod]????","??????REMEMod","????"],"gold_per_floor":[950,87,101,19,38,38,65,65,99,99,99,131,151,186,186,262,262,279,179,197,277,293,293,324,324,364,324,357,557,557,583,399,473,473,490,579,469,469,469,498,294,557,627,627],"floor_reached":43,"language":"SPA","playtime":1885,"items_purged":["Normality","Dramatic Entrance"],"score":1372,"play_id":"cece3b40-a134-470c-b825-48da80936a8a","local_time":"20210122180627","daily_mods":["SealedDeck","Colorless Cards","Heirloom","Elite Swarm","Lethality"],"is_ascension_mode":true,"campfire_choices":[{"floor":6,"key":"RECALL"},{"data":"Echo Form","floor":8,"key":"SMITH"},{"data":"expansioncontent:DefensiveStance","floor":10,"key":"SMITH"},{"data":"Enlightenment","floor":15,"key":"SMITH"},{"data":"REME_AllRoundStrike","floor":23,"key":"SMITH"},{"data":"TheCursedMod:ManaCirculation","floor":25,"key":"SMITH"},{"data":"DoctorFetus","floor":30,"key":"SMITH"}],"circlet_count":0,"master_deck":["AscendersBane","TheCursedMod:WearCloak","TheCursedMod:RavingStaff","TheCursedMod:WearCloak","TheCursedMod:CursedBlade","TheCursedMod:SpitefulStrike","Enlightenment+1","expansioncontent:BronzeBeam","expansioncontent:DefensiveStance+1","expansioncontent:DefensiveMode","TheCursedMod:FleshFromBone","Echo Form+1","Regret","Sadistic Nature","Sadistic Nature","TheCursedMod:CursedShiv","TheCursedMod:NeowsMight+1","TheCursedMod:SurpriseAttack","REME_AllRoundStrike+1","TheCursedMod:FleshFromBone+1","TheCursedMod:FleshFromBone+1","TheCursedMod:ManaCirculation+1","TheCursedMod:FleshFromBone+1","Regret","DoctorFetus+1","TheCursedMod:FleshFromBone+1","conspire:Banana+1","Sharp Hide+1","expansioncontent:Hexaburn+1","TheCursedMod:Hemoplague","TheCursedMod:SpitefulPlan","TheCursedMod:Hemoplague","TheCursedMod:Hemoplague","Sadistic Nature"],"relics":["TheCursedMod:BlackMagic101","HushsDoor","REME_ComplimentaryCards","D6","Toxic Egg 2","MerchantsRug","Membership Card","StuffTheSpire:PointBlank","Calipers","ChewingGum","Guardian:PocketSentry","Bottled Flame","hubris:MobiusCoin","CosmicIsotope","The Courier","aspiration:ChemicalBlood","trackpad:BiPhaseBiplane","TheBattery","Bottled Lightning","Bromod:ArcaneEnergize","trackpad:AdjectivePendant","infinitespire:Bottled Soul","Rawhide","Replay:Bandana","Darkstone Periapt"],"acts_visited":["Exordium","Hallownest:CityofTears","Hallownest:KingdomsEdge"],"potions_floor_usage":[16,16,18,19],"damage_taken":[{"damage":0,"enemies":"Cultist","floor":1,"turns":2},{"damage":0,"enemies":"Small Slimes","floor":3,"turns":2},{"damage":0,"enemies":"infinitespire:Voidling","floor":5,"turns":3},{"damage":0,"enemies":"Lagavulin","floor":7,"turns":4},{"damage":3,"enemies":"Exordium Wildlife","floor":9,"turns":4},{"damage":28,"enemies":"3 Sentries","floor":12,"turns":6},{"damage":0,"enemies":"Exordium Wildlife","floor":13,"turns":2},{"damage":2,"enemies":"Gremlin Nob","floor":14,"turns":2},{"damage":11,"enemies":"The Guardian","floor":16,"turns":8},{"damage":7,"enemies":"Hallownest:Guard_and_Sentry","floor":18,"turns":2},{"damage":12,"enemies":"Hallownest:3_Youths","floor":20,"turns":4},{"damage":2,"enemies":"Hallownest:monsterShrumalOgre","floor":22,"turns":2},{"damage":3,"enemies":"Hallownest:eliteSoulWarrior","floor":24,"turns":3},{"damage":5,"enemies":"Hallownest:Warrior_and_Youth","floor":26,"turns":4},{"damage":0,"enemies":"Nightmare","floor":28,"turns":5},{"damage":0,"enemies":"Hallownest:BossSoulMaster","floor":33,"turns":6},{"damage":0,"enemies":"Hallownest:2_Littles","floor":35,"turns":3},{"damage":20,"enemies":"Hallownest:eliteHiveKnight","floor":40,"turns":4},{"damage":0,"enemies":"Hallownest:eliteCollector","floor":42,"turns":6},{"damage":25,"enemies":"Hallownest:3_Siblings","floor":43,"turns":5}],"seed_played":"5130861556055743927","potions_obtained":[{"floor":1,"key":"Elixir"},{"floor":13,"key":"Toxic Potion"},{"floor":14,"key":"Weak Potion"},{"floor":16,"key":"infinitespire:BlackPotion"},{"floor":20,"key":"TheCursedMod:DregsPotion"},{"floor":24,"key":"Weak Potion"},{"floor":33,"key":"ZuzhouPotion:ReiMu"},{"floor":35,"key":"Strength Potion"},{"floor":36,"key":"Guardian:BlockOnCardUsePotion"},{"floor":36,"key":"Guardian:BlockOnCardUsePotion"},{"floor":36,"key":"MagicPotion:ReiMu"},{"floor":42,"key":"LiquidBronze"}],"is_trial":true,"path_per_floor":["M","$","M","$","M","R","E","R","MIM","R","$","E","M","E","R","B",null,"M","$","M","?","M","R","E","R","MIM","R","NM","?","R","T","R","B",null,"M","?","$","?","?","E","R","E","MIM"],"character_chosen":"THE_CURSED","items_purchased":["Toxic Egg 2","Sadistic Nature","MerchantsRug","Membership Card","TheCursedMod:FleshFromBone+1","Guardian:PocketSentry","Fruit Juice","TheCursedMod:FleshFromBone+1","aspiration:SeaSaltIceCream","TheCursedMod:FleshFromBone+1","trackpad:BiPhaseBiplane","TheBattery","Bottled Lightning","conspire:Banana+1","trackpad:AdjectivePendant","infinitespire:Bottled Soul","Replay:Bandana","TheCursedMod:Hemoplague","TheCursedMod:SpitefulPlan","TheCursedMod:Hemoplague","TheCursedMod:Hemoplague"],"campfire_rested":0,"item_purchase_floors":[2,2,2,4,19,19,19,27,27,32,32,32,32,34,37,37,41,41,41,41,41],"current_hp_per_floor":[64,64,64,64,64,64,64,64,61,61,61,33,33,31,31,20,58,51,56,44,44,42,42,39,39,34,34,34,34,34,34,34,34,64,66,41,41,41,37,19,19,21,0,0],"gold":627,"neow_bonus":"","is_daily":false,"chose_seed":false,"campfire_upgraded":6,"win_rate":0.0,"timestamp":1611360387,"path_taken":["?","$","M","$","M","R","E","R","MIM","R","?","E","M","E","R","BOSS","?","$","M","?","M","R","E","R","MIM","R","NM","?","R","?","R","BOSS","M","?","$","?","?","E","R","E","MIM"],"items_purchased_type":["Relic","Card","Relic","Relic","Card","Relic","Potion","Card","Relic","Card","Relic","Relic","Relic","Card","Relic","Relic","Relic","Card","Card","Card","Card"],"build_version":"2020-12-22","purchased_purges":2,"victory":false,"max_hp_per_floor":[71,71,71,71,71,71,71,71,71,71,71,71,71,71,71,71,71,71,76,76,76,76,76,76,76,76,76,76,76,76,76,76,76,74,76,76,76,76,76,78,78,80,84,84],"relic_stats":{"Darkstone Periapt":0,"counters":[20,75],"obtain_stats":[{"Darkstone Periapt":42,"Calipers":12,"Rawhide":40,"TheBattery":32,"trackpad:SneckoScepter":0,"Replay:Bandana":41,"infinitespire:Bottled Soul":37,"trackpad:AdjectivePendant":37,"Toxic Egg 2":2,"trackpad:BiPhaseBiplane":32,"aspiration:ChemicalBlood":31,"KeepersGift":0,"TheCursedMod:BlackMagic101":0,"MerchantsRug":2,"hubris:MobiusCoin":26,"The Courier":28,"Guardian:PocketSentry":19,"aspiration:SeaSaltIceCream":27,"D6":0,"Bottled Flame":24,"Bromod:ArcaneEnergize":34,"ChewingGum":17,"StuffTheSpire:PointBlank":7,"CosmicIsotope":27,"Membership Card":4,"Bottled Lightning":32,"HushsDoor":0,"StrikeDummy":14,"REME_ComplimentaryCards":0},{"Darkstone Periapt":19,"Calipers":6,"Rawhide":18,"TheBattery":15,"trackpad:SneckoScepter":0,"Replay:Bandana":18,"infinitespire:Bottled Soul":17,"trackpad:AdjectivePendant":17,"Toxic Egg 2":1,"trackpad:BiPhaseBiplane":15,"aspiration:ChemicalBlood":15,"KeepersGift":0,"TheCursedMod:BlackMagic101":0,"MerchantsRug":1,"hubris:MobiusCoin":14,"The Courier":15,"Guardian:PocketSentry":10,"aspiration:SeaSaltIceCream":14,"D6":0,"Bottled Flame":13,"Bromod:ArcaneEnergize":16,"ChewingGum":9,"StuffTheSpire:PointBlank":4,"CosmicIsotope":14,"Membership Card":2,"Bottled Lightning":15,"HushsDoor":0,"StrikeDummy":8,"REME_ComplimentaryCards":0},{"Darkstone Periapt":70,"Calipers":21,"Rawhide":65,"TheBattery":52,"trackpad:SneckoScepter":0,"Replay:Bandana":65,"infinitespire:Bottled Soul":61,"trackpad:AdjectivePendant":61,"Toxic Egg 2":2,"trackpad:BiPhaseBiplane":52,"aspiration:ChemicalBlood":52,"KeepersGift":0,"TheCursedMod:BlackMagic101":0,"MerchantsRug":2,"hubris:MobiusCoin":47,"The Courier":52,"Guardian:PocketSentry":35,"aspiration:SeaSaltIceCream":47,"D6":0,"Bottled Flame":44,"Bromod:ArcaneEnergize":58,"ChewingGum":33,"StuffTheSpire:PointBlank":11,"CosmicIsotope":47,"Membership Card":4,"Bottled Lightning":52,"HushsDoor":0,"StrikeDummy":25,"REME_ComplimentaryCards":0}]},"card_choices":[{"not_picked":[],"picked":"ChaosCard","floor":0},{"not_picked":["TheCursedMod:CursedAmulet","TheCursedMod:CursedMace","Transmutation"],"picked":"SKIP","floor":1},{"not_picked":["TheCursedMod:TacticalStrike","TheCursedMod:SmokeScreen+1","TheCursedMod:WearCloak+1"],"picked":"SKIP","floor":3},{"not_picked":["TheCursedMod:Stigma","TheCursedMod:Torture+1"],"picked":"Dramatic Entrance","floor":5},{"not_picked":["Secret Weapon+1","TheCursedMod:DemonicPact"],"picked":"Sadistic Nature","floor":7},{"not_picked":["TheCursedMod:VitalStrike","Flash of Steel"],"picked":"TheCursedMod:CursedShiv","floor":9},{"not_picked":["expansioncontent:StudyTheSpire","expansioncontent:DashGenerateEvil"],"picked":"TheCursedMod:NeowsMight+1","floor":12},{"not_picked":["TheCursedMod:SmokeScreen+1","TheCursedMod:CircleOfAmplification+1"],"picked":"TheCursedMod:SurpriseAttack","floor":13},{"not_picked":["REME_BuildACard+1","Midas Touch+1"],"picked":"ChaosCard","floor":14},{"not_picked":["TheCursedMod:ParallelWorld+1","Poisoned Strike"],"picked":"REME_AllRoundStrike","floor":16},{"not_picked":["Jack Of All Trades+1","TheCursedMod:TacticalStrike","TheCursedMod:Torture+1"],"picked":"SKIP","floor":18},{"not_picked":["TheCursedMod:CircleOfCorruption+1","TheCursedMod:SmokeScreen+1","TheCursedMod:Obscuration+1"],"picked":"SKIP","floor":20},{"not_picked":["TheCursedMod:CircleOfCorruption+1","TheCursedMod:VitalStrike"],"picked":"TheCursedMod:FleshFromBone+1","floor":22},{"not_picked":["REME_BodyOfCthun+1","ReplayTheSpireMod:Necrogeddon"],"picked":"TheCursedMod:ManaCirculation","floor":24},{"not_picked":["TheCursedMod:ShockAndAwe","Secret Weapon+1"],"picked":"DoctorFetus","floor":28},{"not_picked":["TheCursedMod:SmokeScreen+1","TheCursedMod:Stigma"],"picked":"Sharp Hide+1","floor":35},{"not_picked":["TheCursedMod:TacticalStrike","TheCursedMod:Obscuration+1"],"picked":"expansioncontent:Hexaburn+1","floor":36},{"not_picked":["BloodyBrimstone","HandOfGreed","Violence+1"],"picked":"SKIP","floor":40},{"not_picked":["TheCursedMod:CursedRelics","expansioncontent:DashGenerateEvil"],"picked":"Sadistic Nature","floor":42}],"player_experience":3934075,"relics_obtained":[{"floor":7,"key":"StuffTheSpire:PointBlank"},{"floor":12,"key":"Calipers"},{"floor":14,"key":"StrikeDummy"},{"floor":24,"key":"Bottled Flame"},{"floor":26,"key":"hubris:MobiusCoin"},{"floor":28,"key":"The Courier"},{"floor":31,"key":"aspiration:ChemicalBlood"},{"floor":40,"key":"Rawhide"},{"floor":42,"key":"Darkstone Periapt"}],"event_choices":[{"damage_healed":0,"gold_gain":0,"player_choice":"Leave","damage_taken":0,"max_hp_gain":0,"max_hp_loss":0,"event_name":"conspire:Investor","floor":39,"gold_loss":0}],"is_beta":false,"boss_relics":[{"not_picked":["conspire:RoyalGoblet","ReplayTheSpireMod:SealedPack"],"picked":"ChewingGum"},{"not_picked":[]},{"not_picked":["Painkiller Herb","hubris:CrackedHourglass"],"picked":"Bromod:ArcaneEnergize"},{"not_picked":[]}],"items_purged_floors":[32,41],"is_endless":false,"potions_floor_spawned":[1,13,14,16,20,24,33,35,42],"killed_by":"Hallownest:3_Siblings","ascension_level":20}}