{"host":"x730sfaw5rd1mxd8","time":1611371244,"event":{"mods":["BaseMod","BetterRewards","Colored Map","Colored Powertips","Highlight Path","Minty Spire (QoL Compilation)","Relic Sorter","Relic Stats","Replay The Spire","StSLib"],"gold_per_floor":[113,113,126,145,165,191,191,191,191,209,238,253,263,291,291,393,393,411,411,411,423,458,486,497,497,497,524,524,558,402,402,402,500,500,511,521,521,568,528,555,566,265,265,277,43,77,77,103,103,103,103,103,54,85,85],"floor_reached":56,"language":"ENG","playtime":5480,"items_purged":["Strike_G","Strike_G","Strike_G"],"score":2039,"play_id":"6de297c8-046b-4b4d-93fc-54e376c7fe90","local_time":"20210122220724","is_ascension_mode":true,"campfire_choices":[{"data":"Catalyst","floor":7,"key":"SMITH"},{"data":"Bouncing Flask","floor":15,"key":"SMITH"},{"data":"Adrenaline","floor":15,"key":"SMITH"},{"data":"Neutralize","floor":25,"key":"SMITH"},{"data":"Malaise","floor":25,"key":"SMITH"},{"data":"Crippling Poison","floor":28,"key":"SMITH"},{"data":"Dash","floor":28,"key":"SMITH"},{"floor":32,"key":"RECALL"},{"data":"Leg Sweep","floor":49,"key":"SMITH"},{"data":"Blade Dance","floor":49,"key":"SMITH"},{"data":"Acrobatics","floor":52,"key":"SMITH"},{"data":"ReplayTheSpireMod:Tripwire","floor":52,"key":"SMITH"}],"circlet_count":0,"master_deck":["Defend_G","Defend_G","Defend_G","Defend_G","Defend_G","Survivor","Neutralize+1","Eviscerate","Well Laid Plans+1","Acrobatics+1","Unload","Caltrops+1","ReplayTheSpireMod:Speed Training","Poisoned Stab","Noxious Fumes+1","Bouncing Flask+1","PiercingWail","Footwork+1","Deflect","Crippling Poison+1","Dash+1","Catalyst+1","Reflex","ReplayTheSpireMod:Tripwire+1","Deflect","Adrenaline+1","Malaise+1","Deflect+1","ReplayTheSpireMod:Speed Training","Accuracy+1","Fluid Movement+1","Escape Plan","Deadly Poison+1","ReplayTheSpireMod:Scrap Shanks+1","Footwork+1","Tools of the Trade+1","Blade Dance+1","Prepared+1","Cloak And Dagger+1","Footwork+1","Backflip+1","Footwork+1","Backflip+1","Leg Sweep+1","Deflect+1"],"relics":["Ring of the Snake","Frozen Egg 2","Potion Belt","Orrery","Bronze Scales","Blue Candle","Replay:Arrowhead","Basket Of Snakes","MealTicket","Coffee Dripper","Red Mask","Orichalcum","Kunai","Unceasing Top","Oddly Smooth Stone","DollysMirror","SlaversCollar","Ice Cream","ReplayTheSpireMod:Ninjato","Snake Skull","OrangePellets","ClockworkSouvenir","ReplayFunnel","Pen Nib","Vajra"],"acts_visited":["Exordium","TheCity","TheBeyond","TheEnding"],"potions_floor_usage":[22,23,23,24,33,55,55,55,55],"damage_taken":[{"damage":0,"enemies":"2 Louse","floor":1,"turns":2},{"damage":0,"enemies":"Cultist","floor":3,"turns":3},{"damage":0,"enemies":"Small Slimes","floor":4,"turns":3},{"damage":2,"enemies":"3 Louse","floor":5,"turns":3},{"damage":17,"enemies":"Gremlin Nob","floor":6,"turns":4},{"damage":2,"enemies":"Red Slaver","floor":10,"turns":4},{"damage":6,"enemies":"3 Sentries","floor":11,"turns":6},{"damage":9,"enemies":"2 Fungi Beasts","floor":12,"turns":2},{"damage":4,"enemies":"Gremlin Gang","floor":13,"turns":4},{"damage":9,"enemies":"Lagavulin","floor":14,"turns":7},{"damage":0,"enemies":"Hexaghost","floor":16,"turns":6},{"damage":10,"enemies":"2 Thieves","floor":18,"turns":3},{"damage":6,"enemies":"Chosen","floor":21,"turns":5},{"damage":11,"enemies":"Masked Bandits","floor":22,"turns":4},{"damage":2,"enemies":"Slavers","floor":23,"turns":4},{"damage":9,"enemies":"Shelled Parasite and Fungi","floor":24,"turns":5},{"damage":0,"enemies":"Replay:Snechameleon","floor":27,"turns":4},{"damage":0,"enemies":"Gremlin Leader","floor":29,"turns":6},{"damage":10,"enemies":"Automaton","floor":33,"turns":8},{"damage":0,"enemies":"Orb Walker","floor":35,"turns":4},{"damage":20,"enemies":"3 Shapes","floor":36,"turns":4},{"damage":33,"enemies":"2 Orb Walkers","floor":38,"turns":6},{"damage":0,"enemies":"Giant Head","floor":40,"turns":7},{"damage":8,"enemies":"Transient","floor":41,"turns":5},{"damage":15,"enemies":"Sphere and 2 Shapes","floor":44,"turns":4},{"damage":0,"enemies":"R_Hoarder","floor":46,"turns":4},{"damage":0,"enemies":"Nemesis","floor":48,"turns":5},{"damage":8,"enemies":"Awakened One","floor":50,"turns":9},{"damage":6,"enemies":"Shield and Spear","floor":54,"turns":5},{"damage":0,"enemies":"The Heart","floor":55,"turns":8}],"seed_played":"-3839925116014808355","potions_obtained":[{"floor":3,"key":"Swift Potion"},{"floor":5,"key":"Elixir"},{"floor":6,"key":"Dexterity Potion"},{"floor":12,"key":"Flashbang"},{"floor":22,"key":"Block Potion"},{"floor":23,"key":"ColorlessPotion"},{"floor":29,"key":"Milkshake"},{"floor":40,"key":"Explosive Potion"},{"floor":46,"key":"LiquidMemories"},{"floor":48,"key":"Strength Potion"},{"floor":54,"key":"LiquidBronze"}],"is_trial":false,"path_per_floor":["M","?","M","M","M","E","R","$","T","M","E","M","M","E","R","B",null,"M","?","?","M","?","E","M","R","T","E","R","E","$","?","R","B",null,"M","M","$","?","?","E","M","$","T","M","$","E","?","E","R","B",null,"R","$","E","B",null],"character_chosen":"THE_SILENT","items_purchased":["Eviscerate","Frozen Egg 2","Well Laid Plans+1","Acrobatics","Unload","Caltrops+1","ReplayTheSpireMod:Speed Training","Poisoned Stab","Potion Belt","Orrery","Bronze Scales","Block Potion","DollysMirror","Snake Skull","OrangePellets","Footwork+1","ClockworkSouvenir","Dexterity Potion"],"campfire_rested":0,"item_purchase_floors":[0,0,0,0,0,0,0,0,0,0,0,0,30,42,42,45,45,53],"current_hp_per_floor":[70,70,70,70,68,51,51,51,51,49,43,34,30,21,21,21,70,60,60,60,54,43,41,32,32,32,32,32,32,47,41,41,31,70,70,50,65,32,32,32,24,39,39,24,39,39,39,39,39,31,70,70,70,64,64],"gold":85,"neow_bonus":"","is_daily":false,"chose_seed":false,"campfire_upgraded":11,"win_rate":0.0,"timestamp":1611371244,"path_taken":["M","?","M","M","M","E","R","?","T","M","E","M","M","E","R","BOSS","M","?","?","M","?","E","M","R","T","E","R","E","$","?","R","BOSS","M","M","$","?","?","E","?","$","T","M","?","E","?","E","R","BOSS","R","$","E","BOSS"],"items_purchased_type":["Card","Relic","Card","Card","Card","Card","Card","Card","Relic","Relic","Relic","Potion","Relic","Relic","Relic","Card","Relic","Potion"],"build_version":"2020-12-22","purchased_purges":3,"victory":true,"max_hp_per_floor":[70,70,70,70,70,70,70,70,70,70,70,70,70,70,70,70,70,70,70,70,70,70,70,70,70,70,70,70,70,70,70,70,70,70,70,70,70,70,70,70,70,70,70,70,70,70,70,70,70,70,70,70,70,70,70],"relic_stats":{"OrangePellets":[8],"counters":[156,649],"Bronze Scales":[1081],"Blue Candle":[0],"MealTicket":77,"Snake Skull":[493],"Pen Nib":[7],"Kunai":[40],"Orichalcum":[54],"obtain_stats":[{"Ice Cream":14,"Gremlin Horn":9,"Vampiric Spirits":0,"Nilry\u0027s Codex":23,"Vajra":28,"Whetstone":55,"Boot":55,"Sling":55,"Blood Vial":20,"Centennial Puzzle":9,"DollysMirror":30,"Strawberry":28,"MealTicket":27,"Prayer Wheel":0,"Fusion Hammer":36,"Kunai":26,"Electric Blood":17,"Byrd Skull":11,"Replay:Bottled Steam":43,"Pear":46,"Happy Flower":55,"Blue Candle":30,"Oddly Smooth Stone":26,"Tingsha":0,"Ring of Chaos":47,"Pen Nib":48,"Paper Crane":8,"SlaversCollar":17,"OrangePellets":0,"Bottled Flame":15,"Replay:Baseball":0,"Snecko Scales":34,"Bronze Scales":12,"Bird Faced Urn":12,"Simple Rune":55,"Mark of Pain":0,"StrikeDummy":6,"Unceasing Top":27,"Pocketwatch":0,"Meat on the Bone":38,"Darkstone Periapt":5,"ReplayFunnel":55,"Regal Pillow":0,"Singing Bowl":10,"Magic Flower":11,"Mango":6,"Painkiller Herb":19,"Snake Skull":29,"Incense Burner":45,"Bag of Preparation":55,"Replay:Multitool":44,"Cursed Key":34,"Burning Blood":0,"Pet Ghost":23,"Replay:Rubber Ducky":55,"ClockworkSouvenir":45,"Dream Catcher":43,"Nunchaku":24,"Replay:Bandana":10,"Matryoshka":0,"Pantograph":23,"Gambling Chip":24,"Red Mask":22,"Red Skull":6,"Gremlin Food":44,"Potion Belt":0,"ReplayTheSpireMod:Ninjato":40,"Replay:Towering Pillar of Hats":10,"The Specimen":25,"Golden Idol":11,"Basket Of Snakes":39,"Quantum Egg":46,"Guide Book":0,"The Courier":14,"PreservedInsect":22,"Replay:WaspNest":0,"Frozen Egg 2":0,"Orichalcum":56,"MawBank":31,"Medical Kit":42,"Replay:Arrowhead":9,"Mercury Hourglass":0,"Anchor":11,"CaptainsWheel":43,"Pondfish Scales":55,"Busted Crown":17,"Ornamental Fan":55,"Orrery":0,"Turnip":46,"Art of War":40,"Snack Pack":8,"Coffee Dripper":17,"Membership Card":0,"ReplayTheSpireMod:Ring of Challenge":38},{"Ice Cream":23,"Gremlin Horn":20,"Vampiric Spirits":61,"Nilry\u0027s Codex":75,"Vajra":77,"Whetstone":91,"Boot":91,"Sling":91,"Blood Vial":26,"Centennial Puzzle":5,"DollysMirror":144,"Strawberry":13,"MealTicket":58,"Prayer Wheel":93,"Fusion Hammer":80,"Kunai":142,"Electric Blood":51,"Byrd Skull":66,"Replay:Bottled Steam":119,"Pear":122,"Happy Flower":91,"Blue Candle":30,"Oddly Smooth Stone":57,"Tingsha":93,"Ring of Chaos":122,"Pen Nib":153,"Paper Crane":66,"SlaversCollar":24,"OrangePellets":93,"Bottled Flame":70,"Replay:Baseball":93,"Snecko Scales":115,"Bronze Scales":6,"Bird Faced Urn":22,"Simple Rune":91,"Mark of Pain":0,"StrikeDummy":98,"Unceasing Top":143,"Pocketwatch":41,"Meat on the Bone":117,"Darkstone Periapt":18,"ReplayFunnel":91,"Regal Pillow":93,"Singing Bowl":21,"Magic Flower":49,"Mango":19,"Painkiller Herb":72,"Snake Skull":78,"Incense Burner":87,"Bag of Preparation":91,"Replay:Multitool":120,"Cursed Key":31,"Burning Blood":0,"Pet Ghost":56,"Replay:Rubber Ducky":91,"ClockworkSouvenir":151,"Dream Catcher":37,"Nunchaku":75,"Replay:Bandana":100,"Matryoshka":61,"Pantograph":12,"Gambling Chip":27,"Red Mask":140,"Red Skull":47,"Gremlin Food":87,"Potion Belt":126,"ReplayTheSpireMod:Ninjato":149,"Replay:Towering Pillar of Hats":66,"The Specimen":76,"Golden Idol":5,"Basket Of Snakes":82,"Quantum Egg":87,"Guide Book":93,"The Courier":7,"PreservedInsect":11,"Replay:WaspNest":61,"Frozen Egg 2":14,"Orichalcum":92,"MawBank":79,"Medical Kit":119,"Replay:Arrowhead":131,"Mercury Hourglass":61,"Anchor":66,"CaptainsWheel":86,"Pondfish Scales":91,"Busted Crown":8,"Ornamental Fan":91,"Orrery":126,"Turnip":38,"Art of War":36,"Snack Pack":48,"Coffee Dripper":137,"Membership Card":61,"ReplayTheSpireMod:Ring of Challenge":81},{"Ice Cream":93,"Gremlin Horn":78,"Vampiric Spirits":244,"Nilry\u0027s Codex":288,"Vajra":296,"Whetstone":364,"Boot":364,"Sling":364,"Blood Vial":107,"Centennial Puzzle":17,"DollysMirror":580,"Strawberry":48,"MealTicket":230,"Prayer Wheel":376,"Fusion Hammer":315,"Kunai":570,"Electric Blood":208,"Byrd Skull":257,"Replay:Bottled Steam":471,"Pear":484,"Happy Flower":364,"Blue Candle":123,"Oddly Smooth Stone":226,"Tingsha":376,"Ring of Chaos":484,"Pen Nib":627,"Paper Crane":257,"SlaversCollar":100,"OrangePellets":376,"Bottled Flame":268,"Replay:Baseball":376,"Snecko Scales":459,"Bronze Scales":20,"Bird Faced Urn":86,"Simple Rune":364,"Mark of Pain":0,"StrikeDummy":392,"Unceasing Top":574,"Pocketwatch":170,"Meat on the Bone":463,"Darkstone Periapt":65,"ReplayFunnel":364,"Regal Pillow":376,"Singing Bowl":82,"Magic Flower":200,"Mango":73,"Painkiller Herb":279,"Snake Skull":300,"Incense Burner":344,"Bag of Preparation":364,"Replay:Multitool":475,"Cursed Key":130,"Burning Blood":0,"Pet Ghost":224,"Replay:Rubber Ducky":364,"ClockworkSouvenir":618,"Dream Catcher":151,"Nunchaku":288,"Replay:Bandana":399,"Matryoshka":244,"Pantograph":44,"Gambling Chip":111,"Red Mask":561,"Red Skull":189,"Gremlin Food":344,"Potion Belt":505,"ReplayTheSpireMod:Ninjato":609,"Replay:Towering Pillar of Hats":257,"The Specimen":292,"Golden Idol":17,"Basket Of Snakes":325,"Quantum Egg":344,"Guide Book":376,"The Courier":25,"PreservedInsect":40,"Replay:WaspNest":244,"Frozen Egg 2":51,"Orichalcum":369,"MawBank":304,"Medical Kit":471,"Replay:Arrowhead":520,"Mercury Hourglass":244,"Anchor":257,"CaptainsWheel":341,"Pondfish Scales":364,"Busted Crown":30,"Ornamental Fan":364,"Orrery":505,"Turnip":156,"Art of War":146,"Snack Pack":196,"Coffee Dripper":549,"Membership Card":244,"ReplayTheSpireMod:Ring of Challenge":318}],"Unceasing Top":[32],"Ring of the Snake":[190]},"card_choices":[{"not_picked":["Masterful Stab","Terror"],"picked":"Noxious Fumes+1","floor":0},{"not_picked":["Outmaneuver","Underhanded Strike"],"picked":"Bouncing Flask","floor":0},{"not_picked":["Cloak And Dagger","Masterful Stab"],"picked":"PiercingWail","floor":0},{"not_picked":["Blade Dance","Flying Knee"],"picked":"Footwork+1","floor":0},{"not_picked":["Acrobatics","Poisoned Stab"],"picked":"Deflect","floor":0},{"not_picked":["Dagger Throw","Dagger Spray"],"picked":"Crippling Poison","floor":1},{"not_picked":["Heel Hook","PiercingWail"],"picked":"Dash","floor":3},{"not_picked":["Quick Slash","Tools of the Trade+1"],"picked":"Catalyst","floor":4},{"not_picked":["PiercingWail","Acrobatics"],"picked":"Reflex","floor":5},{"not_picked":["Reflex","All Out Attack"],"picked":"ReplayTheSpireMod:Tripwire","floor":6},{"not_picked":["Sucker Punch","Expertise"],"picked":"Deflect","floor":10},{"not_picked":["Cloak And Dagger","PiercingWail"],"picked":"Dagger Spray","floor":11},{"not_picked":["Draining Mist","Outmaneuver","Poisoned Stab"],"picked":"SKIP","floor":12},{"not_picked":["Dodge and Roll","Sneak Up"],"picked":"Adrenaline","floor":13},{"not_picked":["Cloak And Dagger","Dagger Throw","Reflex"],"picked":"SKIP","floor":14},{"not_picked":["Adrenaline","Envenom+1"],"picked":"Malaise","floor":16},{"not_picked":["Hidden Blade","Heel Hook"],"picked":"Deflect","floor":18},{"not_picked":["Bane","Infinite Blades+1","Backflip"],"picked":"SKIP","floor":21},{"not_picked":["Bouncing Flask","Quick Slash"],"picked":"Escape Plan","floor":22},{"not_picked":["Predator","Dagger Spray","Underhanded Strike"],"picked":"SKIP","floor":23},{"not_picked":["Blade Dance","Crippling Poison","Dagger Spray"],"picked":"SKIP","floor":24},{"not_picked":["Acrobatics","Bane"],"picked":"Deadly Poison+1","floor":27},{"not_picked":["Dodge and Roll","Dash"],"picked":"ReplayTheSpireMod:Scrap Shanks+1","floor":29},{"not_picked":["Malaise","Replay:Bag of Tricks"],"picked":"Tools of the Trade+1","floor":33},{"not_picked":["Dagger Spray","Cloak And Dagger"],"picked":"Blade Dance","floor":35},{"not_picked":["Dagger Throw","Deadly Poison","Slice"],"picked":"SKIP","floor":36},{"not_picked":["Hidden Blade+1","PiercingWail+1"],"picked":"Prepared+1","floor":38},{"not_picked":["Underhanded Strike+1","Hidden Blade"],"picked":"Cloak And Dagger+1","floor":40},{"not_picked":["Flying Knee","Blade Dance+1"],"picked":"Footwork+1","floor":41},{"not_picked":["Noxious Fumes+1","Venomology"],"picked":"Backflip+1","floor":44},{"not_picked":["Outmaneuver","Leg Sweep"],"picked":"Backflip+1","floor":46},{"not_picked":["ReplayTheSpireMod:The Works+1","Toxin Wave+1"],"picked":"Leg Sweep","floor":48},{"not_picked":["Acrobatics","Flying Knee"],"picked":"Deflect+1","floor":54}],"player_experience":3992355,"relics_obtained":[{"floor":6,"key":"Blue Candle"},{"floor":9,"key":"Replay:Arrowhead"},{"floor":11,"key":"Basket Of Snakes"},{"floor":14,"key":"MealTicket"},{"floor":22,"key":"Red Mask"},{"floor":23,"key":"Orichalcum"},{"floor":26,"key":"Kunai"},{"floor":27,"key":"Unceasing Top"},{"floor":29,"key":"Oddly Smooth Stone"},{"floor":38,"key":"Ice Cream"},{"floor":40,"key":"ReplayTheSpireMod:Ninjato"},{"floor":46,"key":"ReplayFunnel"},{"floor":48,"key":"Pen Nib"},{"floor":54,"key":"Vajra"}],"event_choices":[{"damage_healed":0,"gold_gain":0,"player_choice":"Ignored","damage_taken":0,"max_hp_gain":0,"max_hp_loss":0,"event_name":"NoteForYourself","floor":2,"gold_loss":0},{"damage_healed":0,"gold_gain":0,"player_choice":"Read","damage_taken":0,"max_hp_gain":0,"max_hp_loss":0,"event_name":"The Library","floor":19,"gold_loss":0,"cards_obtained":["ReplayTheSpireMod:Speed Training"]},{"damage_healed":0,"gold_gain":0,"cards_transformed":["Strike_G","Strike_G"],"player_choice":"Became Test Subject","damage_taken":0,"max_hp_gain":0,"max_hp_loss":0,"event_name":"Drug Dealer","floor":20,"gold_loss":0,"cards_obtained":["Accuracy","Fluid Movement"]},{"damage_healed":0,"gold_gain":0,"player_choice":"Fought Bandits","damage_taken":0,"max_hp_gain":0,"max_hp_loss":0,"event_name":"Masked Bandits","floor":22,"gold_loss":0},{"damage_healed":0,"gold_gain":0,"player_choice":"","damage_taken":6,"max_hp_gain":0,"max_hp_loss":0,"event_name":"Knowing Skull","floor":31,"potions_obtained":[],"gold_loss":0,"cards_obtained":[]},{"damage_healed":0,"gold_gain":0,"player_choice":"Fight","damage_taken":0,"max_hp_gain":0,"max_hp_loss":0,"event_name":"Mysterious Sphere","floor":38,"gold_loss":0},{"damage_healed":0,"gold_gain":0,"player_choice":"Upgrade","damage_taken":0,"max_hp_gain":0,"max_hp_loss":0,"event_name":"Designer","floor":39,"gold_loss":40,"cards_upgraded":["Deflect"]},{"cards_removed":["Dagger Spray"],"damage_healed":0,"gold_gain":0,"player_choice":"Removed Attack","damage_taken":0,"max_hp_gain":0,"max_hp_loss":0,"event_name":"Falling","floor":47,"gold_loss":0}],"is_beta":false,"boss_relics":[{"not_picked":["Snecko Heart","Honey Jar"],"picked":"Coffee Dripper"},{"not_picked":["Philosopher\u0027s Stone","SacredBark"],"picked":"SlaversCollar"}],"items_purged_floors":[0,0,0],"is_endless":false,"potions_floor_spawned":[3,5,6,12,13,16,22,23,29,40,46,48,54],"ascension_level":2}}