{"host":"pszcj3piwl6eu8b1","time":1611362123,"event":{"mods":["2.2 Compatiblity","Act Like it!","Aspiration","BaseMod","Better Altar","Better Match","Better Note","Better Sensory Stone","Better Skull","Better Third Choice","Better Vampires","CCEM","Downfall","Elementarium","Energized Spire","Gensokyo","GifTheSpireLib","Hallownest","Hubris","Marisa????????","Menagerie","Minty Spire (QoL Compilation)","Permanent Neow","Quarter Circle Forward PUNCH!","Quick Restart","Replay The Spire","Shop Mod","StSLib","Stuff the Spire","The Animator","The Blue Laboratory"],"gold_per_floor":[99,117,142,142,159,173,173,173,173,199,230,261,72,86,99,99,99],"floor_reached":16,"language":"ENG","playtime":878,"items_purged":[],"score":228,"play_id":"b73fa38c-bcdf-470e-9b2c-5d6817f5e925","local_time":"20210122163523","is_ascension_mode":true,"campfire_choices":[{"data":"animator:ShizuruNakatsu","floor":1.0,"key":"SMITH"}],"circlet_count":0,"master_deck":["AscendersBane","animator:Strike_Rewrite","animator:Defend_Rewrite","animator:Strike","animator:Strike","animator:Defend","animator:Defend","animator:YoshinoHaruhiko","animator:ShizuruNakatsu+1","animator:Rimuru","animator:LuciaKonohana","animator:Midou","animator:Fredrika","animator:YaoHaDucy","animator:Entoma","animator:SakuyaOhtori","animator:Hakurou"],"relics":["animator:LivingPicture","animator:TheMissingPiece","animator:PurgingStone","CCEMRelics:GrapeVine","hubris:Icosahedron","qcfpunch:Broken_Tusk","qcfpunch:Not_Strongest_Fighting_Style_Guidebook","CCEMRelics:OverlyComfyChair"],"acts_visited":["Exordium"],"potions_floor_usage":[16,16],"damage_taken":[{"damage":8.0,"enemies":"2 Louse","floor":2.0,"turns":2.0},{"damage":6.0,"enemies":"Cultist","floor":3.0,"turns":3.0},{"damage":0.0,"enemies":"Small Slimes","floor":5.0,"turns":3.0},{"damage":5.0,"enemies":"3 Louse","floor":6.0,"turns":4.0},{"damage":14.0,"enemies":"Gremlin Nob","floor":10.0,"turns":3.0},{"damage":18.0,"enemies":"Exordium Wildlife","floor":11.0,"turns":4.0},{"damage":25.0,"enemies":"3 Sentries","floor":12.0,"turns":7.0},{"damage":0.0,"enemies":"downfall:FleeingMerchant","floor":13.0,"turns":4.0},{"damage":0.0,"enemies":"Lots of Slimes","floor":14.0,"turns":1.0},{"damage":4.0,"enemies":"Large Slime","floor":15.0,"turns":4.0},{"damage":20,"enemies":"SI_SHIV_ARCHETYPE","floor":16,"turns":7}],"seed_played":"3237005730977559267","potions_obtained":[{"floor":6.0,"key":"blueLaboratory:EmptyBottle"},{"floor":10.0,"key":"blueLaboratory:AbyssPotion"},{"floor":11.0,"key":"Ancient Potion"},{"floor":12.0,"key":"blueLaboratory:StoneskinPotion"}],"is_trial":false,"path_per_floor":["R","M","M","?","M","M","T","?","?","E","M","E","$","M","M","B"],"character_chosen":"THE_ANIMATOR","items_purchased":["CCEMRelics:OverlyComfyChair"],"campfire_rested":0,"item_purchase_floors":[13],"current_hp_per_floor":[39,31,25,25,25,21,21,21,21,60,42,17,17,17,13,0,0],"gold":99,"neow_bonus":"THREE_RARE_CARDS","is_daily":false,"chose_seed":true,"campfire_upgraded":1,"win_rate":0.0,"timestamp":1611362123,"path_taken":["R","M","M","?","?","M","T","?","?","E","M","E","$","M","M","BOSS"],"items_purchased_type":["Relic"],"build_version":"2020-12-22","purchased_purges":0,"victory":false,"max_hp_per_floor":[60,60,60,60,60,61,61,61,61,61,61,61,61,61,61,61,61],"card_choices":[{"not_picked":["animator:Boros","animator:Wiz"],"picked":"animator:Rimuru","floor":0.0},{"not_picked":["animator:SougenEsaka","animator:PandorasActor","animator:Benimaru"],"picked":"SKIP","floor":2.0},{"not_picked":["animator:MetalKnight","animator:Konayuki"],"picked":"animator:LuciaKonohana","floor":3.0},{"not_picked":["animator:Megumin","animator:Demiurge","animator:Mikaela"],"picked":"SKIP","floor":5.0},{"not_picked":["animator:Shimako","animator:ToukaNishikujou"],"picked":"animator:Midou","floor":6.0},{"not_picked":["animator:YoshinoHaruhiko","animator:HigakiRinne"],"picked":"animator:YaoHaDucy","floor":10.0},{"not_picked":["animator:Midou","animator:Kagari"],"picked":"animator:Entoma","floor":11.0},{"not_picked":["animator:Shuna","animator:LuciaKonohana","animator:Shinoa"],"picked":"SKIP","floor":12.0},{"not_picked":["animator:Chibimoth","animator:ToukaNishikujou"],"picked":"animator:SakuyaOhtori","floor":13.0},{"not_picked":["animator:GazelDwargon","animator:Shuna"],"picked":"animator:Hakurou","floor":14.0},{"not_picked":["animator:PandorasActor","animator:UneriGinkaku","animator:Megumin"],"picked":"SKIP","floor":15.0}],"player_experience":1393158,"relics_obtained":[{"floor":7.0,"key":"CCEMRelics:GrapeVine"},{"floor":10.0,"key":"qcfpunch:Broken_Tusk"},{"floor":12.0,"key":"qcfpunch:Not_Strongest_Fighting_Style_Guidebook"}],"event_choices":[{"cards_removed":["animator:Defend"],"damage_healed":0.0,"max_hp_gain":0.0,"max_hp_loss":0.0,"gold_gain":0.0,"event_name":"Bonfire Elementals","player_choice":"Offered Basic","floor":4.0,"gold_loss":0.0,"damage_taken":0.0},{"damage_healed":0.0,"max_hp_gain":0.0,"max_hp_loss":0.0,"gold_gain":0.0,"cards_transformed":["animator:Strike"],"event_name":"Living Wall","player_choice":"Change","floor":8.0,"gold_loss":0.0,"damage_taken":0.0,"cards_obtained":["animator:Fredrika"]}],"is_beta":false,"boss_relics":[],"items_purged_floors":[],"is_endless":false,"potions_floor_spawned":[6,10,11,12],"killed_by":"SI_SHIV_ARCHETYPE","ascension_level":20}}