{"host":"vyjryxuuuxkt43k4","time":1611381075,"event":{"mods":["AchievementEnabler","BaseMod","Colored Map","DeckTracker","Keyboard Shortcuts","Minty Spire (QoL Compilation)","Permanent Neow","Quick Restart","StSLib","SuperFastMode","everything is the same but u backflip on backflip"],"gold_per_floor":[131,184,217,217,9,69,69,102,174,174,13,41,6,37,37,37,37],"floor_reached":16,"language":"KOR","playtime":1255,"items_purged":[],"score":246,"play_id":"c60639a9-a288-4757-8821-a3c29a07325a","local_time":"20210123145115","is_ascension_mode":true,"campfire_choices":[{"data":"Feed","floor":7.0,"key":"SMITH"},{"floor":10.0,"key":"REST"},{"data":"Evolve","floor":15.0,"key":"SMITH"}],"circlet_count":0,"master_deck":["AscendersBane","Strike_R","Strike_R","Strike_R","Strike_R","Strike_R","Defend_R","Defend_R","Defend_R","Defend_R","Bash+1","HandOfGreed+1","Flex","Fire Breathing","Fiend Fire","Evolve+1","Feed+1","Headbutt"],"relics":["Burning Blood","Whetstone","Thread and Needle","Oddly Smooth Stone","Self Forming Clay","Sling","Pen Nib","Happy Flower"],"acts_visited":["Exordium"],"potions_floor_usage":[16],"damage_taken":[{"damage":9.0,"enemies":"Jaw Worm","floor":1.0,"turns":3.0},{"damage":3.0,"enemies":"2 Louse","floor":2.0,"turns":7.0},{"damage":10.0,"enemies":"Small Slimes","floor":3.0,"turns":4.0},{"damage":20.0,"enemies":"Lagavulin","floor":6.0,"turns":5.0},{"damage":25.0,"enemies":"Gremlin Nob","floor":8.0,"turns":4.0},{"damage":16.0,"enemies":"Lagavulin","floor":12.0,"turns":4.0},{"damage":23.0,"enemies":"3 Sentries","floor":14.0,"turns":5.0},{"damage":34,"enemies":"Hexaghost","floor":16,"turns":7}],"seed_played":"-4401932391583057509","potions_obtained":[{"floor":2.0,"key":"DuplicationPotion"},{"floor":6.0,"key":"BlessingOfTheForge"},{"floor":8.0,"key":"SteroidPotion"}],"is_trial":false,"path_per_floor":["M","M","M","?","$","E","R","E","T","R","$","E","?","E","R","B"],"character_chosen":"IRONCLAD","items_purchased":["Whetstone","Evolve","Sling"],"campfire_rested":1,"item_purchase_floors":[5,5,11],"current_hp_per_floor":[47,50,46,46,46,32,32,13,13,35,35,25,43,30,30,0,0],"gold":37,"neow_bonus":"RANDOM_COLORLESS_2","is_daily":false,"chose_seed":false,"campfire_upgraded":2,"win_rate":0.0,"timestamp":1611381075,"path_taken":["M","M","M","?","$","E","R","E","T","R","$","E","?","E","R","BOSS"],"items_purchased_type":["Relic","Card","Relic"],"build_version":"2020-12-22","purchased_purges":0,"victory":false,"max_hp_per_floor":[75,75,75,75,75,75,75,75,75,75,75,75,75,79,79,79,79],"card_choices":[{"not_picked":["Violence","Master of Strategy"],"picked":"HandOfGreed","floor":0.0},{"not_picked":["Burning Pact","Body Slam"],"picked":"Flex","floor":1.0},{"not_picked":["Heavy Blade","Flex"],"picked":"Fire Breathing","floor":2.0},{"not_picked":["Clothesline","True Grit"],"picked":"Fiend Fire","floor":3.0},{"not_picked":["Fire Breathing","Whirlwind"],"picked":"Feed","floor":6.0},{"not_picked":["Perfected Strike","Dropkick","Berserk"],"picked":"SKIP","floor":8.0},{"not_picked":["Wild Strike","Intimidate"],"picked":"Headbutt","floor":12.0},{"not_picked":["Cleave","Wild Strike","Perfected Strike"],"picked":"SKIP","floor":14.0}],"player_experience":249892,"relics_obtained":[{"floor":6.0,"key":"Thread and Needle"},{"floor":8.0,"key":"Oddly Smooth Stone"},{"floor":9.0,"key":"Self Forming Clay"},{"floor":12.0,"key":"Pen Nib"},{"floor":14.0,"key":"Happy Flower"}],"event_choices":[{"damage_healed":0.0,"max_hp_gain":0.0,"max_hp_loss":0.0,"gold_gain":0.0,"event_name":"Shining Light","player_choice":"Ignored","floor":4.0,"gold_loss":0.0,"damage_taken":0.0},{"damage_healed":18.0,"max_hp_gain":0.0,"max_hp_loss":0.0,"gold_gain":0.0,"event_name":"The Cleric","player_choice":"Healed","floor":13.0,"gold_loss":35.0,"damage_taken":0.0}],"is_beta":false,"boss_relics":[],"items_purged_floors":[],"is_endless":false,"potions_floor_spawned":[2,6,8],"killed_by":"Hexaghost","ascension_level":19}}