{"host":"22s5scuj7mu87reg","time":1611361317,"event":{"mods":["BaseMod","Better Third Choice","CapriCore","Colored Powertips","Dota2Spire","Downfall","Duelist Mod","GungeonMod","Halation","Hubris","Infinite Spire","Koishi","KomeijiMod","Minty Spire (QoL Compilation)","Quick Restart","Replay The Spire","Shop Mod","StSLib","SuperFastMode","The Jungle","The Mystic","The Necromancer","Wandering Minibosses"],"gold_per_floor":[111,111,111,6,24,24,50,50,74,90,90,107,141,155,155,260,260,280,280,280,291,304,304,335,349,349,349,274,291,291,291,291],"floor_reached":31,"language":"POL","playtime":1111,"items_purged":["Strike_B","Strike_B"],"score":421,"play_id":"1e83055d-374b-4629-a624-ed496a21d3ca","local_time":"20210123012157","is_ascension_mode":true,"campfire_choices":[{"data":"Crystallizer","floor":6,"key":"SMITH"},{"data":"Ball Lightning","floor":8,"key":"SMITH"},{"data":"Machine Learning","floor":23,"key":"SMITH"},{"floor":27,"key":"REST"}],"circlet_count":0,"master_deck":["Strike_B","Defend_B","Defend_B","Defend_B","Defend_B","Zap+1","Dualcast","Cold Snap","Crystallizer+1","Ball Lightning+1","Barrage","Hologram+1","Cold Snap","Compile Driver","Blizzard","Machine Learning+1","ReplayTheSpireMod:Calculation Training","Lockon+1","White Noise","Time Bomb","Self Repair+1"],"relics":["Cracked Core","NeowsBlessing","hubris:Towel","infinitespire:SolderingIron","ReplayFunnel","Cables","infinitespire:Cupcake","Darkstone Periapt","Mercury Hourglass","halation:AfternoonTea","infinitespire:ShieldingShard"],"acts_visited":["Exordium","TheCity"],"potions_floor_usage":[13,22,24],"damage_taken":[{"damage":0,"enemies":"2 Louse","floor":1,"turns":1},{"damage":0,"enemies":"Jaw Worm","floor":5,"turns":1},{"damage":0,"enemies":"Lagavulin","floor":7,"turns":1},{"damage":0,"enemies":"Cultist","floor":10,"turns":3},{"damage":22,"enemies":"Large Slime","floor":12,"turns":5},{"damage":18,"enemies":"3 Sentries","floor":13,"turns":7},{"damage":1,"enemies":"Looter","floor":14,"turns":2},{"damage":13,"enemies":"Hexaghost","floor":16,"turns":9},{"damage":17,"enemies":"2 Thieves","floor":18,"turns":4},{"damage":5,"enemies":"Chosen","floor":21,"turns":4},{"damage":1,"enemies":"Sentry and Sphere","floor":22,"turns":5},{"damage":40,"enemies":"Slavers","floor":24,"turns":5},{"damage":7,"enemies":"Snecko","floor":25,"turns":4},{"damage":8,"enemies":"3 Cultists","floor":29,"turns":4},{"damage":24,"enemies":"Cultist and Chosen","floor":31,"turns":4}],"seed_played":"4080487075169097130","potions_obtained":[{"floor":1,"key":"Guardian:BlockOnCardUsePotion"},{"floor":10,"key":"BlessingOfTheForge"},{"floor":12,"key":"GamblersBrew"},{"floor":14,"key":"DuplicationPotion"},{"floor":21,"key":"Dota2Spire:HealingSalve"}],"is_trial":false,"path_per_floor":["M","?","?","$","M","R","E","R","T","M","?","M","E","M","R","B",null,"M","?","AVR","M","M","R","E","M","T","R","$","M","?","M"],"character_chosen":"DEFECT","items_purchased":["Self Repair+1","Cold Snap"],"campfire_rested":1,"item_purchase_floors":[4,4],"current_hp_per_floor":[68,68,68,68,68,68,68,68,68,75,75,53,35,34,34,21,62,45,45,45,40,51,51,11,4,4,26,26,30,16,0,0],"gold":291,"neow_bonus":"THREE_ENEMY_KILL","is_daily":false,"chose_seed":false,"campfire_upgraded":3,"win_rate":0.0,"timestamp":1611361317,"path_taken":["M","?","?","$","?","R","E","R","T","M","?","M","E","M","R","BOSS","M","?","AVR","M","M","R","E","?","T","R","$","M","?","M"],"items_purchased_type":["Card","Card"],"build_version":"2020-12-13","purchased_purges":2,"victory":false,"max_hp_per_floor":[75,75,75,75,75,75,75,75,75,75,75,75,75,75,75,75,75,75,75,75,75,75,75,75,75,75,75,75,75,80,80,80],"card_choices":[{"not_picked":["Stack","ReplaySolidLightProjector","ReplayTheSpireMod:Repulse"],"picked":"SKIP","floor":1},{"not_picked":["Conserve Battery","ReplaySort"],"picked":"Crystallizer","floor":5},{"not_picked":["BasicCrystalCard","ReplayTheSpireMod:GoodbyeWorld"],"picked":"Ball Lightning","floor":7},{"not_picked":["Redo","Hologram"],"picked":"Barrage","floor":10},{"not_picked":["Rebound","Darkness","Gash"],"picked":"SKIP","floor":12},{"not_picked":["Turbo","Barrage"],"picked":"Cold Snap","floor":13},{"not_picked":["ReplayTheSpireMod:Omega Cannon","Rebound"],"picked":"Compile Driver","floor":14},{"not_picked":["Core Surge","hubris:SpecializedCircuitry"],"picked":"Machine Learning","floor":16},{"not_picked":["Redo+1","Beam Cell+1"],"picked":"ReplayTheSpireMod:Calculation Training","floor":18},{"not_picked":["Capacitor","Ball Lightning+1"],"picked":"Lockon+1","floor":21},{"not_picked":["Chaos","Rebound+1","hubris:PowerSurge"],"picked":"SKIP","floor":22},{"not_picked":["Turbo","Stack"],"picked":"White Noise","floor":24},{"not_picked":["Lockon+1","Compile Driver+1"],"picked":"Time Bomb","floor":25},{"not_picked":["Leap","Double Energy"],"picked":"Self Repair+1","floor":29}],"player_experience":177329,"relics_obtained":[{"floor":7,"key":"infinitespire:SolderingIron"},{"floor":9,"key":"ReplayFunnel"},{"floor":13,"key":"Cables"},{"floor":24,"key":"halation:AfternoonTea"},{"floor":26,"key":"infinitespire:ShieldingShard"}],"event_choices":[{"damage_healed":0,"gold_gain":0,"player_choice":"Upgraded","damage_taken":0,"max_hp_gain":0,"max_hp_loss":0,"event_name":"Upgrade Shrine","floor":3,"gold_loss":0,"cards_upgraded":["Zap"]},{"damage_healed":0,"gold_gain":0,"player_choice":"Gave Potion","damage_taken":0,"relics_obtained":["Darkstone Periapt"],"max_hp_gain":0,"max_hp_loss":0,"event_name":"WeMeetAgain","floor":19,"gold_loss":0},{"damage_healed":0,"gold_gain":0,"player_choice":"Shed Blood","damage_taken":19,"max_hp_gain":5,"max_hp_loss":0,"event_name":"Forgotten Altar","floor":30,"gold_loss":0}],"is_beta":false,"boss_relics":[{"not_picked":["Calling Bell","Kintsugi"],"picked":"infinitespire:Cupcake"}],"items_purged_floors":[20,28],"is_endless":false,"potions_floor_spawned":[1,10,12,14,18,21],"killed_by":"Cultist and Chosen","ascension_level":9}}