{"host":"zxkjcgzis4pm3za5","time":1611384171,"event":{"mods":["AchievementEnabler","Act Like it!","BaseMod","Colored Map","Colored Powertips","Friendly Minions","GifTheSpireLib","Minty Spire (QoL Compilation)","Quick Restart","RNG Fix","Random Character Button","Relic Sorter","Relic Stats","StSLib"],"gold_per_floor":[111,111,122,2,2,37,37,69,95,43,43,53,87,142,142,219,219,231,262,262,262,82,82,114,164,164,196,206,220,220,238,238,316,316,329,329,329,354,354,382,73,108,108,108,121,148,148,178,178,178,178,178,5,32,32,32],"floor_reached":55,"language":"ENG","playtime":2881,"items_purged":["Pain","Strike_B","Strike_B"],"score":1679,"play_id":"8d38c0af-d329-4d0b-991b-76f51743a95e","local_time":"20210123121251","is_ascension_mode":true,"campfire_choices":[{"data":"Defragment","floor":7.0,"key":"SMITH"},{"data":"Chill","floor":11.0,"key":"SMITH"},{"data":"Loop","floor":15.0,"key":"SMITH"},{"data":"Consume","floor":23.0,"key":"SMITH"},{"data":"Buffer","floor":30.0,"key":"SMITH"},{"floor":32.0,"key":"REST"},{"floor":47,"key":"RECALL"},{"floor":49,"key":"REST"},{"data":"Biased Cognition","floor":52,"key":"SMITH"}],"circlet_count":0,"master_deck":["AscendersBane","Defend_B","Defend_B","Defend_B","Zap","Dualcast","Doom and Gloom","Cold Snap","Defragment+1","Tempest","Chill+1","Ball Lightning","Core Surge","Echo Form","Loop+1","Buffer+1","Conserve Battery+1","Consume+1","Coolheaded","Reinforced Body","Leap","Barrage","Biased Cognition+1","Skim","Madness","Madness","Undo","Thunder Strike","Leap+1","Undo+1","BootSequence+1","Aggregate"],"relics":["Empty Cage","WarpedTongs","Mercury Hourglass","Bag of Preparation","PreservedInsect","Happy Flower","Juzu Bracelet","Inserter","Red Mask","Vajra","HornCleat","Question Card","Snecko Eye","Shovel","Boot","Membership Card","Peace Pipe","Ornamental Fan","Mango","CaptainsWheel","Gambling Chip","Lantern"],"acts_visited":["Exordium","TheCity","TheBeyond","TheEnding"],"potions_floor_usage":[50,55],"damage_taken":[{"damage":6.0,"enemies":"Cultist","floor":1.0,"turns":4.0},{"damage":6.0,"enemies":"Jaw Worm","floor":3.0,"turns":4.0},{"damage":0.0,"enemies":"Lagavulin","floor":6.0,"turns":7.0},{"damage":10.0,"enemies":"Gremlin Nob","floor":8.0,"turns":3.0},{"damage":8.0,"enemies":"Small Slimes","floor":12.0,"turns":2.0},{"damage":12.0,"enemies":"Lagavulin","floor":13.0,"turns":4.0},{"damage":2.0,"enemies":"Lagavulin Event","floor":14.0,"turns":4.0},{"damage":3.0,"enemies":"Slime Boss","floor":16.0,"turns":5.0},{"damage":6.0,"enemies":"2 Thieves","floor":18.0,"turns":4.0},{"damage":27.0,"enemies":"Masked Bandits","floor":19.0,"turns":5.0},{"damage":10.0,"enemies":"Book of Stabbing","floor":24.0,"turns":4.0},{"damage":0.0,"enemies":"Gremlin Leader","floor":27.0,"turns":5.0},{"damage":0.0,"enemies":"Spheric Guardian","floor":28.0,"turns":5.0},{"damage":0.0,"enemies":"3 Cultists","floor":29.0,"turns":5.0},{"damage":0.0,"enemies":"Snecko","floor":31.0,"turns":5.0},{"damage":24.0,"enemies":"Automaton","floor":33.0,"turns":8.0},{"damage":0,"enemies":"Orb Walker","floor":35,"turns":3},{"damage":0,"enemies":"Mind Bloom Boss Battle","floor":38,"turns":3},{"damage":0,"enemies":"Giant Head","floor":40,"turns":7},{"damage":16,"enemies":"Reptomancer","floor":42,"turns":5},{"damage":0,"enemies":"3 Darklings","floor":45,"turns":5},{"damage":0,"enemies":"Nemesis","floor":46,"turns":5},{"damage":7,"enemies":"Giant Head","floor":48,"turns":8},{"damage":6,"enemies":"Awakened One","floor":50,"turns":9},{"damage":0,"enemies":"Shield and Spear","floor":54,"turns":10},{"damage":80,"enemies":"The Heart","floor":55,"turns":5}],"seed_played":"8923919265856136025","potions_obtained":[{"floor":3.0,"key":"Energy Potion"},{"floor":12.0,"key":"Block Potion"},{"floor":14.0,"key":"SpeedPotion"},{"floor":24.0,"key":"FearPotion"},{"floor":27.0,"key":"SpeedPotion"},{"floor":46,"key":"DistilledChaos"},{"floor":48,"key":"FocusPotion"}],"is_trial":false,"path_per_floor":["M","?","M","$","?","E","R","E","T","$","R","M","E","?","R","B",null,"M","?","$","?","$","R","E","?","T","E","M","M","R","M","R","B",null,"M","?","?","?","T","E","$","E","T","?","M","E","R","E","R","B",null,"R","$","E","B"],"character_chosen":"DEFECT","items_purchased":["Defragment","Ball Lightning","Consume","Membership Card","Thunder Strike","Gambling Chip"],"campfire_rested":2,"item_purchase_floors":[4,10,22,41,41,53],"current_hp_per_floor":[58,58,52,52,52,52,52,42,42,42,42,34,22,20,20,17,58,52,25,25,39,39,39,29,29,29,29,29,29,29,29,50,26,60,60,47,47,47,47,47,47,31,31,21,21,35,35,28,53,47,76,76,76,76,0,0],"gold":32,"neow_bonus":"BOSS_RELIC","is_daily":false,"chose_seed":false,"campfire_upgraded":6,"win_rate":0.0,"timestamp":1611384171,"path_taken":["M","?","?","$","?","E","R","E","T","$","R","M","E","?","R","BOSS","M","?","?","?","$","R","E","?","T","E","M","M","R","M","R","BOSS","M","?","?","?","?","E","$","E","T","?","M","E","R","E","R","BOSS","R","$","E","BOSS"],"items_purchased_type":["Card","Card","Card","Relic","Card","Relic"],"build_version":"2020-12-22","purchased_purges":3,"victory":false,"max_hp_per_floor":[71,71,71,71,71,71,71,71,71,71,71,71,71,71,71,71,71,71,71,71,71,71,71,71,71,71,71,71,71,71,71,71,71,71,71,71,71,71,71,71,71,71,71,71,71,85,85,85,85,85,85,85,85,85,85,85],"relic_stats":{"Inserter":[50],"Happy Flower":[36],"counters":[26,133],"PreservedInsect":595,"Bag of Preparation":[44],"Juzu Bracelet":2,"Question Card":13,"Boot":[8],"WarpedTongs":[129],"Mercury Hourglass":[471],"Peace Pipe":0,"Shovel":0,"Ornamental Fan":[16],"Gambling Chip":[10],"Snecko Eye":[100,88,100,103],"obtain_stats":[{"Lantern":54,"Inserter":17,"Happy Flower":13,"Vajra":24,"Mango":46,"PreservedInsect":9,"Bag of Preparation":8,"Juzu Bracelet":14,"Empty Cage":0,"Question Card":27,"Boot":40,"WarpedTongs":2,"Mercury Hourglass":6,"Peace Pipe":42,"CaptainsWheel":48,"HornCleat":26,"Shovel":38,"Ornamental Fan":43,"Gambling Chip":53,"Snecko Eye":34,"Red Mask":19,"Membership Card":41,"Cracked Core":0},{"Lantern":25,"Inserter":8,"Happy Flower":6,"Vajra":11,"Mango":22,"PreservedInsect":4,"Bag of Preparation":4,"Juzu Bracelet":7,"Empty Cage":0,"Question Card":12,"Boot":19,"WarpedTongs":1,"Mercury Hourglass":3,"Peace Pipe":20,"CaptainsWheel":23,"HornCleat":11,"Shovel":18,"Ornamental Fan":20,"Gambling Chip":24,"Snecko Eye":16,"Red Mask":10,"Membership Card":19,"Cracked Core":0},{"Lantern":128,"Inserter":33,"Happy Flower":24,"Vajra":45,"Mango":101,"PreservedInsect":18,"Bag of Preparation":18,"Juzu Bracelet":28,"Empty Cage":0,"Question Card":50,"Boot":86,"WarpedTongs":4,"Mercury Hourglass":15,"Peace Pipe":91,"CaptainsWheel":109,"HornCleat":45,"Shovel":79,"Ornamental Fan":91,"Gambling Chip":118,"Snecko Eye":73,"Red Mask":41,"Membership Card":86,"Cracked Core":0}]},"card_choices":[{"not_picked":["Leap","Ball Lightning"],"picked":"Doom and Gloom","floor":1.0},{"not_picked":["Hologram","Steam"],"picked":"Cold Snap","floor":3.0},{"not_picked":["Streamline","Sweeping Beam"],"picked":"Tempest","floor":6.0},{"not_picked":["Conserve Battery","Undo"],"picked":"Chill","floor":8.0},{"not_picked":["Leap","Turbo"],"picked":"Core Surge","floor":12.0},{"not_picked":["Defragment","Aggregate"],"picked":"Echo Form","floor":13.0},{"not_picked":["Sunder","Scrape"],"picked":"Loop","floor":14.0},{"not_picked":["Meteor Strike","Rainbow"],"picked":"Buffer","floor":16.0},{"not_picked":["Stack","Cold Snap+1"],"picked":"Conserve Battery+1","floor":18.0},{"not_picked":["White Noise","Redo"],"picked":"Coolheaded","floor":24.0},{"not_picked":["Echo Form","Go for the Eyes+1"],"picked":"Reinforced Body","floor":27.0},{"not_picked":["Redo","Steam","White Noise"],"picked":"Leap","floor":28.0},{"not_picked":["Creative AI","Steam","Rebound","Recycle"],"picked":"SKIP","floor":29.0},{"not_picked":["Turbo","Coolheaded","Stack"],"picked":"Barrage","floor":31.0},{"not_picked":["Meteor Strike","Seek","Amplify"],"picked":"Biased Cognition","floor":33.0},{"not_picked":["Rebound","Sweeping Beam+1","Leap"],"picked":"Skim","floor":35},{"not_picked":["Darkness","Stack+1","Steam"],"picked":"Undo","floor":38},{"not_picked":["Redo","Storm","Chill","Static Discharge"],"picked":"SKIP","floor":40},{"not_picked":["Heatsinks","Auto Shields","Hyperbeam","Stack"],"picked":"SKIP","floor":42},{"not_picked":["White Noise","Barrage","Cold Snap"],"picked":"Leap+1","floor":45},{"not_picked":["Darkness","Beam Cell","Barrage"],"picked":"Undo+1","floor":46},{"not_picked":["Hologram","Streamline","Cold Snap"],"picked":"BootSequence+1","floor":48},{"not_picked":["Consume","Gash+1","Ball Lightning+1"],"picked":"Aggregate","floor":54}],"player_experience":253134,"relics_obtained":[{"floor":6.0,"key":"Mercury Hourglass"},{"floor":8.0,"key":"Bag of Preparation"},{"floor":9.0,"key":"PreservedInsect"},{"floor":13.0,"key":"Happy Flower"},{"floor":14.0,"key":"Juzu Bracelet"},{"floor":19.0,"key":"Red Mask"},{"floor":24.0,"key":"Vajra"},{"floor":26.0,"key":"HornCleat"},{"floor":27.0,"key":"Question Card"},{"floor":38,"key":"Shovel"},{"floor":40,"key":"Boot"},{"floor":42,"key":"Peace Pipe"},{"floor":43,"key":"Ornamental Fan"},{"floor":46,"key":"Mango"},{"floor":48,"key":"CaptainsWheel"},{"floor":54,"key":"Lantern"}],"event_choices":[{"damage_healed":0.0,"max_hp_gain":0.0,"max_hp_loss":0.0,"gold_gain":0.0,"event_name":"Accursed Blacksmith","player_choice":"Rummage","floor":2.0,"gold_loss":0.0,"damage_taken":0.0,"relics_obtained":["WarpedTongs"],"cards_obtained":["Pain"]},{"cards_removed":["Strike_B"],"damage_healed":0.0,"max_hp_gain":0.0,"max_hp_loss":0.0,"gold_gain":0.0,"event_name":"Purifier","player_choice":"Purged","floor":5.0,"gold_loss":0.0,"damage_taken":0.0},{"damage_healed":0.0,"max_hp_gain":0.0,"max_hp_loss":0.0,"gold_gain":0.0,"event_name":"Dead Adventurer","player_choice":"Searched \u00271\u0027 times","floor":14.0,"gold_loss":0.0,"damage_taken":0.0},{"damage_healed":0.0,"max_hp_gain":0.0,"max_hp_loss":0.0,"gold_gain":0.0,"event_name":"Masked Bandits","player_choice":"Fought Bandits","floor":19.0,"gold_loss":0.0,"damage_taken":0.0},{"damage_healed":14.0,"max_hp_gain":0.0,"max_hp_loss":0.0,"gold_gain":0.0,"event_name":"The Library","player_choice":"Heal","floor":21.0,"gold_loss":0.0,"damage_taken":0.0},{"damage_healed":0.0,"max_hp_gain":0.0,"max_hp_loss":0.0,"gold_gain":50.0,"event_name":"Nest","player_choice":"Stole From Cult","floor":25.0,"gold_loss":0.0,"damage_taken":0.0},{"damage_healed":0,"gold_gain":0,"player_choice":"Embrace Madness","damage_taken":13,"max_hp_gain":0,"max_hp_loss":0,"event_name":"Winding Halls","floor":36,"gold_loss":0,"cards_obtained":["Madness","Madness"]},{"damage_healed":0,"gold_gain":0,"player_choice":"Memory 1","damage_taken":0,"max_hp_gain":0,"max_hp_loss":0,"event_name":"SensoryStone","floor":37,"gold_loss":0},{"damage_healed":0,"gold_gain":0,"player_choice":"Fight","damage_taken":0,"max_hp_gain":0,"max_hp_loss":0,"event_name":"MindBloom","floor":38,"gold_loss":0},{"damage_healed":0,"gold_gain":0,"player_choice":"Damaged","damage_taken":10,"max_hp_gain":0,"max_hp_loss":0,"event_name":"Wheel of Change","floor":44,"gold_loss":0}],"is_beta":false,"boss_relics":[{"not_picked":["SacredBark","Ectoplasm"],"picked":"Inserter"},{"not_picked":["Astrolabe","Black Star"],"picked":"Snecko Eye"}],"items_purged_floors":[4,22,41],"is_endless":false,"potions_floor_spawned":[3,12,14,24,27,28,31,40,46,48],"killed_by":"The Heart","ascension_level":16}}