{"host":"o1scrl1hgy598kuq","time":1611373298,"event":{"mods":["BaseMod","Colored Map","Colored Powertips","Minty Spire (QoL Compilation)","Remilia??????","Replay The Spire","Shop Mod","StSLib","The Jungle","The Marked","The Servant 0.9.4"],"gold_per_floor":[15,15,35,35,52,52,69,144,169,198,198,215,232,264,264,367,367,386,231,330,350,350,377,377,396,396,426,426,326,376,394,394,490,490,504,379,393,393,243,243,293,293,293,304,304,317,317,350,350,350,350,350,350,350,35,69,69],"floor_reached":58,"language":"ENG","playtime":4766,"items_purged":["Spreading Infection","Strike_S","Strike_S","KidneyShot","Parasite"],"score":1408,"play_id":"83ad0334-588a-4ee1-b503-95b4b73fb150","local_time":"20210122214138","is_ascension_mode":false,"campfire_choices":[{"data":"Exchange","floor":6,"key":"SMITH"},{"data":"InstantArmor","floor":24,"key":"SMITH"},{"data":"BottledTime","floor":32,"key":"SMITH"},{"data":"TheWorld","floor":40,"key":"SMITH"},{"data":"BottledTime","floor":45,"key":"SMITH"},{"data":"Defy","floor":47,"key":"SMITH"},{"floor":51,"key":"RECALL"},{"data":"InstantArmor","floor":54,"key":"SMITH"}],"circlet_count":0,"master_deck":["Defend_S","Defend_S","Exchange+1","InstantArmor+1","BottledTime+1","InstantArmor+1","Ricochet","WasteNot+1","Defy+1","Contraction","Gouge","PendulumOfEternity","CurseOfTheBell","SilverBlades+1","Alleviate","RealityMarble+1","Potential+1","Sabotage","StarChef+1","FastForward+1","Potential+1","ShatteredReality+1","TheWorld+1","BottledTime+1","ShiftingGears","Collapse+1","Collapse+1","BottledTime+1","Luminosity+1","Contraction+1"],"relics":["SplendidAttire","ReplayTheSpireMod:Ring of Exchange","Ring of Hypnosis","Frozen Egg 2","Replay:WaspNest","Torii","Prayer Wheel","Vajra","ReplayTheSpireMod:Shallot","ReplayTheSpireMod:Lightbulb","Turnip","Blood Vial","MerchantsRug","ReplayTheSpireMod:TigerMarble","Orichalcum"],"acts_visited":["Exordium","TheCity","TheBeyond","TheEnding"],"potions_floor_usage":[10,10,14,16,16,16,23,23,33,33,46,52,52,56,56,56,57,57],"damage_taken":[{"damage":0,"enemies":"Small Slimes","floor":1,"turns":4},{"damage":0,"enemies":"Cultist","floor":3,"turns":4},{"damage":1,"enemies":"2 Louse","floor":5,"turns":2},{"damage":0,"enemies":"Looter","floor":7,"turns":3},{"damage":0,"enemies":"Gremlin Nob","floor":10,"turns":4},{"damage":2,"enemies":"3 Louse","floor":12,"turns":2},{"damage":2,"enemies":"Exordium Thugs","floor":13,"turns":4},{"damage":0,"enemies":"3 Sentries","floor":14,"turns":4},{"damage":0,"enemies":"The Guardian","floor":16,"turns":18},{"damage":0,"enemies":"Spheric Guardian","floor":18,"turns":4},{"damage":0,"enemies":"3 Byrds","floor":21,"turns":6},{"damage":10,"enemies":"Slavers","floor":23,"turns":5},{"damage":0,"enemies":"Centurion and Healer","floor":25,"turns":6},{"damage":0,"enemies":"Replay:Snechameleon","floor":27,"turns":4},{"damage":0,"enemies":"Shelled Parasite and Fungi","floor":31,"turns":3},{"damage":6,"enemies":"Collector","floor":33,"turns":9},{"damage":0,"enemies":"Orb Walker","floor":35,"turns":2},{"damage":0,"enemies":"3 Darklings","floor":37,"turns":6},{"damage":0,"enemies":"Mind Bloom Boss Battle","floor":41,"turns":4},{"damage":16,"enemies":"4 Shapes","floor":44,"turns":5},{"damage":0,"enemies":"Writhing Mass","floor":46,"turns":3},{"damage":0,"enemies":"R_Hoarder","floor":48,"turns":7},{"damage":0,"enemies":"Awakened One","floor":52,"turns":9},{"damage":7,"enemies":"Shield and Spear","floor":56,"turns":5},{"damage":6,"enemies":"The Heart","floor":57,"turns":9}],"seed_played":"3066760971740396310","potions_obtained":[{"floor":1,"key":"PowerPotion"},{"floor":7,"key":"Languid Potion"},{"floor":12,"key":"Death Potion"},{"floor":14,"key":"Swift Potion"},{"floor":15,"key":"EssenceOfSteel"},{"floor":15,"key":"Block Potion"},{"floor":16,"key":"Weak Potion"},{"floor":21,"key":"Explosive Potion"},{"floor":25,"key":"ColorlessPotion"},{"floor":31,"key":"Swift Potion"},{"floor":33,"key":"GamblersBrew"},{"floor":37,"key":"Fruit Juice"},{"floor":44,"key":"SteroidPotion"},{"floor":46,"key":"EssenceOfSteel"},{"floor":56,"key":"Swift Potion"}],"is_trial":false,"path_per_floor":["M","?","M","?","M","R","M","?","T","E","?","M","M","E","R_BF","B",null,"M","$","?","M","?","E","R","M","T","E","?","$","?","M","R","B",null,"M","$","M","?","$","R","?","?","T","M","R","M","R","E","PTL","PTL","R","B",null,"R","$","E","B",null],"character_chosen":"THE_SERVANT","items_purchased":["RealityMarble+1","MerchantsRug","EntropicBrew","ReplayTheSpireMod:TigerMarble"],"campfire_rested":0,"item_purchase_floors":[19,55,55,55],"current_hp_per_floor":[65,65,65,65,64,64,64,53,60,60,60,58,56,56,56,56,72,72,72,72,72,69,59,59,59,59,59,59,59,59,59,59,53,69,69,69,69,69,69,69,69,69,69,53,53,58,58,58,58,58,58,60,74,74,71,64,60],"gold":69,"neow_bonus":"REMOVE_TWO","is_daily":false,"chose_seed":false,"campfire_upgraded":7,"win_rate":0.0,"timestamp":1611373298,"path_taken":["M","?","M","?","?","R","M","?","T","E","?","M","M","E","R_BF","BOSS","M","$","?","M","?","E","R","M","T","E","?","$","?","M","R","BOSS","M","$","M","?","$","R","?","?","T","M","R","?","R","E","PTL","PTL","R","BOSS","R","$","E","BOSS"],"items_purchased_type":["Card","Relic","Potion","Relic"],"build_version":"2020-12-22","purchased_purges":5,"victory":true,"max_hp_per_floor":[65,65,65,65,65,65,65,65,72,72,72,72,72,72,72,72,72,72,72,72,72,69,69,69,69,69,69,69,69,69,69,69,69,69,69,69,69,69,69,69,69,69,69,69,69,74,74,74,74,74,74,74,74,74,71,71,71],"card_choices":[{"not_picked":["TimeWarp","Desolation"],"picked":"InstantArmor","floor":1},{"not_picked":["DoubleEdge","Spin"],"picked":"BottledTime","floor":3},{"not_picked":["Revamp","Rearm"],"picked":"InstantArmor","floor":5},{"not_picked":["BottledTime","Alleviate"],"picked":"Ricochet","floor":7},{"not_picked":["Duplication","Potential"],"picked":"WasteNot+1","floor":10},{"not_picked":["DualDimension","Rearm"],"picked":"Defy","floor":12},{"not_picked":["Rewind","Rearm"],"picked":"Contraction","floor":13},{"not_picked":["Ricochet","Rewind"],"picked":"Gouge","floor":14},{"not_picked":["ForgedInTime","FloweringNight+1"],"picked":"PendulumOfEternity","floor":16},{"not_picked":["ReplayTheSpireMod:Doomed","AbeCurse"],"picked":"Spreading Infection","floor":17},{"not_picked":["Replay:Hysterical Blindness","Lust_TH"],"picked":"CurseOfTheBell","floor":17},{"not_picked":["Regret","Shame"],"picked":"Parasite","floor":17},{"not_picked":["Alleviate","MoonPhase+1"],"picked":"SilverBlades+1","floor":18},{"not_picked":["WasteNot+1","Rewind+1"],"picked":"Alleviate","floor":18},{"not_picked":["ReturningBlade+1","DualDimension+1"],"picked":"Potential+1","floor":21},{"not_picked":["Sunlight","Starlight+1"],"picked":"Sabotage","floor":21},{"not_picked":["DoubleEdge","Foresight+1"],"picked":"StarChef+1","floor":23},{"not_picked":["DoubleEdge+1","Revamp"],"picked":"FastForward+1","floor":25},{"not_picked":["Solidify","BestPractice+1"],"picked":"Potential+1","floor":25},{"not_picked":["ReturningBlade+1","Unruled+1"],"picked":"ShatteredReality+1","floor":27},{"not_picked":["GearUp","LightFlow","FastForward"],"picked":"SKIP","floor":31},{"not_picked":["StarChef+1","Ricochet","Rearm"],"picked":"SKIP","floor":31},{"not_picked":["KillingDoll","ForgedInTime"],"picked":"TheWorld","floor":33},{"not_picked":["InstantArmor+1","Replace+1"],"picked":"BottledTime","floor":35},{"not_picked":["FanOfKnives","Potential"],"picked":"ShiftingGears","floor":35},{"not_picked":["Spin","Ricochet+1"],"picked":"Collapse+1","floor":37},{"not_picked":["SpecialFormula+1","ShiftingGears"],"picked":"Collapse+1","floor":37},{"not_picked":["Rewind+1","Rearm"],"picked":"BottledTime+1","floor":44},{"not_picked":["Starlight","Alleviate","Revamp"],"picked":"SKIP","floor":44},{"not_picked":["Starlight","Alleviate","Revamp"],"picked":"SKIP","floor":44},{"not_picked":["Revamp","DoubleEdge+1"],"picked":"Luminosity+1","floor":46},{"not_picked":["GearUp","Hightail+1","DoubleEdge"],"picked":"SKIP","floor":46},{"not_picked":["Collapse","Rearm","Contraction"],"picked":"SKIP","floor":48},{"not_picked":["FastForward","Alleviate+1"],"picked":"Contraction+1","floor":56}],"player_experience":204091,"relics_obtained":[{"floor":2,"key":"ReplayTheSpireMod:Ring of Exchange"},{"floor":2,"key":"Ring of Hypnosis"},{"floor":9,"key":"Strawberry"},{"floor":10,"key":"Frozen Egg 2"},{"floor":14,"key":"Torii"},{"floor":23,"key":"Vajra"},{"floor":26,"key":"ReplayTheSpireMod:Shallot"},{"floor":27,"key":"ReplayTheSpireMod:Lightbulb"},{"floor":41,"key":"Turnip"},{"floor":48,"key":"Blood Vial"},{"floor":56,"key":"Orichalcum"}],"event_choices":[{"cards_removed":["Defend_S"],"damage_healed":0,"gold_gain":0,"player_choice":"Offered Basic","damage_taken":0,"max_hp_gain":0,"max_hp_loss":0,"event_name":"Bonfire Elementals","floor":4,"gold_loss":0},{"damage_healed":0,"gold_gain":75,"player_choice":"Gather Gold","damage_taken":11,"max_hp_gain":0,"max_hp_loss":0,"event_name":"World of Goop","floor":8,"gold_loss":0},{"damage_healed":0,"gold_gain":0,"player_choice":"Searched \u00272\u0027 times","damage_taken":0,"relics_obtained":["Replay:WaspNest"],"max_hp_gain":0,"max_hp_loss":0,"event_name":"Dead Adventurer","floor":11,"gold_loss":0},{"damage_healed":0,"gold_gain":99,"player_choice":"Stole From Cult","damage_taken":0,"max_hp_gain":0,"max_hp_loss":0,"event_name":"Nest","floor":20,"gold_loss":0},{"cards_removed":["Parasite"],"damage_healed":0,"gold_gain":0,"player_choice":"Elegance","damage_taken":0,"max_hp_gain":0,"max_hp_loss":0,"event_name":"Back to Basics","floor":22,"gold_loss":0},{"damage_healed":0,"gold_gain":0,"player_choice":"Ignored","damage_taken":0,"max_hp_gain":0,"max_hp_loss":0,"event_name":"Vampires","floor":28,"gold_loss":0},{"damage_healed":0,"gold_gain":100,"player_choice":"Bet on Murderer","damage_taken":0,"max_hp_gain":0,"max_hp_loss":0,"event_name":"The Joust","floor":30,"gold_loss":50},{"cards_removed":["Strike_S"],"damage_healed":0,"gold_gain":0,"player_choice":"Removed Attack","damage_taken":0,"max_hp_gain":0,"max_hp_loss":0,"event_name":"Falling","floor":38,"gold_loss":0},{"damage_healed":0,"gold_gain":0,"player_choice":"Fight","damage_taken":0,"max_hp_gain":0,"max_hp_loss":0,"event_name":"MindBloom","floor":41,"gold_loss":0},{"damage_healed":0,"gold_gain":0,"player_choice":"Ignored","damage_taken":0,"max_hp_gain":0,"max_hp_loss":0,"event_name":"Tomb of Lord Red Mask","floor":42,"gold_loss":0}],"is_beta":false,"boss_relics":[{"not_picked":["Sozu","ReplayTheSpireMod:DimensionalGlitch"],"picked":"Replay:Ancient Bell"},{"not_picked":["Toy Ornithopter","Anchor"],"picked":"Replay:Baseball"},{"not_picked":["Chameleon Ring","Letter Opener"],"picked":"Replay:Bottled Flurry"},{"not_picked":["Peace Pipe","Unceasing Top"],"picked":"Prayer Wheel"},{"not_picked":["Membership Card","HandDrill"],"picked":"SplendidAttire"}],"items_purged_floors":[19,29,36,39,55],"is_endless":false,"potions_floor_spawned":[1,7,12,14,16,21,25,31,33,37,44,46,56],"ascension_level":0}}