{"host":"ci7ivtocgfxh0ueo","time":1611369790,"event":{"mods":["BaseMod","GifTheSpireLib","Minty Spire (QoL Compilation)","StSLib"],"gold_per_floor":[113,124,124,144,159,159,159,159,232,232,68,83,96,112,112,188,188,68,68],"floor_reached":18,"language":"ZHT","playtime":429,"items_purged":[],"score":293,"play_id":"f6e65ef9-258d-43aa-87f4-6fcf36751b18","local_time":"20210123104310","is_ascension_mode":true,"campfire_choices":[{"floor":6,"key":"REST"},{"floor":8,"key":"REST"},{"data":"Spot Weakness","floor":10,"key":"SMITH"},{"floor":15,"key":"REST"}],"circlet_count":0,"master_deck":["AscendersBane","Strike_R","Strike_R","Strike_R","Strike_R","Strike_R+1","Defend_R","Defend_R","Bash","Iron Wave","Cleave","Reaper+1","Spot Weakness+1","Havoc","Heavy Blade","Metallicize","Second Wind","Limit Break","CurseOfTheBell"],"relics":["Empty Cage","Dream Catcher","Matryoshka","Whetstone","Calling Bell","Regal Pillow","Singing Bowl","Incense Burner"],"acts_visited":["Exordium","TheCity"],"potions_floor_usage":[16,16],"damage_taken":[{"damage":29,"enemies":"Jaw Worm","floor":1,"turns":4},{"damage":4,"enemies":"Small Slimes","floor":2,"turns":4},{"damage":1,"enemies":"Cultist","floor":4,"turns":4},{"damage":19,"enemies":"Red Slaver","floor":5,"turns":4},{"damage":10,"enemies":"Exordium Wildlife","floor":12,"turns":3},{"damage":12,"enemies":"Lots of Slimes","floor":13,"turns":3},{"damage":13,"enemies":"Blue Slaver","floor":14,"turns":2},{"damage":58,"enemies":"The Guardian","floor":16,"turns":12},{"damage":73,"enemies":"2 Thieves","floor":18,"turns":3}],"seed_played":"3815486037675025866","potions_obtained":[{"floor":4,"key":"Strength Potion"},{"floor":5,"key":"PowerPotion"},{"floor":16,"key":"Weak Potion"}],"is_trial":false,"path_per_floor":["M","M","?","M","M","R","?","R","T","R","$","M","M","M","R","B",null,"M"],"character_chosen":"IRONCLAD","items_purchased":["Whetstone"],"campfire_rested":3,"item_purchase_floors":[11],"current_hp_per_floor":[39,35,35,34,15,37,26,48,48,48,48,56,44,31,53,11,59,0,0],"gold":68,"neow_bonus":"BOSS_RELIC","is_daily":false,"chose_seed":false,"campfire_upgraded":1,"win_rate":0.0,"timestamp":1611369790,"path_taken":["M","M","?","M","M","R","?","R","T","R","$","M","M","M","R","BOSS","M"],"items_purchased_type":["Relic"],"build_version":"2020-12-22","purchased_purges":0,"victory":false,"max_hp_per_floor":[75,75,75,75,75,75,75,75,75,75,75,75,75,75,75,75,75,75,75],"card_choices":[{"not_picked":["Warcry","Perfected Strike"],"picked":"Iron Wave","floor":1},{"not_picked":["Sword Boomerang","Headbutt"],"picked":"Cleave","floor":2},{"not_picked":["Body Slam","Twin Strike"],"picked":"Reaper","floor":4},{"not_picked":["Shrug It Off","Twin Strike"],"picked":"Spot Weakness","floor":5},{"not_picked":["Twin Strike","Reckless Charge"],"picked":"Havoc","floor":8},{"not_picked":["Anger","Clothesline","Body Slam"],"picked":"SKIP","floor":12},{"not_picked":["Havoc","Twin Strike"],"picked":"Heavy Blade","floor":13},{"not_picked":["Clothesline","Perfected Strike"],"picked":"Metallicize","floor":14},{"not_picked":["Perfected Strike","Reaper"],"picked":"Second Wind","floor":15},{"not_picked":["Impervious","Barricade"],"picked":"Limit Break","floor":16}],"player_experience":1349424,"relics_obtained":[{"floor":9,"key":"Matryoshka"},{"floor":17,"key":"Regal Pillow"},{"floor":17,"key":"Singing Bowl"},{"floor":17,"key":"Incense Burner"}],"event_choices":[{"damage_healed":0,"gold_gain":0,"player_choice":"Ignored","damage_taken":0,"max_hp_gain":0,"max_hp_loss":0,"event_name":"Golden Wing","floor":3,"gold_loss":0},{"damage_healed":0,"gold_gain":0,"player_choice":"Success","damage_taken":11,"relics_obtained":["Dream Catcher"],"max_hp_gain":0,"max_hp_loss":0,"event_name":"Scrap Ooze","floor":7,"gold_loss":0}],"is_beta":false,"boss_relics":[{"not_picked":["Velvet Choker","Tiny House"],"picked":"Calling Bell"}],"items_purged_floors":[],"is_endless":false,"potions_floor_spawned":[4,5,12,13,16],"killed_by":"2 Thieves","ascension_level":18}}