{"host":"sian7qp8a9pc9xwd","time":1611418670,"event":{"mods":["BaseMod","Minty Spire (QoL Compilation)","StSLib","SuperFastMode"],"gold_per_floor":[119,119,132,132,132,132,145,220,295,12,12,45,56,66,66,66,66],"floor_reached":16,"language":"ENG","playtime":1281,"items_purged":[],"score":165,"play_id":"0564b513-9902-4776-9e9a-2b53e6f5753b","local_time":"20210123111750","is_ascension_mode":true,"campfire_choices":[{"data":"Tools of the Trade","floor":6,"key":"SMITH"},{"data":"Blade Dance","floor":11,"key":"SMITH"},{"data":"Secret Technique","floor":15,"key":"SMITH"}],"circlet_count":0,"master_deck":["AscendersBane","Strike_G","Strike_G","Strike_G","Strike_G","Defend_G","Defend_G","Defend_G","Defend_G","Defend_G","Survivor","Neutralize","Blade Dance+1","Tools of the Trade+1","Blade Dance+1","Slice","Flash of Steel","Secret Technique+1","Backstab"],"relics":["Ring of the Snake","NeowsBlessing","Gremlin Horn","Snake Skull"],"acts_visited":["Exordium"],"potions_floor_usage":[16],"damage_taken":[{"damage":0.0,"enemies":"2 Louse","floor":1.0,"turns":1.0},{"damage":0.0,"enemies":"Cultist","floor":3.0,"turns":1.0},{"damage":0,"enemies":"Jaw Worm","floor":7,"turns":1},{"damage":23,"enemies":"Gremlin Nob","floor":12,"turns":4},{"damage":7,"enemies":"Large Slime","floor":13,"turns":4},{"damage":0,"enemies":"Looter","floor":14,"turns":2},{"damage":30,"enemies":"Slime Boss","floor":16,"turns":6}],"seed_played":"-398217013595639818","potions_obtained":[{"floor":13,"key":"SmokeBomb"},{"floor":14,"key":"AttackPotion"}],"is_trial":false,"path_per_floor":["M","?","M","?","?","R","M","?","T","$","R","E","M","M","R","B"],"character_chosen":"THE_SILENT","items_purchased":["Flash of Steel","Secret Technique"],"campfire_rested":0,"item_purchase_floors":[10,10],"current_hp_per_floor":[63,63,63,68,68,68,68,57,57,57,57,34,27,27,27,0,0],"gold":66,"neow_bonus":"THREE_ENEMY_KILL","is_daily":false,"chose_seed":false,"campfire_upgraded":3,"win_rate":0.0,"timestamp":1611418670,"path_taken":["M","?","?","?","?","R","M","?","T","?","R","E","M","M","R","BOSS"],"items_purchased_type":["Card","Card"],"build_version":"2020-12-22","purchased_purges":0,"victory":false,"max_hp_per_floor":[70,70,70,75,75,75,75,75,75,75,75,75,75,75,75,75,75],"card_choices":[{"not_picked":["Bane","Poisoned Stab"],"picked":"Blade Dance","floor":1.0},{"not_picked":["Dash","Well Laid Plans"],"picked":"Blade Dance","floor":3.0},{"not_picked":["Tools of the Trade","Flying Knee"],"picked":"Slice","floor":7},{"not_picked":["Poisoned Stab","Deflect","Bane"],"picked":"SKIP","floor":12},{"not_picked":["Poisoned Stab","Backflip"],"picked":"Backstab","floor":13},{"not_picked":["Deflect","Flying Knee","Dagger Spray"],"picked":"SKIP","floor":14}],"player_experience":768636,"relics_obtained":[{"floor":9,"key":"Gremlin Horn"},{"floor":12,"key":"Snake Skull"}],"event_choices":[{"damage_healed":0.0,"max_hp_gain":0.0,"max_hp_loss":0.0,"gold_gain":0.0,"cards_transformed":["Strike_G"],"event_name":"Transmorgrifier","player_choice":"Transformed","floor":2.0,"gold_loss":0.0,"damage_taken":0.0,"cards_obtained":["Tools of the Trade"]},{"damage_healed":0.0,"max_hp_gain":5.0,"max_hp_loss":0.0,"gold_gain":0.0,"event_name":"Big Fish","player_choice":"Donut","floor":4.0,"gold_loss":0.0,"damage_taken":0.0},{"damage_healed":0,"gold_gain":0,"player_choice":"Grow","damage_taken":0,"max_hp_gain":0,"max_hp_loss":0,"event_name":"Living Wall","floor":5,"gold_loss":0,"cards_upgraded":["Blade Dance"]},{"damage_healed":0,"gold_gain":75,"player_choice":"Gather Gold","damage_taken":11,"max_hp_gain":0,"max_hp_loss":0,"event_name":"World of Goop","floor":8,"gold_loss":0}],"is_beta":false,"boss_relics":[],"items_purged_floors":[],"is_endless":false,"potions_floor_spawned":[13,14],"killed_by":"Slime Boss","ascension_level":13}}