{"host":"nf6g0xecy3kjsu8m","time":1611410159,"event":{"mods":["ATMod(°¢èªMod)","Arknights The Spire","Aspiration","BaseMod","Conspire","Dota2Spire","GungeonMod","Hermit","Infinite Spire","Luminous","Marisa£¨ìFÓê¡¡Ä§ÀíÉ³£©","Minty Spire (QoL Compilation)","Quick Restart","Replay The Spire","StSLib","TestMod","The Blackbeard","The Cursed","The Hierophant","[GremlinLeader]The Maniac","[IsaacMod]ÒÔÈö¼âËþ","vexMod"],"gold_per_floor":[109,59,59,86,39,72,72,46,120,133,133,146,146,156,156,257,257,264,179,267,285,59,86,12,12,36,71,80,80,80,30,30,150,150,171,571,571,208,226,243,253,253],"floor_reached":41,"language":"ZHS","playtime":1957,"items_purged":["maniac:Strike","maniac:Strike","maniac:PerceiveDanger"],"score":475,"play_id":"981b1f29-9d36-4e1e-bc95-58bd7f61cbff","local_time":"20210123215559","is_ascension_mode":false,"campfire_choices":[{"data":"maniac:BladesInCloak","floor":7,"key":"SMITH"},{"data":"maniac:Refine","floor":11,"key":"SMITH"},{"data":"AT_EmpoweredMortalDraw","floor":13,"key":"SMITH"},{"data":"maniac:Lacerate","floor":15,"key":"SMITH"},{"floor":29,"key":"REST"}],"circlet_count":0,"master_deck":["maniac:BurnBlood","maniac:AbyssShackle","AT_EmpoweredMortalDraw+1","maniac:SpectralFlash","maniac:WardAndDefend","maniac:Refine+1","maniac:BladesInCloak+1","maniac:ShelteringEdge+1","maniac:Lacerate+1","maniac:UntravelledPath","maniac:ManipulatedFaith","maniac:Deal","ReplayTheSpireMod:Splinters","maniac:SorceryHour+1","maniac:SpectralKnives","maniac:ManipulatedFaith+1","maniac:Collecting","maniac:TimeForm","maniac:Blastwave+1","conspire:SpireCoStock","maniac:Simulacrum","maniac:ReachVictory","maniac:ReconstructWounds","maniac:AllOutAttack","maniac:ShatteredShield","maniac:SorceryHour","Good Instincts","maniac:FoilArmor","maniac:DashForward+1"],"relics":["maniac:DamagedAnvil","maniac:BrokenHorn","AT_ATBox","testmod-TestBox","DeathBook","testmod-TimeTraveler","NeowsBlessing","AT_SunfireAegis","conspire:BottledYoYo","GnawedLeaf","vexMod:MysteryBossChallenge","Ring of Chaos","testmod-D¨¦j¨¤vu","aspiration:HiddenCompartment","vexMod:Cooldron","DemoMod:WeirdEgg","Tiny Chest","Shuriken","DemoMod:LamentConfigurum","HandDrill","DemoMod:VorpalBullet","aspiration:HatOfInfinitePower","Pandora\u0027s Box","testmod-IntensifyImprint"],"acts_visited":["Exordium","TheCity","TheBeyond"],"potions_floor_usage":[23,23,23,35,35,35,39,39,39],"damage_taken":[{"damage":0,"enemies":"2 Louse","floor":1,"turns":1},{"damage":0,"enemies":"conspire:MimicChest","floor":4,"turns":1},{"damage":0,"enemies":"3 Sentries","floor":6,"turns":1},{"damage":0,"enemies":"conspire:RoseBush","floor":10,"turns":2},{"damage":0,"enemies":"Small Slimes","floor":12,"turns":1},{"damage":0,"enemies":"2 Fungi Beasts","floor":14,"turns":2},{"damage":4,"enemies":"Slime Boss","floor":16,"turns":6},{"damage":6,"enemies":"Chosen","floor":18,"turns":3},{"damage":1,"enemies":"2 Thieves","floor":21,"turns":2},{"damage":17,"enemies":"Slavers","floor":23,"turns":3},{"damage":39,"enemies":"Gremlin Leader","floor":27,"turns":6},{"damage":3,"enemies":"conspire:HollyBat","floor":28,"turns":6},{"damage":39,"enemies":"Champ","floor":33,"turns":9},{"damage":5,"enemies":"Orb Walker","floor":35,"turns":2},{"damage":0,"enemies":"3 Darklings","floor":39,"turns":2},{"damage":43,"enemies":"Sphere and 2 Shapes","floor":40,"turns":4},{"damage":44,"enemies":"Nemesis","floor":41,"turns":3}],"seed_played":"-7183657690936793328","potions_obtained":[{"floor":6,"key":"Ancient Potion"},{"floor":12,"key":"SpeedPotion"},{"floor":16,"key":"LiquidMemories"},{"floor":18,"key":"Languid Potion"},{"floor":33,"key":"EntropicBrew"}],"is_trial":false,"path_per_floor":["M","?","?","?","$","E","R","$","T","M","R","M","R","M","R","B",null,"M","?","?","M","$","E","$","?","T","E","M","R","AVR","?","R","B",null,"M","?","AVR","$","M","M","E"],"character_chosen":"THE_MANIAC","items_purchased":["maniac:Refine","maniac:ShelteringEdge","vexMod:Cooldron","maniac:Collecting","EntropicBrew","Good Instincts","maniac:FoilArmor"],"campfire_rested":1,"item_purchase_floors":[5,8,22,24,38,38,38],"current_hp_per_floor":[80,80,80,80,80,80,80,80,80,80,80,80,80,80,80,76,80,74,74,74,73,73,56,56,56,56,17,14,38,38,38,62,23,80,75,75,75,75,75,32,0,0],"gold":253,"neow_bonus":"THREE_ENEMY_KILL","is_daily":false,"chose_seed":false,"campfire_upgraded":4,"win_rate":0.0,"timestamp":1611410159,"path_taken":["M","?","?","?","$","E","R","?","T","M","R","M","R","M","R","BOSS","M","?","?","M","$","E","?","?","T","E","M","R","AVR","?","R","BOSS","M","?","AVR","?","M","M","E"],"items_purchased_type":["Card","Card","Relic","Card","Potion","Card","Card"],"build_version":"2020-12-22","purchased_purges":3,"victory":false,"max_hp_per_floor":[80,80,80,80,80,80,80,80,80,80,80,80,80,80,80,80,80,80,80,80,80,80,80,80,80,80,80,80,80,80,80,80,80,80,80,80,80,80,80,80,80,80],"card_choices":[{"not_picked":["maniac:ExpectedMoves","maniac:UntravelledPath"],"picked":"maniac:SpectralFlash","floor":1},{"not_picked":["maniac:PanickyParry","maniac:ShelteringEdge"],"picked":"maniac:WardAndDefend","floor":4},{"not_picked":["maniac:AlleviatingSorcery","maniac:Confront"],"picked":"maniac:BladesInCloak","floor":6},{"not_picked":["maniac:MeleeStrike","maniac:FindAShortcut"],"picked":"maniac:Lacerate","floor":10},{"not_picked":["maniac:WardAndDefend","Bomb"],"picked":"maniac:UntravelledPath","floor":12},{"not_picked":["maniac:AllOutAttack","maniac:UndyingDesire"],"picked":"maniac:ManipulatedFaith","floor":14},{"not_picked":["maniac:RallyToMe","maniac:HammerDown"],"picked":"maniac:Deal","floor":16},{"not_picked":["maniac:FindAShortcut","maniac:MeleeStrike+1","maniac:ManipulatedFaith"],"picked":"SKIP","floor":18},{"not_picked":["maniac:FindAShortcut","maniac:Precision"],"picked":"maniac:SorceryHour+1","floor":20},{"not_picked":["maniac:Intimidate","maniac:ManipulatedFaith"],"picked":"maniac:SpectralKnives","floor":20},{"not_picked":["maniac:Retrospect","maniac:SeekerKnife"],"picked":"maniac:ManipulatedFaith+1","floor":21},{"not_picked":["maniac:MeleeStrike","maniac:UndyingDesire","maniac:PanickyParry"],"picked":"SKIP","floor":23},{"not_picked":["maniac:Lacerate","maniac:ListenToNone"],"picked":"maniac:TimeForm","floor":27},{"not_picked":["maniac:ListenToNone+1","maniac:Intimidate"],"picked":"maniac:Blastwave+1","floor":28},{"not_picked":["maniac:HammerDown","maniac:ShadowContact"],"picked":"maniac:Simulacrum","floor":33},{"not_picked":["maniac:SeeingDetails","maniac:SpectralKnives","maniac:ManipulatedFaith+1"],"picked":"SKIP","floor":35},{"not_picked":["maniac:WardAndDefend","maniac:Refine+1","maniac:SpectralKnives"],"picked":"SKIP","floor":39},{"not_picked":["maniac:ListenToNone+1","maniac:SeekerKnife+1"],"picked":"maniac:DashForward+1","floor":40}],"player_experience":179368,"relics_obtained":[{"floor":4,"key":"AT_SunfireAegis"},{"floor":6,"key":"conspire:BottledYoYo"},{"floor":9,"key":"GnawedLeaf"},{"floor":20,"key":"aspiration:HiddenCompartment"},{"floor":23,"key":"DemoMod:WeirdEgg"},{"floor":26,"key":"Tiny Chest"},{"floor":27,"key":"DemoMod:LamentConfigurum"}],"event_choices":[{"cards_removed":["maniac:Strike"],"damage_healed":0,"gold_gain":0,"player_choice":"Card Removal","damage_taken":0,"max_hp_gain":0,"max_hp_loss":0,"event_name":"The Cleric","floor":2,"gold_loss":50},{"damage_healed":0,"gold_gain":0,"player_choice":"Obtained Relic","damage_taken":0,"relics_obtained":["testmod-D¨¦j¨¤vu"],"max_hp_gain":0,"max_hp_loss":0,"event_name":"Addict","floor":19,"gold_loss":85},{"damage_healed":0,"gold_gain":0,"player_choice":"Invest 1","damage_taken":0,"max_hp_gain":0,"max_hp_loss":0,"event_name":"conspire:Investor","floor":31,"gold_loss":0},{"damage_healed":0,"gold_gain":400,"player_choice":"Sell","damage_taken":0,"max_hp_gain":0,"max_hp_loss":0,"event_name":"¶÷ÂåË¹µÄÅÌ×Ó","floor":36,"relics_lost":["HushsDoor"],"gold_loss":0}],"is_beta":false,"boss_relics":[{"not_picked":["ReplayTheSpireMod:SealedPack","testmod-Recursion"],"picked":"vexMod:MysteryBossChallenge"},{"not_picked":[]},{"not_picked":["aspiration:FutureDiary","ChampionBelt"],"picked":"Pandora\u0027s Box"},{"not_picked":[]}],"items_purged_floors":[22,30,38],"is_endless":false,"potions_floor_spawned":[6,12,16,18,33],"killed_by":"Nemesis","ascension_level":0}}