{"host":"qsusua7l529r8z9k","time":1611373161,"event":{"mods":["BaseMod","KomeijiMod","Minty Spire (QoL Compilation)","Spicy Shops","StSLib"],"gold_per_floor":[178,190,204,217,292,325,425,443,443,455,455,455],"floor_reached":11,"language":"ZHS","playtime":670,"items_purged":[],"score":77,"play_id":"7ba63a32-fb56-4d03-819a-3435e3eeabde","local_time":"20210123113921","is_ascension_mode":false,"campfire_choices":[],"circlet_count":0,"master_deck":["Strike_Remiria","Strike_Remiria","Strike_Remiria","Strike_Remiria","Defend_Remirira","Defend_Remirira","Defend_Remirira","Defend_Remirira","Absorbed","Scratch","YoungDemonLord","BloodCleaner","BathedInBlood","DoubleEdge","BloodySuit","VampireKiss_Remiria","TricksterDevil"],"relics":["ThirstyCrossSpe","NeowsBlessing","Singing Bowl","Blue Candle"],"acts_visited":["Exordium"],"potions_floor_usage":[],"damage_taken":[{"damage":0.0,"enemies":"Small Slimes","floor":1.0,"turns":1.0},{"damage":0.0,"enemies":"2 Louse","floor":2.0,"turns":1.0},{"damage":1.0,"enemies":"Cultist","floor":3.0,"turns":2.0},{"damage":3.0,"enemies":"Looter","floor":4.0,"turns":4.0},{"damage":57,"enemies":"Gremlin Nob","floor":6,"turns":5},{"damage":8,"enemies":"Large Slime","floor":8,"turns":5},{"damage":17,"enemies":"Lots of Slimes","floor":10,"turns":5},{"damage":26,"enemies":"Lagavulin","floor":11,"turns":4}],"seed_played":"-120086735563627903","potions_obtained":[{"floor":1.0,"key":"Swift Potion"},{"floor":2.0,"key":"SpeedPotion"},{"floor":4.0,"key":"ExcitationPotion"}],"is_trial":false,"path_per_floor":["M","M","M","M","?","E","?","M","T","M","E"],"character_chosen":"RemiriaScarlet","items_purchased":[],"campfire_rested":0,"item_purchase_floors":[],"current_hp_per_floor":[100,100,99,96,85,34,34,29,29,18,0,0],"gold":455,"neow_bonus":"THREE_ENEMY_KILL","is_daily":false,"chose_seed":false,"campfire_upgraded":0,"win_rate":0.0,"timestamp":1611373161,"path_taken":["M","M","M","M","?","E","?","M","T","M","E"],"items_purchased_type":[],"build_version":"2020-12-22","purchased_purges":0,"victory":false,"max_hp_per_floor":[100,100,100,100,100,100,100,100,100,100,100,100],"card_choices":[{"not_picked":["RocketKickup","CombatMeter"],"picked":"YoungDemonLord","floor":1.0},{"not_picked":["DamonLordCradle_Remiria","Culling"],"picked":"BloodCleaner","floor":2.0},{"not_picked":["PainBurst","DemonsDinnerFork_Remiria"],"picked":"BathedInBlood","floor":3.0},{"not_picked":["ServantFlier","BloodCleaner"],"picked":"DoubleEdge","floor":4.0},{"not_picked":["RocketKickup","Culling"],"picked":"BloodySuit","floor":6},{"not_picked":["Culling","BodyStrengthen"],"picked":"VampireKiss_Remiria","floor":8},{"not_picked":["BloodCleaner","SeparateFleshBlood"],"picked":"TricksterDevil","floor":10}],"player_experience":464725,"relics_obtained":[{"floor":6,"key":"Singing Bowl"},{"floor":9,"key":"Blue Candle"}],"event_choices":[{"damage_healed":0.0,"max_hp_gain":0.0,"max_hp_loss":0.0,"gold_gain":75.0,"event_name":"World of Goop","player_choice":"Gather Gold","floor":5.0,"gold_loss":0.0,"damage_taken":11.0},{"damage_healed":0,"gold_gain":100,"player_choice":"Gold","damage_taken":0,"max_hp_gain":0,"max_hp_loss":0,"event_name":"Wheel of Change","floor":7,"gold_loss":0}],"is_beta":false,"boss_relics":[],"items_purged_floors":[],"is_endless":false,"potions_floor_spawned":[1,2,4],"killed_by":"Lagavulin","ascension_level":0}}