{"host":"5p9hybygolzp0efr","time":1611389323,"event":{"mods":["AchievementEnabler","BaseMod","Bestiary","Colored Map","Googly Eyes","Minty Spire (QoL Compilation)","Permanent Neow","Relic Stats"],"gold_per_floor":[117,136,152,171,171,203,203,221,221,233,268,282,317,331,331,432,432,443,461,487,487,487,487,497,199,224,239,239,239,258,274,274,377,377,393,442,442,458,458,458,488,502,502,522,522,539,122,147,147,147,147,147,0,25,25],"floor_reached":56,"language":"ENG","playtime":2750,"items_purged":["Strike_R","Strike_R"],"score":1273,"play_id":"c6b43327-8ac6-440a-9b46-96b131d1501c","local_time":"20210123160843","is_ascension_mode":true,"campfire_choices":[{"data":"Searing Blow","floor":7.0,"key":"SMITH"},{"data":"Searing Blow+1","floor":15.0,"key":"SMITH"},{"data":"Searing Blow+2","floor":23.0,"key":"SMITH"},{"data":"Searing Blow+3","floor":29.0,"key":"SMITH"},{"floor":32.0,"key":"RECALL"},{"data":"Searing Blow+4","floor":40,"key":"SMITH"},{"data":"Searing Blow+5","floor":45,"key":"SMITH"},{"floor":49,"key":"DIG"},{"data":"Searing Blow+6","floor":52,"key":"SMITH"}],"circlet_count":0,"master_deck":["Strike_R","Strike_R","Defend_R","Defend_R","Defend_R","Defend_R","Bash","Searing Blow+8","Reaper","Feel No Pain","Inflame","Spot Weakness","Demon Form","Fiend Fire+1","True Grit","Shockwave+1","Battle Trance","Feed","Reaper","Second Wind"],"relics":["Coffee Dripper","Gremlin Horn","Singing Bowl","Kunai","HornCleat","Runic Pyramid","Red Mask","Toy Ornithopter","Strawberry","SlaversCollar","Shovel","Dream Catcher","StoneCalendar","Pear","Boot","Unceasing Top","Whetstone","Blue Candle"],"acts_visited":["Exordium","TheCity","TheBeyond","TheEnding"],"potions_floor_usage":[55,55,55,55],"damage_taken":[{"damage":0.0,"enemies":"Cultist","floor":1.0,"turns":3.0},{"damage":3.0,"enemies":"Small Slimes","floor":2.0,"turns":3.0},{"damage":1.0,"enemies":"Jaw Worm","floor":3.0,"turns":2.0},{"damage":9.0,"enemies":"Blue Slaver","floor":4.0,"turns":3.0},{"damage":37.0,"enemies":"Lagavulin","floor":6.0,"turns":7.0},{"damage":5.0,"enemies":"Looter","floor":8.0,"turns":3.0},{"damage":7.0,"enemies":"Gremlin Gang","floor":10.0,"turns":3.0},{"damage":15.0,"enemies":"Gremlin Nob","floor":11.0,"turns":4.0},{"damage":6.0,"enemies":"Large Slime","floor":12.0,"turns":3.0},{"damage":18.0,"enemies":"Lagavulin","floor":13.0,"turns":5.0},{"damage":0.0,"enemies":"3 Louse","floor":14.0,"turns":2.0},{"damage":5.0,"enemies":"Slime Boss","floor":16.0,"turns":8.0},{"damage":0.0,"enemies":"Spheric Guardian","floor":18.0,"turns":3.0},{"damage":22.0,"enemies":"3 Byrds","floor":19.0,"turns":5.0},{"damage":13.0,"enemies":"Masked Bandits","floor":20.0,"turns":5.0},{"damage":6.0,"enemies":"Centurion and Healer","floor":24.0,"turns":5.0},{"damage":11.0,"enemies":"3 Cultists","floor":27.0,"turns":5.0},{"damage":2.0,"enemies":"Shelled Parasite and Fungi","floor":30.0,"turns":4.0},{"damage":0.0,"enemies":"Snecko","floor":31.0,"turns":3.0},{"damage":67.0,"enemies":"Automaton","floor":33.0,"turns":7.0},{"damage":7.0,"enemies":"Orb Walker","floor":35.0,"turns":4.0},{"damage":40,"enemies":"2 Orb Walkers","floor":36,"turns":7},{"damage":0,"enemies":"3 Shapes","floor":38,"turns":4},{"damage":76,"enemies":"Reptomancer","floor":41,"turns":8},{"damage":23,"enemies":"Spire Growth","floor":42,"turns":4},{"damage":20,"enemies":"4 Shapes","floor":44,"turns":4},{"damage":19,"enemies":"Writhing Mass","floor":46,"turns":7},{"damage":72,"enemies":"Time Eater","floor":50,"turns":11},{"damage":45,"enemies":"Shield and Spear","floor":54,"turns":6},{"damage":149,"enemies":"The Heart","floor":55,"turns":9}],"seed_played":"5383896042263662754","potions_obtained":[{"floor":1.0,"key":"Explosive Potion"},{"floor":3.0,"key":"EntropicBrew"},{"floor":6.0,"key":"PowerPotion"},{"floor":11.0,"key":"Explosive Potion"},{"floor":16.0,"key":"AttackPotion"}],"is_trial":false,"path_per_floor":["M","M","M","M","?","E","R","M","T","M","E","M","E","M","R","B",null,"M","M","?","?","T","R","M","$","T","M","?","R","M","M","R","B",null,"M","?","?","M","?","R","E","M","T","M","R","M","$","T","R","B",null,"R","$","E","B",null],"character_chosen":"IRONCLAD","items_purchased":["Feed","Strawberry","Pear","Second Wind","Whetstone"],"campfire_rested":0,"item_purchase_floors":[25,25,47,47,53],"current_hp_per_floor":[80,77,76,67,67,34,34,35,35,42,33,35,26,33,33,53,84,84,72,72,72,72,72,76,83,83,94,94,94,103,105,105,40,107,109,87,89,120,120,120,62,60,60,106,106,102,112,112,112,73,151,151,151,127,35],"gold":25,"neow_bonus":"BOSS_RELIC","is_daily":false,"chose_seed":false,"campfire_upgraded":7,"win_rate":0.0,"timestamp":1611389323,"path_taken":["M","M","M","?","?","E","R","M","T","?","E","M","E","M","R","BOSS","M","M","?","?","?","R","M","$","T","M","?","R","?","M","R","BOSS","M","?","?","M","?","R","E","M","T","M","R","M","$","?","R","BOSS","R","$","E","BOSS"],"items_purchased_type":["Card","Relic","Relic","Card","Relic"],"build_version":"2020-12-22","purchased_purges":2,"victory":true,"max_hp_per_floor":[80,80,80,80,80,80,80,80,80,82,84,84,84,84,84,84,84,84,84,84,84,84,84,86,93,93,98,98,98,103,105,105,107,107,109,114,116,121,121,121,126,128,128,133,133,138,148,148,148,151,151,151,151,156,156],"relic_stats":{"Gremlin Horn":[28,29],"Singing Bowl":32,"counters":[30,147],"Blue Candle":[0],"StoneCalendar":[104],"Whetstone":["Searing Blow","Fiend Fire"],"Boot":[1],"Dream Catcher":0,"Shovel":1,"Kunai":[13],"obtain_stats":[{"Pear":47,"Gremlin Horn":6,"Singing Bowl":9,"Blue Candle":54,"StoneCalendar":43,"Whetstone":53,"Boot":48,"Burning Blood":0,"SlaversCollar":34,"Dream Catcher":41,"HornCleat":13,"Shovel":36,"Strawberry":25,"Coffee Dripper":0,"Red Mask":20,"Kunai":11,"Toy Ornithopter":22,"Unceasing Top":49,"Runic Pyramid":17},{"Pear":27,"Gremlin Horn":5,"Singing Bowl":6,"Blue Candle":29,"StoneCalendar":25,"Whetstone":28,"Boot":27,"Burning Blood":0,"SlaversCollar":20,"Dream Catcher":24,"HornCleat":10,"Shovel":22,"Strawberry":16,"Coffee Dripper":0,"Red Mask":15,"Kunai":8,"Toy Ornithopter":15,"Unceasing Top":27,"Runic Pyramid":12},{"Pear":121,"Gremlin Horn":18,"Singing Bowl":21,"Blue Candle":138,"StoneCalendar":110,"Whetstone":132,"Boot":121,"Burning Blood":0,"SlaversCollar":83,"Dream Catcher":106,"HornCleat":36,"Shovel":94,"Strawberry":64,"Coffee Dripper":0,"Red Mask":59,"Kunai":28,"Toy Ornithopter":59,"Unceasing Top":121,"Runic Pyramid":46}],"Toy Ornithopter":20,"Unceasing Top":[0]},"card_choices":[{"not_picked":["Reckless Charge","Shrug It Off"],"picked":"Heavy Blade","floor":1.0},{"not_picked":["Wild Strike","Sentinel","Intimidate"],"picked":"SKIP","floor":2.0},{"not_picked":["True Grit","Headbutt"],"picked":"Searing Blow","floor":3.0},{"not_picked":["Pommel Strike","Headbutt"],"picked":"Reaper","floor":4.0},{"not_picked":["Power Through","Pummel","Body Slam"],"picked":"SKIP","floor":6.0},{"not_picked":["Body Slam","True Grit"],"picked":"Feel No Pain","floor":8.0},{"not_picked":["Shrug It Off","Cleave","Metallicize"],"picked":"Singing Bowl","floor":10.0},{"not_picked":["Thunderclap","Infernal Blade","Cleave"],"picked":"Singing Bowl","floor":11.0},{"not_picked":["Rampage","Cleave"],"picked":"Inflame","floor":12.0},{"not_picked":["Battle Trance","True Grit"],"picked":"Spot Weakness","floor":13.0},{"not_picked":["Pommel Strike","Cleave"],"picked":"Demon Form","floor":14.0},{"not_picked":["Offering","Impervious"],"picked":"Fiend Fire","floor":16.0},{"not_picked":["Cleave","Warcry"],"picked":"True Grit","floor":18.0},{"not_picked":["Headbutt","Clothesline"],"picked":"Shockwave+1","floor":19.0},{"not_picked":["Sword Boomerang","Headbutt+1"],"picked":"Battle Trance","floor":20.0},{"not_picked":["Anger","Combust","Wild Strike+1"],"picked":"Singing Bowl","floor":24.0},{"not_picked":["Entrench","Clash","Whirlwind+1"],"picked":"Singing Bowl","floor":27.0},{"not_picked":["Wild Strike","Twin Strike+1","Armaments"],"picked":"Singing Bowl","floor":30.0},{"not_picked":["Clothesline","Battle Trance","Uppercut"],"picked":"Singing Bowl","floor":31.0},{"not_picked":["Corruption","Exhume","Fiend Fire"],"picked":"Singing Bowl","floor":33.0},{"not_picked":["Warcry+1","Wild Strike","Flex+1"],"picked":"Singing Bowl","floor":35.0},{"not_picked":["Shrug It Off+1","Evolve","Headbutt"],"picked":"Singing Bowl","floor":36},{"not_picked":["Secret Weapon","Blind","Violence"],"picked":"Singing Bowl","floor":37},{"not_picked":["Pommel Strike","Body Slam","Second Wind"],"picked":"Singing Bowl","floor":38},{"not_picked":["Burning Pact","Inflame","Heavy Blade"],"picked":"Singing Bowl","floor":41},{"not_picked":["Dropkick","Shrug It Off+1","Clash+1"],"picked":"Singing Bowl","floor":42},{"not_picked":["Havoc","Twin Strike+1","Shrug It Off"],"picked":"Singing Bowl","floor":44},{"not_picked":["Clothesline+1","Pommel Strike+1","Perfected Strike+1"],"picked":"Singing Bowl","floor":46},{"not_picked":["Second Wind","Searing Blow","Feed"],"picked":"Singing Bowl","floor":54}],"player_experience":515356,"relics_obtained":[{"floor":6.0,"key":"Gremlin Horn"},{"floor":9.0,"key":"Singing Bowl"},{"floor":11.0,"key":"Kunai"},{"floor":13.0,"key":"HornCleat"},{"floor":20.0,"key":"Red Mask"},{"floor":22.0,"key":"Toy Ornithopter"},{"floor":36,"key":"Shovel"},{"floor":41,"key":"Dream Catcher"},{"floor":43,"key":"StoneCalendar"},{"floor":48,"key":"Boot"},{"floor":49,"key":"Unceasing Top"},{"floor":54,"key":"Blue Candle"}],"event_choices":[{"cards_removed":["Strike_R"],"damage_healed":0.0,"max_hp_gain":0.0,"max_hp_loss":0.0,"gold_gain":0.0,"event_name":"Bonfire Elementals","player_choice":"Offered Basic","floor":5.0,"gold_loss":0.0,"damage_taken":0.0},{"damage_healed":0.0,"max_hp_gain":0.0,"max_hp_loss":0.0,"gold_gain":0.0,"event_name":"Masked Bandits","player_choice":"Fought Bandits","floor":20.0,"gold_loss":0.0,"damage_taken":0.0},{"damage_healed":0.0,"max_hp_gain":0.0,"max_hp_loss":0.0,"gold_gain":0.0,"event_name":"Ghosts","player_choice":"Ignored","floor":21.0,"gold_loss":0.0,"damage_taken":0.0},{"damage_healed":0.0,"max_hp_gain":0.0,"max_hp_loss":0.0,"gold_gain":0.0,"event_name":"Duplicator","player_choice":"Copied","floor":28.0,"gold_loss":0.0,"damage_taken":0.0,"cards_obtained":["Reaper"]},{"damage_healed":0,"gold_gain":0,"player_choice":"Fight","damage_taken":0,"max_hp_gain":0,"max_hp_loss":0,"event_name":"Mysterious Sphere","floor":36,"gold_loss":0},{"damage_healed":0,"gold_gain":0,"player_choice":"Memory 1","damage_taken":0,"max_hp_gain":0,"max_hp_loss":0,"event_name":"SensoryStone","floor":37,"gold_loss":0},{"cards_removed":["Heavy Blade"],"damage_healed":0,"gold_gain":0,"player_choice":"Removed Attack","damage_taken":0,"max_hp_gain":0,"max_hp_loss":0,"event_name":"Falling","floor":39,"gold_loss":0}],"is_beta":false,"boss_relics":[{"not_picked":["Runic Cube","Tiny House"],"picked":"Runic Pyramid"},{"not_picked":["Black Star","Busted Crown"],"picked":"SlaversCollar"}],"items_purged_floors":[25,47],"is_endless":false,"potions_floor_spawned":[1,3,6,11,12,16,18,24,30,31,33,36,38,41],"ascension_level":1}}