{"host":"test","time":1611415227,"event":{"mods":["BaseMod","Colored Map","Colored Powertips","Minty Spire (QoL Compilation)","Relic Stats","Slay the Relics Exporter","SpireBot","StSLib","ojb\u0027s Better Paths Mod","ojb\u0027s Info Mod"],"gold_per_floor":[109,34,34,50,68,93,93,127,178,178,189,203,23,38,38,113,113,129,129,146,161,161,192,192,223,223,323,323,357,357,96,96,171,171,181,181,9,61,73,106,106,137,137,52,66,66,66,66,66,66,66,66,66,66,99,99],"floor_reached":57,"language":"JPN","playtime":3429,"items_purged":["Strike_G","Flying Knee"],"score":2898,"play_id":"45abbb76-f08d-476e-8a6f-a978f0ab1314","local_time":"20210124002027","is_ascension_mode":true,"campfire_choices":[{"data":"Neutralize","floor":7,"key":"SMITH"},{"floor":10,"key":"REST"},{"data":"Noxious Fumes","floor":15,"key":"SMITH"},{"data":"Wraith Form v2","floor":24,"key":"SMITH"},{"data":"Crippling Poison","floor":28,"key":"SMITH"},{"data":"Adrenaline","floor":30,"key":"SMITH"},{"data":"Deadly Poison","floor":32,"key":"SMITH"},{"floor":41,"key":"RECALL"},{"data":"Footwork","floor":49,"key":"SMITH"},{"data":"Backflip","floor":53,"key":"SMITH"}],"circlet_count":0,"master_deck":["AscendersBane","Defend_G+1","Defend_G+1","Defend_G+1","Defend_G+1","Survivor","Neutralize+1","Noxious Fumes+1","Deadly Poison+1","Poisoned Stab","Bane","Crippling Poison+1","Escape Plan","Backflip+1","PiercingWail","Adrenaline+1","Unload+1","Flechettes+1","Deadly Poison+1","Acrobatics+1","Escape Plan","Blade Dance","Wraith Form v2+1","Acrobatics","Terror+1","Corpse Explosion+1","Concentrate+1","Deflect+1","Panacea+1","Impatience+1","Blur+1","Caltrops+1","Catalyst+1","Footwork+1","Catalyst+1","Bullet Time+1"],"relics":["Ring of the Snake","Happy Flower","Ninja Scroll","Vajra","Oddly Smooth Stone","Astrolabe","Tiny Chest","Bag of Marbles","Bottled Flame","Prayer Wheel","Matryoshka","Toxic Egg 2","TwistedFunnel","Runic Pyramid","Frozen Eye","Omamori","Molten Egg 2","Pear","Pen Nib","Bottled Lightning","Pantograph","Toy Ornithopter"],"acts_visited":["Exordium","TheCity","TheBeyond","TheEnding"],"potions_floor_usage":[6,6,16,56],"damage_taken":[{"damage":4.0,"enemies":"Small Slimes","floor":1.0,"turns":4.0},{"damage":5.0,"enemies":"Jaw Worm","floor":4.0,"turns":4.0},{"damage":1,"enemies":"Cultist","floor":5,"turns":4},{"damage":31,"enemies":"3 Sentries","floor":6,"turns":9},{"damage":28,"enemies":"Gremlin Nob","floor":8,"turns":4},{"damage":1,"enemies":"Blue Slaver","floor":11,"turns":3},{"damage":2,"enemies":"3 Louse","floor":12,"turns":2},{"damage":0,"enemies":"Exordium Wildlife","floor":14,"turns":5},{"damage":10,"enemies":"Slime Boss","floor":16,"turns":10},{"damage":8,"enemies":"Spheric Guardian","floor":18,"turns":3},{"damage":3,"enemies":"Chosen","floor":20,"turns":3},{"damage":14,"enemies":"Centurion and Healer","floor":21,"turns":5},{"damage":0,"enemies":"Gremlin Leader","floor":23,"turns":6},{"damage":6,"enemies":"Book of Stabbing","floor":25,"turns":5},{"damage":0,"enemies":"Colosseum Slavers","floor":27,"turns":2},{"damage":0,"enemies":"Colosseum Nobs","floor":27,"turns":3},{"damage":1,"enemies":"Slavers","floor":29,"turns":5},{"damage":18,"enemies":"Champ","floor":33,"turns":10},{"damage":0,"enemies":"Orb Walker","floor":35,"turns":2},{"damage":0,"enemies":"3 Shapes","floor":39,"turns":2},{"damage":0,"enemies":"Nemesis","floor":40,"turns":7},{"damage":0,"enemies":"Giant Head","floor":42,"turns":6},{"damage":0,"enemies":"Sphere and 2 Shapes","floor":45,"turns":2},{"damage":3,"enemies":"Donu and Deca","floor":50,"turns":5},{"damage":22,"enemies":"Awakened One","floor":51,"turns":14},{"damage":3,"enemies":"Shield and Spear","floor":55,"turns":4},{"damage":24,"enemies":"The Heart","floor":56,"turns":7}],"seed_played":"-5682930489372044076","potions_obtained":[{"floor":1.0,"key":"Regen Potion"},{"floor":5,"key":"ColorlessPotion"},{"floor":12,"key":"SpeedPotion"},{"floor":20,"key":"FairyPotion"},{"floor":27,"key":"LiquidMemories"}],"is_trial":false,"path_per_floor":["M","?","?","M","M","E","R","E","T","R","M","M","$","M","R","B",null,"M","?","M","M","?","E","R","E","T","?","R","E","R","$","R","B",null,"M","?","$","T","M","E","R","E","T","$","M","$","T","?","R","B","B",null,"R","$","E","B",null],"character_chosen":"THE_SILENT","items_purchased":["GhostInAJar","TwistedFunnel","Frozen Eye","Footwork"],"campfire_rested":1,"item_purchase_floors":[13,31,37,44],"current_hp_per_floor":[55,55,55,50,49,33,33,5,5,24,23,21,21,21,21,11,52,44,44,41,27,27,27,27,21,21,21,21,20,20,20,20,2,50,50,40,40,40,40,40,40,50,50,50,50,50,50,76,76,73,54,71,71,71,68,57],"gold":99,"neow_bonus":"RANDOM_COMMON_RELIC","is_daily":false,"chose_seed":true,"campfire_upgraded":8,"win_rate":0.0,"timestamp":1611415227,"path_taken":["M","?","?","M","M","E","R","E","T","R","M","M","$","M","R","BOSS","M","?","M","?","?","E","R","E","T","?","R","E","R","?","R","BOSS","M","?","$","?","M","E","R","E","T","?","?","?","?","?","R","BOSS","BOSS","R","$","E","BOSS"],"items_purchased_type":["Potion","Relic","Relic","Card"],"build_version":"2020-12-18","purchased_purges":2,"victory":true,"max_hp_per_floor":[66,66,66,66,66,66,66,66,66,66,66,66,66,66,66,66,66,66,66,66,66,66,66,66,66,66,66,66,66,66,66,66,66,66,66,66,66,66,66,66,66,76,76,76,76,76,76,76,76,76,76,76,76,76,76,76],"relic_stats":{"Happy Flower":[45],"counters":[27,136],"Astrolabe":["Unload","Flechettes","Deadly Poison"],"Pantograph":11,"Tiny Chest":2,"Prayer Wheel":3,"Pen Nib":[4],"obtain_stats":[{"TwistedFunnel":31,"Pear":42,"Happy Flower":0,"Astrolabe":17,"Vajra":8,"Oddly Smooth Stone":9,"Pen Nib":43,"Omamori":38,"Frozen Eye":37,"Bottled Flame":26,"Matryoshka":27,"Ninja Scroll":6,"Pantograph":47,"Tiny Chest":23,"Prayer Wheel":27,"Molten Egg 2":40,"Bag of Marbles":25,"Bottled Lightning":43,"Toxic Egg 2":29,"Toy Ornithopter":55,"Ring of the Snake":0,"Runic Pyramid":34},{"TwistedFunnel":17,"Pear":22,"Happy Flower":0,"Astrolabe":9,"Vajra":5,"Oddly Smooth Stone":5,"Pen Nib":22,"Omamori":19,"Frozen Eye":19,"Bottled Flame":14,"Matryoshka":16,"Ninja Scroll":4,"Pantograph":23,"Tiny Chest":13,"Prayer Wheel":16,"Molten Egg 2":21,"Bag of Marbles":14,"Bottled Lightning":22,"Toxic Egg 2":17,"Toy Ornithopter":26,"Ring of the Snake":0,"Runic Pyramid":18},{"TwistedFunnel":77,"Pear":104,"Happy Flower":0,"Astrolabe":45,"Vajra":25,"Oddly Smooth Stone":25,"Pen Nib":104,"Omamori":89,"Frozen Eye":89,"Bottled Flame":67,"Matryoshka":72,"Ninja Scroll":21,"Pantograph":106,"Tiny Chest":62,"Prayer Wheel":72,"Molten Egg 2":98,"Bag of Marbles":67,"Bottled Lightning":104,"Toxic Egg 2":77,"Toy Ornithopter":129,"Ring of the Snake":0,"Runic Pyramid":87}],"Toy Ornithopter":5,"Ring of the Snake":[54]},"card_choices":[{"not_picked":["Heel Hook","Well Laid Plans"],"picked":"Flying Knee","floor":1.0},{"not_picked":["Underhanded Strike","Accuracy"],"picked":"Deadly Poison","floor":4.0},{"not_picked":["Underhanded Strike","Deadly Poison"],"picked":"Poisoned Stab","floor":5},{"not_picked":["Infinite Blades","Quick Slash"],"picked":"Bane","floor":6},{"not_picked":["Well Laid Plans","Night Terror"],"picked":"Crippling Poison","floor":8},{"not_picked":["Choke","Dodge and Roll"],"picked":"Escape Plan","floor":11},{"not_picked":["Underhanded Strike","Heel Hook"],"picked":"Backflip","floor":12},{"not_picked":["Setup","Dodge and Roll"],"picked":"PiercingWail","floor":14},{"not_picked":["Phantasmal Killer","Night Terror"],"picked":"Adrenaline","floor":16},{"not_picked":["Skewer","Accuracy"],"picked":"Acrobatics+1","floor":18},{"not_picked":["Poisoned Stab","Riddle With Holes"],"picked":"Escape Plan","floor":20},{"not_picked":["Quick Slash","Heel Hook+1"],"picked":"Blade Dance","floor":21},{"not_picked":["Backflip+1","Bane"],"picked":"Wraith Form v2","floor":23},{"not_picked":["Flechettes","Endless Agony","Masterful Stab"],"picked":"SKIP","floor":25},{"not_picked":["Underhanded Strike","Caltrops"],"picked":"Acrobatics","floor":27},{"not_picked":["Glass Knife","PiercingWail+1"],"picked":"Terror+1","floor":29},{"not_picked":["Storm of Steel+1","Die Die Die"],"picked":"Corpse Explosion+1","floor":33},{"not_picked":["Slice","Heel Hook"],"picked":"Concentrate+1","floor":35},{"not_picked":["Sucker Punch","Acrobatics+1"],"picked":"Deflect+1","floor":35},{"not_picked":["Trip+1","Flash of Steel"],"picked":"Panacea+1","floor":36},{"not_picked":["Purity+1","Apotheosis+1"],"picked":"Impatience+1","floor":36},{"not_picked":["Distraction+1","Cloak And Dagger+1"],"picked":"Blur+1","floor":39},{"not_picked":["Eviscerate+1","PiercingWail+1","Cloak And Dagger+1"],"picked":"SKIP","floor":39},{"not_picked":["Dash+1","Deflect+1"],"picked":"Caltrops+1","floor":40},{"not_picked":["Dash+1","Outmaneuver+1"],"picked":"Catalyst+1","floor":42},{"not_picked":["Sucker Punch+1","Quick Slash+1"],"picked":"Catalyst+1","floor":45},{"not_picked":["Finisher+1","Poisoned Stab+1","Flying Knee+1"],"picked":"SKIP","floor":45},{"not_picked":["Finisher+1","Poisoned Stab+1","Flying Knee+1"],"picked":"SKIP","floor":45},{"not_picked":["Crippling Poison+1","Grand Finale+1"],"picked":"Bullet Time+1","floor":55}],"player_experience":1952587,"relics_obtained":[{"floor":6,"key":"Ninja Scroll"},{"floor":8,"key":"Vajra"},{"floor":9,"key":"Oddly Smooth Stone"},{"floor":23,"key":"Tiny Chest"},{"floor":25,"key":"Bag of Marbles"},{"floor":26,"key":"Bottled Flame"},{"floor":27,"key":"Prayer Wheel"},{"floor":27,"key":"Matryoshka"},{"floor":29,"key":"Toxic Egg 2"},{"floor":38,"key":"Omamori"},{"floor":40,"key":"Molten Egg 2"},{"floor":42,"key":"Pear"},{"floor":43,"key":"Pen Nib"},{"floor":43,"key":"Bottled Lightning"},{"floor":47,"key":"Pantograph"},{"floor":55,"key":"Toy Ornithopter"}],"event_choices":[{"cards_removed":["Strike_G"],"damage_healed":0.0,"max_hp_gain":0.0,"max_hp_loss":0.0,"gold_gain":0.0,"event_name":"The Cleric","player_choice":"Card Removal","floor":2.0,"gold_loss":75.0,"damage_taken":0.0},{"damage_healed":0.0,"max_hp_gain":0.0,"max_hp_loss":0.0,"gold_gain":0.0,"cards_transformed":["Defend_G"],"event_name":"Living Wall","player_choice":"Change","floor":3.0,"gold_loss":0.0,"damage_taken":0.0,"cards_obtained":["Noxious Fumes"]},{"damage_healed":0,"gold_gain":0,"player_choice":"0 cards matched","damage_taken":0,"max_hp_gain":0,"max_hp_loss":0,"event_name":"Match and Keep!","floor":19,"gold_loss":0,"cards_obtained":[]},{"damage_healed":0,"gold_gain":0,"player_choice":"Simplicity","damage_taken":0,"max_hp_gain":0,"max_hp_loss":0,"event_name":"Back to Basics","floor":22,"gold_loss":0,"cards_upgraded":["Defend_G","Defend_G","Defend_G","Defend_G"]},{"damage_healed":0,"gold_gain":0,"player_choice":"Fight","damage_taken":0,"max_hp_gain":0,"max_hp_loss":0,"event_name":"Colosseum","floor":27,"gold_loss":0},{"damage_healed":0,"gold_gain":0,"player_choice":"Fought Nobs","damage_taken":0,"max_hp_gain":0,"max_hp_loss":0,"event_name":"Colosseum","floor":27,"gold_loss":0},{"damage_healed":0,"gold_gain":0,"player_choice":"Memory 3","damage_taken":10,"max_hp_gain":0,"max_hp_loss":0,"event_name":"SensoryStone","floor":36,"gold_loss":0},{"damage_healed":26,"gold_gain":0,"player_choice":"Full Heal","damage_taken":0,"max_hp_gain":0,"max_hp_loss":0,"event_name":"Wheel of Change","floor":48,"gold_loss":0}],"is_beta":true,"boss_relics":[{"not_picked":["Empty Cage","Runic Dome"],"picked":"Astrolabe"},{"not_picked":["Tiny House","Sozu"],"picked":"Runic Pyramid"}],"items_purged_floors":[13,31],"is_endless":false,"potions_floor_spawned":[1,5,12,14,20,23,25,27,33,42,45,55],"ascension_level":20}}