{"host":"atu1skz5iq69e5lr","time":1611424011,"event":{"mods":["AchievementEnabler","Aspiration","BaseMod","Better Third Choice","Colored Map","Conspire","Evolution","Friendly Minions","Halation","Highlight Path","HololiveMod","Hubris","Infinite Spire","Keyboard Shortcuts","Lobotomy","Minty Spire (QoL Compilation)","Replay The Spire","Shop Mod","StSLib"],"gold_per_floor":[78,78,103,103,24,70,70,107,107,140,152,205,217,229,241,386,461,494,506,518,560,589,645,657,702,714,133,151,196,220,243,243,381,381,422,422,445,467,296,366,366,421,445,492,592,247,292,334,334,336,336],"floor_reached":52,"language":"ENG","playtime":2789,"items_purged":["Replay:Hysterical Blindness","hubris:Disease","Hololive_CallTokoyamiTowa"],"score":1841,"play_id":"724847bb-8cbe-43f9-bfd6-3deaa7008468","local_time":"20210123184650","is_ascension_mode":true,"campfire_choices":[{"data":"Hololive_CallSpadeEcho","floor":7.0,"key":"SMITH"},{"data":"Hololive_CallMomosuzuNene+2","floor":13.0,"key":"SMITH"},{"data":"Regret","floor":15.0,"key":"SMITH"},{"data":"Hololive_CallMomosuzuNene+14","floor":32.0,"key":"SMITH"},{"data":"Hololive_CallMomosuzuNene+19","floor":41,"key":"SMITH"},{"data":"Hololive_CallMomosuzuNene+24","floor":49,"key":"SMITH"}],"circlet_count":0,"master_deck":["Hololive_Strike","Hololive_Defend","Hololive_Defend+1","Hololive_SoulCatcher","Hololive_CallNekomataOkayu","Hololive_CallCivia","Hololive_CallUsadaPekora","Hololive_CallSpadeEcho+1","LongBird","Apotheosis+1","Hololive_CallInugamiKorone","Hololive_CallMomosuzuNene+26","infinitespire:Execution","Hololive_MaximGun","Finesse","Finesse","Hololive_CallShirakamiFubuki","Hololive_DurableLive","Hololive_Spy","ReplayTheSpireMod:Brewmster+1"],"relics":["Hololive_TheStar","EVO:Axolotl","CogitoBucket","Golden Idol","hubris:TenFootPole","Replay:Bottled Flurry","MawBank","halation:PrussianBluePaint","Tiny House","aspiration:RitualStick","Blue Doll","hubris:Spice","Bird Faced Urn","Vajra","Membership Card","conspire:Boomerang","HellTrain","Ancient Tea Set","conspire:RoyalGoblet","TreeSap","Thread and Needle","ReplayTheSpireMod:CursedCoin","aspiration:FrozenJewel","infinitespire:EvilPickle","aspiration:VileToxins","aspiration:ChemicalBlood","aspiration:SeaSaltIceCream","Smiling Mask","Replay:Baseball"],"acts_visited":["Exordium","TheCity","TheBeyond"],"potions_floor_usage":[33,33,44,47,47,48,48,50,50,50,50,50],"damage_taken":[{"damage":0.0,"enemies":"Jaw Worm","floor":1.0,"turns":4.0},{"damage":0.0,"enemies":"Small Slimes","floor":3.0,"turns":2.0},{"damage":2.0,"enemies":"3 Sentries","floor":6.0,"turns":6.0},{"damage":0.0,"enemies":"Gremlin Nob","floor":8.0,"turns":3.0},{"damage":2.0,"enemies":"2 Louse","floor":10.0,"turns":2.0},{"damage":2.0,"enemies":"Lagavulin","floor":12.0,"turns":4.0},{"damage":23.0,"enemies":"Fading Forest","floor":16.0,"turns":11.0},{"damage":9.0,"enemies":"Spheric Guardian","floor":18.0,"turns":2.0},{"damage":0.0,"enemies":"3 Byrds","floor":21.0,"turns":4.0},{"damage":0.0,"enemies":"Cultist and Chosen","floor":22.0,"turns":3.0},{"damage":0.0,"enemies":"Nightmare","floor":23.0,"turns":5.0},{"damage":18.0,"enemies":"Book of Stabbing","floor":25.0,"turns":4.0},{"damage":0.0,"enemies":"3 Cultists","floor":28.0,"turns":3.0},{"damage":18.0,"enemies":"Gremlin Leader","floor":29.0,"turns":5.0},{"damage":0.0,"enemies":"Chosen and Byrds","floor":30.0,"turns":3.0},{"damage":0.0,"enemies":"Centurion and Healer","floor":31.0,"turns":3.0},{"damage":0,"enemies":"Pondfish","floor":33,"turns":6},{"damage":0,"enemies":"3 Darklings","floor":35,"turns":10},{"damage":5,"enemies":"3 Shapes","floor":37,"turns":3},{"damage":4,"enemies":"Writhing Mass","floor":38,"turns":3},{"damage":7,"enemies":"Nemesis","floor":40,"turns":5},{"damage":0,"enemies":"Spire Growth","floor":42,"turns":3},{"damage":15,"enemies":"4 Shapes","floor":44,"turns":3},{"damage":0,"enemies":"R_Hoarder","floor":45,"turns":4},{"damage":0,"enemies":"3 Darklings","floor":47,"turns":3},{"damage":0,"enemies":"Writhing Mass","floor":48,"turns":2},{"damage":0,"enemies":"Awakened One","floor":50,"turns":5}],"seed_played":"-4892200285932018716","potions_obtained":[{"floor":1.0,"key":"Swift Potion"},{"floor":3.0,"key":"Energy Potion"},{"floor":8.0,"key":"Cursed Concoction"},{"floor":16.0,"key":"Dexterity Potion"},{"floor":23.0,"key":"Dexterity Potion"},{"floor":28.0,"key":"Strength Potion"},{"floor":29.0,"key":"Adrenaline Potion"},{"floor":37,"key":"LiquidBronze"},{"floor":44,"key":"Dexterity Potion"},{"floor":45,"key":"SkillPotion"},{"floor":48,"key":"Adrenaline Potion"}],"is_trial":false,"path_per_floor":["M","?","M","?","$","E","R","E","T","M","$","E","R","?","R","B",null,"M","?","?","M","M","NM","$","E","T","$","M","E","M","M","R","B",null,"M","?","M","M","$","E","R","M","T","M","E","$","M","M","R","B",null,null],"character_chosen":"Hololive_HololiveCharacter","items_purchased":["Hololive_CallInugamiKorone","Vajra","Membership Card","LiquidBronze","SkillPotion","Weak Potion","Finesse","conspire:Boomerang","Thread and Needle","ReplayTheSpireMod:CursedCoin","aspiration:FrozenJewel","Replay:Baseball","hubris:Spice","ReplayTheSpireMod:Brewmster+1"],"campfire_rested":0,"item_purchase_floors":[5,27,27,27,27,27,27,27,39,39,39,46,46,46],"current_hp_per_floor":[35,27,27,27,27,25,25,25,25,23,23,21,21,21,21,6,40,31,27,27,27,27,27,27,17,17,17,25,19,27,35,35,48,48,48,48,47,48,48,48,48,48,48,39,48,56,56,56,56,56,56],"gold":336,"neow_bonus":"","is_daily":false,"chose_seed":false,"campfire_upgraded":6,"win_rate":0.0,"timestamp":1611424010,"path_taken":["M","?","M","?","$","E","R","E","T","M","$","E","R","?","R","BOSS","M","?","?","M","M","NM","$","E","T","$","M","E","M","M","R","BOSS","M","?","M","M","$","E","R","M","T","M","E","$","M","M","R","BOSS"],"items_purchased_type":["Card","Relic","Relic","Potion","Potion","Potion","Card","Relic","Relic","Relic","Relic","Relic","Relic","Card"],"build_version":"2020-12-22","purchased_purges":3,"victory":true,"max_hp_per_floor":[35,35,35,35,35,35,35,35,35,35,35,35,35,35,35,35,40,40,40,40,40,40,40,40,48,48,48,48,48,48,48,48,48,48,48,48,48,48,48,48,48,48,48,48,48,56,56,56,56,56,56],"card_choices":[{"not_picked":["PunishingBird","MHz"],"picked":"LongBird","floor":1.0},{"not_picked":["Hololive_Sequa","Hololive_CandyCastle","Hololive_Rebound","Hololive_StrengthChampion"],"picked":"SKIP","floor":1.0},{"not_picked":["Hololive_HighAtkLowDef","Hololive_Drill","Hololive_StrengthChampion","Hololive_Rebound"],"picked":"SKIP","floor":3.0},{"not_picked":["Hololive_CallInugamiKorone","Hololive_Trident","Hololive_OvertimeWork","Hololive_Breathe"],"picked":"SKIP","floor":6.0},{"not_picked":["Hololive_Sequa","Hololive_CallRosalyn","Hololive_CallHoushouMarine"],"picked":"Hololive_CallMomosuzuNene","floor":8.0},{"not_picked":["Hololive_Psychosis","Hololive_CallUruhaRushia","Hololive_CallOzoraSubaru","Hololive_CallManoAloe"],"picked":"SKIP","floor":10.0},{"not_picked":["Hololive_SoulCatcher","Hololive_HuntDinosaur","Hololive_Sequa","Hololive_Trident"],"picked":"SKIP","floor":12.0},{"not_picked":["infinitespire:Starlight","ReplayTheSpireMod:Haul"],"picked":"infinitespire:Execution","floor":14.0},{"not_picked":["Hololive_DDD","Hololive_DiamondStrike","Hololive_BeCareful"],"picked":"Hololive_MaximGun","floor":16.0},{"not_picked":["Hololive_HuntDinosaur","Hololive_StrengthChampion","Hololive_Psychosis+1","Hololive_CallAmaneKanata+1"],"picked":"SKIP","floor":18.0},{"not_picked":["Hololive_Breathe","Hololive_CallHoshimachiSuisei+1","Hololive_CallAkiRosenthal+1","Hololive_CallInugamiKorone+1"],"picked":"SKIP","floor":21.0},{"not_picked":["Hololive_CallShiroganeNoel","Hololive_Sequa","Hololive_HuntDinosaur","Hololive_CocoNews"],"picked":"SKIP","floor":22.0},{"not_picked":["Hololive_FlyingPonyTail","Hololive_CallFriendA","Hololive_RevenueBasedLive+1","Hololive_CallUsadaPekora"],"picked":"SKIP","floor":23.0},{"not_picked":["Hololive_FlyingPonyTail+1","Hololive_CallShishiroBotan+1","Hololive_DiamondStrike","Hololive_Trident"],"picked":"SKIP","floor":25.0},{"not_picked":["Hololive_CallKiryuuCoco","Hololive_ILoveYou","Hololive_StrengthChampion+1","Hololive_ManjiGathering"],"picked":"SKIP","floor":28.0},{"not_picked":["Hololive_LuckPotion","Hololive_Breathe+1","Hololive_CallRosalyn","Hololive_CallOzoraSubaru+1"],"picked":"SKIP","floor":29.0},{"not_picked":["Hololive_HuntDinosaur+1","Hololive_Sequa","Hololive_LuckPotion"],"picked":"Hololive_CallShirakamiFubuki","floor":30.0},{"not_picked":["Hololive_LuckPotion+1","Hololive_Psychosis","Hololive_HighAtkLowDef","Hololive_CallSakuraMiko+1"],"picked":"SKIP","floor":31.0},{"not_picked":["Hololive_ScarfAndHalo","Hololive_Nanodesu","Hololive_Rebirth"],"picked":"Hololive_DurableLive","floor":33},{"not_picked":["Hololive_CallAiraniIofifteen","Hololive_Rebound","Hololive_CallUruhaRushia+1"],"picked":"Hololive_Spy","floor":35},{"not_picked":["Hololive_Trident+1","Hololive_DiamondStrike","Hololive_RevenueBasedLive","Hololive_Psychosis+1"],"picked":"SKIP","floor":37},{"not_picked":["Hololive_CallShirakamiFubuki","Hololive_LuckPotion+1","Hololive_Sequa","Hololive_CallAmaneKanata"],"picked":"SKIP","floor":38},{"not_picked":["Hololive_SoulCatcher","Hololive_OpenUp","Hololive_Trident+1","Hololive_SummonFox+1"],"picked":"SKIP","floor":40},{"not_picked":["Hololive_OvertimeWork","Hololive_Drill+1","Hololive_CallHoshimachiSuisei","Hololive_Breathe"],"picked":"SKIP","floor":42},{"not_picked":["Hololive_HuntDinosaur","Hololive_Sequa+1","Hololive_Drill+1","Hololive_Teleport"],"picked":"SKIP","floor":44},{"not_picked":["Hololive_StrengthChampion+1","Hololive_ScarfAndHalo","Hololive_RevenueBasedLive","Hololive_CallMinatoAqua+1"],"picked":"SKIP","floor":45},{"not_picked":["Hololive_Sequa","Hololive_Psychosis","Hololive_CallAmaneKanata","Hololive_LuckPotion"],"picked":"SKIP","floor":47},{"not_picked":["Hololive_CallAZKi+1","Hololive_Psychosis+1","Hololive_RevenueBasedLive","Hololive_Drill"],"picked":"SKIP","floor":48}],"player_experience":49258,"relics_obtained":[{"floor":6.0,"key":"hubris:TenFootPole"},{"floor":8.0,"key":"Replay:Bottled Flurry"},{"floor":9.0,"key":"MawBank"},{"floor":12.0,"key":"halation:PrussianBluePaint"},{"floor":23.0,"key":"Blue Doll"},{"floor":25.0,"key":"hubris:Spice"},{"floor":26.0,"key":"Bird Faced Urn"},{"floor":29.0,"key":"Ancient Tea Set"},{"floor":40,"key":"aspiration:VileToxins"},{"floor":43,"key":"aspiration:ChemicalBlood"},{"floor":45,"key":"aspiration:SeaSaltIceCream"}],"event_choices":[{"damage_healed":0.0,"max_hp_gain":0.0,"max_hp_loss":0.0,"gold_gain":0.0,"event_name":"Golden Idol","player_choice":"Take Damage","floor":2.0,"gold_loss":0.0,"damage_taken":8.0,"relics_obtained":["Golden Idol"]},{"damage_healed":27.0,"max_hp_gain":0.0,"max_hp_loss":35.0,"gold_gain":0.0,"event_name":"betterThird:BetterShining","player_choice":"Embrace","floor":4.0,"gold_loss":0.0,"damage_taken":0.0},{"damage_healed":0.0,"max_hp_gain":0.0,"max_hp_loss":0.0,"gold_gain":0.0,"event_name":"conspire:Investor","player_choice":"Leave","floor":20.0,"gold_loss":0.0,"damage_taken":0.0},{"cards_removed":["Hololive_Strike"],"damage_healed":5,"gold_gain":0,"player_choice":"Offered Special","damage_taken":0,"max_hp_gain":0,"max_hp_loss":0,"event_name":"Bonfire Elementals","floor":36,"gold_loss":0}],"is_beta":false,"boss_relics":[{"not_picked":["halation:HeavySnake","Kintsugi"],"picked":"Tiny House"},{"not_picked":["hubris:Spice","hubris:BlackHole"],"picked":"conspire:RoyalGoblet"}],"items_purged_floors":[27,39,46],"is_endless":false,"potions_floor_spawned":[1,3,8,16,23,28,29,30,37,44,45,48],"ascension_level":3}}