{"host":"3ghcx3e93lhog3cp","time":1611445171,"event":{"mods":["AchievementEnabler","BaseMod","Downfall","Infinite Spire","Minty Spire (QoL Compilation)","Replay The Spire","StSLib","The Servant 0.9.4"],"gold_per_floor":[118,118,168,185,185,210,210,210,259,303,327,342,376,376,376,506,506,522,8,22,36,60,96,110,150,150,150,163,206,230,246,246,367,367,392,410,79,92,92,92,107,107,107,107,122,145,145,160,160,160,160,160,4,37,37,37],"floor_reached":55,"language":"ENG","playtime":8669,"items_purged":["Spreading Infection","Defend_B"],"score":682,"play_id":"85329691-a0fc-45e9-b6c4-82aa0c5b2633","local_time":"20210123153931","is_ascension_mode":true,"campfire_choices":[{"floor":8.0,"key":"REST"},{"floor":15.0,"key":"REST"},{"floor":27.0,"key":"DIG"},{"floor":32.0,"key":"REST"},{"floor":40.0,"key":"RECALL"},{"floor":47,"key":"DIG"},{"floor":49,"key":"REST"},{"floor":52,"key":"DIG"}],"circlet_count":0,"master_deck":["Strike_B","Strike_B","Strike_B","Defend_B","Defend_B","Zap","Gash+1","Conserve Battery","Sweeping Beam","downfall:Haunted","downfall:Haunted","ReplayTheSpireMod:Omega Cannon+1","ReplaySolidLightProjector","Injury","Hologram","Turbo","ReplayTheSpireMod:System Scan","ReplaySolidLightProjector","Core Surge+1","Gash+1","Turbo+1","Sweeping Beam+1","Conserve Battery","ReplayTheSpireMod:Reroute Power","Gash+1","Hologram+1","Go for the Eyes","All For One","Hologram","Fusion","ReplayTheSpireMod:Omega Cannon","Go for the Eyes+1","Core Surge+1","Gash+1","Leap","Go for the Eyes+1","Go for the Eyes+1","Madness","Madness","BootSequence","Scrape+1","BootSequence+1"],"relics":["Replay:Drink Me","Mirror","Darkstone Periapt","Bottled Lightning","Golden Idol","Replay:Antivirus Software","Ginger","Potion Belt","GremlinMask","Nuclear Battery","Shovel","Guide Book","ReplayTheSpireMod:Lightbulb","Durian","Ancient Tea Set","Toy Ornithopter","Fusion Hammer","DollysMirror","Calipers","War Paint","Toxic Egg 2","Replay:Bottled Eggs","Pet Ghost","Nunchaku"],"acts_visited":["Exordium","TheCity","TheBeyond","TheEnding"],"potions_floor_usage":[50,50,50,55,55],"damage_taken":[{"damage":0.0,"enemies":"Small Slimes","floor":1.0,"turns":4.0},{"damage":0.0,"enemies":"2 Louse","floor":4.0,"turns":4.0},{"damage":50.0,"enemies":"3 Sentries","floor":6.0,"turns":10.0},{"damage":17.0,"enemies":"Lagavulin","floor":10.0,"turns":7.0},{"damage":0.0,"enemies":"Jaw Worm","floor":11.0,"turns":5.0},{"damage":5.0,"enemies":"Large Slime","floor":12.0,"turns":4.0},{"damage":2.0,"enemies":"3 Sentries","floor":13.0,"turns":4.0},{"damage":19.0,"enemies":"Hexaghost","floor":16.0,"turns":9.0},{"damage":0.0,"enemies":"Spheric Guardian","floor":18.0,"turns":4.0},{"damage":0.0,"enemies":"Chosen","floor":20.0,"turns":4.0},{"damage":0.0,"enemies":"3 Cultists","floor":21.0,"turns":3.0},{"damage":0.0,"enemies":"Snecko","floor":22.0,"turns":5.0},{"damage":7.0,"enemies":"Slavers","floor":23.0,"turns":6.0},{"damage":7.0,"enemies":"Snake Plant","floor":24.0,"turns":4.0},{"damage":19.0,"enemies":"Book of Stabbing","floor":25.0,"turns":5.0},{"damage":0.0,"enemies":"Chosen and Byrds","floor":28.0,"turns":5.0},{"damage":24.0,"enemies":"Nightmare","floor":29.0,"turns":7.0},{"damage":0.0,"enemies":"Centurion and Healer","floor":30.0,"turns":4.0},{"damage":0.0,"enemies":"Snake Plant","floor":31.0,"turns":3.0},{"damage":8.0,"enemies":"Champ","floor":33.0,"turns":5.0},{"damage":36.0,"enemies":"3 Shapes","floor":35.0,"turns":2.0},{"damage":5.0,"enemies":"3 Darklings","floor":36.0,"turns":2.0},{"damage":0.0,"enemies":"4 Shapes","floor":38.0,"turns":2.0},{"damage":0.0,"enemies":"Jaw Worm Horde","floor":41.0,"turns":2.0},{"damage":0.0,"enemies":"Transient","floor":45.0,"turns":5.0},{"damage":0.0,"enemies":"Sphere and 2 Shapes","floor":46.0,"turns":4.0},{"damage":0,"enemies":"Jaw Worm Horde","floor":48,"turns":1},{"damage":0,"enemies":"Replay:Hell Engine","floor":50,"turns":5},{"damage":20,"enemies":"Shield and Spear","floor":54,"turns":6},{"damage":76,"enemies":"The Heart","floor":55,"turns":8}],"seed_played":"3476251857781538588","potions_obtained":[{"floor":3.0,"key":"champ:CounterPotion"},{"floor":4.0,"key":"Reflective Coating"},{"floor":10.0,"key":"LiquidMemories"},{"floor":11.0,"key":"Block Potion"},{"floor":22.0,"key":"Strength Potion"},{"floor":23.0,"key":"Slimebound:ThreeZeroPotion"},{"floor":25.0,"key":"Elixir"},{"floor":29.0,"key":"infinitespire:BlackPotion"},{"floor":31.0,"key":"Toxic Potion"},{"floor":36.0,"key":"SpeedPotion"},{"floor":41.0,"key":"PowerPotion"},{"floor":44.0,"key":"DistilledChaos"},{"floor":44.0,"key":"Languid Potion"},{"floor":46,"key":"LifebloodPotion"}],"is_trial":false,"path_per_floor":["M","?","?","M","?","E","?","R","T","E","M","M","E","?","R","B",null,"M","$","M","M","M","E","M","E","T","R","M","NM","M","M","R","B",null,"M","M","$","M","T","R","M","?","T","?","M","M","R","M","R","B",null,"R","$","E","B"],"character_chosen":"DEFECT","items_purchased":["Shovel","Guide Book","DollysMirror","Gash","Leap","Pet Ghost"],"campfire_rested":4,"item_purchase_floors":[19,19,37,37,37,53],"current_hp_per_floor":[57,57,43,43,61,11,17,41,41,24,24,19,17,17,41,22,81,81,81,81,81,81,74,67,53,53,53,53,29,29,34,59,66,86,50,45,45,45,45,45,45,34,34,34,34,34,34,34,59,74,86,86,86,66,0,0],"gold":37,"neow_bonus":"BOSS_RELIC","is_daily":false,"chose_seed":false,"campfire_upgraded":0,"win_rate":0.0,"timestamp":1611445171,"path_taken":["M","?","?","M","?","E","?","R","T","E","?","M","E","?","R","BOSS","M","$","M","M","M","E","M","E","T","R","M","NM","M","M","R","BOSS","M","M","$","M","?","R","M","?","T","?","M","M","R","?","R","BOSS","R","$","E","BOSS"],"items_purchased_type":["Relic","Relic","Relic","Card","Card","Relic"],"build_version":"2020-12-22","purchased_purges":2,"victory":false,"max_hp_per_floor":[57,57,57,57,75,75,81,81,81,81,81,81,81,81,81,81,81,81,81,81,81,81,81,81,86,86,86,86,86,86,86,86,86,86,86,86,86,86,86,86,86,86,86,86,86,86,86,86,86,86,86,86,86,86,86,86],"card_choices":[{"not_picked":["Darkness","Reprogram"],"picked":"Gash","floor":1.0},{"not_picked":["Lockon","Turbo"],"picked":"Conserve Battery","floor":3.0},{"not_picked":["Ball Lightning","Rip and Tear"],"picked":"Sweeping Beam","floor":4.0},{"not_picked":["Turbo","Leap"],"picked":"ReplaySolidLightProjector","floor":6.0},{"not_picked":["Barrage","Compile Driver"],"picked":"Hologram","floor":10.0},{"not_picked":["Redo","Heatsinks"],"picked":"Turbo","floor":11.0},{"not_picked":["Reinforced Body","Machine Learning"],"picked":"ReplayTheSpireMod:System Scan","floor":12.0},{"not_picked":["ReplayRNGCard","Capacitor"],"picked":"ReplaySolidLightProjector","floor":13.0},{"not_picked":["Fission","Rainbow"],"picked":"Core Surge","floor":16.0},{"not_picked":["Crystallizer+1","ReplaySort+1"],"picked":"Gash+1","floor":18.0},{"not_picked":["Hello World","Doom and Gloom"],"picked":"Turbo","floor":20.0},{"not_picked":["Lockon","Conserve Battery"],"picked":"Sweeping Beam+1","floor":21.0},{"not_picked":["Sweeping Beam","Stack+1"],"picked":"Conserve Battery","floor":22.0},{"not_picked":["Panic Button","Sweeping Beam"],"picked":"ReplayTheSpireMod:Reroute Power","floor":23.0},{"not_picked":["Hello World","Rip and Tear"],"picked":"Gash","floor":24.0},{"not_picked":["Auto Shields","Steam"],"picked":"Hologram","floor":25.0},{"not_picked":["Redo","Crystallizer"],"picked":"Go for the Eyes","floor":28.0},{"not_picked":["Cold Snap","Compile Driver+1"],"picked":"All For One","floor":29.0},{"not_picked":["BasicCrystalCard","Streamline"],"picked":"Hologram","floor":30.0},{"not_picked":["Conserve Battery","Electrodynamics"],"picked":"Fusion","floor":31.0},{"not_picked":["Mirror Shield","Amplify"],"picked":"ReplayTheSpireMod:Omega Cannon","floor":33.0},{"not_picked":["Chill+1","Panic Button"],"picked":"Go for the Eyes+1","floor":35.0},{"not_picked":["Ball Lightning+1","Stack+1","Turbo"],"picked":"SKIP","floor":36.0},{"not_picked":["Redo+1","Capacitor"],"picked":"Go for the Eyes+1","floor":38.0},{"not_picked":["Barrage","Hologram"],"picked":"Go for the Eyes+1","floor":41.0},{"not_picked":["Fission","Streamline+1","Sweeping Beam"],"picked":"SKIP","floor":45.0},{"not_picked":["ReplayGash+1","Chill+1"],"picked":"BootSequence","floor":46},{"not_picked":["Cold Snap+1","Sweeping Beam+1"],"picked":"Scrape+1","floor":48},{"not_picked":["Cold Snap+1","Rebound"],"picked":"BootSequence+1","floor":54}],"player_experience":169769,"relics_obtained":[{"floor":3.0,"key":"Mirror"},{"floor":6.0,"key":"Bottled Lightning"},{"floor":9.0,"key":"Replay:Antivirus Software"},{"floor":10.0,"key":"Ginger"},{"floor":13.0,"key":"Potion Belt"},{"floor":23.0,"key":"ReplayTheSpireMod:Lightbulb"},{"floor":25.0,"key":"Durian"},{"floor":27.0,"key":"Ancient Tea Set"},{"floor":29.0,"key":"Toy Ornithopter"},{"floor":39.0,"key":"Calipers"},{"floor":43.0,"key":"War Paint"},{"floor":47,"key":"Toxic Egg 2"},{"floor":52,"key":"Replay:Bottled Eggs"},{"floor":54,"key":"Nunchaku"}],"event_choices":[{"damage_healed":0.0,"max_hp_gain":0.0,"max_hp_loss":0.0,"gold_gain":0.0,"event_name":"Liars Game","player_choice":"Ignored","floor":2.0,"gold_loss":0.0,"damage_taken":0.0},{"damage_healed":0.0,"max_hp_gain":0.0,"max_hp_loss":0.0,"gold_gain":0.0,"event_name":"Golden Idol","player_choice":"Take Wound","floor":7.0,"gold_loss":0.0,"damage_taken":0.0,"relics_obtained":["Golden Idol"],"cards_obtained":["Injury"]},{"damage_healed":0.0,"max_hp_gain":0.0,"max_hp_loss":0.0,"gold_gain":0.0,"event_name":"FaceTrader","player_choice":"Trade","floor":14.0,"gold_loss":0.0,"damage_taken":0.0,"relics_obtained":["GremlinMask"]},{"damage_healed":0.0,"max_hp_gain":0.0,"max_hp_loss":0.0,"gold_gain":0.0,"event_name":"Winding Halls","player_choice":"Embrace Madness","floor":42.0,"gold_loss":0.0,"damage_taken":11.0,"cards_obtained":["Madness","Madness"]},{"damage_healed":0.0,"max_hp_gain":0.0,"max_hp_loss":0.0,"gold_gain":0.0,"event_name":"Lab","player_choice":"Got Potions","floor":44.0,"gold_loss":0.0,"damage_taken":0.0}],"is_beta":false,"boss_relics":[{"not_picked":["Pandora\u0027s Box","Philosopher\u0027s Stone"],"picked":"Nuclear Battery"},{"not_picked":["Replay:Bronze Core","Velvet Choker"],"picked":"Fusion Hammer"}],"items_purged_floors":[19,37],"is_endless":false,"potions_floor_spawned":[4,10,11,22,23,25,29,31,36,41,46],"killed_by":"The Heart","ascension_level":1}}