{"host":"92108ef2q9tm8rod","time":1611433313,"event":{"mods":["BaseMod","Defuse TimeMaze Blight","Minty Spire (QoL Compilation)","StSLib","The Jungle"],"gold_per_floor":[114,124,137,156,172,197,197,236,311,355,355,355,280,243,243,357,357,372,320,337,237,237,237,270,270,270,270,304,329,329,341,341,445,445,465,477,437,449,458,491,491,523,523,523,541,567,442,244,244,244,244],"floor_reached":50,"language":"ENG","playtime":2148,"items_purged":["Quick Slash","Sucker Punch","Writhe","Heavy Blade"],"score":629,"play_id":"488a9c23-b2fd-436a-a4d7-4af464f3c610","local_time":"20210123202153","daily_mods":["SealedDeck","Red Cards","Heirloom","Flight"],"is_ascension_mode":false,"campfire_choices":[{"floor":7,"key":"REST"},{"floor":12,"key":"REST"},{"data":"Body Slam","floor":15,"key":"SMITH"},{"data":"Rupture","floor":23,"key":"SMITH"},{"floor":25,"key":"REST"},{"floor":27,"key":"REST"},{"floor":32,"key":"REST"},{"floor":41,"key":"REST"},{"data":"After Image","floor":44,"key":"SMITH"},{"floor":49,"key":"REST"}],"circlet_count":0,"master_deck":["Blood for Blood","Caltrops","Heavy Blade+1","Bloodletting","Rupture+1","Iron Wave","Footwork","Body Slam+1","Combust","Rampage","After Image+1"],"relics":["Ring of the Snake","Thread and Needle","CeramicFish","Strawberry","Bottled Tornado","Incense Burner","Potion Belt","Nunchaku","Torii","Anchor","SlaversCollar","Ancient Tea Set","Vajra","Dead Branch","Oddly Smooth Stone"],"acts_visited":["Exordium","Exordium","TheBeyond"],"potions_floor_usage":[5,8,16,16,20,28,42,46,46,50,50],"damage_taken":[{"damage":3,"enemies":"Cultist","floor":1,"turns":2},{"damage":0,"enemies":"2 Louse","floor":2,"turns":2},{"damage":0,"enemies":"Small Slimes","floor":3,"turns":3},{"damage":4,"enemies":"Blue Slaver","floor":4,"turns":2},{"damage":11,"enemies":"Gremlin Gang","floor":5,"turns":4},{"damage":28,"enemies":"Lagavulin","floor":6,"turns":5},{"damage":17,"enemies":"3 Sentries","floor":8,"turns":4},{"damage":16,"enemies":"Lagavulin","floor":10,"turns":4},{"damage":30,"enemies":"The Guardian","floor":16,"turns":6},{"damage":21,"enemies":"theJungle:GiantWrat","floor":18,"turns":4},{"damage":8,"enemies":"theJungle:MUSHROOMGANG","floor":20,"turns":3},{"damage":27,"enemies":"theJungle:Cassacara","floor":24,"turns":4},{"damage":12,"enemies":"theJungle:2_Phrogs","floor":28,"turns":4},{"damage":19,"enemies":"theJungle:MamaSnecko","floor":29,"turns":5},{"damage":18,"enemies":"theJungle:Lyon","floor":31,"turns":3},{"damage":12,"enemies":"theJungle:QueenSpyder","floor":33,"turns":6},{"damage":4,"enemies":"Orb Walker","floor":35,"turns":3},{"damage":15,"enemies":"3 Shapes","floor":36,"turns":3},{"damage":11,"enemies":"Transient","floor":38,"turns":5},{"damage":26,"enemies":"Giant Head","floor":40,"turns":6},{"damage":8,"enemies":"Nemesis","floor":42,"turns":5},{"damage":9,"enemies":"Jaw Worm Horde","floor":45,"turns":5},{"damage":21,"enemies":"Reptomancer","floor":46,"turns":4},{"damage":48,"enemies":"Time Eater","floor":50,"turns":5}],"seed_played":"5640871613756010763","potions_obtained":[{"floor":2,"key":"Energy Potion"},{"floor":3,"key":"Energy Potion"},{"floor":5,"key":"SteroidPotion"},{"floor":8,"key":"ColorlessPotion"},{"floor":24,"key":"PowerPotion"},{"floor":33,"key":"SkillPotion"},{"floor":38,"key":"DuplicationPotion"},{"floor":42,"key":"DuplicationPotion"},{"floor":45,"key":"Explosive Potion"}],"is_trial":true,"path_per_floor":["M","M","M","M","M","E","R","E","T","E","?","R","$","?","R","B",null,"M","$","M","$","?","R","E","R","T","R","E","E","?","M","R","B",null,"M","M","?","M","?","E","R","E","T","R","M","E","$","$","R","B"],"character_chosen":"THE_SILENT","items_purchased":["Block Potion","Fire Potion"],"campfire_rested":7,"item_purchase_floors":[19,48],"current_hp_per_floor":[67,67,67,63,52,24,45,35,35,19,19,42,42,42,42,12,77,56,56,48,48,48,48,21,44,44,67,55,36,36,18,41,29,77,73,58,58,47,66,40,63,55,55,55,46,25,25,25,48,0,0],"gold":244,"neow_bonus":"","is_daily":false,"chose_seed":false,"campfire_upgraded":3,"win_rate":0.0,"timestamp":1611433313,"path_taken":["M","M","M","M","M","E","R","E","T","E","?","R","$","?","R","BOSS","M","$","M","$","?","R","E","R","T","R","E","E","?","M","R","BOSS","M","M","?","?","?","E","R","E","T","R","M","E","$","$","R","BOSS"],"items_purchased_type":["Potion","Potion"],"build_version":"2020-12-22","purchased_purges":4,"victory":false,"max_hp_per_floor":[70,70,70,70,70,70,70,77,77,77,77,77,77,77,77,77,77,77,77,77,77,77,77,77,77,77,77,77,77,77,77,77,77,77,77,77,77,77,77,77,77,77,77,77,77,77,77,77,77,77,77],"card_choices":[{"not_picked":["Shrug It Off","Twin Strike","Evolve"],"picked":"SKIP","floor":1},{"not_picked":["Anger","Tools of the Trade"],"picked":"Body Slam","floor":2},{"not_picked":["Masterful Stab","Thunderclap","Prepared"],"picked":"SKIP","floor":3},{"not_picked":["Iron Wave","Acrobatics","Backflip"],"picked":"SKIP","floor":4},{"not_picked":["Intimidate","Sword Boomerang","True Grit"],"picked":"SKIP","floor":5},{"not_picked":["Metallicize","Infinite Blades","Clash"],"picked":"SKIP","floor":6},{"not_picked":["Second Wind","Shrug It Off"],"picked":"Combust","floor":8},{"not_picked":["Poisoned Stab","Thunderclap"],"picked":"Rampage","floor":10},{"not_picked":["Night Terror","Corpse Explosion"],"picked":"After Image","floor":16},{"not_picked":["Bloodletting","Heel Hook+1","Cleave"],"picked":"SKIP","floor":18},{"not_picked":["Dropkick","Outmaneuver","Dodge and Roll"],"picked":"SKIP","floor":20},{"not_picked":["Setup+1","Juggernaut","Quick Slash+1"],"picked":"SKIP","floor":24},{"not_picked":["Flex+1","Prepared","Berserk"],"picked":"SKIP","floor":28},{"not_picked":["Infinite Blades","Iron Wave","Second Wind"],"picked":"SKIP","floor":29},{"not_picked":["True Grit","Intimidate","Inflame+1"],"picked":"SKIP","floor":31},{"not_picked":["Anger+1","Pummel+1","Underhanded Strike+1"],"picked":"SKIP","floor":35},{"not_picked":["Flechettes","Sword Boomerang","Masterful Stab+1"],"picked":"SKIP","floor":36},{"not_picked":["Slice+1","PiercingWail","Outmaneuver+1"],"picked":"SKIP","floor":38},{"not_picked":["Outmaneuver","Iron Wave","Dagger Throw+1"],"picked":"SKIP","floor":40},{"not_picked":["Perfected Strike","Leg Sweep","Heel Hook+1"],"picked":"SKIP","floor":42},{"not_picked":["Masterful Stab+1","Bane","Blade Dance"],"picked":"SKIP","floor":45},{"not_picked":["Flex+1","Skewer+1","Reflex"],"picked":"SKIP","floor":46}],"player_experience":3331535,"relics_obtained":[{"floor":6,"key":"CeramicFish"},{"floor":8,"key":"Strawberry"},{"floor":9,"key":"Bottled Tornado"},{"floor":10,"key":"Incense Burner"},{"floor":24,"key":"Potion Belt"},{"floor":26,"key":"Nunchaku"},{"floor":28,"key":"Torii"},{"floor":29,"key":"Anchor"},{"floor":40,"key":"Ancient Tea Set"},{"floor":42,"key":"Vajra"},{"floor":43,"key":"Dead Branch"},{"floor":46,"key":"Oddly Smooth Stone"}],"event_choices":[{"damage_healed":0,"gold_gain":0,"player_choice":"Ignored","damage_taken":0,"max_hp_gain":0,"max_hp_loss":0,"event_name":"Golden Idol","floor":11,"gold_loss":0},{"damage_healed":0,"gold_gain":0,"player_choice":"Left Gold","damage_taken":0,"max_hp_gain":0,"max_hp_loss":0,"event_name":"World of Goop","floor":14,"gold_loss":37},{"damage_healed":0,"gold_gain":0,"player_choice":"Upgrade","damage_taken":0,"max_hp_gain":0,"max_hp_loss":0,"event_name":"Designer","floor":37,"gold_loss":40,"cards_upgraded":["Heavy Blade"]},{"damage_healed":19,"gold_gain":0,"player_choice":"Writhe","damage_taken":0,"max_hp_gain":0,"max_hp_loss":0,"event_name":"Winding Halls","floor":39,"gold_loss":0,"cards_obtained":["Writhe"]}],"is_beta":false,"boss_relics":[{"not_picked":["Cursed Key","Sozu","Runic Dome"]},{"not_picked":["Snecko Eye","Ring of the Serpent"],"picked":"SlaversCollar"}],"items_purged_floors":[13,21,47,48],"is_endless":false,"potions_floor_spawned":[2,3,5,8,24,33,38,42,45],"killed_by":"Time Eater","ascension_level":0}}