{"host":"19qo8qle2l71a8qw","time":1611407323,"event":{"mods":["BaseMod","Beaked The Cultist","BetterRewards","Colored Map","Colored Powertips","Conspire","Custom Start","Energized Spire","Friendly Minions","Halation","Hubris","Infinite Spire","Mimic Mod","Minty Spire (QoL Compilation)","Random Character Button","Random Character Mod","Replay The Spire","Reworked Bosses","Shop Mod","StSLib","Synergy Search","The Construct","The Druid","The Jungle","The Necromancer","The Runesmith","The Sage"],"gold_per_floor":[109,74,74,97,115,146,163,174,174,174,174],"floor_reached":10,"language":"ENG","playtime":387,"items_purged":[],"score":75,"play_id":"00055892-9597-4c20-a4ab-3d243fe36183","local_time":"20210123140843","is_ascension_mode":true,"campfire_choices":[],"circlet_count":0,"master_deck":["theDruid:Strike_O","theDruid:Strike_O","theDruid:Strike_O","theDruid:Strike_O","theDruid:Defend_O","theDruid:Defend_O","theDruid:Defend_O","theDruid:Defend_O","theDruid:BriarArmor","theDruid:WildSlash","theDruid:BristlingDefense","theDruid:BrambleLash","theDruid:BristlingDefense","hubris:NaturalOne","theDruid:Starfall","theDruid:Starfall","theDruid:TwilightsCall"],"relics":["theDruid:CrownOfTheWilds","Ginger","MerchantsRug","hubris:Icosahedron","Strawberry","Eternal Feather","Mummified Hand"],"acts_visited":["Exordium"],"potions_floor_usage":[],"damage_taken":[{"damage":12,"enemies":"Small Slimes","floor":1,"turns":3},{"damage":0,"enemies":"2 Louse","floor":5,"turns":2},{"damage":40,"enemies":"3 Sentries","floor":6,"turns":8},{"damage":6,"enemies":"Cultist","floor":7,"turns":3},{"damage":8,"enemies":"3 Louse","floor":8,"turns":2},{"damage":33,"enemies":"Gremlin Nob","floor":10,"turns":4}],"seed_played":"-6744015557272031279","potions_obtained":[{"floor":8,"key":"SmokeBomb"}],"is_trial":false,"path_per_floor":["M","?","?","T","M","E","M","M","T","E"],"character_chosen":"DRUID","items_purchased":["theDruid:BristlingDefense","MerchantsRug"],"campfire_rested":0,"item_purchase_floors":[0,0],"current_hp_per_floor":[44,62,62,69,69,29,23,15,15,0,0],"gold":174,"neow_bonus":"","is_daily":false,"chose_seed":false,"campfire_upgraded":0,"win_rate":0.0,"timestamp":1611407323,"path_taken":["M","?","?","?","?","E","M","M","T","E"],"items_purchased_type":["Card","Relic"],"build_version":"2020-12-22","purchased_purges":0,"victory":false,"max_hp_per_floor":[75,75,75,82,82,82,82,82,82,82,82],"card_choices":[{"not_picked":["theDruid:Starburst","theDruid:ThickHide"],"picked":"theDruid:BrambleLash","floor":1},{"not_picked":["theDruid:ForestsSoul","theDruid:ExposingSlash"],"picked":"theDruid:BristlingDefense","floor":5},{"not_picked":["theDruid:Resupply","theDruid:PlagueClaw"],"picked":"theDruid:Starfall","floor":6},{"not_picked":["theDruid:IronClaw","theDruid:Slingshot"],"picked":"theDruid:Starfall","floor":7},{"not_picked":["theDruid:Untamed","theDruid:FaerieFire"],"picked":"theDruid:TwilightsCall","floor":8}],"player_experience":569296,"relics_obtained":[{"floor":4,"key":"Strawberry"},{"floor":6,"key":"Eternal Feather"},{"floor":9,"key":"Mummified Hand"}],"event_choices":[{"damage_healed":18,"gold_gain":0,"player_choice":"Healed","damage_taken":0,"max_hp_gain":0,"max_hp_loss":0,"event_name":"The Cleric","floor":2,"gold_loss":35}],"is_beta":false,"boss_relics":[],"items_purged_floors":[],"is_endless":false,"potions_floor_spawned":[8],"killed_by":"Gremlin Nob","ascension_level":2}}