{"host":"Penguin","time":1611410382,"event":{"mods":["BaseMod","Colored Map","Colored Powertips","DeckTracker","Downfall","Minty Spire (QoL Compilation)","Relic Stats","StSLib","Synergy Search","Unceasing Turn Reminder"],"gold_per_floor":[99,99,99,99,111,153,211,237,279,291,191,209,219,236,248,353,353,253,264,174,174,189,208,208,242,262,162,180,180,194,194,214,316,316,316,332,332,348,74,74,145,145,156,173,329,329,348,360,374,374,374,374],"floor_reached":50,"language":"ENG","playtime":4789,"items_purged":["hexamod:Strike","hexamod:Defend"],"score":603,"play_id":"1807129b-05c5-4a59-b808-15674998c612","local_time":"20210123145942","is_ascension_mode":false,"campfire_choices":[{"floor":1,"key":"RECALL"},{"data":"hexamod:GhostOfSpireFuture","floor":11,"key":"SMITH"},{"data":"hexamod:SoulSteal","floor":18,"key":"SMITH"},{"floor":27,"key":"REST"},{"data":"hexamod:ForkedFlame","floor":29,"key":"SMITH"},{"data":"hexamod:SearingWound","floor":35,"key":"SMITH"},{"data":"hexamod:FastForward","floor":40,"key":"SMITH"},{"floor":42,"key":"REST"}],"circlet_count":0,"master_deck":["hexamod:Strike","hexamod:Strike+1","hexamod:Strike","hexamod:Defend+1","hexamod:Defend+1","hexamod:Defend+1","hexamod:Sear+1","hexamod:Float+1","hexamod:GhostOfSpireFuture+1","hexamod:FastForward+1","Regret","hexamod:FastForward+1","hexamod:ThirdSeal","hexamod:EmpoweredFlame+1","hexamod:HauntingEcho+1","hexamod:StepThrough+1","hexamod:GhostOfSpireFuture+1","hexamod:SoulSteal+1","hexamod:SixthSeal","hexamod:ForkedFlame+1","hexamod:SpectersWail+1","hexamod:Hexaguard+1","hexamod:FlamesFromBeyond+1","hexamod:BurningTouch","hexamod:GhostOfSpirePresent+1","hexamod:RetreatToShadows+1","hexamod:SoulSteal+1","hexamod:HeatShield+1","hexamod:SearingWound+1","CurseOfTheBell","hexamod:FastForward+1","hexamod:AdvancingGuard+1","hexamod:PhantomCloak","hexamod:RecurringNightmare+1","hexamod:HeatMetal+1","hexamod:BurningTouch+1","hexamod:HeatShield"],"relics":["hexamod:SpiritBrand","downfall:HeartsMalice","downfall:ShatteredFragment","Thread and Needle","Calipers","downfall:HeartBlessingRed","hexamod:IceCube","downfall:HeartBlessingBlue","Boot","Lantern","Unceasing Top","downfall:HeartBlessingGreen","Calling Bell","Regal Pillow","White Beast Statue","Pocketwatch","hexamod:InflammatoryLetter","Kunai","Shuriken"],"acts_visited":["Exordium","TheCity","TheBeyond"],"potions_floor_usage":[16,25],"damage_taken":[{"damage":0,"enemies":"2 Louse","floor":2,"turns":1},{"damage":0,"enemies":"Jaw Worm","floor":3,"turns":1},{"damage":0,"enemies":"Lagavulin","floor":6,"turns":1},{"damage":2,"enemies":"Cultist","floor":8,"turns":3},{"damage":6,"enemies":"3 Sentries","floor":9,"turns":8},{"damage":4,"enemies":"Large Slime","floor":12,"turns":5},{"damage":9,"enemies":"Exordium Wildlife","floor":13,"turns":4},{"damage":4,"enemies":"Large Slime","floor":14,"turns":4},{"damage":2,"enemies":"Exordium Thugs","floor":15,"turns":4},{"damage":21,"enemies":"DF_ARCHETYPE_STREAMLINE","floor":16,"turns":10},{"damage":6,"enemies":"Shell Parasite","floor":19,"turns":5},{"damage":2,"enemies":"downfall:FleeingMerchant","floor":20,"turns":4},{"damage":3,"enemies":"Chosen","floor":22,"turns":4},{"damage":8,"enemies":"Snake Plant","floor":23,"turns":4},{"damage":33,"enemies":"Slavers","floor":25,"turns":4},{"damage":0,"enemies":"Snecko","floor":26,"turns":3},{"damage":3,"enemies":"Cultist and Chosen","floor":28,"turns":5},{"damage":7,"enemies":"Snake Plant","floor":30,"turns":5},{"damage":4,"enemies":"Snecko","floor":32,"turns":4},{"damage":14,"enemies":"IC_MUSHROOM_ARCHETYPE","floor":33,"turns":10},{"damage":1,"enemies":"Orb Walker","floor":36,"turns":4},{"damage":27,"enemies":"3 Darklings","floor":38,"turns":5},{"damage":0,"enemies":"downfall:FleeingMerchant","floor":39,"turns":4},{"damage":6,"enemies":"4 Shapes","floor":43,"turns":5},{"damage":3,"enemies":"Maw","floor":44,"turns":8},{"damage":4,"enemies":"downfall:FleeingMerchant","floor":45,"turns":4},{"damage":4,"enemies":"Sphere and 2 Shapes","floor":47,"turns":4},{"damage":3,"enemies":"Jaw Worm Horde","floor":48,"turns":4},{"damage":5,"enemies":"Maw","floor":49,"turns":8},{"damage":102,"enemies":"WA_ARCHETYPE_DIVINITY","floor":50,"turns":12}],"seed_played":"4993727814302328813","potions_obtained":[{"floor":6,"key":"FearPotion"},{"floor":10,"key":"FairyPotion"},{"floor":10,"key":"Block Potion"},{"floor":16,"key":"Swift Potion"},{"floor":25,"key":"PowerPotion"},{"floor":32,"key":"bronze:BurnAndBuffPotion"},{"floor":38,"key":"LiquidBronze"},{"floor":45,"key":"Regen Potion"}],"is_trial":false,"path_per_floor":["R","M","M","?","?","E","T","M","E","?","R","M","M","M","M","B",null,"R","M","$","?","M","M","T","E","M","R","M","R","M","?","M","B",null,"R","M","?","M","$","R","T","R","M","M","$","?","M","M","M","B"],"character_chosen":"THE_SPIRIT","items_purchased":["hexamod:InflammatoryLetter","hexamod:PhantomCloak"],"campfire_rested":2,"item_purchase_floors":[39,45],"current_hp_per_floor":[70,70,70,70,49,49,49,47,41,41,41,37,28,24,22,1,70,80,74,72,72,69,61,61,28,28,52,49,49,42,42,38,24,80,80,79,79,52,52,52,52,80,74,71,67,67,63,60,55,0,0,0],"gold":374,"neow_bonus":"THREE_ENEMY_KILL","is_daily":false,"chose_seed":false,"campfire_upgraded":5,"win_rate":0.0,"timestamp":1611410382,"path_taken":["R","M","M","?","?","E","T","M","E","?","R","?","M","M","M","BOSS","R","M","$","?","M","M","T","E","M","R","M","R","M","?","M","BOSS","R","M","?","M","$","R","T","R","M","M","$","?","?","?","M","BOSS"],"items_purchased_type":["Relic","Card"],"build_version":"2020-12-18","purchased_purges":2,"victory":false,"max_hp_per_floor":[70,70,70,70,70,70,70,70,70,70,70,70,70,70,70,70,70,80,80,80,80,80,80,80,80,80,80,80,80,80,80,80,80,80,80,80,80,80,80,80,80,80,80,80,80,80,80,80,80,80,80,80],"relic_stats":{"Regal Pillow":4,"counters":[30,144],"Shuriken":[6],"Kunai":[10],"Boot":[27],"obtain_stats":[{"Lantern":24,"Regal Pillow":34,"downfall:ShatteredFragment":5,"Calipers":9,"downfall:HeartBlessingRed":11,"downfall:HeartsMalice":0,"Thread and Needle":6,"downfall:HeartBlessingGreen":27,"hexamod:InflammatoryLetter":39,"MawBank":4,"Boot":21,"White Beast Statue":34,"Calling Bell":34,"downfall:HeartBlessingBlue":18,"Shuriken":46,"Kunai":41,"hexamod:SpiritBrand":0,"hexamod:IceCube":17,"Unceasing Top":25,"Pocketwatch":34},{"Lantern":14,"Regal Pillow":20,"downfall:ShatteredFragment":2,"Calipers":5,"downfall:HeartBlessingRed":5,"downfall:HeartsMalice":0,"Thread and Needle":3,"downfall:HeartBlessingGreen":16,"hexamod:InflammatoryLetter":23,"MawBank":2,"Boot":12,"White Beast Statue":20,"Calling Bell":20,"downfall:HeartBlessingBlue":10,"Shuriken":26,"Kunai":23,"hexamod:SpiritBrand":0,"hexamod:IceCube":10,"Unceasing Top":15,"Pocketwatch":20},{"Lantern":55,"Regal Pillow":86,"downfall:ShatteredFragment":0,"Calipers":11,"downfall:HeartBlessingRed":11,"downfall:HeartsMalice":0,"Thread and Needle":0,"downfall:HeartBlessingGreen":62,"hexamod:InflammatoryLetter":99,"MawBank":0,"Boot":47,"White Beast Statue":86,"Calling Bell":86,"downfall:HeartBlessingBlue":38,"Shuriken":116,"Kunai":99,"hexamod:SpiritBrand":0,"hexamod:IceCube":38,"Unceasing Top":59,"Pocketwatch":86}],"Unceasing Top":[15],"Pocketwatch":[12]},"card_choices":[{"not_picked":["hexamod:ThermalTransfer","hexamod:Rewind"],"picked":"hexamod:GhostOfSpireFuture","floor":2},{"not_picked":["hexamod:Hexaguard","hexamod:ShieldOfDarkness"],"picked":"hexamod:FastForward","floor":3},{"not_picked":["hexamod:RecurringNightmare","hexamod:FourthSeal"],"picked":"hexamod:FastForward","floor":6},{"not_picked":["hexamod:HeatShield","hexamod:InspiringFlames","hexamod:NecessarySacrifice"],"picked":"SKIP","floor":8},{"not_picked":["hexamod:NightmareStrike","hexamod:ThermalTransfer"],"picked":"hexamod:ThirdSeal","floor":9},{"not_picked":["hexamod:RetreatToShadows","hexamod:Haunt"],"picked":"hexamod:EmpoweredFlame","floor":12},{"not_picked":["hexamod:FlamesFromBeyond","hexamod:ThirdSeal"],"picked":"hexamod:HauntingEcho","floor":12},{"not_picked":["hexamod:NightmareStrike","hexamod:GhostShield"],"picked":"hexamod:StepThrough","floor":13},{"not_picked":["hexamod:ExtraCrispy","hexamod:NightmareStrike","hexamod:SwordOfDarkness"],"picked":"SKIP","floor":13},{"not_picked":["hexamod:NightmareGuise","hexamod:GhostflameInferno"],"picked":"hexamod:GhostOfSpireFuture","floor":14},{"not_picked":["hexamod:RadiantFlame","hexamod:AdvancingGuard"],"picked":"hexamod:SoulSteal","floor":14},{"not_picked":["hexamod:FlamesFromBeyond","hexamod:SwordOfDarkness","hexamod:CatchUp"],"picked":"SKIP","floor":15},{"not_picked":["hexamod:ExtraCrispy","hexamod:Hexaguard","hexamod:RainOfEmbers"],"picked":"SKIP","floor":15},{"not_picked":["hexamod:VolcanoVisage","hexamod:TurnItUp"],"picked":"hexamod:SixthSeal","floor":16},{"not_picked":["hexamod:WildfireWeapon","hexamod:UnleashSpirits"],"picked":"hexamod:ForkedFlame","floor":16},{"not_picked":["hexamod:GhostLash+1","hexamod:DynamicBlow+1"],"picked":"hexamod:SpectersWail+1","floor":19},{"not_picked":["hexamod:RetreatToShadows","hexamod:UnlimitedPower"],"picked":"hexamod:Hexaguard+1","floor":20},{"not_picked":["hexamod:RadiantFlame","hexamod:NightmareStrike"],"picked":"hexamod:FlamesFromBeyond","floor":20},{"not_picked":["hexamod:Again","hexamod:PhantomCloak","hexamod:SpectersWail"],"picked":"SKIP","floor":22},{"not_picked":["hexamod:HeatMetal+1","hexamod:GhostflameBarrier","hexamod:AdvancingGuard+1"],"picked":"SKIP","floor":22},{"not_picked":["hexamod:GhostShield+1","hexamod:HeatMetal","hexamod:NightmareStrike+1"],"picked":"SKIP","floor":23},{"not_picked":["hexamod:GhostShield","hexamod:DynamicBlow+1","hexamod:GhostLash+1"],"picked":"SKIP","floor":23},{"not_picked":["hexamod:PhantomFireball","hexamod:RainOfEmbers"],"picked":"hexamod:BurningTouch","floor":25},{"not_picked":["hexamod:SpectersWail","hexamod:GhostShield","hexamod:NightmareStrike"],"picked":"SKIP","floor":25},{"not_picked":["hexamod:ShieldOfDarkness","hexamod:FlamesFromBeyond"],"picked":"hexamod:GhostOfSpirePresent","floor":26},{"not_picked":["hexamod:NightmareStrike+1","hexamod:ShieldOfDarkness","hexamod:NightmareGuise"],"picked":"SKIP","floor":28},{"not_picked":["hexamod:NightmareStrike+1","hexamod:GhostLash+1"],"picked":"hexamod:RetreatToShadows+1","floor":30},{"not_picked":["hexamod:FourthSeal","hexamod:HeatShield","hexamod:SoulSteal"],"picked":"SKIP","floor":30},{"not_picked":["hexamod:HauntingEcho","hexamod:GhostOfSpireFuture"],"picked":"hexamod:SoulSteal+1","floor":32},{"not_picked":["hexamod:GhostShield","hexamod:ShieldOfDarkness"],"picked":"hexamod:HeatShield+1","floor":32},{"not_picked":["hexamod:TurnItUp","hexamod:GhostflameInferno"],"picked":"hexamod:SearingWound","floor":33},{"not_picked":["hexamod:EmpoweredFlame+1","hexamod:ThermalTransfer"],"picked":"hexamod:FastForward","floor":36},{"not_picked":["hexamod:RecurringNightmare","hexamod:SkipABeat","hexamod:EtherealExpedition"],"picked":"SKIP","floor":36},{"not_picked":["hexamod:FastForward","hexamod:PhantomFireball","hexamod:GhostLash+1"],"picked":"SKIP","floor":38},{"not_picked":["hexamod:FastForward","hexamod:HauntingEcho"],"picked":"hexamod:AdvancingGuard+1","floor":39},{"not_picked":["hexamod:NightmareGuise","hexamod:NightmareStrike+1","hexamod:RecurringNightmare"],"picked":"SKIP","floor":43},{"not_picked":["hexamod:ForkedFlame","hexamod:GhostOfSpireFuture","hexamod:Hexaguard+1"],"picked":"SKIP","floor":44},{"not_picked":["hexamod:SoulSteal","hexamod:GhostOfSpireFuture+1","hexamod:UnleashSpirits"],"picked":"SKIP","floor":45},{"not_picked":["hexamod:ShieldOfDarkness","hexamod:FastForward","hexamod:NightmareStrike"],"picked":"SKIP","floor":45},{"not_picked":["hexamod:BacktrackSmack+1","hexamod:SwordOfDarkness+1"],"picked":"hexamod:RecurringNightmare+1","floor":47},{"not_picked":["hexamod:ShieldOfDarkness","hexamod:SpectersWail"],"picked":"hexamod:HeatMetal+1","floor":47},{"not_picked":["hexamod:FirstSeal","hexamod:Hexaguard","hexamod:GhostflameInferno"],"picked":"SKIP","floor":48},{"not_picked":["hexamod:FlamesFromBeyond+1","hexamod:Firestarter+1","hexamod:NightmareStrike"],"picked":"SKIP","floor":48},{"not_picked":["hexamod:NightmareGuise","hexamod:InspiringFlames+1"],"picked":"hexamod:BurningTouch+1","floor":49},{"not_picked":["hexamod:AdvancingGuard","hexamod:GhostShield+1"],"picked":"hexamod:HeatShield","floor":49}],"player_experience":347558,"relics_obtained":[{"floor":6,"key":"Thread and Needle"},{"floor":9,"key":"Calipers"},{"floor":24,"key":"Lantern"},{"floor":25,"key":"Unceasing Top"},{"floor":34,"key":"Regal Pillow"},{"floor":34,"key":"White Beast Statue"},{"floor":34,"key":"Pocketwatch"},{"floor":41,"key":"Kunai"},{"floor":46,"key":"Shuriken"}],"event_choices":[{"damage_healed":0,"gold_gain":0,"player_choice":"Box","damage_taken":0,"relics_obtained":["MawBank"],"max_hp_gain":0,"max_hp_loss":0,"event_name":"Big Fish","floor":4,"gold_loss":0,"cards_obtained":["Regret"]}],"is_beta":true,"boss_relics":[{"not_picked":["Velvet Choker","hexamod:UnbrokenSoul"],"picked":"hexamod:IceCube"},{"not_picked":["bronze:MakeshiftBattery","Pandora\u0027s Box"],"picked":"Calling Bell"}],"items_purged_floors":[20,45],"is_endless":false,"potions_floor_spawned":[6,12,13,16,19,25,30,32,33,36,38,39,43,44,45,47,48,49],"killed_by":"WA_ARCHETYPE_DIVINITY","ascension_level":0}}