{"host":"3zmssa4s99zhxek5","time":1611374880,"event":{"mods":["AchievementEnabler","BaseMod","Minty Spire (QoL Compilation)","Permanent Neow","Relic Stats"],"gold_per_floor":[118,135,135,146,164,164,164,198,221,53,82,93,111,146,146,220,220,237,248,248,260,260,260],"floor_reached":22,"language":"KOR","playtime":1220,"items_purged":[],"score":441,"play_id":"397e79d8-a52c-4c4d-98ac-dfd93a2ac9b7","local_time":"20210123130800","is_ascension_mode":true,"campfire_choices":[{"data":"Feed","floor":6,"key":"SMITH"},{"data":"Bash","floor":15,"key":"SMITH"}],"circlet_count":0,"master_deck":["AscendersBane","Bash+1","Feed+1","Wild Strike","Flame Barrier","Power Through","Sentinel","Wild Strike","Fiend Fire","Second Wind","Shockwave","Anger","Feel No Pain","Offering","Exhume","Anger","Spot Weakness","Power Through","Offering","Havoc","Entrench","Spot Weakness","Reckless Charge","Fire Breathing"],"relics":["Burning Blood","Juzu Bracelet","Bronze Scales","Nunchaku","Self Forming Clay","Pandora\u0027s Box"],"acts_visited":["Exordium","TheCity"],"potions_floor_usage":[8,12,14,16,22],"damage_taken":[{"damage":0,"enemies":"2 Louse","floor":1,"turns":3},{"damage":12,"enemies":"Small Slimes","floor":2,"turns":4},{"damage":2,"enemies":"Cultist","floor":4,"turns":4},{"damage":2,"enemies":"Looter","floor":5,"turns":4},{"damage":37,"enemies":"Lagavulin","floor":8,"turns":7},{"damage":35,"enemies":"3 Sentries","floor":11,"turns":10},{"damage":0,"enemies":"2 Fungi Beasts","floor":12,"turns":2},{"damage":4,"enemies":"Lots of Slimes","floor":13,"turns":4},{"damage":1,"enemies":"Gremlin Nob","floor":14,"turns":3},{"damage":29,"enemies":"The Guardian","floor":16,"turns":14},{"damage":9,"enemies":"Shell Parasite","floor":18,"turns":4},{"damage":0,"enemies":"3 Byrds","floor":19,"turns":1},{"damage":24,"enemies":"Snake Plant","floor":21,"turns":2},{"damage":36,"enemies":"Sentry and Sphere","floor":22,"turns":5}],"seed_played":"-2607175525323267927","potions_obtained":[{"floor":1,"key":"AttackPotion"},{"floor":5,"key":"Weak Potion"},{"floor":11,"key":"AttackPotion"},{"floor":12,"key":"FearPotion"},{"floor":16,"key":"SpeedPotion"},{"floor":18,"key":"Energy Potion"}],"is_trial":false,"path_per_floor":["M","M","?","M","M","R","?","E","T","$","E","M","M","E","R","B",null,"M","M","?","M","M"],"character_chosen":"IRONCLAD","items_purchased":["Fiend Fire"],"campfire_rested":0,"item_purchase_floors":[10],"current_hp_per_floor":[71,68,73,77,79,79,79,52,52,52,23,33,39,44,44,25,78,75,81,53,35,0,0],"gold":260,"neow_bonus":"THREE_RARE_CARDS","is_daily":false,"chose_seed":false,"campfire_upgraded":2,"win_rate":0.0,"timestamp":1611374880,"path_taken":["M","M","?","M","M","R","?","E","T","$","E","M","M","E","R","BOSS","M","M","?","M","M"],"items_purchased_type":["Card"],"build_version":"2020-12-22","purchased_purges":0,"victory":false,"max_hp_per_floor":[71,74,79,79,79,79,79,83,83,83,83,87,91,91,91,95,95,95,95,100,100,100,100],"relic_stats":{"Nunchaku":[4],"counters":[14,67],"Self Forming Clay":[42],"Bronze Scales":[155],"Pandora\u0027s Box":["Exhume","Anger","Spot Weakness","Power Through","Offering","Havoc","Entrench","Spot Weakness","Reckless Charge"],"Juzu Bracelet":1,"obtain_stats":[{"Nunchaku":11,"Self Forming Clay":14,"Bronze Scales":9,"Pandora\u0027s Box":17,"Juzu Bracelet":8,"Burning Blood":0},{"Nunchaku":6,"Self Forming Clay":9,"Bronze Scales":5,"Pandora\u0027s Box":10,"Juzu Bracelet":5,"Burning Blood":0},{"Nunchaku":32,"Self Forming Clay":41,"Bronze Scales":22,"Pandora\u0027s Box":55,"Juzu Bracelet":22,"Burning Blood":0}],"Burning Blood":70},"card_choices":[{"not_picked":["Corruption","Brutality"],"picked":"Feed","floor":0},{"not_picked":["Sentinel","Feel No Pain"],"picked":"Wild Strike","floor":1},{"not_picked":["Clash","Infernal Blade"],"picked":"Flame Barrier","floor":2},{"not_picked":["Inflame","Evolve"],"picked":"Power Through","floor":4},{"not_picked":["Pommel Strike","Iron Wave"],"picked":"Sentinel","floor":5},{"not_picked":["Hemokinesis","Dual Wield"],"picked":"Wild Strike","floor":8},{"not_picked":["Reckless Charge","Perfected Strike"],"picked":"Second Wind","floor":11},{"not_picked":["Pommel Strike","Heavy Blade"],"picked":"Shockwave","floor":12},{"not_picked":["Havoc","Twin Strike"],"picked":"Anger","floor":13},{"not_picked":["Perfected Strike","Havoc"],"picked":"Feel No Pain","floor":14},{"not_picked":["Exhume","Limit Break"],"picked":"Offering","floor":16},{"not_picked":["Twin Strike","Clothesline","Infernal Blade"],"picked":"SKIP","floor":18},{"not_picked":["Infernal Blade","Ghostly Armor+1"],"picked":"Fire Breathing","floor":19},{"not_picked":["Bloodletting","Armaments","Shrug It Off"],"picked":"SKIP","floor":21}],"player_experience":1567863,"relics_obtained":[{"floor":8,"key":"Juzu Bracelet"},{"floor":9,"key":"Bronze Scales"},{"floor":11,"key":"Nunchaku"},{"floor":14,"key":"Self Forming Clay"}],"event_choices":[{"damage_healed":0,"gold_gain":0,"player_choice":"Donut","damage_taken":0,"max_hp_gain":5,"max_hp_loss":0,"event_name":"Big Fish","floor":3,"gold_loss":0},{"damage_healed":0,"gold_gain":0,"player_choice":"Got Potions","damage_taken":0,"max_hp_gain":0,"max_hp_loss":0,"event_name":"Lab","floor":7,"gold_loss":0},{"damage_healed":0,"gold_gain":0,"player_choice":"Shed Blood","damage_taken":33,"max_hp_gain":5,"max_hp_loss":0,"event_name":"Forgotten Altar","floor":20,"gold_loss":0}],"is_beta":false,"boss_relics":[{"not_picked":["Runic Dome","Philosopher\u0027s Stone"],"picked":"Pandora\u0027s Box"}],"items_purged_floors":[],"is_endless":false,"potions_floor_spawned":[1,5,11,12,13,16,18,19,21],"killed_by":"Sentry and Sphere","ascension_level":20}}