{"host":"57rytaa21d5yl0hy","time":1611361861,"event":{"mods":["Act Like it!","BaseMod","Challenge The Spire","Friendly Minions","Gensokyo","KinomotoSakuraMod(木之本樱)","Kiyohime（清姬）","Lobotomy","LobotomyExtend","Minty Spire (QoL Compilation)","Replay The Spire","RumiaBox-露米娅的神秘盒子","StSLib","The Senshi","Yuri Mod"],"gold_per_floor":[119,135,135,155,171,171,171,346,370,381,55,65,76,76,76,76,76,94,104,104,0,0,0],"floor_reached":22,"language":"ZHS","playtime":850,"items_purged":["Regret"],"score":187,"play_id":"4ad2b5ad-a9b8-4df3-ad91-d98b5a100a2d","local_time":"20210123083101","is_ascension_mode":true,"campfire_choices":[{"data":"theSenshi:MoonPrismPowerMakeUp","floor":6.0,"key":"SMITH"},{"floor":15,"key":"REST"}],"circlet_count":0,"master_deck":["theSenshi:SailorKick","theSenshi:SailorKick","theSenshi:SailorKick","theSenshi:SailorKick","theSenshi:SailorBlock","theSenshi:SailorBlock","theSenshi:SailorBlock","theSenshi:RoseThrow","theSenshi:MoonPrismPowerMakeUp+1","OldLady","theSenshi:MoonPrincessHalation","Scorched","RedShoes","theSenshi:MoonCosmicPowerMakeUp","MeatLantern","theSenshi:MoonHealingEscalation","Doubt","ShyLook","theSenshi:MoonPunch","theSenshi:CrisisMakeUp","BlackArmy","NakedNest","theSenshi:MoonGorgeousMeditation","AbeCurse","DespairKnight","theSenshi:MoonPrincessHalation","Variant","theSenshi:MoonsReflection"],"relics":["theSenshi:TransformationBroochRelic","CogitoBucket","RabbitCall","Baka","LetterFromLob","ZombieArmy","theSenshi:TiaraRelic","Quantum Egg","Abe\u0027s Treasure"],"acts_visited":["Exordium","TheCity"],"potions_floor_usage":[16,22],"damage_taken":[{"damage":0.0,"enemies":"Small Slimes","floor":1.0,"turns":3.0},{"damage":4.0,"enemies":"Cultist","floor":2.0,"turns":3.0},{"damage":0.0,"enemies":"2 Louse","floor":4.0,"turns":3.0},{"damage":9.0,"enemies":"Blue Slaver","floor":5.0,"turns":3.0},{"damage":0.0,"enemies":"2 Fungi Beasts","floor":10.0,"turns":1.0},{"damage":8.0,"enemies":"Large Slime","floor":12.0,"turns":2.0},{"damage":50,"enemies":"Exordium Thugs","floor":13,"turns":4},{"damage":32,"enemies":"Slime Boss","floor":16,"turns":5},{"damage":51,"enemies":"3 Byrds","floor":18,"turns":5},{"damage":8,"enemies":"Chosen","floor":19,"turns":4},{"damage":22,"enemies":"Snake Plant","floor":22,"turns":2}],"seed_played":"-3216151201345867416","potions_obtained":[{"floor":1.0,"key":"BlessingOfTheForge"},{"floor":4.0,"key":"LiquidMemories"},{"floor":12,"key":"Strength Potion"},{"floor":16,"key":"Elixir"}],"is_trial":false,"path_per_floor":["M","M","?","M","M","R","?","?","T","M","$","M","M","$","R","B",null,"M","M","?","?","M"],"character_chosen":"THE_SENSHI","items_purchased":["Quantum Egg"],"campfire_rested":1,"item_purchase_floors":[11],"current_hp_per_floor":[75,71,71,71,62,62,62,62,62,62,62,59,9,9,31,1,75,24,18,18,18,0,0],"gold":0,"neow_bonus":"","is_daily":false,"chose_seed":false,"campfire_upgraded":1,"win_rate":0.0,"timestamp":1611361861,"path_taken":["M","M","?","?","?","R","?","?","T","M","?","M","M","?","R","BOSS","M","M","?","?","?"],"items_purchased_type":["Relic"],"build_version":"2020-12-22","purchased_purges":1,"victory":false,"max_hp_per_floor":[75,75,75,75,75,75,75,75,75,75,75,75,75,75,75,75,75,75,75,75,75,75,75],"card_choices":[{"not_picked":["Wellcheers","DreamingCurrent"],"picked":"OldLady","floor":1.0},{"not_picked":["theSenshi:TuxedoSmokingBomber","theSenshi:SchoolBag"],"picked":"theSenshi:MoonPrincessHalation","floor":1.0},{"not_picked":["QueenBee","CENSORED"],"picked":"Scorched","floor":2.0},{"not_picked":["theSenshi:EncouragingSpeech","theSenshi:SailorSaturnAssists","theSenshi:SailorMarsAssists"],"picked":"SKIP","floor":2.0},{"not_picked":["FairyFestival","GalaxyChild"],"picked":"RedShoes","floor":4.0},{"not_picked":["theSenshi:SailorUranusAssists","theSenshi:SailorStarMakerAssists"],"picked":"theSenshi:MoonCosmicPowerMakeUp","floor":4.0},{"not_picked":["BigBadWolf","MHz"],"picked":"MeatLantern","floor":5.0},{"not_picked":["theSenshi:SailorStarFighterAssists","theSenshi:MoonsReflection"],"picked":"theSenshi:MoonHealingEscalation","floor":5.0},{"not_picked":["VoidDream","WallGazer"],"picked":"ShyLook","floor":10.0},{"not_picked":["theSenshi:SailorChibiMoonAssists","theSenshi:InTheNickOfTime"],"picked":"theSenshi:MoonPunch","floor":10.0},{"not_picked":["theSenshi:SailorChibiMoonAssists","theSenshi:SchoolBag"],"picked":"theSenshi:CrisisMakeUp","floor":12},{"not_picked":["WallGazer","SnowQueen"],"picked":"BlackArmy","floor":13},{"not_picked":["theSenshi:MoonPower","theSenshi:TuxedoSmokingBomber","theSenshi:SchoolBag"],"picked":"SKIP","floor":13},{"not_picked":["SnowQueen","HeroicMonk"],"picked":"NakedNest","floor":16},{"not_picked":["theSenshi:SailorPlutoAssists","theSenshi:SailorStarHealerAssists"],"picked":"theSenshi:MoonGorgeousMeditation","floor":16},{"not_picked":["SnowQueen","Yin"],"picked":"DespairKnight","floor":18},{"not_picked":["theSenshi:GatheringStrength","theSenshi:MoonPower"],"picked":"theSenshi:MoonPrincessHalation","floor":18},{"not_picked":["UniverseFragment","CrumblingArmor"],"picked":"Variant","floor":19},{"not_picked":["theSenshi:MoonHealingEscalation","theSenshi:SailorPlanetPower"],"picked":"theSenshi:MoonsReflection","floor":19}],"player_experience":304480,"relics_obtained":[{"floor":1.0,"key":"Baka"},{"floor":1.0,"key":"LetterFromLob"},{"floor":9.0,"key":"theSenshi:TiaraRelic"}],"event_choices":[{"cards_removed":["theSenshi:SailorBlock"],"damage_healed":0.0,"max_hp_gain":0.0,"max_hp_loss":0.0,"gold_gain":0.0,"event_name":"Bonfire Elementals","player_choice":"Offered Basic","floor":3.0,"gold_loss":0.0,"damage_taken":0.0},{"damage_healed":0.0,"max_hp_gain":0.0,"max_hp_loss":0.0,"gold_gain":0.0,"event_name":"Big Fish","player_choice":"Box","floor":7.0,"gold_loss":0.0,"damage_taken":0.0,"relics_obtained":["ZombieArmy"],"cards_obtained":["Regret"]},{"damage_healed":0.0,"max_hp_gain":0.0,"max_hp_loss":0.0,"gold_gain":175.0,"event_name":"Liars Game","player_choice":"AGREE","floor":8.0,"gold_loss":0.0,"damage_taken":0.0,"cards_obtained":["Doubt"]},{"damage_healed":0,"gold_gain":0,"player_choice":"Ignored","damage_taken":0,"max_hp_gain":0,"max_hp_loss":0,"event_name":"Ghosts","floor":20,"gold_loss":0},{"damage_healed":0,"gold_gain":0,"player_choice":"Paid Fearfully","damage_taken":0,"max_hp_gain":0,"max_hp_loss":0,"event_name":"Masked Bandits","floor":21,"gold_loss":104}],"is_beta":false,"boss_relics":[{"not_picked":["Snecko Eye","Tiny House"],"picked":"Abe\u0027s Treasure"}],"items_purged_floors":[11],"is_endless":false,"potions_floor_spawned":[1,4,12,16],"killed_by":"Snake Plant","ascension_level":1}}