{"host":"ebj6lkgm8suah319","time":1611416458,"event":{"mods":["2.2 Compatiblity","AchievementEnabler","BaseMod","Block Reminder","Colored Map","Colored Powertips","Minty Spire (QoL Compilation)","Quick Restart","Rare Cards Sparkle","Relic Stats","SuperFastMode"],"gold_per_floor":[114,114,389,413,413,413,457,457,484,500,0,81,6,81,81,81,81],"floor_reached":16,"language":"ENG","playtime":259,"items_purged":["Regret"],"score":218,"play_id":"29c9a77b-f509-48d9-8a14-ff6664e1a7f0","local_time":"20210123104058","is_ascension_mode":true,"campfire_choices":[{"data":"Uppercut","floor":6.0,"key":"SMITH"},{"data":"Bash","floor":8.0,"key":"SMITH"},{"data":"Battle Trance","floor":15.0,"key":"SMITH"}],"circlet_count":0,"master_deck":["AscendersBane","Strike_R","Strike_R","Strike_R","Strike_R","Defend_R","Defend_R","Defend_R","Defend_R","Bash+1","Uppercut+1","Clothesline+1","Barricade","Burning Pact","Battle Trance+1","Dark Embrace","Flame Barrier","Twin Strike+1"],"relics":["Burning Blood","NeowsBlessing","Golden Idol","Molten Egg 2","Regal Pillow","Pen Nib","Shuriken","Orrery","PreservedInsect"],"acts_visited":["Exordium"],"potions_floor_usage":[],"damage_taken":[{"damage":0.0,"enemies":"Small Slimes","floor":1.0,"turns":1.0},{"damage":0.0,"enemies":"2 Louse","floor":4.0,"turns":1.0},{"damage":0.0,"enemies":"Lagavulin","floor":7.0,"turns":1.0},{"damage":3.0,"enemies":"Cultist","floor":10.0,"turns":2.0},{"damage":25.0,"enemies":"3 Sentries","floor":12.0,"turns":8.0},{"damage":43,"enemies":"Slime Boss","floor":16,"turns":10}],"seed_played":"-2018688854587882510","potions_obtained":[{"floor":1.0,"key":"LiquidBronze"},{"floor":4.0,"key":"Fire Potion"}],"is_trial":false,"path_per_floor":["M","?","?","M","T","R","E","R","T","M","$","?","?","?","R","B"],"character_chosen":"IRONCLAD","items_purchased":["Shuriken","Orrery"],"campfire_rested":0,"item_purchase_floors":[11,11],"current_hp_per_floor":[74,68,68,68,68,68,68,68,68,68,68,49,49,38,38,0,0],"gold":81,"neow_bonus":"THREE_ENEMY_KILL","is_daily":false,"chose_seed":false,"campfire_upgraded":3,"win_rate":0.0,"timestamp":1611416458,"path_taken":["M","?","?","?","?","R","E","R","T","M","$","?","?","?","R","BOSS"],"items_purchased_type":["Relic","Relic"],"build_version":"2020-12-22","purchased_purges":1,"victory":false,"max_hp_per_floor":[75,68,68,68,68,68,68,68,68,68,68,68,68,68,68,68,68],"relic_stats":{"Regal Pillow":0,"counters":[6,23],"Golden Idol":42,"Shuriken":[1],"Pen Nib":[2],"PreservedInsect":0,"obtain_stats":[{"Regal Pillow":7,"NeowsBlessing":0,"Golden Idol":2,"Shuriken":11,"Orrery":11,"Molten Egg 2":5,"Pen Nib":9,"PreservedInsect":12,"Burning Blood":0},{"Regal Pillow":3,"NeowsBlessing":0,"Golden Idol":1,"Shuriken":4,"Orrery":4,"Molten Egg 2":2,"Pen Nib":3,"PreservedInsect":5,"Burning Blood":0},{"Regal Pillow":3,"NeowsBlessing":0,"Golden Idol":1,"Shuriken":5,"Orrery":5,"Molten Egg 2":2,"Pen Nib":3,"PreservedInsect":13,"Burning Blood":0}],"Burning Blood":15},"card_choices":[{"not_picked":["Body Slam","Inflame"],"picked":"Uppercut","floor":1.0},{"not_picked":["Havoc","Flex","Warcry"],"picked":"SKIP","floor":4.0},{"not_picked":["Flex","Twin Strike+1"],"picked":"Clothesline+1","floor":7.0},{"not_picked":["Shrug It Off","Anger+1"],"picked":"Barricade","floor":10.0},{"not_picked":["Flex","Twin Strike+1"],"picked":"Burning Pact","floor":11.0},{"not_picked":["Dark Embrace","Cleave+1"],"picked":"Battle Trance","floor":11.0},{"not_picked":["Spot Weakness","Entrench"],"picked":"Dark Embrace","floor":11.0},{"not_picked":["Havoc","Blood for Blood+1"],"picked":"Flame Barrier","floor":11.0},{"not_picked":["Clothesline+1","Shrug It Off"],"picked":"Twin Strike+1","floor":12.0}],"player_experience":49635,"relics_obtained":[{"floor":5.0,"key":"Molten Egg 2"},{"floor":7.0,"key":"Regal Pillow"},{"floor":9.0,"key":"Pen Nib"},{"floor":12.0,"key":"PreservedInsect"}],"event_choices":[{"damage_healed":0.0,"max_hp_gain":0.0,"max_hp_loss":7.0,"gold_gain":0.0,"event_name":"Golden Idol","player_choice":"Lose Max HP","floor":2.0,"gold_loss":0.0,"damage_taken":0.0,"relics_obtained":["Golden Idol"]},{"damage_healed":0.0,"max_hp_gain":0.0,"max_hp_loss":0.0,"gold_gain":275.0,"event_name":"Golden Shrine","player_choice":"Desecrate","floor":3.0,"gold_loss":0.0,"damage_taken":0.0,"cards_obtained":["Regret"]},{"damage_healed":0.0,"max_hp_gain":0.0,"max_hp_loss":0.0,"gold_gain":0.0,"event_name":"Dead Adventurer","player_choice":"Searched \u00271\u0027 times","floor":12.0,"gold_loss":0.0,"damage_taken":0.0},{"cards_removed":["Strike_R"],"damage_healed":0.0,"max_hp_gain":0.0,"max_hp_loss":0.0,"gold_gain":0.0,"event_name":"The Cleric","player_choice":"Card Removal","floor":13.0,"gold_loss":75.0,"damage_taken":0.0},{"damage_healed":0.0,"max_hp_gain":0.0,"max_hp_loss":0.0,"gold_gain":75.0,"event_name":"World of Goop","player_choice":"Gather Gold","floor":14.0,"gold_loss":0.0,"damage_taken":11.0}],"is_beta":false,"boss_relics":[],"items_purged_floors":[11],"is_endless":false,"potions_floor_spawned":[1,4],"killed_by":"Slime Boss","ascension_level":16}}