{"host":"x3xr1fzypq6qqz5s","time":1611419316,"event":{"mods":["BaseMod","Better Vampires","Colored Powertips","DeckTracker","Highlight Path","Minty Spire (QoL Compilation)","Quick Restart","Rare Cards Sparkle","Relic Stats"],"gold_per_floor":[110,126,126,301,190,190,220,254,254,254,279,296,109,122,122,218,218,237,59,69,69,80,80,105,119,144,161,11,11,31,31,31,131,131,146,146,157,157,172,172,172,98,98,98,44,54,54,71,71,71,71],"floor_reached":50,"language":"ZHS","playtime":3595,"items_purged":["Doubt","Strike_B","Strike_B","Strike_B"],"score":470,"play_id":"ab82e304-e0c0-4251-89f0-fd9111bcf77a","local_time":"20210124002836","is_ascension_mode":false,"campfire_choices":[{"data":"Zap","floor":6.0,"key":"SMITH"},{"data":"Glacier","floor":10.0,"key":"SMITH"},{"data":"Capacitor","floor":15.0,"key":"SMITH"},{"data":"Turbo","floor":23.0,"key":"SMITH"},{"floor":32.0,"key":"REST"},{"floor":40.0,"key":"REST"},{"data":"Madness","floor":44.0,"key":"SMITH"},{"floor":49.0,"key":"REST"}],"circlet_count":0,"master_deck":["Zap+1","Dualcast","Core Surge","Sweeping Beam","Doom and Gloom","Glacier+1","Rip and Tear","Conserve Battery","Blind","Capacitor+1","Rainbow+1","White Noise","Turbo+1","Loop","Conserve Battery","Barrage","Hello World","Coolheaded","Undo","Auto Shields","Decay","Madness+1","Madness","FTL","Leap","Fusion+1"],"relics":["Cracked Core","Centennial Puzzle","Pen Nib","Boot","Runic Pyramid","Nunchaku","Toy Ornithopter","Pandora\u0027s Box","Bronze Scales"],"acts_visited":["Exordium","TheCity","TheBeyond"],"potions_floor_usage":[50,50],"damage_taken":[{"damage":6.0,"enemies":"Jaw Worm","floor":1.0,"turns":2.0},{"damage":2.0,"enemies":"2 Louse","floor":2.0,"turns":2.0},{"damage":20.0,"enemies":"Lagavulin","floor":8.0,"turns":5.0},{"damage":13.0,"enemies":"3 Sentries","floor":11.0,"turns":5.0},{"damage":0.0,"enemies":"Small Slimes","floor":12.0,"turns":2.0},{"damage":0.0,"enemies":"2 Fungi Beasts","floor":14.0,"turns":2.0},{"damage":7.0,"enemies":"Hexaghost","floor":16.0,"turns":10.0},{"damage":1.0,"enemies":"Spheric Guardian","floor":18.0,"turns":6.0},{"damage":1.0,"enemies":"Chosen","floor":20.0,"turns":5.0},{"damage":18.0,"enemies":"Centurion and Healer","floor":22.0,"turns":6.0},{"damage":25.0,"enemies":"Slavers","floor":24.0,"turns":7.0},{"damage":9.0,"enemies":"Snake Plant","floor":25.0,"turns":4.0},{"damage":1.0,"enemies":"Cultist and Chosen","floor":27.0,"turns":5.0},{"damage":2.0,"enemies":"3 Cultists","floor":30.0,"turns":4.0},{"damage":38.0,"enemies":"Automaton","floor":33.0,"turns":10.0},{"damage":13.0,"enemies":"3 Shapes","floor":35.0,"turns":5.0},{"damage":12.0,"enemies":"3 Darklings","floor":37.0,"turns":4.0},{"damage":13.0,"enemies":"Jaw Worm Horde","floor":39.0,"turns":4.0},{"damage":10.0,"enemies":"Maw","floor":46.0,"turns":7.0},{"damage":17.0,"enemies":"Sphere and 2 Shapes","floor":48.0,"turns":4.0},{"damage":72,"enemies":"Time Eater","floor":50,"turns":9}],"seed_played":"1368533069527946879","potions_obtained":[{"floor":2.0,"key":"PotionOfCapacity"},{"floor":11.0,"key":"BlessingOfTheForge"},{"floor":12.0,"key":"Energy Potion"},{"floor":22.0,"key":"Explosive Potion"},{"floor":30.0,"key":"SkillPotion"},{"floor":33.0,"key":"PowerPotion"},{"floor":46.0,"key":"SmokeBomb"},{"floor":48.0,"key":"Ancient Potion"}],"is_trial":false,"path_per_floor":["M","M","?","?","$","R","?","E","T","R","E","M","$","M","R","B",null,"M","$","M","?","M","R","E","M","T","M","$","?","M","$","R","B",null,"M","?","M","?","M","R","?","$","T","R","$","M","?","M","R","B"],"character_chosen":"DEFECT","items_purchased":["Doom and Gloom","Blind","Turbo","FTL","Leap"],"campfire_rested":3,"item_purchase_floors":[5,13,19,42,45],"current_hp_per_floor":[69,67,67,67,67,67,67,47,47,47,34,34,34,34,34,27,75,74,74,73,73,55,55,30,21,21,20,20,20,23,23,45,7,75,62,62,55,46,38,60,60,60,60,60,60,50,50,33,55,0,0],"gold":71,"neow_bonus":"ONE_RANDOM_RARE_CARD","is_daily":false,"chose_seed":false,"campfire_upgraded":5,"win_rate":0.0,"timestamp":1611419316,"path_taken":["M","M","?","?","?","R","?","E","T","R","E","M","$","M","R","BOSS","M","$","M","?","?","R","E","M","T","M","$","?","M","?","R","BOSS","M","?","?","?","M","R","?","$","T","R","?","M","?","M","R","BOSS"],"items_purchased_type":["Card","Card","Card","Card","Card"],"build_version":"2020-12-22","purchased_purges":4,"victory":false,"max_hp_per_floor":[75,75,75,75,75,75,75,75,75,75,75,75,75,75,75,75,75,75,75,75,75,75,75,75,75,75,75,75,75,75,75,75,75,75,75,75,75,75,75,75,75,75,75,75,75,75,75,75,75,75,75],"relic_stats":{"Centennial Puzzle":[51],"Nunchaku":[7],"counters":[21,108],"Bronze Scales":[69],"Pandora\u0027s Box":["Coolheaded","Undo","Auto Shields","Rainbow"],"Pen Nib":[11],"Boot":[75],"obtain_stats":[{"Centennial Puzzle":7,"Nunchaku":24,"Bronze Scales":43,"Pandora\u0027s Box":34,"Pen Nib":8,"Cracked Core":0,"Boot":11,"Toy Ornithopter":26,"Runic Pyramid":17},{"Centennial Puzzle":2,"Nunchaku":11,"Bronze Scales":18,"Pandora\u0027s Box":15,"Pen Nib":3,"Cracked Core":0,"Boot":4,"Toy Ornithopter":12,"Runic Pyramid":7},{"Centennial Puzzle":4,"Nunchaku":52,"Bronze Scales":88,"Pandora\u0027s Box":75,"Pen Nib":9,"Cracked Core":0,"Boot":14,"Toy Ornithopter":56,"Runic Pyramid":28}],"Toy Ornithopter":25},"card_choices":[{"not_picked":["Barrage","Steam"],"picked":"Sweeping Beam","floor":1.0},{"not_picked":["Hologram","Barrage","Compile Driver"],"picked":"SKIP","floor":2.0},{"not_picked":["Steam","Go for the Eyes"],"picked":"Glacier","floor":8.0},{"not_picked":["Rebound","Reprogram"],"picked":"Rip and Tear","floor":11.0},{"not_picked":["Aggregate","Go for the Eyes"],"picked":"Conserve Battery","floor":12.0},{"not_picked":["Conserve Battery","Hello World"],"picked":"Capacitor","floor":14.0},{"not_picked":["Reboot","Amplify"],"picked":"Rainbow","floor":16.0},{"not_picked":["Redo","Blizzard"],"picked":"White Noise","floor":18.0},{"not_picked":["Redo+1","Barrage"],"picked":"Loop","floor":20.0},{"not_picked":["Chill+1","Go for the Eyes"],"picked":"Conserve Battery","floor":22.0},{"not_picked":["Doom and Gloom+1","Ball Lightning+1"],"picked":"Barrage","floor":24.0},{"not_picked":["Hologram","Skim+1","Storm"],"picked":"SKIP","floor":25.0},{"not_picked":["Genetic Algorithm","Beam Cell+1"],"picked":"Hello World","floor":27.0},{"not_picked":["Double Energy","Glacier","Doom and Gloom"],"picked":"SKIP","floor":30.0},{"not_picked":["Consume+1","Beam Cell+1","Lockon+1"],"picked":"SKIP","floor":35.0},{"not_picked":["Reprogram+1","Doom and Gloom+1","White Noise"],"picked":"SKIP","floor":37.0},{"not_picked":["Barrage+1","Go for the Eyes","Cold Snap"],"picked":"SKIP","floor":39.0},{"not_picked":["Streamline","Sweeping Beam+1","Cold Snap+1"],"picked":"SKIP","floor":46.0},{"not_picked":["Static Discharge","Go for the Eyes"],"picked":"Fusion+1","floor":48.0}],"player_experience":613347,"relics_obtained":[{"floor":8.0,"key":"Pen Nib"},{"floor":11.0,"key":"Boot"},{"floor":24.0,"key":"Nunchaku"},{"floor":26.0,"key":"Toy Ornithopter"},{"floor":43.0,"key":"Bronze Scales"}],"event_choices":[{"cards_removed":["Strike_B"],"damage_healed":0.0,"max_hp_gain":0.0,"max_hp_loss":0.0,"gold_gain":0.0,"event_name":"Living Wall","player_choice":"Forget","floor":3.0,"gold_loss":0.0,"damage_taken":0.0},{"damage_healed":0.0,"max_hp_gain":0.0,"max_hp_loss":0.0,"gold_gain":175.0,"event_name":"Liars Game","player_choice":"AGREE","floor":4.0,"gold_loss":0.0,"damage_taken":0.0,"cards_obtained":["Doubt"]},{"damage_healed":0.0,"max_hp_gain":0.0,"max_hp_loss":0.0,"gold_gain":30.0,"event_name":"Dead Adventurer","player_choice":"Searched \u00272\u0027 times","floor":7.0,"gold_loss":0.0,"damage_taken":0.0,"relics_obtained":["Centennial Puzzle"]},{"damage_healed":0.0,"max_hp_gain":0.0,"max_hp_loss":0.0,"gold_gain":0.0,"event_name":"Upgrade Shrine","player_choice":"Upgraded","floor":21.0,"gold_loss":0.0,"damage_taken":0.0,"cards_upgraded":["Rainbow"]},{"damage_healed":0.0,"max_hp_gain":0.0,"max_hp_loss":0.0,"gold_gain":0.0,"event_name":"Ghosts","player_choice":"Ignored","floor":29.0,"gold_loss":0.0,"damage_taken":0.0},{"damage_healed":0.0,"max_hp_gain":0.0,"max_hp_loss":0.0,"gold_gain":0.0,"event_name":"Wheel of Change","player_choice":"Cursed","floor":36.0,"gold_loss":0.0,"damage_taken":0.0,"cards_obtained":["Decay"]},{"damage_healed":0.0,"max_hp_gain":0.0,"max_hp_loss":0.0,"gold_gain":0.0,"event_name":"Winding Halls","player_choice":"Embrace Madness","floor":38.0,"gold_loss":0.0,"damage_taken":9.0,"cards_obtained":["Madness","Madness"]},{"damage_healed":0.0,"max_hp_gain":0.0,"max_hp_loss":0.0,"gold_gain":0.0,"event_name":"SensoryStone","player_choice":"Memory 1","floor":41.0,"gold_loss":0.0,"damage_taken":0.0},{"cards_removed":["Rainbow"],"damage_healed":0.0,"max_hp_gain":0.0,"max_hp_loss":0.0,"gold_gain":0.0,"event_name":"Falling","player_choice":"Removed Skill","floor":47.0,"gold_loss":0.0,"damage_taken":0.0}],"is_beta":false,"boss_relics":[{"not_picked":["FrozenCore","Ectoplasm"],"picked":"Runic Pyramid"},{"not_picked":["Philosopher\u0027s Stone","Velvet Choker"],"picked":"Pandora\u0027s Box"}],"items_purged_floors":[5,13,19,28],"is_endless":false,"potions_floor_spawned":[2,11,12,22,24,30,33,46,48],"killed_by":"Time Eater","ascension_level":0}}