{"host":"fmb9x04chdot191d","time":1611399518,"event":{"mods":["2.2 Compatiblity","AchievementEnabler","BaseMod","BetterRewards","Colored Map","Downfall","Hermit","Highlight Path","Marisa（霧雨　魔理沙）","Minty Spire (QoL Compilation)","Permanent Neow","Quick Restart","Rare Cards Sparkle","StSLib","The Servant 0.9.4","[IsaacMod]以撒尖塔"],"gold_per_floor":[110,181,181,200,214,214,214,214,214,242,242,258,288,288,288,288,288],"floor_reached":16,"language":"ENG","playtime":544,"items_purged":[],"score":108,"play_id":"692984a8-a077-4849-a01b-5fb33c978110","local_time":"20210123235838","is_ascension_mode":false,"campfire_choices":[{"data":"Ghostly Armor","floor":6.0,"key":"SMITH"},{"data":"Bash","floor":8.0,"key":"SMITH"},{"data":"Exhume","floor":11,"key":"SMITH"},{"floor":15,"key":"REST"}],"circlet_count":0,"master_deck":["Strike_R","Strike_R","Strike_R","Defend_R","Defend_R","Defend_R","Defend_R","Bash+1","Ghostly Armor+1","Exhume+1","Whirlwind"],"relics":["Burning Blood","HushsDoor","NineVolt","YumHeart","Lantern","SharpPlug","BelialBook","PreservedInsect"],"acts_visited":["Exordium"],"potions_floor_usage":[],"damage_taken":[{"damage":0.0,"enemies":"2 Louse","floor":1.0,"turns":3.0},{"damage":1.0,"enemies":"Cultist","floor":4.0,"turns":4.0},{"damage":3.0,"enemies":"Small Slimes","floor":5.0,"turns":3.0},{"damage":47,"enemies":"Lagavulin","floor":10,"turns":12},{"damage":5,"enemies":"Looter","floor":12,"turns":4},{"damage":44,"enemies":"3 Sentries","floor":13,"turns":12},{"damage":0,"enemies":"Slime Boss","floor":16,"turns":3}],"seed_played":"-822374248546930004","potions_obtained":[{"floor":12,"key":"Block Potion"}],"is_trial":false,"path_per_floor":["M","?","T","M","M","R","?","R","T","E","R","M","E","?","R","B"],"character_chosen":"IRONCLAD","items_purchased":[],"campfire_rested":1,"item_purchase_floors":[],"current_hp_per_floor":[80,65,80,80,80,80,80,80,80,64,64,65,27,24,48,48,48],"gold":288,"neow_bonus":"REMOVE_CARD","is_daily":false,"chose_seed":false,"campfire_upgraded":3,"win_rate":0.0,"timestamp":1611399518,"path_taken":["M","?","?","M","?","R","?","R","T","E","R","M","E","?","R","BOSS"],"items_purchased_type":[],"build_version":"2020-12-22","purchased_purges":0,"victory":false,"max_hp_per_floor":[80,80,80,80,80,80,80,80,80,80,80,80,80,80,80,80,80],"card_choices":[{"not_picked":["Burning Pact","Cleave","Dark Embrace"],"picked":"SKIP","floor":1.0},{"not_picked":["Feel No Pain","Cleave","Thunderclap"],"picked":"SKIP","floor":4.0},{"not_picked":["Clash","Perfected Strike"],"picked":"Ghostly Armor","floor":5.0},{"not_picked":["Perfected Strike","Armaments"],"picked":"Exhume","floor":10},{"not_picked":["Sword Boomerang","Disarm","Pommel Strike"],"picked":"SKIP","floor":12},{"not_picked":["Spot Weakness","Iron Wave"],"picked":"Whirlwind","floor":13}],"player_experience":55289,"relics_obtained":[{"floor":3.0,"key":"YumHeart"},{"floor":9.0,"key":"Lantern"},{"floor":10,"key":"SharpPlug"},{"floor":13,"key":"BelialBook"}],"event_choices":[{"cards_removed":["Strike_R"],"damage_healed":0.0,"max_hp_gain":0.0,"max_hp_loss":0.0,"gold_gain":0.0,"event_name":"Living Wall","player_choice":"Forget","floor":7.0,"gold_loss":0.0,"damage_taken":0.0},{"damage_healed":0,"gold_gain":0,"player_choice":"Success","damage_taken":3,"relics_obtained":["PreservedInsect"],"max_hp_gain":0,"max_hp_loss":0,"event_name":"Scrap Ooze","floor":14,"gold_loss":0}],"is_beta":false,"boss_relics":[],"items_purged_floors":[],"is_endless":false,"potions_floor_spawned":[12],"killed_by":"Slime Boss","ascension_level":0}}