{"host":"rkezzvf6da7mjjsm","time":1611444492,"event":{"mods":["BaseMod","Colored Map","Downfall","Minty Spire (QoL Compilation)","StSLib"],"gold_per_floor":[99,99,99,99,99,99,99,99,99,114,133,162,172,192,211,312,312,312,29,43,57,42,60,86,86,86,86,104,116,116,144,156,255,255,255,266,284,64,74,121,168,179,179,229,78,95,95,120,20,20],"floor_reached":51,"language":"ENG","playtime":3464,"items_purged":["Slimebound:Strike_Slimebound","Slimebound:Tackle"],"score":897,"play_id":"7967dda7-c7f5-4b4d-a62d-d4e6f2ae388d","local_time":"20210124102812","is_ascension_mode":false,"campfire_choices":[{"data":"Slimebound:Split","floor":1,"key":"SMITH"},{"data":"Slimebound:OneTwoCombo","floor":18,"key":"SMITH"},{"data":"Slimebound:AcidTongue","floor":25,"key":"SMITH"},{"data":"Slimebound:ServeAndProtect","floor":27,"key":"SMITH"},{"data":"Slimebound:MassRepurpose","floor":35,"key":"SMITH"},{"data":"Slimebound:Overexert","floor":43,"key":"SMITH"},{"data":"Slimebound:RallyTheTroops","floor":49,"key":"SMITH"}],"circlet_count":0,"master_deck":["Slimebound:Split+1","Slimebound:CorrosiveSpit","Slimebound:LeechEnergy","Slimebound:SplitLeeching","Slimebound:GrowthPunch","Slimebound:DisruptingSlam","Slimebound:ItLooksTasty","Slimebound:SpikyOuterGoop","Slimebound:SlimeBarrage","Slimebound:Recollect","Slimebound:AcidTongue+1","Slimebound:OneTwoCombo+1","Slimebound:ServeAndProtect+1","Slimebound:PressTheAttack","Slimebound:ForwardTackle+1","Slimebound:Dissolve+1","Slimebound:SplitSpecialist+1","Slimebound:ProtectTheBoss","Parasite","Ghostly","Ghostly","Ghostly","Ghostly","Ghostly","Slimebound:SpikyOuterGoop","Slimebound:MassFeed+1","Slimebound:SplitBruiser+1","Slimebound:MassRepurpose+1","Slimebound:RallyTheTroops+1","Slimebound:FinishingTackle","Slimebound:SlimeTap","Slimebound:GoopSpray","Slimebound:RainOfGoop","Slimebound:SplitSpecialist","Slimebound:SamplingLick+1","Slimebound:Schlurp","Slimebound:HauntingLick+1","Slimebound:Overexert+1","Slimebound:RainOfGoop","Slimebound:Prepare+1","Slimebound:Repurpose","downfall:Bewildered","Slimebound:SplitMire+1","Slimebound:RainOfGoop+1","Parasite","Slimebound:SplitMire","Slimebound:FormOfPuddle"],"relics":["Slimebound:AbsorbEndCombat","downfall:HeartsMalice","Slimebound:AggressiveSlimeRelic","Slimebound:SlimedTailRelic","Centennial Puzzle","Cursed Key","hexamod:BolsterEngine","Happy Flower","HornCleat","Pandora\u0027s Box","Guardian:BottledAnomaly","Lantern","Incense Burner","Potion Belt","Slimebound:SlimedSkullRelic","Gremlin Horn","downfall:HeartBlessingGreen"],"acts_visited":["Exordium","TheCity","TheBeyond"],"potions_floor_usage":[15,20,23,33,33,38,38,38,40,48,50,50,50,50,50],"damage_taken":[{"damage":0,"enemies":"Cultist","floor":2,"turns":1},{"damage":0,"enemies":"Small Slimes","floor":5,"turns":1},{"damage":0,"enemies":"2 Louse","floor":8,"turns":1},{"damage":10,"enemies":"Large Slime","floor":10,"turns":5},{"damage":12,"enemies":"Gremlin Gang","floor":11,"turns":3},{"damage":17,"enemies":"Lagavulin","floor":12,"turns":6},{"damage":3,"enemies":"Exordium Wildlife","floor":13,"turns":3},{"damage":0,"enemies":"Large Slime","floor":14,"turns":4},{"damage":10,"enemies":"3 Louse","floor":15,"turns":3},{"damage":22,"enemies":"IC_STATUS_ARCHETYPE","floor":16,"turns":10},{"damage":2,"enemies":"downfall:FleeingMerchant","floor":19,"turns":4},{"damage":13,"enemies":"3 Byrds","floor":20,"turns":3},{"damage":0,"enemies":"Spheric Guardian","floor":21,"turns":4},{"damage":0,"enemies":"downfall:FleeingMerchant","floor":22,"turns":4},{"damage":12,"enemies":"Centurion and Healer","floor":23,"turns":3},{"damage":0,"enemies":"Sentry and Sphere","floor":28,"turns":6},{"damage":0,"enemies":"Snecko","floor":29,"turns":4},{"damage":0,"enemies":"Book of Stabbing","floor":31,"turns":6},{"damage":4,"enemies":"Shelled Parasite and Fungi","floor":32,"turns":4},{"damage":0,"enemies":"WA_ARCHETYPE_CALM","floor":33,"turns":8},{"damage":2,"enemies":"3 Shapes","floor":36,"turns":4},{"damage":1,"enemies":"3 Darklings","floor":37,"turns":5},{"damage":0,"enemies":"downfall:FleeingMerchant","floor":38,"turns":4},{"damage":0,"enemies":"Jaw Worm Horde","floor":39,"turns":3},{"damage":0,"enemies":"2 Orb Walkers","floor":40,"turns":4},{"damage":16,"enemies":"Spire Growth","floor":42,"turns":4},{"damage":0,"enemies":"Spire Growth","floor":44,"turns":3},{"damage":1,"enemies":"Writhing Mass","floor":46,"turns":3},{"damage":3,"enemies":"Giant Head","floor":48,"turns":7},{"damage":46,"enemies":"SI_POISON_ARCHETYPE","floor":50,"turns":6}],"seed_played":"-634245643210539599","potions_obtained":[{"floor":10,"key":"SneckoOil"},{"floor":13,"key":"Ancient Potion"},{"floor":14,"key":"ColorlessPotion"},{"floor":15,"key":"EntropicBrew"},{"floor":16,"key":"Slimebound:SlimedPotion"},{"floor":21,"key":"Slimebound:ThreeZeroPotion"},{"floor":23,"key":"SteroidPotion"},{"floor":28,"key":"Slimebound:ThreeZeroPotion"},{"floor":29,"key":"Fire Potion"},{"floor":31,"key":"hexamod:SoulburnPotion"},{"floor":36,"key":"DistilledChaos"},{"floor":40,"key":"Weak Potion"},{"floor":44,"key":"Energy Potion"},{"floor":48,"key":"DuplicationPotion"}],"is_trial":false,"path_per_floor":["R","M","?","?","M","?","T","M","?","M","M","E","M","M","M","B",null,"R","$","M","M","$","M","T","R","?","R","M","M","?","E","M","B",null,"R","M","M","$","M","?","T","M","R","?","$","M","?","E","R","B",null],"character_chosen":"SLIMEBOUND","items_purchased":["hexamod:BolsterEngine","Slimebound:PressTheAttack","Slimebound:Overexert","Slimebound:RainOfGoop","Guardian:BottledAnomaly","Lantern","Swift Potion","PowerPotion"],"campfire_rested":0,"item_purchase_floors":[19,19,38,38,38,38,38,45],"current_hp_per_floor":[65,65,65,65,65,53,53,53,53,47,37,26,27,35,27,13,65,65,65,56,56,64,57,57,57,32,32,32,32,32,32,30,32,32,32,32,32,32,44,44,44,32,32,38,38,41,41,41,41,2],"gold":20,"neow_bonus":"THREE_ENEMY_KILL","is_daily":false,"chose_seed":false,"campfire_upgraded":7,"win_rate":0.0,"timestamp":1611444492,"path_taken":["R","M","?","?","M","?","T","M","?","M","M","E","M","M","M","BOSS","R","$","M","M","$","M","T","R","?","R","M","M","?","E","M","BOSS","R","M","?","$","M","?","T","M","R","?","$","M","?","E","R","BOSS"],"items_purchased_type":["Relic","Card","Card","Card","Relic","Relic","Potion","Potion"],"build_version":"2020-12-22","purchased_purges":2,"victory":true,"max_hp_per_floor":[65,65,65,65,65,65,65,65,65,65,65,65,65,65,65,65,65,65,65,65,65,65,65,65,65,32,32,32,32,32,32,32,32,32,32,32,32,32,44,44,44,44,44,44,44,44,44,44,44,44],"card_choices":[{"not_picked":["Slimebound:Prepare","Slimebound:TongueLash"],"picked":"Slimebound:LeechEnergy","floor":2},{"not_picked":["Slimebound:Chomp","Slimebound:FlameTackle"],"picked":"Slimebound:SplitLeeching","floor":5},{"not_picked":["Slimebound:GoopSpray","Slimebound:SplitSpecialist"],"picked":"Slimebound:GrowthPunch","floor":8},{"not_picked":["Slimebound:GoopTackle","Slimebound:RollThrough"],"picked":"Slimebound:DisruptingSlam","floor":10},{"not_picked":["Slimebound:SplitLeeching","Slimebound:SplitAcid"],"picked":"Slimebound:ItLooksTasty","floor":11},{"not_picked":["Slimebound:GoopSpray","Slimebound:Prepare"],"picked":"Slimebound:SpikyOuterGoop","floor":12},{"not_picked":["Slimebound:Chomp","Slimebound:PressTheAttack"],"picked":"Slimebound:SlimeBarrage","floor":13},{"not_picked":["Slimebound:HauntingLick","Slimebound:SplitLeeching"],"picked":"Slimebound:Recollect","floor":14},{"not_picked":["Slimebound:Grow","Slimebound:FinishingTackle"],"picked":"Slimebound:AcidTongue","floor":15},{"not_picked":["Slimebound:DouseInSlime","Slimebound:MassFeed"],"picked":"Slimebound:OneTwoCombo","floor":16},{"not_picked":["Slimebound:SlimeSpikes","Slimebound:LeechingTouch"],"picked":"Slimebound:ServeAndProtect","floor":19},{"not_picked":["Slimebound:RollThrough","Slimebound:LeechingTouch"],"picked":"Slimebound:ForwardTackle+1","floor":20},{"not_picked":["Slimebound:SlimeSpikes","Slimebound:SplitLeeching"],"picked":"Slimebound:Dissolve+1","floor":21},{"not_picked":["Slimebound:SplitBruiser+1","Slimebound:Replication"],"picked":"Slimebound:SplitSpecialist+1","floor":22},{"not_picked":["Slimebound:GoopSpray","Slimebound:FlameTackle"],"picked":"Slimebound:ProtectTheBoss","floor":23},{"not_picked":["Slimebound:GoopTackle","Slimebound:GrowthPunch"],"picked":"Slimebound:SpikyOuterGoop","floor":28},{"not_picked":["Slimebound:ComboTackle","Slimebound:SpikyOuterGoop+1"],"picked":"Slimebound:MassFeed","floor":29},{"not_picked":["Slimebound:RollThrough+1","Slimebound:HauntingLick"],"picked":"Slimebound:SplitBruiser+1","floor":31},{"not_picked":["Slimebound:Chomp+1","Slimebound:ComboTackle"],"picked":"Slimebound:MassRepurpose","floor":32},{"not_picked":["Slimebound:DuplicatedForm","Slimebound:LeechLife"],"picked":"Slimebound:RallyTheTroops","floor":33},{"not_picked":["Slimebound:ViciousTackle+1","Slimebound:SplitBruiser+1"],"picked":"Slimebound:SamplingLick+1","floor":36},{"not_picked":["Slimebound:FinishingTackle+1","Slimebound:Recollect"],"picked":"Slimebound:Schlurp","floor":37},{"not_picked":["Slimebound:ComboTackle+1","Slimebound:PressTheAttack"],"picked":"Slimebound:HauntingLick+1","floor":38},{"not_picked":["Slimebound:SplitLeeching","Slimebound:RollThrough+1"],"picked":"Slimebound:Prepare+1","floor":39},{"not_picked":["Slimebound:Recollect","Slimebound:DouseInSlime"],"picked":"Slimebound:Repurpose","floor":40},{"not_picked":["Slimebound:SlimeBarrage","Slimebound:FinishingTackle"],"picked":"Slimebound:SplitMire+1","floor":42},{"not_picked":["Slimebound:Replication+1","Slimebound:AcidTongue"],"picked":"Slimebound:RainOfGoop+1","floor":44},{"not_picked":["Slimebound:ServeAndProtect","Slimebound:Repurpose"],"picked":"Slimebound:SplitMire","floor":46},{"not_picked":["Slimebound:Dissolve+1","Slimebound:HauntingLick"],"picked":"Slimebound:FormOfPuddle","floor":48}],"player_experience":637994,"relics_obtained":[{"floor":7,"key":"Slimebound:SlimedTailRelic"},{"floor":12,"key":"Centennial Puzzle"},{"floor":24,"key":"Happy Flower"},{"floor":31,"key":"HornCleat"},{"floor":40,"key":"Incense Burner"},{"floor":41,"key":"Potion Belt"},{"floor":44,"key":"Slimebound:SlimedSkullRelic"},{"floor":48,"key":"Gremlin Horn"}],"event_choices":[{"cards_removed":["Slimebound:Strike_Slimebound"],"damage_healed":0,"gold_gain":0,"player_choice":"Card Removal","damage_taken":0,"max_hp_gain":0,"max_hp_loss":0,"event_name":"The Cleric","floor":3,"gold_loss":0},{"damage_healed":0,"gold_gain":0,"player_choice":"Success","damage_taken":12,"relics_obtained":["Slimebound:AggressiveSlimeRelic"],"max_hp_gain":0,"max_hp_loss":0,"event_name":"Scrap Ooze","floor":6,"gold_loss":0},{"damage_healed":0,"gold_gain":0,"player_choice":"Became a Ghost","damage_taken":0,"max_hp_gain":0,"max_hp_loss":33,"event_name":"Ghosts","floor":26,"gold_loss":0,"cards_obtained":["Ghostly","Ghostly","Ghostly","Ghostly","Ghostly"]},{"damage_healed":0,"gold_gain":0,"player_choice":"Fight","damage_taken":0,"max_hp_gain":0,"max_hp_loss":0,"event_name":"Mysterious Sphere","floor":40,"gold_loss":0}],"is_beta":false,"boss_relics":[{"not_picked":["Astrolabe","Black Star"],"picked":"Cursed Key"},{"not_picked":["Empty Cage","sneckomod:SneckoTalon"],"picked":"Pandora\u0027s Box"}],"items_purged_floors":[19,45],"is_endless":false,"potions_floor_spawned":[10,13,14,15,16,21,23,28,29,31,36,40,44,48],"ascension_level":0}}