{"host":"v0dnu0zs4qo0v13s","time":1611360677,"event":{"mods":["BaseMod","Colored Map","Colored Powertips","Minty Spire (QoL Compilation)","Relic Stats","StSLib","SuperFastMode","everything is the same but u backflip on backflip"],"gold_per_floor":[113,182,193,213,15,15,41,41,41,60,71,71,101,118,118,217,217,233,115,38,54,4,30,49,49,49,49,49],"floor_reached":27,"language":"ENG","playtime":2339,"items_purged":["Defend_P","Strike_P","Strike_P"],"score":389,"play_id":"7eeee50a-b799-4945-9773-42186445a285","local_time":"20210122191117","is_ascension_mode":true,"campfire_choices":[{"data":"ConjureBlade","floor":6.0,"key":"SMITH"},{"floor":12.0,"key":"REST"},{"floor":15.0,"key":"REST"},{"floor":25.0,"key":"REST"}],"circlet_count":0,"master_deck":["AscendersBane","Strike_P","Defend_P","Eruption","Vigilance","CurseOfTheBell","ClearTheMind","EmptyBody","CutThroughFate","ConjureBlade+1","Tantrum","EmptyFist","Brilliance","ThirdEye","FlurryOfBlows","DeusExMachina","MasterReality+1","ConjureBlade+1","Vault+1","Study","Prostrate","FearNoEvil+1","Protect"],"relics":["Calling Bell","Smiling Mask","Pantograph","StoneCalendar","InkBottle","Pear","Bottled Flame","Lantern","Astrolabe","Yang","Mummified Hand","White Beast Statue"],"acts_visited":["Exordium","TheCity"],"potions_floor_usage":[27],"damage_taken":[{"damage":1.0,"enemies":"Cultist","floor":1.0,"turns":5.0},{"damage":4.0,"enemies":"Small Slimes","floor":3.0,"turns":3.0},{"damage":4.0,"enemies":"Jaw Worm","floor":4.0,"turns":3.0},{"damage":35.0,"enemies":"3 Sentries","floor":7.0,"turns":7.0},{"damage":20.0,"enemies":"Lots of Slimes","floor":10.0,"turns":3.0},{"damage":0.0,"enemies":"Large Slime","floor":11.0,"turns":5.0},{"damage":20.0,"enemies":"Gremlin Nob","floor":13.0,"turns":4.0},{"damage":13.0,"enemies":"Blue Slaver","floor":14.0,"turns":2.0},{"damage":44.0,"enemies":"The Guardian","floor":16.0,"turns":8.0},{"damage":5.0,"enemies":"Chosen","floor":18.0,"turns":3.0},{"damage":9.0,"enemies":"Shell Parasite","floor":21.0,"turns":4.0},{"damage":40.0,"enemies":"Book of Stabbing","floor":23.0,"turns":6.0},{"damage":7.0,"enemies":"Centurion and Healer","floor":24.0,"turns":4.0},{"damage":28,"enemies":"Snake Plant","floor":27,"turns":2}],"seed_played":"-4460089097127073519","potions_obtained":[{"floor":4.0,"key":"Weak Potion"},{"floor":14.0,"key":"StancePotion"},{"floor":21.0,"key":"PowerPotion"}],"is_trial":false,"path_per_floor":["M","T","M","M","$","R","E","?","T","M","M","R","E","M","R","B",null,"M","$","?","M","$","E","M","R","T","M"],"character_chosen":"WATCHER","items_purchased":["ConjureBlade","Study"],"campfire_rested":3,"item_purchase_floors":[5,19],"current_hp_per_floor":[64,64,60,56,56,56,31,31,31,11,11,35,15,2,26,7,63,58,58,58,49,49,9,2,26,26,0,0],"gold":49,"neow_bonus":"BOSS_RELIC","is_daily":false,"chose_seed":false,"campfire_upgraded":1,"win_rate":0.0,"timestamp":1611360677,"path_taken":["M","?","M","M","$","R","E","?","T","M","M","R","E","M","R","BOSS","M","$","?","M","$","E","M","R","T","M"],"items_purchased_type":["Card","Card"],"build_version":"2020-12-22","purchased_purges":3,"victory":false,"max_hp_per_floor":[72,72,72,72,72,72,82,82,82,82,82,82,82,82,82,82,82,82,82,82,82,82,82,82,82,82,82,82],"relic_stats":{"counters":[14,59],"Mummified Hand":[2],"Pantograph":25,"Astrolabe":["MasterReality","ConjureBlade","Vault"],"StoneCalendar":[107],"Yang":[39],"Smiling Mask":150,"obtain_stats":[{"Lantern":13,"Pear":7,"Astrolabe":17,"StoneCalendar":0,"Yang":20,"Smiling Mask":0,"White Beast Statue":26,"Calling Bell":0,"Bottled Flame":9,"Mummified Hand":23,"Pantograph":0,"PureWater":0,"InkBottle":2},{"Lantern":7,"Pear":4,"Astrolabe":9,"StoneCalendar":0,"Yang":10,"Smiling Mask":0,"White Beast Statue":13,"Calling Bell":0,"Bottled Flame":4,"Mummified Hand":12,"Pantograph":0,"PureWater":0,"InkBottle":1},{"Lantern":30,"Pear":18,"Astrolabe":40,"StoneCalendar":0,"Yang":43,"Smiling Mask":0,"White Beast Statue":57,"Calling Bell":0,"Bottled Flame":18,"Mummified Hand":53,"Pantograph":0,"PureWater":0,"InkBottle":5}],"InkBottle":[15]},"card_choices":[{"not_picked":["Halt","CrushJoints"],"picked":"ClearTheMind","floor":1.0},{"not_picked":["Evaluate","Protect"],"picked":"EmptyBody","floor":3.0},{"not_picked":["Protect","Prostrate"],"picked":"CutThroughFate","floor":4.0},{"not_picked":["ReachHeaven","Protect"],"picked":"Tantrum","floor":7.0},{"not_picked":["Evaluate","CutThroughFate"],"picked":"EmptyFist","floor":10.0},{"not_picked":["BattleHymn","Prostrate"],"picked":"Brilliance","floor":11.0},{"not_picked":["Perseverance","ForeignInfluence"],"picked":"ThirdEye","floor":13.0},{"not_picked":["EmptyBody","JustLucky"],"picked":"FlurryOfBlows","floor":14.0},{"not_picked":["Scrawl","ConjureBlade"],"picked":"DeusExMachina","floor":16.0},{"not_picked":["Indignation","Weave","Crescendo"],"picked":"SKIP","floor":18.0},{"not_picked":["FlyingSleeves+1","JustLucky"],"picked":"Prostrate","floor":21.0},{"not_picked":["LikeWater","Alpha"],"picked":"FearNoEvil+1","floor":23.0},{"not_picked":["Consecrate","CarveReality"],"picked":"Protect","floor":24.0}],"player_experience":704531,"relics_obtained":[{"floor":0.0,"key":"Smiling Mask"},{"floor":0.0,"key":"Pantograph"},{"floor":0.0,"key":"StoneCalendar"},{"floor":2.0,"key":"InkBottle"},{"floor":7.0,"key":"Pear"},{"floor":9.0,"key":"Bottled Flame"},{"floor":13.0,"key":"Lantern"},{"floor":23.0,"key":"Mummified Hand"},{"floor":26.0,"key":"White Beast Statue"}],"event_choices":[{"damage_healed":0.0,"max_hp_gain":0.0,"max_hp_loss":0.0,"gold_gain":0.0,"event_name":"Shining Light","player_choice":"Ignored","floor":8.0,"gold_loss":0.0,"damage_taken":0.0},{"damage_healed":0.0,"max_hp_gain":0.0,"max_hp_loss":0.0,"gold_gain":0.0,"event_name":"WeMeetAgain","player_choice":"Paid Gold","floor":20.0,"gold_loss":77.0,"damage_taken":0.0,"relics_obtained":["Yang"]}],"is_beta":false,"boss_relics":[{"not_picked":["VioletLotus","Philosopher\u0027s Stone"],"picked":"Astrolabe"}],"items_purged_floors":[5,19,22],"is_endless":false,"potions_floor_spawned":[4,14,21],"killed_by":"Snake Plant","ascension_level":12}}