{"host":"cfluht5kr2kfk9p9","time":1611414456,"event":{"mods":["ATMod(阿瑾Mod)","Arknights The Spire","BaseMod","Downfall","GungeonMod","Highlight Path","Minty Spire (QoL Compilation)","Quick Restart","Rare Cards Sparkle","Relic Stats","RumiaBox-露米娅的神秘盒子","Spicy Shops","StSLib","TestMod","【功能Mod】混沌之环修复补丁"],"gold_per_floor":[99,99,116,139,53,66,66,66,66,84,116,133,146,170,182,188,188,188],"floor_reached":16,"language":"ZHS","playtime":765,"items_purged":["bronze:Defend"],"score":106,"play_id":"5dc64c74-04bb-408d-9c43-1912b6757476","local_time":"20210123230736","is_ascension_mode":false,"campfire_choices":[{"floor":1,"key":"RECALL"},{"data":"bronze:FineTuning","floor":8,"key":"SMITH"}],"circlet_count":0,"master_deck":["bronze:Strike","bronze:Strike","bronze:Strike","bronze:Strike","bronze:Defend","bronze:Defend","bronze:Defend","bronze:Replicate","bronze:Goto","bronze:FineTuning+1","bronze:Branch","bronze:BitShift","bronze:Boost","bronze:ForLoop","bronze:CutThrough"],"relics":["bronze:BronzeCore","testmod-TestBox","AT_ATBox","DemoMod:Antibody","testmod-TheFather","AT_BellDemon","testmod-CrystalShield","AT_GuinsooRageblade","testmod-IndustrialRevolution","hexamod:Sixitude"],"acts_visited":["Exordium"],"potions_floor_usage":[12,12,16],"damage_taken":[{"damage":3,"enemies":"Small Slimes","floor":3,"turns":3},{"damage":1,"enemies":"Jaw Worm","floor":4,"turns":3},{"damage":0,"enemies":"downfall:FleeingMerchant","floor":5,"turns":4},{"damage":0,"enemies":"Cultist","floor":6,"turns":2},{"damage":0,"enemies":"2 Fungi Beasts","floor":10,"turns":2},{"damage":7,"enemies":"Gremlin Nob","floor":11,"turns":4},{"damage":7,"enemies":"Exordium Thugs","floor":12,"turns":3},{"damage":3,"enemies":"Exordium Wildlife","floor":13,"turns":3},{"damage":14,"enemies":"Large Slime","floor":14,"turns":4},{"damage":1,"enemies":"Blue Slaver","floor":15,"turns":3},{"damage":42,"enemies":"WA_ARCHETYPE_RETAIN","floor":16,"turns":6}],"seed_played":"4008555890417222918","potions_obtained":[{"floor":3,"key":"Fire Potion"},{"floor":6,"key":"LiquidBronze"},{"floor":12,"key":"testmod-SpacePotion"}],"is_trial":false,"path_per_floor":["R","?","M","M","$","M","T","R","?","M","E","M","M","M","M","B"],"character_chosen":"THE_AUTOMATON","items_purchased":[],"campfire_rested":0,"item_purchase_floors":[],"current_hp_per_floor":[63,68,65,64,64,64,64,64,64,64,57,50,47,33,32,0,0,0],"gold":188,"neow_bonus":"ONE_RARE_RELIC","is_daily":false,"chose_seed":false,"campfire_upgraded":1,"win_rate":0.0,"timestamp":1611414456,"path_taken":["R","?","M","M","$","M","T","R","?","M","E","M","?","M","M","BOSS"],"items_purchased_type":[],"build_version":"2020-12-22","purchased_purges":1,"victory":false,"max_hp_per_floor":[63,68,68,68,68,68,68,68,68,68,68,68,68,68,68,68,68,68],"relic_stats":{"counters":[11,37],"obtain_stats":[{"AT_BellDemon":11,"testmod-CrystalShield":12,"bronze:BronzeCore":0,"testmod-TestBox":0,"AT_ATBox":0,"DemoMod:Antibody":0,"hexamod:Sixitude":15,"testmod-TheFather":0,"DemoMod:GlassGuonStoneRelic":3,"AT_GuinsooRageblade":13,"testmod-IndustrialRevolution":14},{"AT_BellDemon":6,"testmod-CrystalShield":7,"bronze:BronzeCore":0,"testmod-TestBox":0,"AT_ATBox":0,"DemoMod:Antibody":0,"hexamod:Sixitude":10,"testmod-TheFather":0,"DemoMod:GlassGuonStoneRelic":1,"AT_GuinsooRageblade":8,"testmod-IndustrialRevolution":9},{"AT_BellDemon":18,"testmod-CrystalShield":21,"bronze:BronzeCore":0,"testmod-TestBox":0,"AT_ATBox":0,"DemoMod:Antibody":0,"hexamod:Sixitude":31,"testmod-TheFather":0,"DemoMod:GlassGuonStoneRelic":3,"AT_GuinsooRageblade":24,"testmod-IndustrialRevolution":28}]},"card_choices":[{"not_picked":["bronze:Invalidate","bronze:BronzeOrb"],"picked":"bronze:FineTuning","floor":3},{"not_picked":["bronze:ClassDefault","bronze:ForceShield","bronze:FineTuning"],"picked":"SKIP","floor":4},{"not_picked":["bronze:BronzeArmor","bronze:DelayedSlice"],"picked":"bronze:Branch","floor":5},{"not_picked":["bronze:Frontload","bronze:FineTuning"],"picked":"bronze:BitShift","floor":6},{"not_picked":["bronze:FineTuning","bronze:Overheat"],"picked":"bronze:Boost","floor":10},{"not_picked":["bronze:FineTuning","bronze:Branch","bronze:CutThrough"],"picked":"SKIP","floor":11},{"not_picked":["bronze:Refactor","bronze:BronzeArmor"],"picked":"bronze:ForLoop","floor":12},{"not_picked":["bronze:BronzeArmor","bronze:NullPointer","bronze:Branch"],"picked":"SKIP","floor":13},{"not_picked":["bronze:Constructor","bronze:Frontload"],"picked":"bronze:CutThrough","floor":14},{"not_picked":["bronze:ForLoop","bronze:CutThrough","bronze:Backtrace"],"picked":"SKIP","floor":15}],"player_experience":69935,"relics_obtained":[{"floor":11,"key":"AT_BellDemon"},{"floor":12,"key":"testmod-CrystalShield"},{"floor":13,"key":"AT_GuinsooRageblade"},{"floor":14,"key":"testmod-IndustrialRevolution"},{"floor":15,"key":"hexamod:Sixitude"}],"event_choices":[{"damage_healed":0,"gold_gain":0,"player_choice":"Donut","damage_taken":0,"max_hp_gain":5,"max_hp_loss":0,"event_name":"Big Fish","floor":2,"gold_loss":0}],"is_beta":false,"boss_relics":[],"items_purged_floors":[5],"is_endless":false,"potions_floor_spawned":[3,6,12],"killed_by":"WA_ARCHETYPE_RETAIN","ascension_level":0}}