{"host":"agbyy69nq62afhwx","time":1611419412,"event":{"mods":["BaseMod","Colored Map","DeckTracker","Highlight Path","Keyboard Shortcuts","Minty Spire (QoL Compilation)","Quick Restart","StSLib","SuperFastMode","everything is the same but u backflip on backflip"],"gold_per_floor":[118,118,43,43,61,86,102,134,215,215,235,255,95,110,110,181,181,196,20,38,38,58,91,91,91],"floor_reached":24,"language":"KOR","playtime":524,"items_purged":["Strike_B","Strike_B"],"score":481,"play_id":"b4c91b2b-a6ef-47cf-8cb5-18aa06b164df","local_time":"20210124013012","is_ascension_mode":true,"campfire_choices":[{"data":"Biased Cognition","floor":15.0,"key":"SMITH"}],"circlet_count":0,"master_deck":["AscendersBane","Defend_B","Defend_B","Defend_B","Defend_B","Zap","Dualcast","Ball Lightning","Biased Cognition+1","Static Discharge","Core Surge","Hologram","Steam","Echo Form","Core Surge","Self Repair","Cold Snap","Reinforced Body"],"relics":["Cracked Core","NeowsBlessing","Turnip","Tiny Chest","StrikeDummy","Lee\u0027s Waffle","Runic Pyramid","Dream Catcher"],"acts_visited":["Exordium","TheCity"],"potions_floor_usage":[23],"damage_taken":[{"damage":0.0,"enemies":"Jaw Worm","floor":1.0,"turns":1.0},{"damage":0.0,"enemies":"2 Louse","floor":5.0,"turns":1.0},{"damage":0.0,"enemies":"Lagavulin","floor":6.0,"turns":1.0},{"damage":5.0,"enemies":"Small Slimes","floor":7.0,"turns":2.0},{"damage":30.0,"enemies":"3 Sentries","floor":8.0,"turns":4.0},{"damage":20.0,"enemies":"Gremlin Gang","floor":11.0,"turns":2.0},{"damage":1.0,"enemies":"2 Fungi Beasts","floor":12.0,"turns":2.0},{"damage":0.0,"enemies":"Large Slime","floor":14.0,"turns":4.0},{"damage":45.0,"enemies":"The Guardian","floor":16.0,"turns":7.0},{"damage":23.0,"enemies":"Shell Parasite","floor":18.0,"turns":5.0},{"damage":28.0,"enemies":"2 Thieves","floor":20.0,"turns":3.0},{"damage":11.0,"enemies":"Cultist and Chosen","floor":22.0,"turns":5.0},{"damage":15,"enemies":"Gremlin Leader","floor":23,"turns":6},{"damage":0,"enemies":"Shelled Parasite and Fungi","floor":24,"turns":1}],"seed_played":"-7216502523324027815","potions_obtained":[{"floor":5.0,"key":"Weak Potion"},{"floor":11.0,"key":"Block Potion"},{"floor":12.0,"key":"Explosive Potion"},{"floor":20.0,"key":"Ancient Potion"},{"floor":22.0,"key":"Weak Potion"}],"is_trial":false,"path_per_floor":["M","?","$","?","M","E","M","E","T","?","M","M","$","M","R","B",null,"M","$","M","?","M","E","M"],"character_chosen":"DEFECT","items_purchased":["Lee\u0027s Waffle","Self Repair"],"campfire_rested":0,"item_purchase_floors":[13,19],"current_hp_per_floor":[64,69,69,69,69,69,64,34,34,27,7,6,83,83,83,38,72,49,49,28,22,18,17,17,17],"gold":91,"neow_bonus":"THREE_ENEMY_KILL","is_daily":false,"chose_seed":false,"campfire_upgraded":1,"win_rate":0.0,"timestamp":1611419412,"path_taken":["M","?","$","?","M","E","M","E","T","?","M","M","?","M","R","BOSS","M","$","M","?","M","E","M"],"items_purchased_type":["Relic","Card"],"build_version":"2020-12-22","purchased_purges":2,"victory":false,"max_hp_per_floor":[71,76,76,76,76,76,76,76,76,76,76,76,83,83,83,83,83,83,83,83,83,83,83,83,83],"card_choices":[{"not_picked":["Glacier","Reprogram"],"picked":"Ball Lightning","floor":1.0},{"not_picked":["Ball Lightning","Compile Driver"],"picked":"Static Discharge","floor":5.0},{"not_picked":["Steam","Turbo"],"picked":"Core Surge","floor":6.0},{"not_picked":["Go for the Eyes","Stack"],"picked":"Hologram","floor":7.0},{"not_picked":["Gash","Sweeping Beam","Rebound"],"picked":"SKIP","floor":8.0},{"not_picked":["Sweeping Beam","Rebound"],"picked":"Steam","floor":11.0},{"not_picked":["Streamline","Scrape","Aggregate"],"picked":"SKIP","floor":12.0},{"not_picked":["Melter","Compile Driver"],"picked":"Echo Form","floor":14.0},{"not_picked":["All For One","Echo Form"],"picked":"Core Surge","floor":16.0},{"not_picked":["Leap","Skim","Consume+1"],"picked":"SKIP","floor":18.0},{"not_picked":["Hologram+1","Redo"],"picked":"Cold Snap","floor":20.0},{"not_picked":["Sweeping Beam","Streamline","Leap"],"picked":"SKIP","floor":22.0},{"not_picked":["Stack","Rebound"],"picked":"Reinforced Body","floor":23}],"player_experience":453802,"relics_obtained":[{"floor":6.0,"key":"Turnip"},{"floor":8.0,"key":"Tiny Chest"},{"floor":9.0,"key":"StrikeDummy"},{"floor":23,"key":"Dream Catcher"}],"event_choices":[{"damage_healed":0.0,"max_hp_gain":5.0,"max_hp_loss":0.0,"gold_gain":0.0,"event_name":"Big Fish","player_choice":"Donut","floor":2.0,"gold_loss":0.0,"damage_taken":0.0},{"damage_healed":0.0,"max_hp_gain":0.0,"max_hp_loss":0.0,"gold_gain":0.0,"cards_transformed":["Strike_B"],"event_name":"Living Wall","player_choice":"Change","floor":4.0,"gold_loss":0.0,"damage_taken":0.0,"cards_obtained":["Biased Cognition"]},{"cards_removed":["Strike_B"],"damage_healed":0.0,"max_hp_gain":0.0,"max_hp_loss":0.0,"gold_gain":0.0,"event_name":"Golden Wing","player_choice":"Card Removal","floor":10.0,"gold_loss":0.0,"damage_taken":7.0},{"damage_healed":0.0,"max_hp_gain":0.0,"max_hp_loss":0.0,"gold_gain":0.0,"event_name":"Knowing Skull","player_choice":"","floor":21.0,"potions_obtained":[],"gold_loss":0.0,"damage_taken":6.0,"cards_obtained":[]}],"is_beta":false,"boss_relics":[{"not_picked":["Tiny House","FrozenCore"],"picked":"Runic Pyramid"}],"items_purged_floors":[3,19],"is_endless":false,"potions_floor_spawned":[5,11,12,14,20,22],"killed_by":"Shelled Parasite and Fungi","ascension_level":18}}