{"host":"8u7tvcybuv0u72fd","time":1611387121,"event":{"mods":["BaseMod","BetterRewards","Colored Map","Colored Powertips","Minty Spire (QoL Compilation)","Quick Restart","Shop Mod"],"gold_per_floor":[113,126,145,156,174,174,200,214,240,253,253,253,328,328,328,428,428,444,444,9,9,34,34,49,59,59,93,93,93,122,139,139,243,543,560,95,95,114,336,336,382,382,382,415,18,31,31,61,61,61,61,61,61,86,86],"floor_reached":56,"language":"ENG","playtime":2582,"items_purged":["Strike_R","Shame"],"score":1568,"play_id":"f208e769-ce9b-4b14-99b7-02889bf15284","local_time":"20210123023201","is_ascension_mode":false,"campfire_choices":[{"data":"Bash","floor":6.0,"key":"SMITH"},{"data":"Uppercut","floor":11.0,"key":"SMITH"},{"data":"Good Instincts","floor":15.0,"key":"SMITH"},{"data":"Double Tap","floor":23.0,"key":"SMITH"},{"data":"Twin Strike","floor":29.0,"key":"SMITH"},{"data":"Disarm","floor":32.0,"key":"SMITH"},{"data":"Shrug It Off","floor":40,"key":"SMITH"},{"data":"Madness","floor":42,"key":"SMITH"},{"floor":49,"key":"RECALL"},{"data":"Defend_R","floor":52,"key":"SMITH"}],"circlet_count":0,"master_deck":["Strike_R","Strike_R","Strike_R","Strike_R","Defend_R","Defend_R+1","Defend_R+1","Defend_R+1","Bash+1","Good Instincts+1","Headbutt","Twin Strike+1","Uppercut+1","Double Tap+1","Disarm+1","Heavy Blade+1","CurseOfTheBell","Shrug It Off+1","Madness","Madness+1"],"relics":["Burning Blood","HandDrill","Ancient Tea Set","Boot","Gremlin Horn","Pen Nib","Toy Ornithopter","Bag of Preparation","Busted Crown","Vajra","Kunai","Bag of Marbles","Red Mask","Akabeko","Bronze Scales","White Beast Statue","Sling","Paper Frog","MerchantsRug","FossilizedHelix","Mercury Hourglass","TungstenRod","Nunchaku","Happy Flower"],"acts_visited":["TheCity","TheBeyond","TheEnding"],"potions_floor_usage":[44,48,55,55,55],"damage_taken":[{"damage":0.0,"enemies":"2 Louse","floor":1.0,"turns":3.0},{"damage":0.0,"enemies":"Jaw Worm","floor":2.0,"turns":3.0},{"damage":0.0,"enemies":"Small Slimes","floor":3.0,"turns":3.0},{"damage":1.0,"enemies":"Blue Slaver","floor":4.0,"turns":6.0},{"damage":0.0,"enemies":"3 Louse","floor":5.0,"turns":2.0},{"damage":19.0,"enemies":"3 Sentries","floor":7.0,"turns":7.0},{"damage":5.0,"enemies":"Large Slime","floor":8.0,"turns":7.0},{"damage":3.0,"enemies":"Blue Slaver","floor":10.0,"turns":2.0},{"damage":19.0,"enemies":"Slime Boss","floor":16.0,"turns":7.0},{"damage":7.0,"enemies":"2 Thieves","floor":18.0,"turns":4.0},{"damage":0.0,"enemies":"Masked Bandits","floor":22.0,"turns":2.0},{"damage":0.0,"enemies":"3 Byrds","floor":24.0,"turns":3.0},{"damage":5.0,"enemies":"Snecko","floor":25.0,"turns":3.0},{"damage":3.0,"enemies":"Book of Stabbing","floor":27.0,"turns":3.0},{"damage":0.0,"enemies":"Gremlin Leader","floor":30.0,"turns":3.0},{"damage":0.0,"enemies":"Sentry and Sphere","floor":31.0,"turns":2.0},{"damage":13.0,"enemies":"Champ","floor":33.0,"turns":6.0},{"damage":0.0,"enemies":"3 Shapes","floor":35.0,"turns":2.0},{"damage":0,"enemies":"Orb Walker","floor":38,"turns":2},{"damage":0,"enemies":"2 Orb Walkers","floor":41,"turns":3},{"damage":25,"enemies":"Nemesis","floor":44,"turns":4},{"damage":0,"enemies":"4 Shapes","floor":46,"turns":3},{"damage":0,"enemies":"Reptomancer","floor":48,"turns":4},{"damage":48,"enemies":"Donu and Deca","floor":50,"turns":9},{"damage":6,"enemies":"Shield and Spear","floor":54,"turns":5},{"damage":42,"enemies":"The Heart","floor":55,"turns":7}],"seed_played":"-6684907958843115341","potions_obtained":[{"floor":2.0,"key":"FairyPotion"},{"floor":3.0,"key":"Strength Potion"},{"floor":5.0,"key":"LiquidMemories"},{"floor":10.0,"key":"SpeedPotion"},{"floor":25.0,"key":"FearPotion"},{"floor":27.0,"key":"Strength Potion"},{"floor":31.0,"key":"Dexterity Potion"},{"floor":33.0,"key":"LiquidMemories"},{"floor":35.0,"key":"BloodPotion"},{"floor":44,"key":"Energy Potion"},{"floor":46,"key":"PowerPotion"},{"floor":48,"key":"HeartOfIron"}],"is_trial":false,"path_per_floor":["M","M","M","M","M","R","E","M","T","M","R","?","?","?","R","B",null,"M","?","$","?","?","R","M","M","T","E","?","R","E","M","R","B",null,"M","$","?","M","?","R","?","R","T","E","$","M","$","E","R","B",null,"R","$","E","B",null],"character_chosen":"IRONCLAD","items_purchased":["War Paint","HandDrill","Ancient Tea Set","Boot","Gremlin Horn","Matryoshka","Good Instincts","LiquidMemories","Energy Potion","Vajra","Kunai","Bag of Marbles","Sling","StoneCalendar","Shrug It Off","Paper Frog","MerchantsRug","FossilizedHelix","Mercury Hourglass","TungstenRod"],"campfire_rested":0,"item_purchase_floors":[0,0,0,0,0,0,0,0,0,20,20,20,36,36,36,45,45,45,45,45],"current_hp_per_floor":[38,44,50,55,61,61,48,49,49,52,52,34,23,49,49,36,80,79,79,79,79,80,80,80,80,80,87,87,87,87,87,87,80,93,93,93,81,87,87,87,93,93,93,93,93,93,93,93,93,51,93,93,93,93,57],"gold":86,"neow_bonus":"","is_daily":false,"chose_seed":false,"campfire_upgraded":9,"win_rate":0.0,"timestamp":1611387121,"path_taken":["M","M","M","M","M","R","E","M","T","M","R","?","?","?","R","BOSS","M","?","$","?","?","R","M","M","T","E","?","R","E","M","R","BOSS","M","$","?","M","?","R","?","R","T","E","$","M","?","E","R","BOSS","R","$","E","BOSS"],"items_purchased_type":["Relic","Relic","Relic","Relic","Relic","Relic","Card","Potion","Potion","Relic","Relic","Relic","Relic","Relic","Card","Relic","Relic","Relic","Relic","Relic"],"build_version":"2020-12-22","purchased_purges":2,"victory":true,"max_hp_per_floor":[80,80,80,80,80,80,80,80,80,80,80,80,80,80,80,80,80,80,80,80,80,80,80,80,80,80,87,87,87,87,87,87,87,93,93,93,93,93,93,93,93,93,93,93,93,93,93,93,93,93,93,93,93,93,93],"card_choices":[{"not_picked":["Carnage","Iron Wave"],"picked":"Headbutt","floor":1.0},{"not_picked":["Blood for Blood","Anger","Heavy Blade"],"picked":"SKIP","floor":2.0},{"not_picked":["Havoc","Wild Strike","Dual Wield"],"picked":"SKIP","floor":3.0},{"not_picked":["Power Through","Wild Strike","Heavy Blade"],"picked":"SKIP","floor":4.0},{"not_picked":["Seeing Red","Warcry"],"picked":"Twin Strike","floor":5.0},{"not_picked":["Pummel","Bludgeon"],"picked":"Uppercut","floor":7.0},{"not_picked":["Fire Breathing","Warcry","Armaments"],"picked":"SKIP","floor":8.0},{"not_picked":["Sever Soul","Cleave","Power Through"],"picked":"SKIP","floor":10.0},{"not_picked":["Reaper","Limit Break"],"picked":"Double Tap","floor":16.0},{"not_picked":["Combust"],"picked":"SKIP","floor":18.0},{"not_picked":["Havoc+1"],"picked":"SKIP","floor":24.0},{"not_picked":["Clash"],"picked":"SKIP","floor":25.0},{"not_picked":["Cleave"],"picked":"SKIP","floor":27.0},{"not_picked":[],"picked":"Heavy Blade+1","floor":30.0},{"not_picked":["Heavy Blade+1"],"picked":"SKIP","floor":31.0},{"not_picked":["Heavy Blade"],"picked":"SKIP","floor":35.0},{"not_picked":["Sword Boomerang"],"picked":"SKIP","floor":38},{"not_picked":["Disarm+1"],"picked":"SKIP","floor":44},{"not_picked":["Perfected Strike+1"],"picked":"SKIP","floor":46},{"not_picked":["Rupture+1"],"picked":"SKIP","floor":48},{"not_picked":["Warcry+1"],"picked":"SKIP","floor":54}],"player_experience":1409365,"relics_obtained":[{"floor":7.0,"key":"The Courier"},{"floor":9.0,"key":"Pen Nib"},{"floor":9.0,"key":"Toy Ornithopter"},{"floor":22.0,"key":"Red Mask"},{"floor":26.0,"key":"Darkstone Periapt"},{"floor":26.0,"key":"Akabeko"},{"floor":27.0,"key":"Strawberry"},{"floor":30.0,"key":"Du-Vu Doll"},{"floor":34.0,"key":"Bronze Scales"},{"floor":34.0,"key":"White Beast Statue"},{"floor":34.0,"key":"Old Coin"},{"floor":41,"key":"CaptainsWheel"},{"floor":44,"key":"Smiling Mask"},{"floor":48,"key":"Nunchaku"},{"floor":54,"key":"Happy Flower"}],"event_choices":[{"damage_healed":0.0,"max_hp_gain":0.0,"max_hp_loss":0.0,"gold_gain":0.0,"event_name":"Scrap Ooze","player_choice":"Success","floor":12.0,"gold_loss":0.0,"damage_taken":18.0,"relics_obtained":["Bag of Preparation"]},{"damage_healed":0.0,"max_hp_gain":0.0,"max_hp_loss":0.0,"gold_gain":75.0,"event_name":"World of Goop","player_choice":"Gather Gold","floor":13.0,"gold_loss":0.0,"damage_taken":11.0},{"damage_healed":26.0,"max_hp_gain":0.0,"max_hp_loss":0.0,"gold_gain":0.0,"event_name":"Big Fish","player_choice":"Banana","floor":14.0,"gold_loss":0.0,"damage_taken":0.0},{"damage_healed":0.0,"max_hp_gain":0.0,"max_hp_loss":0.0,"gold_gain":0.0,"event_name":"Ghosts","player_choice":"Ignored","floor":19.0,"gold_loss":0.0,"damage_taken":0.0},{"damage_healed":0.0,"max_hp_gain":0.0,"max_hp_loss":0.0,"gold_gain":0.0,"event_name":"Addict","player_choice":"Stole Relic","floor":21.0,"gold_loss":0.0,"damage_taken":0.0,"relics_obtained":["Anchor"],"cards_obtained":["Shame"]},{"damage_healed":0.0,"max_hp_gain":0.0,"max_hp_loss":0.0,"gold_gain":0.0,"event_name":"Masked Bandits","player_choice":"Fought Bandits","floor":22.0,"gold_loss":0.0,"damage_taken":0.0},{"damage_healed":0.0,"max_hp_gain":0.0,"max_hp_loss":0.0,"gold_gain":0.0,"event_name":"The Library","player_choice":"Read","floor":28.0,"gold_loss":0.0,"damage_taken":0.0,"cards_obtained":["Disarm"]},{"damage_healed":0,"gold_gain":0,"player_choice":"Embrace Madness","damage_taken":12,"max_hp_gain":0,"max_hp_loss":0,"event_name":"Winding Halls","floor":37,"gold_loss":0,"cards_obtained":["Madness","Madness"]},{"damage_healed":0,"gold_gain":222,"player_choice":"Wore Mask","damage_taken":0,"max_hp_gain":0,"max_hp_loss":0,"event_name":"Tomb of Lord Red Mask","floor":39,"gold_loss":0},{"damage_healed":0,"gold_gain":0,"player_choice":"Fight","damage_taken":0,"max_hp_gain":0,"max_hp_loss":0,"event_name":"Mysterious Sphere","floor":41,"gold_loss":0}],"is_beta":false,"boss_relics":[{"not_picked":["Velvet Choker","Philosopher\u0027s Stone"],"picked":"Busted Crown"},{"not_picked":["Runic Cube","Runic Dome"],"picked":"Calling Bell"}],"items_purged_floors":[0,36],"is_endless":false,"potions_floor_spawned":[2,3,5,10,16,25,27,31,33,35,38,41,44,46,48,54],"ascension_level":0}}