{"host":"684z1xpuwaoqmmh1","time":1611391823,"event":{"mods":["BaseMod","Downfall","Hermit","Jorbs\u0027s Wanderer Trilogy","Marisa????????","Minty Spire (QoL Compilation)","Robot Space Explorer","Shade Mod","StSLib","The Bug Knight","The Cursed","The Dragon Tamer","The Hayseed","The Hierophant","The Marked","The Mystic","The Runesmith","The Senshi"],"gold_per_floor":[110,129,129,146,156,190,200,200,200,229,113,140,150,250,250,349,349,360,360,372,215,66,96,96,109,136,136,136,136,170,170,170,170,170],"floor_reached":33,"language":"ENG","playtime":995,"items_purged":["theMarked:Strike"],"score":459,"play_id":"2e54ddb3-3241-45ff-9167-756b5882489c","local_time":"20210123105023","is_ascension_mode":true,"campfire_choices":[{"floor":8.0,"key":"REST"},{"data":"theMarked:Defy","floor":15,"key":"SMITH"},{"data":"theMarked:SelfDefenseTraining","floor":24,"key":"SMITH"},{"floor":27,"key":"REST"},{"data":"theMarked:HeritageOfTheMarked","floor":29,"key":"SMITH"},{"data":"theMarked:StartUp","floor":32,"key":"SMITH"}],"circlet_count":0,"master_deck":["theMarked:Strike","theMarked:Strike","theMarked:Strike+1","theMarked:Strike+1","theMarked:Defend","theMarked:Defend","theMarked:Defend","theMarked:Defend","theMarked:SoldierOfQuellstein+1","theMarked:StartUp+1","theMarked:BanishingStrike","theMarked:TwofoldDefense","theMarked:BanishingWave","theMarked:HeightenedSenses","theMarked:SelfDefenseTraining+1","theMarked:HeritageOfTheMarked+1","theMarked:Defy+1","theMarked:WastefulDefense+1","theMarked:FavorableWinds+1","theMarked:RepellingDischarge+1","theMarked:Defy+1","theMarked:MaelstromOfLightning+1","TheSimpletonMod:Nettles","theMarked:WardOff+1"],"relics":["theMarked:ArtifactOfAir","theMarked:Gun","Gremlin Horn","Torii","Toxic Egg 2","Cursed Key","Sling","MealTicket","Molten Egg 2","Akabeko"],"acts_visited":["Exordium","TheCity"],"potions_floor_usage":[12,30],"damage_taken":[{"damage":0.0,"enemies":"Small Slimes","floor":1.0,"turns":3.0},{"damage":0.0,"enemies":"2 Louse","floor":2.0,"turns":2.0},{"damage":0.0,"enemies":"Cultist","floor":4.0,"turns":3.0},{"damage":7.0,"enemies":"Exordium Thugs","floor":5.0,"turns":5.0},{"damage":21.0,"enemies":"Lagavulin","floor":6.0,"turns":8.0},{"damage":0.0,"enemies":"2 Fungi Beasts","floor":7.0,"turns":3.0},{"damage":4.0,"enemies":"3 Sentries","floor":10.0,"turns":4.0},{"damage":8,"enemies":"Gremlin Nob","floor":12,"turns":3},{"damage":0,"enemies":"3 Louse","floor":13,"turns":2},{"damage":6,"enemies":"Slime Boss","floor":16,"turns":7},{"damage":13,"enemies":"2 Thieves","floor":18,"turns":3},{"damage":1,"enemies":"Shell Parasite","floor":20,"turns":3},{"damage":0,"enemies":"Gremlin Leader","floor":23,"turns":4},{"damage":18,"enemies":"Sentry and Sphere","floor":25,"turns":8},{"damage":0,"enemies":"Slavers","floor":30,"turns":1},{"damage":59,"enemies":"Champ","floor":33,"turns":9}],"seed_played":"9135727714173974448","potions_obtained":[{"floor":1.0,"key":"sneckomod:MuddlingPotion"},{"floor":6.0,"key":"hexamod:SoulburnPotion"},{"floor":7.0,"key":"Energy Potion"},{"floor":10.0,"key":"SkillPotion"},{"floor":16,"key":"PowerPotion"},{"floor":23,"key":"Ancient Potion"},{"floor":30,"key":"Ancient Potion"}],"is_trial":false,"path_per_floor":["M","M","?","M","M","E","M","R","T","E","$","E","M","?","R","B",null,"M","?","M","$","$","E","R","M","T","R","?","R","E","?","R","B"],"character_chosen":"THE_DEFAULT","items_purchased":["theMarked:HeritageOfTheMarked","Sling","MealTicket"],"campfire_rested":2,"item_purchase_floors":[11,21,22],"current_hp_per_floor":[63,63,49,49,42,21,21,42,42,38,38,30,30,30,30,24,59,46,46,45,45,45,45,45,27,27,48,48,48,48,48,48,0,0],"gold":170,"neow_bonus":"UPGRADE_CARD","is_daily":false,"chose_seed":false,"campfire_upgraded":4,"win_rate":0.0,"timestamp":1611391823,"path_taken":["M","M","?","M","M","E","M","R","T","E","$","E","M","?","R","BOSS","M","?","M","?","$","E","R","M","T","R","?","R","E","?","R","BOSS"],"items_purchased_type":["Card","Relic","Relic"],"build_version":"2020-12-22","purchased_purges":1,"victory":false,"max_hp_per_floor":[70,70,70,70,70,70,70,70,70,70,70,70,70,70,70,70,70,70,70,70,70,70,70,70,70,70,70,70,70,70,70,70,70,70],"card_choices":[{"not_picked":["theMarked:ParalyzingBlade","theMarked:EmpowerWeapon"],"picked":"theMarked:StartUp","floor":1.0},{"not_picked":["theMarked:Indomitable","theMarked:ResourceFulStrike"],"picked":"theMarked:BanishingStrike","floor":2.0},{"not_picked":["theMarked:Improvise","theMarked:EmpowerWeapon"],"picked":"theMarked:TwofoldDefense","floor":4.0},{"not_picked":["theMarked:WardOff","theMarked:WastefulDefense"],"picked":"theMarked:BanishingWave","floor":5.0},{"not_picked":["theMarked:ElectricStrings","theMarked:EnhanceMovement","theMarked:EmpowerWeapon"],"picked":"SKIP","floor":6.0},{"not_picked":["theMarked:WastefulDefense","theMarked:Static"],"picked":"theMarked:HeightenedSenses","floor":7.0},{"not_picked":["theMarked:CreepingChasm","theMarked:Frustration"],"picked":"theMarked:SelfDefenseTraining","floor":10.0},{"not_picked":["theMarked:WastefulAttack","theMarked:ElectricStrings"],"picked":"theMarked:Defy","floor":12},{"not_picked":["theMarked:TwofoldDefense+1","theMarked:BanishingStrike"],"picked":"theMarked:WastefulDefense+1","floor":13},{"not_picked":["theMarked:SoldierForm","theMarked:Snap"],"picked":"theMarked:FavorableWinds+1","floor":16},{"not_picked":["theMarked:ComboAttacks","theMarked:Parkour"],"picked":"theMarked:RepellingDischarge+1","floor":18},{"not_picked":["theMarked:ResourceFulStrike","theMarked:ElectricStrings+1","theMarked:GodGivenPower+1"],"picked":"SKIP","floor":20},{"not_picked":["theMarked:BanishingStrike+1","theMarked:KeepCalmAndFightOn+1","theMarked:ComboAttacks"],"picked":"SKIP","floor":23},{"not_picked":["theMarked:Aftermath+1","theMarked:CreepingChasm+1"],"picked":"theMarked:MaelstromOfLightning+1","floor":25},{"not_picked":["theMarked:ElementalBlade+1","theMarked:TurnInvisible+1"],"picked":"theMarked:WardOff+1","floor":30}],"player_experience":2914962,"relics_obtained":[{"floor":6.0,"key":"theMarked:Gun"},{"floor":9.0,"key":"Gremlin Horn"},{"floor":10.0,"key":"Torii"},{"floor":12,"key":"Toxic Egg 2"},{"floor":23,"key":"Molten Egg 2"},{"floor":30,"key":"Akabeko"}],"event_choices":[{"damage_healed":0.0,"max_hp_gain":0.0,"max_hp_loss":0.0,"gold_gain":0.0,"event_name":"Shining Light","player_choice":"Entered Light","floor":3.0,"gold_loss":0.0,"damage_taken":14.0,"cards_upgraded":["theMarked:Strike","theMarked:Strike"]},{"damage_healed":0,"gold_gain":100,"player_choice":"Pray","damage_taken":0,"max_hp_gain":0,"max_hp_loss":0,"event_name":"Golden Shrine","floor":14,"gold_loss":0},{"damage_healed":0,"gold_gain":0,"player_choice":"Copied","damage_taken":0,"max_hp_gain":0,"max_hp_loss":0,"event_name":"Duplicator","floor":19,"gold_loss":0,"cards_obtained":["theMarked:Defy"]},{"damage_healed":0,"gold_gain":0,"player_choice":"Ignored","damage_taken":0,"max_hp_gain":0,"max_hp_loss":0,"event_name":"Ghosts","floor":31,"gold_loss":0}],"is_beta":false,"boss_relics":[{"not_picked":["Coffee Dripper","Tiny House"],"picked":"Cursed Key"}],"items_purged_floors":[11],"is_endless":false,"potions_floor_spawned":[1,6,7,10,16,23,25,30],"killed_by":"Champ","ascension_level":6}}