{"host":"mpptac75auyxsbzs","time":1611422744,"event":{"mods":["BaseMod","Downfall","Minty Spire (QoL Compilation)","Random Character Button","StSLib","SuperFastMode"],"gold_per_floor":[99,118,136,148,133,150,176,194,205,219,494,510,112,143,163,163,163,163],"floor_reached":16,"language":"ENG","playtime":1232,"items_purged":["Regret"],"score":108,"play_id":"9ae6601d-2ecd-4381-a3fc-8e28d29884d2","local_time":"20210123182544","is_ascension_mode":false,"campfire_choices":[{"floor":1,"key":"RECALL"}],"circlet_count":0,"master_deck":["Slimebound:Strike_Slimebound","Slimebound:Strike_Slimebound","Slimebound:Strike_Slimebound","Slimebound:Tackle","Slimebound:Defend_Slimebound","Slimebound:Defend_Slimebound","Slimebound:Defend_Slimebound","Slimebound:Defend_Slimebound","Slimebound:Split","Slimebound:CorrosiveSpit","Mayhem","Slimebound:MegaLick","Slimebound:Equalize","Slimebound:Gluttony","Slimebound:SamplingLick","Slimebound:SamplingLick","Slimebound:RejuvenatingLick","Slimebound:Equalize","Slimebound:MegaLick","Slimebound:SplitMire","Slimebound:HauntingLick"],"relics":["Slimebound:AbsorbEndCombat","Toolbox","Orichalcum","Bag of Preparation"],"acts_visited":["Exordium"],"potions_floor_usage":[5,16,16],"damage_taken":[{"damage":15,"enemies":"2 Louse","floor":2,"turns":3},{"damage":4,"enemies":"Cultist","floor":3,"turns":3},{"damage":16,"enemies":"Jaw Worm","floor":4,"turns":3},{"damage":10,"enemies":"downfall:FleeingMerchant","floor":5,"turns":4},{"damage":8,"enemies":"Lots of Slimes","floor":6,"turns":3},{"damage":0,"enemies":"Large Slime","floor":8,"turns":5},{"damage":18,"enemies":"3 Louse","floor":9,"turns":4},{"damage":8,"enemies":"Exordium Thugs","floor":10,"turns":3},{"damage":16,"enemies":"Blue Slaver","floor":12,"turns":3},{"damage":9,"enemies":"downfall:FleeingMerchant","floor":13,"turns":4},{"damage":25,"enemies":"Gremlin Nob","floor":14,"turns":4},{"damage":12,"enemies":"Exordium Wildlife","floor":15,"turns":3},{"damage":65,"enemies":"SI_SHIV_ARCHETYPE","floor":16,"turns":10}],"seed_played":"3277924771470764553","potions_obtained":[{"floor":3,"key":"champ:CounterPotion"},{"floor":6,"key":"Explosive Potion"},{"floor":8,"key":"Energy Potion"},{"floor":10,"key":"Slimebound:SlimedPotion"},{"floor":12,"key":"Fire Potion"},{"floor":15,"key":"LiquidMemories"}],"is_trial":false,"path_per_floor":["R","M","M","M","$","M","T","M","M","M","?","M","$","E","M","B"],"character_chosen":"SLIMEBOUND","items_purchased":["Toolbox","Orichalcum"],"campfire_rested":0,"item_purchase_floors":[13,13],"current_hp_per_floor":[59,48,50,40,46,54,54,59,53,59,59,46,58,44,42,0,0,0],"gold":163,"neow_bonus":"RANDOM_COLORLESS_2","is_daily":false,"chose_seed":false,"campfire_upgraded":0,"win_rate":0.0,"timestamp":1611422744,"path_taken":["R","M","M","M","$","M","T","M","M","M","?","?","$","E","M","BOSS"],"items_purchased_type":["Relic","Relic"],"build_version":"2020-12-22","purchased_purges":1,"victory":false,"max_hp_per_floor":[59,59,59,59,59,59,59,59,59,59,59,59,59,59,59,59,59,59],"card_choices":[{"not_picked":["Transmutation","Thinking Ahead"],"picked":"Mayhem","floor":0},{"not_picked":["Slimebound:RollThrough","Slimebound:SplitBruiser"],"picked":"Slimebound:MegaLick","floor":2},{"not_picked":["Slimebound:ServeAndProtect","Slimebound:Replication","Slimebound:Repurpose"],"picked":"SKIP","floor":3},{"not_picked":["Slimebound:Grow","Slimebound:Prepare"],"picked":"Slimebound:Equalize","floor":4},{"not_picked":["Slimebound:SpikyOuterGoop","Slimebound:SlimeSpikes"],"picked":"Slimebound:Gluttony","floor":5},{"not_picked":["Slimebound:Prepare","Slimebound:GoopTackle"],"picked":"Slimebound:SamplingLick","floor":6},{"not_picked":["Slimebound:SplitBruiser","Slimebound:ForwardTackle"],"picked":"Slimebound:SamplingLick","floor":8},{"not_picked":["Slimebound:FlameTackle","Slimebound:GoopSpray"],"picked":"Slimebound:RejuvenatingLick","floor":9},{"not_picked":["Slimebound:LeechEnergy","Slimebound:LeechingTouch"],"picked":"Slimebound:Equalize","floor":10},{"not_picked":["Slimebound:Schlurp","Slimebound:PressTheAttack"],"picked":"Slimebound:MegaLick","floor":12},{"not_picked":["Slimebound:LivingWall","Slimebound:PrepareCrush"],"picked":"Slimebound:SplitMire","floor":13},{"not_picked":["Slimebound:SplitBruiser","Slimebound:SlimeBarrage","Slimebound:DisruptingSlam"],"picked":"SKIP","floor":14},{"not_picked":["Slimebound:RollThrough","Slimebound:BestDefense"],"picked":"Slimebound:HauntingLick","floor":15}],"player_experience":239752,"relics_obtained":[{"floor":14,"key":"Bag of Preparation"}],"event_choices":[],"is_beta":false,"boss_relics":[],"items_purged_floors":[13],"is_endless":false,"potions_floor_spawned":[3,6,8,10,12,15],"killed_by":"SI_SHIV_ARCHETYPE","ascension_level":0}}