{"host":"41y51qpuw3tri6uv","time":1611374395,"event":{"mods":["AchievementEnabler","BaseMod","Bestiary","Better Altar","Better Match","Better Note","Better Sensory Stone","Better Skull","Better Third Choice","Better Vampires","Colored Map","Colored Powertips","DeckTracker","Minty Spire (QoL Compilation)","Permanent Neow","Quick Restart","Random Character Button","StSLib","SuperFastMode","Synergy Search","Thieving Mod"],"gold_per_floor":[111,36,36,36,46,46,80,91,91,105,117,130,130,140,140,140,140],"floor_reached":16,"language":"ENG","playtime":718,"items_purged":["Strike_R"],"score":130,"play_id":"a1d3bb15-10fb-4ff2-a1a3-52dd8f59b63e","local_time":"20210122225955","is_ascension_mode":true,"campfire_choices":[{"data":"Body Slam","floor":13,"key":"SMITH"},{"data":"Whirlwind","floor":15,"key":"SMITH"}],"circlet_count":0,"master_deck":["Strike_R","Strike_R","Strike_R","Defend_R","Defend_R","Defend_R","Defend_R","Bash","Bludgeon","Flame Barrier","Metallicize","Thunderclap","Regret","Shockwave","Offering","Shrug It Off","Wild Strike","Wild Strike","Body Slam+1","Whirlwind+1"],"relics":["Burning Blood","InkBottle","Calipers","Omamori","Art of War"],"acts_visited":["Exordium"],"potions_floor_usage":[16,16],"damage_taken":[{"damage":6.0,"enemies":"2 Louse","floor":1.0,"turns":3.0},{"damage":0.0,"enemies":"Small Slimes","floor":5.0,"turns":2.0},{"damage":29,"enemies":"3 Sentries","floor":7,"turns":8},{"damage":6,"enemies":"Jaw Worm","floor":8,"turns":2},{"damage":13,"enemies":"Looter","floor":10,"turns":4},{"damage":0,"enemies":"3 Louse","floor":11,"turns":4},{"damage":38,"enemies":"Gremlin Gang","floor":12,"turns":4},{"damage":17,"enemies":"Large Slime","floor":14,"turns":7},{"damage":15,"enemies":"Slime Boss","floor":16,"turns":6}],"seed_played":"-4716251254562626831","potions_obtained":[{"floor":7,"key":"SkillPotion"},{"floor":8,"key":"SkillPotion"},{"floor":12,"key":"SpeedPotion"}],"is_trial":false,"path_per_floor":["M","$","?","?","M","$","E","M","T","M","M","M","R","M","R","B"],"character_chosen":"IRONCLAD","items_purchased":[],"campfire_rested":0,"item_purchase_floors":[],"current_hp_per_floor":[80,80,80,80,80,80,57,57,57,50,56,24,24,13,13,0,0],"gold":140,"neow_bonus":"ONE_RANDOM_RARE_CARD","is_daily":false,"chose_seed":false,"campfire_upgraded":2,"win_rate":0.0,"timestamp":1611374395,"path_taken":["M","$","?","?","M","$","E","M","T","M","M","M","R","M","R","BOSS"],"items_purchased_type":[],"build_version":"2020-12-22","purchased_purges":1,"victory":false,"max_hp_per_floor":[80,80,80,80,80,80,80,80,80,80,80,80,80,80,80,80,80],"card_choices":[{"not_picked":["Shrug It Off","Iron Wave"],"picked":"Flame Barrier","floor":1.0},{"not_picked":["Flame Barrier","Perfected Strike"],"picked":"Shockwave","floor":5.0},{"not_picked":["Headbutt","Cleave"],"picked":"Offering","floor":7},{"not_picked":["Intimidate","Sentinel"],"picked":"Shrug It Off","floor":8},{"not_picked":["Havoc","Dark Embrace"],"picked":"Wild Strike","floor":10},{"not_picked":["Sentinel","Thunderclap"],"picked":"Wild Strike","floor":11},{"not_picked":["Bloodletting","Pommel Strike"],"picked":"Body Slam","floor":12},{"not_picked":["Rampage","Iron Wave"],"picked":"Whirlwind","floor":14}],"player_experience":135452,"relics_obtained":[{"floor":7,"key":"Omamori"},{"floor":9,"key":"Art of War"}],"event_choices":[{"cards_removed":["Strike_R"],"damage_healed":0.0,"max_hp_gain":0.0,"max_hp_loss":0.0,"gold_gain":0.0,"event_name":"Living Wall","player_choice":"Forget","floor":3.0,"gold_loss":0.0,"damage_taken":0.0},{"damage_healed":0.0,"max_hp_gain":0.0,"max_hp_loss":0.0,"gold_gain":0.0,"event_name":"Big Fish","player_choice":"Box","floor":4.0,"gold_loss":0.0,"damage_taken":0.0,"relics_obtained":["InkBottle"],"cards_obtained":["Regret"]}],"is_beta":false,"boss_relics":[],"items_purged_floors":[2],"is_endless":false,"potions_floor_spawned":[7,8,12],"killed_by":"Slime Boss","ascension_level":5}}