{"host":"irwdypew7j0recua","time":1611418257,"event":{"mods":["AchievementEnabler","BaseMod","Better Third Choice","Better Vampires","BetterRewards","Conspire","Custom Start","Downfall","Googly Eyes","Hermit","Infinite Spire","KomeijiMod","Marisa????????","Minty Spire (QoL Compilation)","Quick Restart","Rare Cards Sparkle","Reworked Bosses","Shop Mod","Spicy Shops","StSLib","The Construct","The Cursed","The Necromancer","WarShipGirlsR/????R mod"],"gold_per_floor":[109,109,126,155,167,196,215,390,390,390,390],"floor_reached":10,"language":"ENG","playtime":412,"items_purged":[],"score":75,"play_id":"437fd945-5b29-4213-8671-76374af4fa54","local_time":"20210123141057","is_ascension_mode":true,"campfire_choices":[],"circlet_count":0,"master_deck":["hermit:Strike_Hermit","hermit:Strike_Hermit","hermit:Strike_Hermit","hermit:Strike_Hermit","hermit:Defend_Hermit","hermit:Defend_Hermit","hermit:Defend_Hermit","hermit:Defend_Hermit","hermit:Snapshot+1","hermit:Covet","hermit:Glare","Regret","hermit:GoldenBullet","hermit:TrackingShot","hermit:Ricochet","hermit:CalledShot","Doubt"],"relics":["hermit:Momento","Vajra","Frozen Egg 2","conspire:TopHat","Nunchaku"],"acts_visited":["Exordium"],"potions_floor_usage":[7],"damage_taken":[{"damage":1,"enemies":"Cultist","floor":1,"turns":3},{"damage":4,"enemies":"Jaw Worm","floor":3,"turns":2},{"damage":9,"enemies":"conspire:MimicChest","floor":4,"turns":4},{"damage":12,"enemies":"Small Slimes","floor":5,"turns":3},{"damage":31,"enemies":"3 Sentries","floor":6,"turns":8},{"damage":16,"enemies":"Gremlin Gang","floor":7,"turns":3},{"damage":13,"enemies":"Lagavulin","floor":10,"turns":3}],"seed_played":"-5859246085588495287","potions_obtained":[{"floor":4,"key":"Dexterity Potion"},{"floor":6,"key":"conspire:TimeTravelPotion"}],"is_trial":false,"path_per_floor":["M","?","M","?","M","E","M","?","T","E"],"character_chosen":"HERMIT","items_purchased":[],"campfire_rested":0,"item_purchase_floors":[],"current_hp_per_floor":[74,74,70,61,49,18,12,12,12,0,0],"gold":390,"neow_bonus":"UPGRADE_CARD","is_daily":false,"chose_seed":false,"campfire_upgraded":0,"win_rate":0.0,"timestamp":1611418257,"path_taken":["M","?","M","?","?","E","M","?","T","E"],"items_purchased_type":[],"build_version":"2020-12-22","purchased_purges":0,"victory":false,"max_hp_per_floor":[75,75,75,75,75,75,75,75,75,75,75],"card_choices":[{"not_picked":["hermit:TrackingShot","hermit:NoHoldsBarred"],"picked":"hermit:Glare","floor":1},{"not_picked":["hermit:FullyLoaded","hermit:Misfire"],"picked":"hermit:GoldenBullet","floor":3},{"not_picked":["hermit:HoleUp","hermit:Midnight"],"picked":"hermit:TrackingShot","floor":4},{"not_picked":["hermit:Misfire","hermit:Feint"],"picked":"hermit:Ricochet","floor":5},{"not_picked":["hermit:HighCaliber","hermit:Quickdraw"],"picked":"hermit:CalledShot","floor":6},{"not_picked":["hermit:OverwhelmingPower+1","hermit:Horror","hermit:GoldenBullet"],"picked":"SKIP","floor":7}],"player_experience":171939,"relics_obtained":[{"floor":4,"key":"Frozen Egg 2"},{"floor":6,"key":"conspire:TopHat"},{"floor":9,"key":"Nunchaku"}],"event_choices":[{"damage_healed":0,"gold_gain":0,"player_choice":"Box","damage_taken":0,"relics_obtained":["Vajra"],"max_hp_gain":0,"max_hp_loss":0,"event_name":"Big Fish","floor":2,"gold_loss":0,"cards_obtained":["Regret"]},{"damage_healed":0,"gold_gain":175,"player_choice":"AGREE","damage_taken":215,"max_hp_gain":0,"max_hp_loss":0,"event_name":"betterThird:BetterSerpent","floor":8,"gold_loss":0}],"is_beta":false,"boss_relics":[],"items_purged_floors":[],"is_endless":false,"potions_floor_spawned":[4,6],"killed_by":"Lagavulin","ascension_level":2}}