{"host":"5gfra4hjb6stk8c2","time":1611445349,"event":{"mods":["BaseMod","Minty Spire (QoL Compilation)","Quick Restart","SuperFastMode"],"gold_per_floor":[112,112,125,125,50,89,89,102,102,137,137,171,171,194,194,194,194],"floor_reached":16,"language":"ENG","playtime":360,"items_purged":["Defend_P"],"score":193,"play_id":"6f736a15-de2b-494e-86fa-6c86fc4e9e4d","local_time":"20210123204229","is_ascension_mode":true,"campfire_choices":[{"data":"Prostrate","floor":7,"key":"SMITH"},{"data":"Prostrate","floor":13,"key":"SMITH"},{"data":"Eruption","floor":15,"key":"SMITH"}],"circlet_count":0,"master_deck":["Strike_P","Strike_P","Strike_P","Strike_P","Defend_P","Defend_P","Defend_P","Eruption+1","Vigilance","Prostrate+1","Regret","Prostrate+1","Evaluate"],"relics":["PureWater","NeowsBlessing","Du-Vu Doll","Golden Idol","Lizard Tail","Singing Bowl","Matryoshka","Centennial Puzzle","Meat on the Bone","Vajra"],"acts_visited":["Exordium"],"potions_floor_usage":[10,12,12,16],"damage_taken":[{"damage":0,"enemies":"Jaw Worm","floor":1,"turns":1},{"damage":0,"enemies":"2 Louse","floor":3,"turns":1},{"damage":0,"enemies":"Lagavulin","floor":6,"turns":1},{"damage":2,"enemies":"Cultist","floor":8,"turns":3},{"damage":51,"enemies":"Gremlin Nob","floor":10,"turns":5},{"damage":37,"enemies":"3 Sentries","floor":12,"turns":6},{"damage":4,"enemies":"Looter","floor":14,"turns":4},{"damage":37,"enemies":"The Guardian","floor":16,"turns":9}],"seed_played":"-2619760243091613947","potions_obtained":[{"floor":6,"key":"Strength Potion"},{"floor":8,"key":"Swift Potion"},{"floor":10,"key":"SteroidPotion"},{"floor":12,"key":"BlessingOfTheForge"}],"is_trial":false,"path_per_floor":["M","?","M","?","$","E","R","M","T","E","T","E","R","M","R","B"],"character_chosen":"WATCHER","items_purchased":[],"campfire_rested":0,"item_purchase_floors":[],"current_hp_per_floor":[65,65,65,47,47,47,47,45,45,38,38,15,15,25,25,0,0],"gold":194,"neow_bonus":"THREE_ENEMY_KILL","is_daily":false,"chose_seed":false,"campfire_upgraded":3,"win_rate":0.0,"timestamp":1611445349,"path_taken":["M","?","M","?","?","E","R","M","T","E","?","E","R","M","R","BOSS"],"items_purchased_type":[],"build_version":"2020-12-22","purchased_purges":1,"victory":false,"max_hp_per_floor":[72,72,72,72,72,72,72,72,72,74,74,76,76,78,78,78,78],"card_choices":[{"not_picked":["Protect","FlyingSleeves"],"picked":"Prostrate","floor":1},{"not_picked":["ThirdEye","WindmillStrike"],"picked":"Prostrate","floor":3},{"not_picked":["ClearTheMind","MentalFortress","WaveOfTheHand"],"picked":"SKIP","floor":6},{"not_picked":["Wish","ThirdEye"],"picked":"Evaluate","floor":8},{"not_picked":["ReachHeaven","BowlingBash","InnerPeace"],"picked":"Singing Bowl","floor":10},{"not_picked":["CrushJoints","FollowUp","WaveOfTheHand"],"picked":"Singing Bowl","floor":12},{"not_picked":["BowlingBash","CutThroughFate","LikeWater"],"picked":"Singing Bowl","floor":14}],"player_experience":185869,"relics_obtained":[{"floor":6,"key":"Lizard Tail"},{"floor":9,"key":"Singing Bowl"},{"floor":10,"key":"Matryoshka"},{"floor":11,"key":"Centennial Puzzle"},{"floor":11,"key":"Meat on the Bone"},{"floor":12,"key":"Vajra"}],"event_choices":[{"damage_healed":0,"gold_gain":0,"player_choice":"Box","damage_taken":0,"relics_obtained":["Du-Vu Doll"],"max_hp_gain":0,"max_hp_loss":0,"event_name":"Big Fish","floor":2,"gold_loss":0,"cards_obtained":["Regret"]},{"damage_healed":0,"gold_gain":0,"player_choice":"Take Damage","damage_taken":18,"relics_obtained":["Golden Idol"],"max_hp_gain":0,"max_hp_loss":0,"event_name":"Golden Idol","floor":4,"gold_loss":0}],"is_beta":false,"boss_relics":[],"items_purged_floors":[5],"is_endless":false,"potions_floor_spawned":[6,8,10,12],"killed_by":"The Guardian","ascension_level":7}}