{"host":"y76clbnovzmw9ubx","time":1611410902,"event":{"mods":["AchievementEnabler","BaseMod","Minty Spire (QoL Compilation)","Permanent Neow","Relic Stats"],"gold_per_floor":[119,130,55,55,69,95,95,174,174,193,193,193],"floor_reached":11,"language":"ENG","playtime":749,"items_purged":[],"score":146,"play_id":"0812f874-f6ba-4dac-b1c0-9ecc46360302","local_time":"20210123090822","is_ascension_mode":true,"campfire_choices":[{"floor":7,"key":"REST"}],"circlet_count":0,"master_deck":["AscendersBane","Strike_G","Strike_G","Strike_G","Strike_G","Defend_G","Defend_G","Defend_G","Defend_G","Defend_G","Survivor","Neutralize","Die Die Die","Deflect","Skewer","Footwork","Endless Agony","Backflip","Cloak And Dagger+1","Finisher"],"relics":["Ring of the Snake","Prayer Wheel","Lizard Tail","Toxic Egg 2"],"acts_visited":["Exordium"],"potions_floor_usage":[6],"damage_taken":[{"damage":1,"enemies":"Jaw Worm","floor":1,"turns":3},{"damage":0,"enemies":"2 Louse","floor":2,"turns":2},{"damage":0,"enemies":"Small Slimes","floor":5,"turns":2},{"damage":7,"enemies":"3 Sentries","floor":6,"turns":9},{"damage":9,"enemies":"Red Slaver","floor":10,"turns":7},{"damage":59,"enemies":"Lagavulin","floor":11,"turns":15}],"seed_played":"-9128368842279059376","potions_obtained":[{"floor":5,"key":"Poison Potion"}],"is_trial":false,"path_per_floor":["M","M","?","?","M","E","R","?","T","M","E"],"character_chosen":"THE_SILENT","items_purchased":[],"campfire_rested":1,"item_purchase_floors":[],"current_hp_per_floor":[58,58,58,23,23,16,35,35,35,26,1,1],"gold":193,"neow_bonus":"ONE_RANDOM_RARE_CARD","is_daily":false,"chose_seed":false,"campfire_upgraded":0,"win_rate":0.0,"timestamp":1611410902,"path_taken":["M","M","?","?","M","E","R","?","T","M","E"],"items_purchased_type":[],"build_version":"2020-12-22","purchased_purges":0,"victory":false,"max_hp_per_floor":[66,66,66,66,66,66,66,66,66,66,66,66],"relic_stats":{"Lizard Tail":33,"counters":[6,38],"Prayer Wheel":2,"obtain_stats":[{"Lizard Tail":6,"Prayer Wheel":4,"Toxic Egg 2":9,"Ring of the Snake":0},{"Lizard Tail":4,"Prayer Wheel":2,"Toxic Egg 2":4,"Ring of the Snake":0},{"Lizard Tail":16,"Prayer Wheel":5,"Toxic Egg 2":16,"Ring of the Snake":0}],"Ring of the Snake":[13]},"card_choices":[{"not_picked":["Prepared","Tactician"],"picked":"Deflect","floor":1},{"not_picked":["Heel Hook","Predator"],"picked":"Skewer","floor":2},{"not_picked":["Cloak And Dagger","Setup"],"picked":"Footwork","floor":5},{"not_picked":["Finisher","Predator"],"picked":"Endless Agony","floor":5},{"not_picked":["Acrobatics","Flechettes"],"picked":"Backflip","floor":6},{"not_picked":["Predator","Blade Dance+1"],"picked":"Cloak And Dagger+1","floor":10},{"not_picked":["Dagger Spray","Accuracy"],"picked":"Finisher","floor":10}],"player_experience":3109104,"relics_obtained":[{"floor":6,"key":"Lizard Tail"},{"floor":9,"key":"Toxic Egg 2"}],"event_choices":[{"cards_removed":["Strike_G"],"damage_healed":0,"gold_gain":0,"player_choice":"Card Removal","damage_taken":0,"max_hp_gain":0,"max_hp_loss":0,"event_name":"The Cleric","floor":3,"gold_loss":75},{"damage_healed":0,"gold_gain":0,"player_choice":"Success","damage_taken":35,"relics_obtained":["Prayer Wheel"],"max_hp_gain":0,"max_hp_loss":0,"event_name":"Scrap Ooze","floor":4,"gold_loss":0},{"damage_healed":0,"gold_gain":79,"player_choice":"Gained Gold","damage_taken":0,"max_hp_gain":0,"max_hp_loss":0,"event_name":"Golden Wing","floor":8,"gold_loss":0}],"is_beta":false,"boss_relics":[],"items_purged_floors":[],"is_endless":false,"potions_floor_spawned":[5],"killed_by":"Lagavulin","ascension_level":20}}