{"host":"f9ztaq6figs4snwj","time":1611396028,"event":{"mods":["BaseMod","Bestiary","Colored Map","Colored Powertips","Curses Come First","DeckTracker","Minty Spire (QoL Compilation)","Quick Restart","StSLib"],"gold_per_floor":[109,127,144,158,175,175,203,203,203,203,237,255,30,30,30,150,150,174,195,219,219,219,219,258,272,354,398,398,398,398,103,103,223,223,248,268,289,289,358,358,394,394,394,394,150,181,206,222,222,222,222,222,75,113,113,113],"floor_reached":55,"language":"ENG","playtime":2565,"items_purged":["Dark Embrace","Clumsy"],"score":1130,"play_id":"4298fc51-4e11-479b-9b6e-8a68825cbe5f","local_time":"20210123110028","is_ascension_mode":true,"campfire_choices":[{"data":"Armaments","floor":6,"key":"SMITH"},{"floor":8,"key":"REST"},{"floor":15,"key":"REST"},{"data":"Perfected Strike","floor":23,"key":"SMITH"},{"floor":29,"key":"REST"},{"data":"Offering","floor":32,"key":"SMITH"},{"floor":40,"key":"RECALL"},{"data":"Offering","floor":42,"key":"SMITH"},{"data":"Bash","floor":44,"key":"SMITH"},{"data":"Wild Strike","floor":49,"key":"SMITH"},{"floor":52,"key":"REST"}],"circlet_count":0,"master_deck":["Strike_R+1","Strike_R+1","Strike_R+1","Strike_R+1","Strike_R+1","Defend_R+1","Defend_R+1","Defend_R+1","Defend_R+1","Bash+1","Twin Strike+1","Wild Strike+1","Offering+1","Armaments+1","Perfected Strike+1","Perfected Strike+1","Thunderclap+1","Offering+1","Wild Strike+1","Perfected Strike+1","Immolate+1","Evolve+1","Perfected Strike+1","Pommel Strike+1","Twin Strike+1","Pommel Strike+1","Wild Strike+1"],"relics":["Black Blood","Omamori","Molten Egg 2","White Beast Statue","Whetstone","Golden Idol","Philosopher\u0027s Stone","HornCleat","Bottled Lightning","Self Forming Clay","Necronomicon","Orichalcum","FossilizedHelix","Letter Opener","Ice Cream","Kunai","War Paint","Pen Nib","Bronze Scales"],"acts_visited":["Exordium","TheCity","TheBeyond","TheEnding"],"potions_floor_usage":[2,7,16,25,27,27,33,35,39,50,50,55,55],"damage_taken":[{"damage":6,"enemies":"2 Louse","floor":1,"turns":3},{"damage":4,"enemies":"Jaw Worm","floor":2,"turns":5},{"damage":6,"enemies":"Small Slimes","floor":3,"turns":4},{"damage":38,"enemies":"Exordium Thugs","floor":4,"turns":6},{"damage":0,"enemies":"Large Slime","floor":5,"turns":5},{"damage":41,"enemies":"Lagavulin","floor":7,"turns":4},{"damage":6,"enemies":"Gremlin Nob","floor":11,"turns":2},{"damage":6,"enemies":"Looter","floor":12,"turns":2},{"damage":13,"enemies":"Slime Boss","floor":16,"turns":4},{"damage":9,"enemies":"Chosen","floor":18,"turns":3},{"damage":6,"enemies":"Spheric Guardian","floor":19,"turns":2},{"damage":32,"enemies":"Shelled Parasite and Fungi","floor":20,"turns":4},{"damage":31,"enemies":"Book of Stabbing","floor":24,"turns":3},{"damage":15,"enemies":"Chosen and Byrds","floor":25,"turns":3},{"damage":30,"enemies":"Slavers","floor":27,"turns":6},{"damage":25,"enemies":"Automaton","floor":33,"turns":5},{"damage":0,"enemies":"3 Shapes","floor":35,"turns":3},{"damage":4,"enemies":"Orb Walker","floor":36,"turns":2},{"damage":14,"enemies":"Spire Growth","floor":37,"turns":3},{"damage":6,"enemies":"2 Orb Walkers","floor":39,"turns":2},{"damage":0,"enemies":"Reptomancer","floor":41,"turns":3},{"damage":1,"enemies":"Giant Head","floor":46,"turns":4},{"damage":0,"enemies":"Maw","floor":47,"turns":4},{"damage":0,"enemies":"Writhing Mass","floor":48,"turns":1},{"damage":51,"enemies":"Donu and Deca","floor":50,"turns":6},{"damage":13,"enemies":"Shield and Spear","floor":54,"turns":2},{"damage":98,"enemies":"The Heart","floor":55,"turns":5}],"seed_played":"-5439708628896048966","potions_obtained":[{"floor":1,"key":"Fire Potion"},{"floor":2,"key":"DistilledChaos"},{"floor":11,"key":"Energy Potion"},{"floor":12,"key":"Strength Potion"},{"floor":16,"key":"FairyPotion"},{"floor":18,"key":"Swift Potion"},{"floor":25,"key":"EssenceOfSteel"},{"floor":27,"key":"SkillPotion"},{"floor":33,"key":"Swift Potion"},{"floor":35,"key":"Swift Potion"},{"floor":36,"key":"SmokeBomb"},{"floor":37,"key":"SkillPotion"},{"floor":39,"key":"ColorlessPotion"},{"floor":41,"key":"HeartOfIron"},{"floor":47,"key":"Strength Potion"},{"floor":48,"key":"Energy Potion"},{"floor":54,"key":"AttackPotion"}],"is_trial":false,"path_per_floor":["M","M","M","M","M","R","E","R","T","?","E","M","$","?","R","B",null,"M","M","M","?","T","R","E","M","T","E","?","R","?","$","R","B",null,"M","M","M","?","?","R","E","R","T","R","$","E","M","M","R","B",null,"R","$","E","B"],"character_chosen":"IRONCLAD","items_purchased":["Whetstone","Orichalcum","Energy Potion","Kunai","Pen Nib"],"campfire_rested":4,"item_purchase_floors":[13,31,31,45,53],"current_hp_per_floor":[88,90,90,58,64,64,29,57,57,57,57,57,57,33,61,54,86,83,83,57,57,57,57,32,23,23,34,18,46,46,46,46,27,79,91,96,94,94,96,96,96,96,96,96,96,96,96,96,96,57,86,96,96,95,0,0],"gold":113,"neow_bonus":"TWENTY_PERCENT_HP_BONUS","is_daily":false,"chose_seed":false,"campfire_upgraded":6,"win_rate":0.0,"timestamp":1611396028,"path_taken":["M","M","M","M","M","R","E","R","T","?","E","M","$","?","R","BOSS","M","M","M","?","?","R","E","M","T","E","?","R","?","$","R","BOSS","M","M","M","?","?","R","E","R","T","R","$","E","M","M","R","BOSS","R","$","E","BOSS"],"items_purchased_type":["Relic","Relic","Potion","Relic","Relic"],"build_version":"2020-12-22","purchased_purges":2,"victory":false,"max_hp_per_floor":[96,96,96,96,96,96,96,96,96,96,96,96,96,96,96,96,96,96,96,96,96,96,96,96,96,96,96,96,96,96,96,96,96,96,96,96,96,96,96,96,96,96,96,96,96,96,96,96,96,96,96,96,96,96,96,96],"card_choices":[{"not_picked":["Havoc","Ghostly Armor"],"picked":"Whirlwind","floor":1},{"not_picked":["Feel No Pain","Heavy Blade"],"picked":"Twin Strike","floor":2},{"not_picked":["Clothesline","Flex"],"picked":"Wild Strike","floor":3},{"not_picked":["Flex","Iron Wave"],"picked":"Offering","floor":4},{"not_picked":["Anger","Heavy Blade"],"picked":"Armaments","floor":5},{"not_picked":["Clothesline","Havoc"],"picked":"Perfected Strike","floor":7},{"not_picked":["Cleave+1","Battle Trance"],"picked":"Perfected Strike+1","floor":11},{"not_picked":["Spot Weakness","Clash+1"],"picked":"Thunderclap+1","floor":12},{"not_picked":["Demon Form","Berserk"],"picked":"Offering","floor":16},{"not_picked":["Havoc","Iron Wave+1"],"picked":"Wild Strike+1","floor":18},{"not_picked":["Headbutt+1","Body Slam+1","Feel No Pain"],"picked":"SKIP","floor":19},{"not_picked":["Body Slam+1","Havoc","Dual Wield"],"picked":"SKIP","floor":20},{"not_picked":["Dual Wield","Clothesline+1","Combust"],"picked":"SKIP","floor":24},{"not_picked":["Iron Wave+1","Disarm","Dual Wield"],"picked":"SKIP","floor":25},{"not_picked":["Disarm","True Grit","Thunderclap+1"],"picked":"SKIP","floor":27},{"not_picked":["Limit Break","Brutality"],"picked":"Immolate+1","floor":33},{"not_picked":["Rampage+1","Sever Soul+1"],"picked":"Evolve+1","floor":35},{"not_picked":["Clash+1","Reckless Charge+1","Flex"],"picked":"SKIP","floor":36},{"not_picked":["Headbutt+1","Rupture"],"picked":"Perfected Strike+1","floor":37},{"not_picked":["Warcry+1","Reckless Charge+1"],"picked":"Pommel Strike+1","floor":39},{"not_picked":["Blood for Blood+1","Sword Boomerang+1","Warcry"],"picked":"SKIP","floor":41},{"not_picked":["Dropkick+1","Hemokinesis+1"],"picked":"Twin Strike+1","floor":46},{"not_picked":["Anger+1","Sword Boomerang+1"],"picked":"Pommel Strike+1","floor":47},{"not_picked":["Bloodletting","Iron Wave+1","Sword Boomerang+1"],"picked":"SKIP","floor":48},{"not_picked":["Disarm+1","Iron Wave+1"],"picked":"Wild Strike+1","floor":54}],"player_experience":386474,"relics_obtained":[{"floor":7,"key":"Omamori"},{"floor":9,"key":"Molten Egg 2"},{"floor":11,"key":"White Beast Statue"},{"floor":24,"key":"HornCleat"},{"floor":26,"key":"Bottled Lightning"},{"floor":27,"key":"Self Forming Clay"},{"floor":28,"key":"Necronomicon"},{"floor":39,"key":"FossilizedHelix"},{"floor":41,"key":"Letter Opener"},{"floor":43,"key":"Ice Cream"},{"floor":46,"key":"War Paint"},{"floor":54,"key":"Bronze Scales"}],"event_choices":[{"damage_healed":0,"gold_gain":0,"cards_transformed":["Whirlwind"],"player_choice":"Change","damage_taken":0,"max_hp_gain":0,"max_hp_loss":0,"event_name":"Living Wall","floor":10,"gold_loss":0,"cards_obtained":["Dark Embrace"]},{"damage_healed":0,"gold_gain":0,"player_choice":"Take Damage","damage_taken":24,"relics_obtained":["Golden Idol"],"max_hp_gain":0,"max_hp_loss":0,"event_name":"Golden Idol","floor":14,"gold_loss":0},{"damage_healed":0,"gold_gain":0,"player_choice":"Read","damage_taken":0,"max_hp_gain":0,"max_hp_loss":0,"event_name":"The Library","floor":21,"gold_loss":0,"cards_obtained":["Perfected Strike"]},{"damage_healed":0,"gold_gain":0,"player_choice":"Obtained Book","damage_taken":16,"max_hp_gain":0,"max_hp_loss":0,"event_name":"Cursed Tome","floor":28,"gold_loss":0},{"damage_healed":0,"gold_gain":0,"player_choice":"Simplicity","damage_taken":0,"max_hp_gain":0,"max_hp_loss":0,"event_name":"Back to Basics","floor":30,"gold_loss":0,"cards_upgraded":["Strike_R","Strike_R","Strike_R","Strike_R","Defend_R","Defend_R","Defend_R","Defend_R"]},{"damage_healed":0,"gold_gain":0,"player_choice":"Memory 1","damage_taken":0,"max_hp_gain":0,"max_hp_loss":0,"event_name":"SensoryStone","floor":38,"gold_loss":0},{"damage_healed":0,"gold_gain":0,"player_choice":"Fight","damage_taken":0,"max_hp_gain":0,"max_hp_loss":0,"event_name":"Mysterious Sphere","floor":39,"gold_loss":0}],"is_beta":false,"boss_relics":[{"not_picked":["Pandora\u0027s Box","Ectoplasm"],"picked":"Philosopher\u0027s Stone"},{"not_picked":["Black Star","Mark of Pain"],"picked":"Black Blood"}],"items_purged_floors":[13,31],"is_endless":false,"potions_floor_spawned":[1,2,11,12,16,18,19,20,24,25,27,33,35,36,37,39,41,46,47,48,54],"killed_by":"The Heart","ascension_level":7}}