{"host":"kabf61oc9jgfwufg","time":1611417132,"event":{"mods":["AchievementEnabler","Aspiration","BaseMod","Conspire","Defuse TimeMaze Blight","Energized Spire","GifTheSpireLib","Halation","HexUI Lib","Hubris","Hyrulean Relics","Infinite Spire","Melee Mod","Minty Spire (QoL Compilation)","Poor People Problems","Quick Restart","Rare Cards Sparkle","Replay The Spire","Shop Mod","Small Relic Pack","StSLib","Transform Curses"],"gold_per_floor":[115,115,115,65,165,195,195,214,214,242,262,277,49,49,49],"floor_reached":14,"language":"ENG","playtime":234,"items_purged":["Defend_R"],"score":129,"play_id":"be80e3cc-2c7a-4f08-ad29-540dd9856dfa","local_time":"20210123155212","is_ascension_mode":true,"campfire_choices":[{"data":"Rampage","floor":7,"key":"SMITH"}],"circlet_count":0,"master_deck":["Strike_R","Strike_R","Strike_R","Strike_R","Defend_R","Defend_R","Defend_R","Bash","Rampage+1","Dropkick","ReplayTheSpireMod:Faulty Equipment"],"relics":["Burning Blood","NeowsBlessing","hubris:Towel","Blue Candle","aspiration:Lifesprig","Tiny Chest","ReplayTheSpireMod:CursedCoin","MerchantsRug","Replay:Baseball"],"acts_visited":["Exordium"],"potions_floor_usage":[10],"damage_taken":[{"damage":0,"enemies":"Jaw Worm","floor":1,"turns":1},{"damage":0,"enemies":"Lagavulin","floor":6,"turns":1},{"damage":0,"enemies":"Small Slimes","floor":8,"turns":1},{"damage":25,"enemies":"Gremlin Nob","floor":10,"turns":4},{"damage":6,"enemies":"Cultist","floor":11,"turns":3},{"damage":27,"enemies":"Gremlin Gang","floor":12,"turns":5},{"damage":35,"enemies":"3 Sentries","floor":14,"turns":6}],"seed_played":"4996334619917671373","potions_obtained":[{"floor":1,"key":"LiquidBronze"}],"is_trial":false,"path_per_floor":["M","?","?","?","?","E","R","M","T","E","M","M","$","E"],"character_chosen":"IRONCLAD","items_purchased":["ReplayTheSpireMod:CursedCoin","MerchantsRug","Replay:Baseball"],"campfire_rested":0,"item_purchase_floors":[13,13,13],"current_hp_per_floor":[80,80,80,80,80,80,80,80,80,61,61,40,40,5,5],"gold":49,"neow_bonus":"THREE_ENEMY_KILL","is_daily":false,"chose_seed":false,"campfire_upgraded":1,"win_rate":0.0,"timestamp":1611417132,"path_taken":["M","?","?","?","?","E","R","M","T","E","?","M","$","E"],"items_purchased_type":["Relic","Relic","Relic"],"build_version":"2020-12-22","purchased_purges":1,"victory":false,"max_hp_per_floor":[80,80,80,80,80,80,80,80,80,80,80,80,80,80,80],"card_choices":[{"not_picked":["Wild Strike","conspire:Charge"],"picked":"Rampage","floor":1},{"not_picked":["Iron Wave","Offering","Shrug It Off"],"picked":"SKIP","floor":6},{"not_picked":["Seeing Red","Thunderclap"],"picked":"Dropkick","floor":8},{"not_picked":["Warcry","hubris:ReadiedAction","Spot Weakness"],"picked":"SKIP","floor":10},{"not_picked":["Havoc","Battle Trance","Anger"],"picked":"SKIP","floor":11},{"not_picked":["Sword Boomerang","Perfected Strike","Flame Barrier"],"picked":"SKIP","floor":12}],"player_experience":179374,"relics_obtained":[{"floor":6,"key":"Blue Candle"},{"floor":9,"key":"aspiration:Lifesprig"},{"floor":10,"key":"Tiny Chest"}],"event_choices":[{"cards_removed":["Strike_R"],"damage_healed":0,"gold_gain":0,"player_choice":"Card Removal","damage_taken":0,"max_hp_gain":0,"max_hp_loss":0,"event_name":"The Cleric","floor":4,"gold_loss":50},{"damage_healed":0,"gold_gain":100,"player_choice":"Pray","damage_taken":0,"max_hp_gain":0,"max_hp_loss":0,"event_name":"Golden Shrine","floor":5,"gold_loss":0}],"is_beta":false,"boss_relics":[],"items_purged_floors":[13],"is_endless":false,"potions_floor_spawned":[1,6],"killed_by":"3 Sentries","ascension_level":1}}