{"host":"qekv59dthhdg54sz","time":1611378490,"event":{"mods":["AchievementEnabler","BaseMod","Colored Map","DeckTracker","KOR Keyword Fix","Minty Spire (QoL Compilation)","Rare Cards Sparkle","StSLib","SuperFastMode"],"gold_per_floor":[118,118,118,76,76,76,119,119,144,144,167,167,167,188,188,281,281,234,255,255,255],"floor_reached":20,"language":"KOR","playtime":331,"items_purged":[],"score":340,"play_id":"1672ac4b-6d02-4476-b5a8-4c5f4cf5e74e","local_time":"20210123140810","is_ascension_mode":true,"campfire_choices":[{"data":"Panache","floor":6.0,"key":"SMITH"},{"data":"Noxious Fumes","floor":8,"key":"SMITH"},{"data":"Neutralize","floor":10,"key":"SMITH"},{"floor":12,"key":"REST"},{"floor":15,"key":"REST"}],"circlet_count":0,"master_deck":["AscendersBane","Strike_G","Strike_G","Strike_G","Strike_G","Strike_G","Defend_G","Defend_G+1","Defend_G","Defend_G","Defend_G","Survivor","Neutralize+1","Panache+1","Noxious Fumes+1","Masterful Stab","Flying Knee","After Image+1","Venomology"],"relics":["Ring of the Snake","Golden Idol","Vajra","Ancient Tea Set"],"acts_visited":["Exordium","TheCity"],"potions_floor_usage":[7,16,18],"damage_taken":[{"damage":0.0,"enemies":"2 Louse","floor":1.0,"turns":3.0},{"damage":29,"enemies":"Lagavulin","floor":7,"turns":7},{"damage":0,"enemies":"Small Slimes","floor":11,"turns":2},{"damage":0,"enemies":"Jaw Worm","floor":14,"turns":3},{"damage":11,"enemies":"The Guardian","floor":16,"turns":12},{"damage":18,"enemies":"2 Thieves","floor":18,"turns":5},{"damage":20,"enemies":"Shell Parasite","floor":19,"turns":9}],"seed_played":"-1624285882430890430","potions_obtained":[{"floor":1.0,"key":"Poison Potion"},{"floor":11,"key":"LiquidMemories"},{"floor":16,"key":"GhostInAJar"}],"is_trial":false,"path_per_floor":["M","?","?","$","?","R","E","R","T","R","M","R","?","M","R","B",null,"M","M","?"],"character_chosen":"THE_SILENT","items_purchased":["Masterful Stab"],"campfire_rested":2,"item_purchase_floors":[4],"current_hp_per_floor":[59,52,52,52,52,52,23,23,23,23,23,41,23,23,41,30,53,35,15,0,0],"gold":255,"neow_bonus":"RANDOM_COLORLESS_2","is_daily":false,"chose_seed":false,"campfire_upgraded":3,"win_rate":0.0,"timestamp":1611378490,"path_taken":["M","?","?","$","?","R","E","R","T","R","M","R","?","M","R","BOSS","M","M","?"],"items_purchased_type":["Card"],"build_version":"2020-12-22","purchased_purges":0,"victory":false,"max_hp_per_floor":[66,66,60,60,60,60,60,60,60,60,60,60,60,60,60,60,60,60,60,65,65],"card_choices":[{"not_picked":["Master of Strategy","Secret Technique"],"picked":"Panache","floor":0.0},{"not_picked":["Setup","Deadly Poison"],"picked":"Noxious Fumes","floor":1.0},{"not_picked":["Heel Hook","Quick Slash"],"picked":"Flying Knee","floor":7},{"not_picked":["Heel Hook","All Out Attack"],"picked":"After Image","floor":11},{"not_picked":["Dagger Throw","Dodge and Roll","Deflect"],"picked":"SKIP","floor":14},{"not_picked":["Bullet Time","Doppelganger"],"picked":"Venomology","floor":16},{"not_picked":["Crippling Poison","Quick Slash","Slice"],"picked":"SKIP","floor":18},{"not_picked":["Masterful Stab","Deflect","Flying Knee"],"picked":"SKIP","floor":19}],"player_experience":811984,"relics_obtained":[{"floor":7,"key":"Vajra"},{"floor":9,"key":"Ancient Tea Set"}],"event_choices":[{"cards_removed":["Shame"],"damage_healed":0.0,"max_hp_gain":0.0,"max_hp_loss":0.0,"gold_gain":0.0,"event_name":"Golden Wing","player_choice":"Card Removal","floor":2.0,"gold_loss":0.0,"damage_taken":7.0},{"damage_healed":0.0,"max_hp_gain":0.0,"max_hp_loss":6.0,"gold_gain":0.0,"event_name":"Golden Idol","player_choice":"Lose Max HP","floor":3.0,"gold_loss":0.0,"damage_taken":0.0,"relics_obtained":["Golden Idol"]},{"damage_healed":0.0,"max_hp_gain":0.0,"max_hp_loss":0.0,"gold_gain":0.0,"event_name":"Liars Game","player_choice":"Ignored","floor":5.0,"gold_loss":0.0,"damage_taken":0.0},{"damage_healed":0,"gold_gain":0,"player_choice":"Entered Light","damage_taken":18,"max_hp_gain":0,"max_hp_loss":0,"event_name":"Shining Light","floor":13,"gold_loss":0,"cards_upgraded":["After Image","Defend_G"]}],"is_beta":false,"boss_relics":[{"not_picked":["Coffee Dripper","Sozu","Snecko Eye"]}],"items_purged_floors":[],"is_endless":false,"potions_floor_spawned":[1,11,16],"ascension_level":20}}