{"host":"08t08ld674si40tv","time":1611366809,"event":{"mods":["AchievementEnabler","BaseMod","Colored Map","Minty Spire (QoL Compilation)","StSLib","SuperFastMode"],"gold_per_floor":[110,110,110,134,59,92,92,117,142,163,182,202,202,19,19,115,115,133,317,192,207,207,207],"floor_reached":22,"language":"KOR","playtime":485,"items_purged":["Strike_G","Strike_G","Strike_G+1"],"score":422,"play_id":"f1268ca0-9b81-4ac6-b952-439fed743860","local_time":"20210123105329","is_ascension_mode":true,"campfire_choices":[{"data":"Footwork","floor":7.0,"key":"SMITH"},{"data":"Deadly Poison","floor":13.0,"key":"SMITH"},{"data":"Noxious Fumes","floor":15.0,"key":"SMITH"}],"circlet_count":0,"master_deck":["AscendersBane","Defend_G","Defend_G","Defend_G","Defend_G","Survivor","Neutralize+1","Reflex","Backstab","Footwork+1","Prepared","PiercingWail","Deadly Poison+1","Noxious Fumes+1","After Image","Grand Finale+1","Endless Agony+1","Bullet Time+1"],"relics":["Ring of the Snake","NeowsBlessing","Golden Idol","Omamori","Boot","Astrolabe","Old Coin"],"acts_visited":["Exordium","TheCity"],"potions_floor_usage":[22],"damage_taken":[{"damage":0.0,"enemies":"Jaw Worm","floor":1.0,"turns":1.0},{"damage":0.0,"enemies":"2 Louse","floor":4.0,"turns":1.0},{"damage":0.0,"enemies":"Lagavulin","floor":6.0,"turns":1.0},{"damage":0.0,"enemies":"Cultist","floor":8.0,"turns":4.0},{"damage":3.0,"enemies":"Looter","floor":10.0,"turns":3.0},{"damage":11.0,"enemies":"Gremlin Gang","floor":11.0,"turns":5.0},{"damage":2.0,"enemies":"Blue Slaver","floor":12.0,"turns":4.0},{"damage":13.0,"enemies":"Hexaghost","floor":16.0,"turns":11.0},{"damage":0.0,"enemies":"3 Byrds","floor":18.0,"turns":4.0},{"damage":7.0,"enemies":"Spheric Guardian","floor":21.0,"turns":4.0},{"damage":15,"enemies":"Chosen and Byrds","floor":22,"turns":7}],"seed_played":"5054948292106680949","potions_obtained":[{"floor":1.0,"key":"EssenceOfSteel"},{"floor":8.0,"key":"LiquidBronze"},{"floor":11.0,"key":"GhostInAJar"},{"floor":18.0,"key":"BlessingOfTheForge"}],"is_trial":false,"path_per_floor":["M","?","?","M","$","E","R","M","T","M","M","M","R","$","R","B",null,"M","?","$","M","M"],"character_chosen":"THE_SILENT","items_purchased":["Noxious Fumes"],"campfire_rested":0,"item_purchase_floors":[14],"current_hp_per_floor":[59,39,39,39,39,39,39,39,39,36,25,23,23,23,23,10,48,48,48,48,41,26,26],"gold":207,"neow_bonus":"THREE_ENEMY_KILL","is_daily":false,"chose_seed":false,"campfire_upgraded":3,"win_rate":0.0,"timestamp":1611366809,"path_taken":["M","?","?","M","$","E","R","M","T","M","M","?","R","?","R","BOSS","M","?","$","M","?"],"items_purchased_type":["Card"],"build_version":"2020-12-22","purchased_purges":3,"victory":false,"max_hp_per_floor":[66,66,60,60,60,60,60,60,60,60,60,60,60,60,60,60,60,60,60,60,60,60,60],"card_choices":[{"not_picked":["Eviscerate","Crippling Poison"],"picked":"Reflex","floor":1.0},{"not_picked":["Quick Slash","Slice"],"picked":"Backstab","floor":4.0},{"not_picked":["Skewer","Outmaneuver"],"picked":"Footwork","floor":6.0},{"not_picked":["Sucker Punch","Setup"],"picked":"Prepared","floor":8.0},{"not_picked":["Dodge and Roll","Flechettes"],"picked":"PiercingWail","floor":10.0},{"not_picked":["Caltrops","Escape Plan"],"picked":"Deadly Poison","floor":11.0},{"not_picked":["Blade Dance","Outmaneuver","Bane"],"picked":"SKIP","floor":12.0},{"not_picked":["Doppelganger","Corpse Explosion"],"picked":"After Image","floor":16.0},{"not_picked":["Sucker Punch","Prepared","Underhanded Strike+1"],"picked":"SKIP","floor":18.0},{"not_picked":["Skewer","Sucker Punch","Endless Agony"],"picked":"SKIP","floor":21.0}],"player_experience":250735,"relics_obtained":[{"floor":6.0,"key":"Omamori"},{"floor":9.0,"key":"Boot"}],"event_choices":[{"damage_healed":0.0,"max_hp_gain":0.0,"max_hp_loss":0.0,"gold_gain":0.0,"event_name":"Shining Light","player_choice":"Entered Light","floor":2.0,"gold_loss":0.0,"damage_taken":20.0,"cards_upgraded":["Strike_G","Neutralize"]},{"damage_healed":0.0,"max_hp_gain":0.0,"max_hp_loss":6.0,"gold_gain":0.0,"event_name":"Golden Idol","player_choice":"Lose Max HP","floor":3.0,"gold_loss":0.0,"damage_taken":0.0,"relics_obtained":["Golden Idol"]},{"damage_healed":0.0,"max_hp_gain":0.0,"max_hp_loss":0.0,"gold_gain":0.0,"event_name":"WeMeetAgain","player_choice":"Paid Gold","floor":19.0,"gold_loss":116.0,"damage_taken":0.0,"relics_obtained":["Old Coin"]}],"is_beta":false,"boss_relics":[{"not_picked":["SacredBark","Ectoplasm"],"picked":"Astrolabe"}],"items_purged_floors":[5,14,20],"is_endless":false,"potions_floor_spawned":[1,8,11,12,18],"killed_by":"Chosen and Byrds","ascension_level":20}}