{"host":"jmumkimrafwvkspb","time":1611419308,"event":{"mods":["AchievementEnabler","BaseMod","Colored Map","Minty Spire (QoL Compilation)","Replay The Spire","StSLib"],"gold_per_floor":[112,112,131,131,141,141,172,6,29,29,44,75,97,22,22,34,34],"floor_reached":16,"language":"ENG","playtime":789,"items_purged":[],"score":220,"play_id":"645d1dc6-de6f-490e-a34d-12ddab5269aa","local_time":"20210123172828","is_ascension_mode":true,"campfire_choices":[{"data":"Midas Touch","floor":6,"key":"SMITH"},{"data":"Wraith Form v2","floor":10,"key":"SMITH"},{"floor":15,"key":"REST"}],"circlet_count":0,"master_deck":["AscendersBane","Strike_G","Strike_G","Strike_G","Strike_G","Strike_G","Defend_G","Defend_G","Defend_G","Defend_G","Defend_G","Survivor","Neutralize","Strike_G","Midas Touch+1","Toxin Wave","Poisoned Stab","Night Terror","Predator","Wraith Form v2+1","Well Laid Plans","Eviscerate","Dagger Spray","Bouncing Flask"],"relics":["Ring of the Snake","Lantern","TwistedFunnel","Replay:Bandana"],"acts_visited":["Exordium"],"potions_floor_usage":[7,13,16],"damage_taken":[{"damage":0,"enemies":"Cultist","floor":1,"turns":3},{"damage":8,"enemies":"2 Louse","floor":3,"turns":5},{"damage":14,"enemies":"Jaw Worm","floor":5,"turns":4},{"damage":24,"enemies":"3 Sentries","floor":7,"turns":7},{"damage":0,"enemies":"Lots of Slimes","floor":11,"turns":2},{"damage":16,"enemies":"Replay:BlueRogue","floor":12,"turns":6},{"damage":0,"enemies":"Blue Slaver","floor":13,"turns":2},{"damage":27,"enemies":"Fading Forest","floor":16,"turns":10}],"seed_played":"6456102004192813412","potions_obtained":[{"floor":5,"key":"DistilledChaos"},{"floor":7,"key":"Weak Potion"},{"floor":12,"key":"GhostInAJar"}],"is_trial":false,"path_per_floor":["M","?","M","?","M","R","E","$","T","R","M","E","M","$","R","B"],"character_chosen":"THE_SILENT","items_purchased":["TwistedFunnel","Bouncing Flask"],"campfire_rested":1,"item_purchase_floors":[8,14],"current_hp_per_floor":[59,64,56,56,42,42,18,18,18,18,18,2,2,2,23,0,0],"gold":34,"neow_bonus":"RANDOM_COLORLESS_2","is_daily":false,"chose_seed":false,"campfire_upgraded":2,"win_rate":0.0,"timestamp":1611419308,"path_taken":["M","?","M","?","?","R","E","?","T","R","M","E","M","$","R","BOSS"],"items_purchased_type":["Relic","Card"],"build_version":"2020-12-22","purchased_purges":0,"victory":false,"max_hp_per_floor":[66,71,71,71,71,71,71,71,71,71,71,71,71,71,71,71,71],"card_choices":[{"not_picked":["ReplayTheSpireMod:Brewmster","Chrysalis"],"picked":"Midas Touch","floor":0},{"not_picked":["Deadly Poison","ReplayTheSpireMod:Shiv Toss"],"picked":"Toxin Wave","floor":1},{"not_picked":["Dagger Throw","Slice"],"picked":"Poisoned Stab","floor":3},{"not_picked":["Hidden Blade","Sucker Punch"],"picked":"Predator","floor":5},{"not_picked":["Dagger Spray","Distraction"],"picked":"Wraith Form v2","floor":7},{"not_picked":["Skewer","Underhanded Strike"],"picked":"Well Laid Plans","floor":11},{"not_picked":["Choke","Sucker Punch"],"picked":"Eviscerate","floor":12},{"not_picked":["Slice","Deadly Poison"],"picked":"Dagger Spray","floor":13}],"player_experience":1586985,"relics_obtained":[{"floor":7,"key":"Lantern"},{"floor":12,"key":"Replay:Bandana"}],"event_choices":[{"damage_healed":0,"gold_gain":0,"player_choice":"Donut","damage_taken":0,"max_hp_gain":5,"max_hp_loss":0,"event_name":"Big Fish","floor":2,"gold_loss":0},{"damage_healed":0,"gold_gain":0,"cards_transformed":["Defend_P"],"player_choice":"Transformed","damage_taken":0,"max_hp_gain":0,"max_hp_loss":0,"event_name":"Transmorgrifier","floor":4,"gold_loss":0,"cards_obtained":["Night Terror"]}],"is_beta":false,"boss_relics":[],"items_purged_floors":[],"is_endless":false,"potions_floor_spawned":[5,7,12],"killed_by":"Fading Forest","ascension_level":20}}