{"host":"bf9sa99gaumonoeu","time":1611436349,"event":{"mods":["AchievementEnabler","Act Like it!","Aspiration","BaseMod","Bestiary","Block Reminder","Colored Map","Colored Powertips","Friendly Minions","Gensokyo","GifTheSpireLib","Googly Eyes","Hallownest","Hermit","Highlight Path","Jorbs\u0027s Wanderer Trilogy","KinomotoSakuraMod(????)","Koishi","Marisa????????","Minty Spire (QoL Compilation)","Rare Cards Sparkle","Relic Stats","Spire Arcade","StSLib","The Administrix","The Animator","The Bug Knight","The Construct","The Cursed","The Hierophant","The Mystic","The Necromancer","The Poker Player","The Runesmith","The Senshi","The Servant 0.9.4","ojb\u0027s Info Mod"],"gold_per_floor":[111,261,44,59,24,54,54,81,108,122,140,38,65,81,81,154,154,166,166,91,366,384,398,427,447,447,447,466,508,532,532,532,618,618,640,697,718,322,322,347,368,377,386,415,445,474,506,532,532,532,532,532,532,169,205,205,205],"floor_reached":56,"language":"ENG","playtime":6941,"items_purged":["Defend_G","Clumsy"],"score":2273,"play_id":"00ca5eb7-ea79-460f-8f9b-63a0aad20fb2","local_time":"20210123191229","is_ascension_mode":true,"campfire_choices":[{"data":"Apotheosis","floor":7.0,"key":"SMITH"},{"floor":15.0,"key":"REST"},{"floor":27.0,"key":"REST"},{"floor":32.0,"key":"REST"},{"floor":49,"key":"RECALL"},{"data":"Calculated Gamble","floor":53,"key":"SMITH"}],"circlet_count":0,"master_deck":["AscendersBane","Defend_G","Defend_G","Defend_G","Survivor","Neutralize","Burst","Tactician","Predator","Apotheosis+1","Cloak And Dagger","Corpse Explosion","Backflip","Dagger Throw","Deadly Poison","Well Laid Plans","Accuracy","Bite","Bite","Bite","Bite","Bite","Blade Dance","Malaise","Prepared","Acrobatics","Tools of the Trade","Prepared","Terror","Acrobatics","Skewer","Reflex","Panacea","PiercingWail+1","Prepared+1","Calculated Gamble+1","Accuracy","PiercingWail","Reflex","PiercingWail"],"relics":["Ring of the Snake","Singing Bowl","Ice Cream","aspiration:ChemicalBlood","Nunchaku","Cursed Key","CeramicFish","The Specimen","construct:WeddingRing","Incense Burner","Membership Card","Ginger","Gambling Chip","HollowMod:PaleOreRelic","Letter Opener","Bronze Scales","Frozen Eye","Runesmith:AutoHammer","White Beast Statue"],"acts_visited":["Exordium","TheCity","TheBeyond","TheEnding"],"potions_floor_usage":[48,50,51,51,55,55,55,55,56,56],"damage_taken":[{"damage":11.0,"enemies":"Small Slimes","floor":1.0,"turns":6.0},{"damage":1.0,"enemies":"Jaw Worm","floor":4.0,"turns":4.0},{"damage":22.0,"enemies":"Lagavulin","floor":6.0,"turns":9.0},{"damage":29.0,"enemies":"Gremlin Nob","floor":8.0,"turns":4.0},{"damage":0.0,"enemies":"Cultist","floor":10.0,"turns":4.0},{"damage":0.0,"enemies":"2 Fungi Beasts","floor":11.0,"turns":2.0},{"damage":9.0,"enemies":"3 Sentries","floor":13.0,"turns":9.0},{"damage":0.0,"enemies":"3 Louse","floor":14.0,"turns":2.0},{"damage":4.0,"enemies":"The Guardian","floor":16.0,"turns":8.0},{"damage":0.0,"enemies":"Chosen","floor":18.0,"turns":5.0},{"damage":23.0,"enemies":"Spheric Guardian","floor":22.0,"turns":6.0},{"damage":10.0,"enemies":"Snake Plant","floor":23.0,"turns":5.0},{"damage":22.0,"enemies":"Slavers","floor":24.0,"turns":5.0},{"damage":20.0,"enemies":"Cultist and Chosen","floor":25.0,"turns":4.0},{"damage":0.0,"enemies":"Centurion and Healer","floor":28.0,"turns":2.0},{"damage":35.0,"enemies":"Book of Stabbing","floor":29.0,"turns":6.0},{"damage":34.0,"enemies":"Sentry and Sphere","floor":30.0,"turns":4.0},{"damage":0.0,"enemies":"Champ","floor":33.0,"turns":12.0},{"damage":4.0,"enemies":"3 Shapes","floor":35.0,"turns":6.0},{"damage":23.0,"enemies":"2 Orb Walkers","floor":36.0,"turns":3.0},{"damage":11.0,"enemies":"Orb Walker","floor":37.0,"turns":3.0},{"damage":47.0,"enemies":"Giant Head","floor":40.0,"turns":7.0},{"damage":14.0,"enemies":"Jaw Worm Horde","floor":41.0,"turns":5.0},{"damage":19.0,"enemies":"Spire Growth","floor":44.0,"turns":5.0},{"damage":0,"enemies":"Nemesis","floor":45,"turns":7},{"damage":0,"enemies":"Transient","floor":46,"turns":6},{"damage":14,"enemies":"Reptomancer","floor":47,"turns":5},{"damage":8,"enemies":"Maw","floor":48,"turns":5},{"damage":25,"enemies":"Awakened One","floor":50,"turns":14},{"damage":22,"enemies":"Donu and Deca","floor":51,"turns":6},{"damage":66,"enemies":"Shield and Spear","floor":55,"turns":9},{"damage":31,"enemies":"The Heart","floor":56,"turns":2}],"seed_played":"-2742691718391851306","potions_obtained":[{"floor":4.0,"key":"EntropicBrew"},{"floor":6.0,"key":"EntropicBrew"},{"floor":11.0,"key":"Dexterity Potion"},{"floor":14.0,"key":"Fire Potion"},{"floor":16.0,"key":"Dexterity Potion"},{"floor":22.0,"key":"CultistPotion"},{"floor":22.0,"key":"Swift Potion"},{"floor":22.0,"key":"DistilledChaos"},{"floor":23.0,"key":"AttackPotion"},{"floor":23.0,"key":"SpeedPotion"},{"floor":29.0,"key":"CunningPotion"},{"floor":29.0,"key":"FairyPotion"},{"floor":30.0,"key":"Ancient Potion"},{"floor":40.0,"key":"Regen Potion"},{"floor":41.0,"key":"FearPotion"},{"floor":46,"key":"SteroidPotion"},{"floor":47,"key":"EntropicBrew"},{"floor":47,"key":"Strength Potion"},{"floor":48,"key":"EntropicBrew"},{"floor":50,"key":"SkillPotion"},{"floor":51,"key":"Block Potion"},{"floor":55,"key":"SkillPotion"},{"floor":55,"key":"BlessingOfTheForge"}],"is_trial":false,"path_per_floor":["M","?","$","M","?","E","R","E","T","M","M","$","E","M","R","B",null,"M","?","?","?","M","M","E","M","T","R","M","E","M","?","R","B",null,"M","?","M","$","?","E","M","?","T","M","E","M","E","M","R","B","B",null,"R","$","E","B"],"character_chosen":"THE_SILENT","items_purchased":["Apotheosis","Deadly Poison","Well Laid Plans","Membership Card","Skewer","Ginger","Accuracy","PiercingWail","Bronze Scales","Reflex","Frozen Eye","Runesmith:AutoHammer"],"campfire_rested":3,"item_purchase_floors":[3,12,12,38,38,38,54,54,54,54,54,54],"current_hp_per_floor":[48,48,48,47,60,38,38,11,11,11,11,11,4,6,25,23,57,57,47,47,47,37,44,33,24,24,39,45,24,18,18,33,53,53,53,39,36,36,36,15,22,16,16,9,32,61,58,56,56,63,41,58,58,58,16,0,0],"gold":205,"neow_bonus":"TRANSFORM_TWO_CARDS","is_daily":false,"chose_seed":false,"campfire_upgraded":2,"win_rate":0.0,"timestamp":1611436349,"path_taken":["M","?","$","M","?","E","R","E","T","M","M","$","E","M","R","BOSS","M","?","?","?","M","M","E","M","T","R","?","E","M","?","R","BOSS","M","?","M","$","?","E","M","?","T","M","E","M","E","M","R","BOSS","BOSS","R","$","E","BOSS"],"items_purchased_type":["Card","Card","Card","Relic","Card","Relic","Card","Card","Relic","Card","Relic","Relic"],"build_version":"2020-12-22","purchased_purges":2,"victory":false,"max_hp_per_floor":[60,60,60,60,60,60,60,62,62,62,62,62,64,66,66,68,68,68,47,47,47,47,49,51,53,53,53,53,53,53,53,53,53,53,53,53,53,53,53,55,55,59,59,59,61,61,63,63,63,63,63,63,63,63,63,63,63],"relic_stats":{"Nunchaku":[40],"Singing Bowl":24,"counters":[32,180],"CeramicFish":162,"Gambling Chip":[46],"Bronze Scales":[46],"Ginger":[11],"Letter Opener":[269],"Cursed Key":1,"obtain_stats":[{"Ice Cream":8,"construct:WeddingRing":34,"Singing Bowl":6,"The Specimen":29,"CeramicFish":24,"Incense Burner":36,"Ginger":38,"Letter Opener":47,"Cursed Key":17,"White Beast Statue":55,"Frozen Eye":54,"Nunchaku":13,"Gambling Chip":40,"Bronze Scales":54,"Membership Card":38,"HollowMod:PaleOreRelic":45,"Runesmith:AutoHammer":54,"Ring of the Snake":0,"aspiration:ChemicalBlood":9},{"Ice Cream":4,"construct:WeddingRing":18,"Singing Bowl":3,"The Specimen":16,"CeramicFish":13,"Incense Burner":20,"Ginger":21,"Letter Opener":27,"Cursed Key":9,"White Beast Statue":31,"Frozen Eye":30,"Nunchaku":7,"Gambling Chip":22,"Bronze Scales":30,"Membership Card":21,"HollowMod:PaleOreRelic":25,"Runesmith:AutoHammer":30,"Ring of the Snake":0,"aspiration:ChemicalBlood":4},{"Ice Cream":23,"construct:WeddingRing":97,"Singing Bowl":19,"The Specimen":81,"CeramicFish":69,"Incense Burner":106,"Ginger":109,"Letter Opener":144,"Cursed Key":48,"White Beast Statue":178,"Frozen Eye":169,"Nunchaku":38,"Gambling Chip":116,"Bronze Scales":169,"Membership Card":109,"HollowMod:PaleOreRelic":133,"Runesmith:AutoHammer":169,"Ring of the Snake":0,"aspiration:ChemicalBlood":23}],"Ring of the Snake":[64]},"card_choices":[{"not_picked":["Quick Slash","Infinite Blades"],"picked":"Predator","floor":1.0},{"not_picked":["Quick Slash","Dagger Throw"],"picked":"Cloak And Dagger","floor":4.0},{"not_picked":["Prepared","Slice"],"picked":"Corpse Explosion","floor":6.0},{"not_picked":["Leg Sweep","Blade Dance","Dagger Throw"],"picked":"Singing Bowl","floor":8.0},{"not_picked":["Eviscerate","Skewer"],"picked":"Backflip","floor":10.0},{"not_picked":["Backstab","Slice"],"picked":"Dagger Throw","floor":11.0},{"not_picked":["Deflect","Heel Hook","Bane"],"picked":"Singing Bowl","floor":13.0},{"not_picked":["Dagger Throw","Endless Agony","Eviscerate"],"picked":"Singing Bowl","floor":14.0},{"not_picked":["Die Die Die","Glass Knife","Unload"],"picked":"Singing Bowl","floor":16.0},{"not_picked":["Dash","Deflect"],"picked":"Accuracy","floor":18.0},{"not_picked":["Heel Hook","Skewer"],"picked":"Blade Dance","floor":22.0},{"not_picked":["Tactician","Bane","Poisoned Stab"],"picked":"Singing Bowl","floor":23.0},{"not_picked":["Crippling Poison","Dagger Spray","Endless Agony+1"],"picked":"Singing Bowl","floor":24.0},{"not_picked":["Endless Agony","Deadly Poison","Bouncing Flask"],"picked":"Singing Bowl","floor":25.0},{"not_picked":["Infinite Blades","Accuracy"],"picked":"Malaise","floor":28.0},{"not_picked":["Deflect","Backflip"],"picked":"Prepared","floor":29.0},{"not_picked":["Leg Sweep","PiercingWail"],"picked":"Acrobatics","floor":30.0},{"not_picked":["Die Die Die","A Thousand Cuts"],"picked":"Tools of the Trade","floor":33.0},{"not_picked":["Well Laid Plans","Eviscerate+1"],"picked":"Prepared","floor":35.0},{"not_picked":["Tactician","Prepared"],"picked":"Terror","floor":36.0},{"not_picked":["Terror+1","Deflect"],"picked":"Acrobatics","floor":37.0},{"not_picked":["Distraction","Underhanded Strike","Concentrate"],"picked":"Singing Bowl","floor":40.0},{"not_picked":["Sucker Punch","Dagger Spray"],"picked":"Reflex","floor":41.0},{"not_picked":["Purity","HandOfGreed"],"picked":"Panacea","floor":42.0},{"not_picked":["Discovery","Panacea","PanicButton"],"picked":"Singing Bowl","floor":42.0},{"not_picked":["Finesse","Mayhem","Metamorphosis"],"picked":"Singing Bowl","floor":42.0},{"not_picked":["Deadly Poison","Skewer"],"picked":"PiercingWail+1","floor":44.0},{"not_picked":["Blur","Riddle With Holes+1","Bane"],"picked":"Singing Bowl","floor":45},{"not_picked":["Escape Plan+1","Dagger Spray"],"picked":"Prepared+1","floor":46},{"not_picked":["Sucker Punch+1","Night Terror","Well Laid Plans"],"picked":"Singing Bowl","floor":47},{"not_picked":["Cloak And Dagger","Deflect"],"picked":"Calculated Gamble","floor":48},{"not_picked":["Masterful Stab","Dodge and Roll"],"picked":"PiercingWail","floor":55}],"player_experience":1144297,"relics_obtained":[{"floor":6.0,"key":"Singing Bowl"},{"floor":8.0,"key":"Ice Cream"},{"floor":9.0,"key":"aspiration:ChemicalBlood"},{"floor":13.0,"key":"Nunchaku"},{"floor":24.0,"key":"CeramicFish"},{"floor":29.0,"key":"The Specimen"},{"floor":36.0,"key":"Incense Burner"},{"floor":40.0,"key":"Gambling Chip"},{"floor":45,"key":"HollowMod:PaleOreRelic"},{"floor":47,"key":"Letter Opener"},{"floor":55,"key":"White Beast Statue"}],"event_choices":[{"damage_healed":0.0,"max_hp_gain":0.0,"max_hp_loss":0.0,"gold_gain":150.0,"event_name":"Liars Game","player_choice":"AGREE","floor":2.0,"gold_loss":0.0,"damage_taken":0.0,"cards_obtained":["Doubt"]},{"damage_healed":15.0,"max_hp_gain":0.0,"max_hp_loss":0.0,"gold_gain":0.0,"event_name":"The Cleric","player_choice":"Healed","floor":5.0,"gold_loss":35.0,"damage_taken":0.0},{"damage_healed":0.0,"max_hp_gain":0.0,"max_hp_loss":21.0,"gold_gain":0.0,"event_name":"Vampires","player_choice":"Became a vampire","floor":19.0,"gold_loss":0.0,"damage_taken":0.0,"cards_obtained":["Bite","Bite","Bite","Bite","Bite"]},{"cards_removed":["Doubt"],"damage_healed":0.0,"max_hp_gain":0.0,"max_hp_loss":0.0,"gold_gain":0.0,"event_name":"Beggar","player_choice":"Gave Gold","floor":20.0,"gold_loss":75.0,"damage_taken":0.0},{"damage_healed":0.0,"max_hp_gain":0.0,"max_hp_loss":0.0,"gold_gain":275.0,"event_name":"Golden Shrine","player_choice":"Desecrate","floor":21.0,"gold_loss":0.0,"damage_taken":0.0,"cards_obtained":["Regret"]},{"cards_removed":["Regret"],"damage_healed":0.0,"max_hp_gain":0.0,"max_hp_loss":0.0,"gold_gain":0.0,"event_name":"Back to Basics","player_choice":"Elegance","floor":31.0,"gold_loss":0.0,"damage_taken":0.0},{"damage_healed":0.0,"max_hp_gain":0.0,"max_hp_loss":0.0,"gold_gain":0.0,"event_name":"Mysterious Sphere","player_choice":"Fight","floor":36.0,"gold_loss":0.0,"damage_taken":0.0},{"damage_healed":0.0,"max_hp_gain":0.0,"max_hp_loss":0.0,"gold_gain":0.0,"event_name":"Tomb of Lord Red Mask","player_choice":"Ignored","floor":39.0,"gold_loss":0.0,"damage_taken":0.0},{"damage_healed":0.0,"max_hp_gain":0.0,"max_hp_loss":0.0,"gold_gain":0.0,"event_name":"SensoryStone","player_choice":"Memory 3","floor":42.0,"gold_loss":0.0,"damage_taken":10.0}],"is_beta":false,"boss_relics":[{"not_picked":["Black Star","aspiration:PoetsPen_weak"],"picked":"Cursed Key"},{"not_picked":["Sozu","aspiration:DefectSkillbook"],"picked":"construct:WeddingRing"}],"items_purged_floors":[38,54],"is_endless":false,"potions_floor_spawned":[4,6,11,14,16,22,23,24,29,30,37,41,46,47,55],"killed_by":"The Heart","ascension_level":20}}