{"host":"p7wlqws89nwjeoph","time":1611396464,"event":{"mods":["Act Like it!","BaseMod","Colored Powertips","Hallownest","Minty Spire (QoL Compilation)","Quick Restart","StSLib","The Bug Knight"],"gold_per_floor":[110,110,121,44,44,44,56,84,84,101,101,126,126,139,139,235,235,251,251,251,251],"floor_reached":20,"language":"RUS","playtime":1479,"items_purged":[],"score":182,"play_id":"5dc79880-e5aa-47b8-8cde-3cc8f9f9f346","local_time":"20210123130744","is_ascension_mode":false,"campfire_choices":[{"data":"HollowMod:MonomonsArchive","floor":6.0,"key":"SMITH"},{"data":"HollowMod:CycloneSlash","floor":11.0,"key":"SMITH"},{"data":"HollowMod:theNailsmith","floor":13.0,"key":"SMITH"},{"floor":15.0,"key":"REST"}],"circlet_count":1,"master_deck":["HollowMod:FocusHealStart","HollowMod:PogoStrike","HollowMod:CloakDash","HollowMod:DungDefenderAura","HollowMod:MonomonsArchive+1","HollowMod:VengefulSpirit","HollowMod:CycloneSlash+1","HollowMod:NewLittleFool","HollowMod:theNailsmith+1","HollowMod:QuirrelsAssistance","HollowMod:HornetsHelp","HollowMod:DescendingDark","HollowMod:HornetsHelp+1","HollowMod:ChannelNail","HollowMod:MonarchWings","HollowMod:VoidDash","HollowMod:Weaversong","HollowMod:SiblingsShadow","HollowMod:PerfectDash","HollowMod:GoodIntentions"],"relics":["HollowMod:VesselMask","NeowsBlessing","Hallownest:DreamNailRelic","Circlet","Pocketwatch","Question Card","Shuriken","Pandora\u0027s Box"],"acts_visited":["Hallownest:Greenpath","Hallownest:CityofTears"],"potions_floor_usage":[],"damage_taken":[{"damage":0.0,"enemies":"Hallownest:monsterHuskGuard","floor":1.0,"turns":1.0},{"damage":0.0,"enemies":"Hallownest:2_Baldur","floor":3.0,"turns":1.0},{"damage":0.0,"enemies":"Hallownest:2_MossCreeps","floor":7.0,"turns":1.0},{"damage":16.0,"enemies":"Hallownest:eliteCrystalGuardian","floor":8.0,"turns":7.0},{"damage":0.0,"enemies":"Hallownest:monsterMossCharger","floor":10.0,"turns":4.0},{"damage":31.0,"enemies":"Hallownest:eliteMossKnight","floor":12.0,"turns":10.0},{"damage":2.0,"enemies":"Hallownest:Guard_and_Warrior","floor":14.0,"turns":4.0},{"damage":38.0,"enemies":"Hallownest:BossHornet","floor":16.0,"turns":10.0},{"damage":11.0,"enemies":"Hallownest:2_Mistakes","floor":18.0,"turns":6.0},{"damage":0,"enemies":"Hallownest:3_Youths","floor":20,"turns":1}],"seed_played":"8126732011484805236","potions_obtained":[{"floor":7.0,"key":"Fruit Juice"},{"floor":8.0,"key":"Block Potion"},{"floor":12.0,"key":"Explosive Potion"},{"floor":16.0,"key":"Explosive Potion"},{"floor":18.0,"key":"Energy Potion"}],"is_trial":false,"path_per_floor":["M","?","M","$","?","R","M","?","T","M","R","E","R","M","R","B",null,"M","?","M"],"character_chosen":"THE_BUGKNIGHT","items_purchased":["HollowMod:MonomonsArchive"],"campfire_rested":1,"item_purchase_floors":[4],"current_hp_per_floor":[75,75,75,75,75,75,80,64,64,70,70,49,49,47,71,39,80,69,69,69,69],"gold":251,"neow_bonus":"THREE_ENEMY_KILL","is_daily":false,"chose_seed":false,"campfire_upgraded":3,"win_rate":0.0,"timestamp":1611396464,"path_taken":["M","?","M","?","?","R","?","?","T","?","R","E","R","M","R","BOSS","M","?","?"],"items_purchased_type":["Card"],"build_version":"2020-12-22","purchased_purges":0,"victory":false,"max_hp_per_floor":[75,75,75,75,75,75,80,80,80,80,80,80,80,80,80,80,80,80,80,80,80],"card_choices":[{"not_picked":["HollowMod:ShadowDash","HollowMod:HuntersJournal"],"picked":"HollowMod:CloakDash","floor":1.0},{"not_picked":["HollowMod:GrimmsGift","HollowMod:BrokenVessel"],"picked":"HollowMod:DungDefenderAura","floor":3.0},{"not_picked":["HollowMod:DoubleDash","HollowMod:QuirrelsAssistance"],"picked":"HollowMod:VengefulSpirit","floor":7.0},{"not_picked":["HollowMod:RecoilStrike","HollowMod:DoubleDash"],"picked":"HollowMod:CycloneSlash","floor":8.0},{"not_picked":["HollowMod:SoulShaman","HollowMod:TaintedHusks","HollowMod:MonomonsArchive"],"picked":"HollowMod:NewLittleFool","floor":10.0},{"not_picked":["HollowMod:QuirrelsAssistance","HollowMod:MonomonsArchive","HollowMod:VengefulVoid"],"picked":"HollowMod:theNailsmith","floor":12.0},{"not_picked":["HollowMod:InfectedCysts","HollowMod:DreamGate","HollowMod:LifebloodCocoon"],"picked":"HollowMod:QuirrelsAssistance","floor":14.0},{"not_picked":["HollowMod:Hiveblood","HollowMod:PureVessel","HollowMod:LifebloodCore"],"picked":"HollowMod:HornetsHelp","floor":16.0},{"not_picked":["HollowMod:ShadowDash","HollowMod:CoiledNail","HollowMod:SharpenedShadows"],"picked":"HollowMod:GoodIntentions","floor":18.0}],"player_experience":261865,"relics_obtained":[{"floor":8.0,"key":"Pocketwatch"},{"floor":9.0,"key":"Question Card"},{"floor":12.0,"key":"Shuriken"}],"event_choices":[],"is_beta":false,"boss_relics":[{"not_picked":["Cursed Key","Runic Pyramid"],"picked":"Pandora\u0027s Box"}],"items_purged_floors":[],"is_endless":false,"potions_floor_spawned":[7,8,12,16,18],"killed_by":"Hallownest:3_Youths","ascension_level":0}}