{"host":"drk0p5jtlzl1xmwe","time":1611435176,"event":{"mods":["2.2 Compatiblity","AchievementEnabler","Act Like it!","Bard","BaseMod","Better Note","Better Vampires","Ekko","Friendly Minions","Hermit","Hubris","Infinite Spire","Luminous","Marisa????????","Minty Spire (QoL Compilation)","Rare Cards Sparkle","Relic Stats","Replay The Spire","Shade Mod","StSLib","The Animator","The Bug Knight","The Cursed","The Disciple","The Gatherer","The Servant 0.9.4","The Spell Scribe"],"gold_per_floor":[110,125,125,139,139,139,152,152,152,282,34,34,62,79,79,176,176,192,267,83,98,98,98],"floor_reached":22,"language":"ENG","playtime":902,"items_purged":["Shade:ExtraLimbs"],"score":194,"play_id":"e50c54ab-c5b9-43cd-9b38-303b16237670","local_time":"20210123205256","is_ascension_mode":false,"campfire_choices":[{"data":"Shade:AnimateDead","floor":6,"key":"SMITH"},{"floor":12,"key":"REST"},{"floor":15,"key":"REST"}],"circlet_count":0,"master_deck":["Shade:Strike_Shade","Shade:Strike_Shade","Shade:Strike_Shade","Shade:Strike_Shade","Shade:Defend_Shade","Shade:Defend_Shade","Shade:Defend_Shade","Shade:AnimateDead+1","Shade:CarefulCut","Shade:CoffinDance","Shade:CommandSoldier+1","Shade:CoffinDance","Shade:FreshBones","Shade:GraveStillness","Shade:Coordination+1","Shade:SpectralStrikes+1","Shade:Trample"],"relics":["Shade:YorickSkull","Replay:Towering Pillar of Hats","hubris:Icosahedron","The Courier","Calipers","FossilizedHelix","hubris:SlimyHat","Guide Book"],"acts_visited":["Exordium","TheCity"],"potions_floor_usage":[13,18,21],"damage_taken":[{"damage":0,"enemies":"Jaw Worm","floor":1,"turns":3},{"damage":0,"enemies":"2 Louse","floor":2,"turns":3},{"damage":0,"enemies":"Small Slimes","floor":4,"turns":3},{"damage":12,"enemies":"Exordium Wildlife","floor":7,"turns":3},{"damage":24,"enemies":"3 Sentries","floor":10,"turns":8},{"damage":8,"enemies":"HollowMod:MossKnight","floor":13,"turns":6},{"damage":0,"enemies":"Looter","floor":14,"turns":2},{"damage":2,"enemies":"Slime Boss","floor":16,"turns":8},{"damage":18,"enemies":"3 Byrds","floor":18,"turns":3},{"damage":35,"enemies":"Cultist and Chosen","floor":21,"turns":5},{"damage":8,"enemies":"Chosen and Byrds","floor":22,"turns":2}],"seed_played":"6791080380556836942","potions_obtained":[{"floor":10,"key":"FearPotion"},{"floor":14,"key":"Swift Potion"},{"floor":16,"key":"Strength Potion"},{"floor":18,"key":"LiquidBronze"}],"is_trial":false,"path_per_floor":["M","M","?","M","?","R","M","?","T","E","$","R","E","M","R","B",null,"M","?","$","M","M"],"character_chosen":"SHADE","items_purchased":["FossilizedHelix","Guide Book"],"campfire_rested":2,"item_purchase_floors":[11,20],"current_hp_per_floor":[59,59,52,52,52,52,40,40,40,16,16,33,25,25,42,57,59,41,36,36,1,0,0],"gold":98,"neow_bonus":"ONE_RARE_RELIC","is_daily":false,"chose_seed":false,"campfire_upgraded":1,"win_rate":0.0,"timestamp":1611435176,"path_taken":["M","M","?","M","?","R","M","?","T","E","$","R","E","M","R","BOSS","M","?","$","M","M"],"items_purchased_type":["Relic","Relic"],"build_version":"2020-12-22","purchased_purges":1,"victory":false,"max_hp_per_floor":[59,59,59,59,59,59,59,59,59,59,59,59,59,59,59,59,59,59,59,59,59,59,59],"relic_stats":{"counters":[11,46],"obtain_stats":[{"hubris:Icosahedron":5,"Calipers":10,"Replay:Towering Pillar of Hats":0,"Shade:YorickSkull":0,"Guide Book":20,"The Courier":9,"hubris:SlimyHat":13,"FossilizedHelix":11},{"hubris:Icosahedron":3,"Calipers":5,"Replay:Towering Pillar of Hats":0,"Shade:YorickSkull":0,"Guide Book":9,"The Courier":4,"hubris:SlimyHat":6,"FossilizedHelix":5},{"hubris:Icosahedron":9,"Calipers":20,"Replay:Towering Pillar of Hats":0,"Shade:YorickSkull":0,"Guide Book":39,"The Courier":12,"hubris:SlimyHat":26,"FossilizedHelix":20}]},"card_choices":[{"not_picked":["Shade:Brains","Shade:WallOfFlesh"],"picked":"Shade:CoffinDance","floor":1},{"not_picked":["Shade:GoDigging","Shade:Brains"],"picked":"Shade:ExtraLimbs","floor":2},{"not_picked":["Shade:Brains","Shade:ScuttlingHand"],"picked":"Shade:CommandSoldier","floor":4},{"not_picked":["Shade:Premonition","Shade:GraveStillness"],"picked":"Shade:CoffinDance","floor":7},{"not_picked":["Shade:CoffinDance","Shade:FleshToFlesh"],"picked":"Shade:FreshBones","floor":10},{"not_picked":["Shade:BoneShards","Shade:MadHubris","Shade:CoffinDance"],"picked":"SKIP","floor":13},{"not_picked":["Shade:Frenzy","Shade:FingerOfDeath"],"picked":"Shade:GraveStillness","floor":14},{"not_picked":["Shade:MadHubris","Shade:Tombstone"],"picked":"Shade:Coordination","floor":16},{"not_picked":["Shade:BoneShards","Shade:Trample"],"picked":"Shade:SpectralStrikes","floor":18},{"not_picked":["Shade:CoffinDance","Shade:Patience"],"picked":"Shade:Trample","floor":21}],"player_experience":693055,"relics_obtained":[{"floor":9,"key":"The Courier"},{"floor":10,"key":"Calipers"},{"floor":13,"key":"hubris:SlimyHat"}],"event_choices":[{"cards_removed":["Shade:Defend_Shade"],"damage_healed":0,"gold_gain":0,"player_choice":"Card Removal","damage_taken":7,"max_hp_gain":0,"max_hp_loss":0,"event_name":"Golden Wing","floor":3,"gold_loss":0},{"damage_healed":0,"gold_gain":75,"player_choice":"Touch","damage_taken":5,"max_hp_gain":0,"max_hp_loss":0,"event_name":"FaceTrader","floor":19,"gold_loss":0}],"is_beta":false,"boss_relics":[{"not_picked":["Abe\u0027s Treasure","Replay:Drink Me","hubris:CrackedHourglass"]}],"items_purged_floors":[20],"is_endless":false,"potions_floor_spawned":[10,14,16,18],"killed_by":"Chosen and Byrds","ascension_level":0}}