{"host":"yt8tirjpas3zupuf","time":1611413027,"event":{"mods":["Act Like it!","Arknights The Spire","BaseMod","Colored Powertips","Duelist Mod","Gensokyo","Googly Eyes","Lobotomy","Marisa£®ÏF”Í°°ƒß¿Ì…≥£©","Minty Spire (QoL Compilation)","Remilia£®¿Ÿ√◊¿Ú—«£©","Replay The Spire","StSLib","The Bug Knight","The Servant 0.9.4"],"gold_per_floor":[119,134,145,145,162,162,176,94,147,147,147,147,16,29,44,71,71,71,71],"floor_reached":18,"language":"ZHS","playtime":1608,"items_purged":[],"score":104,"play_id":"41cc78c4-89bc-445e-9c4a-c8f4a01d661a","local_time":"20210123224347","is_ascension_mode":false,"campfire_choices":[{"data":"ats:Apocalypse","floor":6,"key":"SMITH"},{"data":"ats:Sunburst","floor":12,"key":"SMITH"},{"floor":17,"key":"DIG"}],"circlet_count":0,"master_deck":["ats:Strike C","ats:Strike G","ats:Strike S","ats:Strike V","ats:Defend","ats:Defend","ats:Defend","ats:Defend","ats:Emotion Absorption","ShyLook","ats:Hammer On","MHz","ats:Apocalypse+1","Funeral","ats:Disruption Kick","Wellcheers","ats:Assault Order","LongBird","Gensokyo:Shovel","Gensokyo:DepletedGenerator","Laetitia","ats:Composite Medical Shells","Woodsman","ats:Revitalization"],"relics":["ats:Sanity","CogitoBucket","Gensokyo:Mercy","Happy Flower","HellTrain","Blood Vial","Question Card","Replay:Mystery Machine"],"acts_visited":["Exordium"],"potions_floor_usage":[],"damage_taken":[{"damage":9,"enemies":"Gensokyo:Python","floor":1,"turns":4},{"damage":8,"enemies":"Gensokyo:2_Kodama","floor":2,"turns":4},{"damage":7,"enemies":"Gensokyo:Gryphon","floor":3,"turns":5},{"damage":44,"enemies":"Gensokyo:5_Fairies","floor":5,"turns":13},{"damage":11,"enemies":"Gensokyo:Gryphon_and_Rabbit","floor":7,"turns":10},{"damage":25,"enemies":"Gensokyo:3_Kodama","floor":14,"turns":4},{"damage":0,"enemies":"Gensokyo:LivingMonolith","floor":15,"turns":3},{"damage":91,"enemies":"Gensokyo:Kokoro","floor":18,"turns":11}],"seed_played":"-2229937806245579273","potions_obtained":[{"floor":3,"key":"SneckoOil"},{"floor":7,"key":"Elixir"},{"floor":15,"key":"Explosive Potion"}],"is_trial":false,"path_per_floor":["M","M","M","?","M","R","M","$","T","PTL","PTL","R","COS","M","M","T","R","B"],"character_chosen":"DOCTOR_CLASS","items_purchased":["ats:Sunburst"],"campfire_rested":0,"item_purchase_floors":[8],"current_hp_per_floor":[63,55,58,58,49,49,68,68,68,68,68,68,68,47,55,55,55,0,0],"gold":71,"neow_bonus":"","is_daily":false,"chose_seed":false,"campfire_upgraded":2,"win_rate":0.0,"timestamp":1611413027,"path_taken":["M","M","M","?","M","R","M","$","T","PTL","PTL","R","COS","M","?","?","R","BOSS"],"items_purchased_type":["Card"],"build_version":"2020-12-22","purchased_purges":0,"victory":false,"max_hp_per_floor":[72,72,72,72,72,72,72,72,72,72,72,72,72,72,72,72,72,72,72],"card_choices":[{"not_picked":["RedShoes","MeatLantern"],"picked":"ShyLook","floor":1},{"not_picked":["ats:Steam Pump","ats:Consecutive Shot Auto"],"picked":"ats:Hammer On","floor":1},{"not_picked":["OldLady","CherryBlossoms","BigBird"],"picked":"Singing Bowl","floor":2},{"not_picked":["Murderer","CherryBlossoms"],"picked":"MHz","floor":2},{"not_picked":["ats:Red Shift","ats:Serious Mode"],"picked":"ats:Apocalypse","floor":2},{"not_picked":["OSAHOGD","Bloodbath","Wellcheers"],"picked":"Singing Bowl","floor":3},{"not_picked":["WhitesApple","BeautyBeast"],"picked":"Funeral","floor":3},{"not_picked":["ats:Blood Oath","ats:Shell Defense"],"picked":"ats:Disruption Kick","floor":3},{"not_picked":["Wellcheers","UniverseFragment","BigBird"],"picked":"Singing Bowl","floor":5},{"not_picked":["UniverseFragment","OldLady"],"picked":"Wellcheers","floor":5},{"not_picked":["ats:Childhood Dance","ats:Apocalypse"],"picked":"ats:Assault Order","floor":5},{"not_picked":["Variant","OldLady"],"picked":"LongBird","floor":7},{"not_picked":["ats:Apocalypse","ats:Explosion Area Strengthen"],"picked":"ats:Shadow Assault","floor":7},{"not_picked":["PunishingBird","OSAHOGD"],"picked":"Laetitia","floor":14},{"not_picked":["ats:Song Of Battle","ats:Hook Shot"],"picked":"ats:Composite Medical Shells","floor":14},{"not_picked":["OSAHOGD","Mercenary","RedShoes"],"picked":"Singing Bowl","floor":15},{"not_picked":["SpiderBud","DespairKnight"],"picked":"Woodsman","floor":15},{"not_picked":["ats:Consecutive Shot Auto","ats:Curse Doll"],"picked":"ats:Revitalization","floor":15}],"player_experience":114009,"relics_obtained":[{"floor":9,"key":"Happy Flower"},{"floor":16,"key":"Blood Vial"},{"floor":17,"key":"Question Card"}],"event_choices":[],"is_beta":false,"boss_relics":[],"items_purged_floors":[],"is_endless":false,"potions_floor_spawned":[3,7,15],"killed_by":"Gensokyo:Kokoro","ascension_level":0}}