{"host":"vyjryxuuuxkt43k4","time":1611377958,"event":{"mods":["AchievementEnabler","BaseMod","Colored Map","DeckTracker","Keyboard Shortcuts","Minty Spire (QoL Compilation)","Permanent Neow","Quick Restart","StSLib","SuperFastMode","everything is the same but u backflip on backflip"],"gold_per_floor":[110,110,128,147,164,164,177,177,225,256,256,269,301,316,316,394,394,410,427,458,469,25,25,39,74,146,146,71,71,97,497,497,576,576,586,604,399,411,116,145,158,158,158],"floor_reached":42,"language":"KOR","playtime":4247,"items_purged":["Strike_R","Inflame"],"score":1156,"play_id":"4a0f3fe3-a4d4-46c1-8ec2-88d0fa9007d9","local_time":"20210123135918","is_ascension_mode":true,"campfire_choices":[{"data":"Barricade","floor":6.0,"key":"SMITH"},{"data":"Shrug It Off","floor":8.0,"key":"SMITH"},{"data":"Entrench","floor":11.0,"key":"SMITH"},{"data":"Body Slam","floor":15.0,"key":"SMITH"},{"data":"Immolate","floor":23.0,"key":"SMITH"},{"data":"Dark Embrace","floor":27.0,"key":"SMITH"},{"data":"Perfected Strike","floor":29.0,"key":"SMITH"},{"data":"Seeing Red","floor":32.0,"key":"SMITH"}],"circlet_count":0,"master_deck":["AscendersBane","Strike_R","Strike_R","Strike_R","Strike_R","Defend_R","Defend_R","Defend_R","Bash","Secret Technique","Shrug It Off+1","Perfected Strike+1","Barricade+1","Entrench+1","Flame Barrier","Body Slam+1","Perfected Strike","Ghostly Armor","Immolate+1","Perfected Strike","Disarm","Second Wind","Shrug It Off","Impervious","Dark Embrace+1","Double Tap","Seeing Red+1","Demon Form","Battle Trance","Inflame+1","Apotheosis","Reaper"],"relics":["Burning Blood","Orichalcum","Ornamental Fan","Omamori","Philosopher\u0027s Stone","Red Mask","Meat on the Bone","Nunchaku","Eternal Feather","Bottled Lightning","Old Coin","Singing Bowl","Fusion Hammer","Membership Card","Self Forming Clay","Question Card"],"acts_visited":["Exordium","TheCity","TheBeyond"],"potions_floor_usage":[42],"damage_taken":[{"damage":14.0,"enemies":"Jaw Worm","floor":1.0,"turns":6.0},{"damage":1.0,"enemies":"Small Slimes","floor":3.0,"turns":6.0},{"damage":4.0,"enemies":"2 Louse","floor":4.0,"turns":5.0},{"damage":8.0,"enemies":"Blue Slaver","floor":5.0,"turns":5.0},{"damage":10.0,"enemies":"Red Slaver","floor":7.0,"turns":8.0},{"damage":0.0,"enemies":"Lagavulin","floor":10.0,"turns":9.0},{"damage":9.0,"enemies":"Lots of Slimes","floor":12.0,"turns":7.0},{"damage":22.0,"enemies":"Gremlin Nob","floor":13.0,"turns":4.0},{"damage":15.0,"enemies":"Exordium Wildlife","floor":14.0,"turns":6.0},{"damage":0.0,"enemies":"Hexaghost","floor":16.0,"turns":9.0},{"damage":20.0,"enemies":"2 Thieves","floor":18.0,"turns":3.0},{"damage":0.0,"enemies":"Chosen","floor":19.0,"turns":4.0},{"damage":32.0,"enemies":"Masked Bandits","floor":20.0,"turns":3.0},{"damage":9.0,"enemies":"Centurion and Healer","floor":21.0,"turns":6.0},{"damage":5.0,"enemies":"Snake Plant","floor":24.0,"turns":4.0},{"damage":35.0,"enemies":"Slavers","floor":25.0,"turns":8.0},{"damage":31.0,"enemies":"Book of Stabbing","floor":30.0,"turns":8.0},{"damage":20.0,"enemies":"Colosseum Slavers","floor":31.0,"turns":4.0},{"damage":1.0,"enemies":"Colosseum Nobs","floor":31.0,"turns":5.0},{"damage":55.0,"enemies":"Automaton","floor":33.0,"turns":12.0},{"damage":0.0,"enemies":"3 Shapes","floor":35.0,"turns":5.0},{"damage":36.0,"enemies":"3 Darklings","floor":36.0,"turns":6.0},{"damage":44.0,"enemies":"Transient","floor":38.0,"turns":6.0},{"damage":11.0,"enemies":"Nemesis","floor":40.0,"turns":7.0},{"damage":1.0,"enemies":"Maw","floor":41.0,"turns":7.0},{"damage":60,"enemies":"Reptomancer","floor":42,"turns":2}],"seed_played":"6033777830176966151","potions_obtained":[{"floor":1.0,"key":"Swift Potion"},{"floor":3.0,"key":"EssenceOfSteel"},{"floor":13.0,"key":"DistilledChaos"},{"floor":14.0,"key":"DistilledChaos"},{"floor":16.0,"key":"AttackPotion"},{"floor":19.0,"key":"ColorlessPotion"},{"floor":20.0,"key":"BlessingOfTheForge"},{"floor":24.0,"key":"GamblersBrew"},{"floor":25.0,"key":"HeartOfIron"},{"floor":33.0,"key":"Swift Potion"},{"floor":36.0,"key":"DuplicationPotion"},{"floor":38.0,"key":"DistilledChaos"},{"floor":40.0,"key":"ColorlessPotion"}],"is_trial":false,"path_per_floor":["M","?","M","M","M","R","M","R","T","E","R","M","E","M","R","B",null,"M","M","?","M","$","R","M","E","T","R","?","R","E","?","R","B",null,"M","M","$","M","$","E","M","E"],"character_chosen":"IRONCLAD","items_purchased":["Meat on the Bone","Impervious","Membership Card","Self Forming Clay","Apotheosis"],"campfire_rested":0,"item_purchase_floors":[22,22,37,39,39],"current_hp_per_floor":[42,47,52,54,52,52,48,48,48,54,54,51,35,26,26,32,68,54,60,34,31,31,31,44,27,27,42,42,57,44,49,64,27,68,74,58,58,32,32,41,58,0,0],"gold":158,"neow_bonus":"RANDOM_COLORLESS_2","is_daily":false,"chose_seed":false,"campfire_upgraded":8,"win_rate":0.0,"timestamp":1611377958,"path_taken":["M","?","M","M","M","R","M","R","T","E","R","M","E","M","R","BOSS","M","M","?","M","$","R","M","E","T","R","?","R","E","?","R","BOSS","M","M","$","M","$","E","M","E"],"items_purchased_type":["Relic","Card","Relic","Relic","Card"],"build_version":"2020-12-22","purchased_purges":2,"victory":false,"max_hp_per_floor":[75,80,80,80,80,80,80,80,80,80,80,80,80,80,80,80,80,80,80,80,80,80,80,80,80,80,80,80,80,80,82,82,82,82,82,84,84,84,84,86,86,86,86],"card_choices":[{"not_picked":["Chrysalis","Transmutation"],"picked":"Secret Technique","floor":0.0},{"not_picked":["Rampage","Armaments"],"picked":"Shrug It Off","floor":1.0},{"not_picked":["Flex","Carnage"],"picked":"Inflame","floor":3.0},{"not_picked":["Pommel Strike","Shrug It Off"],"picked":"Perfected Strike","floor":4.0},{"not_picked":["Clothesline","Body Slam"],"picked":"Barricade","floor":5.0},{"not_picked":["Thunderclap","Armaments"],"picked":"Entrench","floor":7.0},{"not_picked":["Searing Blow","Havoc"],"picked":"Flame Barrier","floor":10.0},{"not_picked":["Reckless Charge","Evolve"],"picked":"Body Slam","floor":12.0},{"not_picked":["Sever Soul","Dropkick"],"picked":"Perfected Strike","floor":13.0},{"not_picked":["Wild Strike","Cleave"],"picked":"Ghostly Armor","floor":14.0},{"not_picked":["Limit Break","Reaper"],"picked":"Immolate","floor":16.0},{"not_picked":["Twin Strike","Heavy Blade"],"picked":"Perfected Strike","floor":18.0},{"not_picked":["Twin Strike","Clothesline"],"picked":"Disarm","floor":19.0},{"not_picked":["Intimidate","Entrench"],"picked":"Second Wind","floor":20.0},{"not_picked":["Wild Strike","True Grit"],"picked":"Shrug It Off","floor":21.0},{"not_picked":["Body Slam","Rampage"],"picked":"Dark Embrace","floor":24.0},{"not_picked":["Rage","Hemokinesis+1"],"picked":"Double Tap","floor":25.0},{"not_picked":["Fire Breathing","Twin Strike"],"picked":"Seeing Red","floor":30.0},{"not_picked":["Carnage+1","Entrench","Thunderclap"],"picked":"Singing Bowl","floor":31.0},{"not_picked":["Berserk","Double Tap"],"picked":"Demon Form","floor":33.0},{"not_picked":["Shrug It Off","Cleave+1"],"picked":"Battle Trance","floor":35.0},{"not_picked":["Warcry","True Grit","Havoc"],"picked":"Singing Bowl","floor":36.0},{"not_picked":["True Grit","Sword Boomerang+1"],"picked":"Inflame+1","floor":38.0},{"not_picked":["Rage","Body Slam","Heavy Blade"],"picked":"Singing Bowl","floor":40.0},{"not_picked":["Sever Soul","Perfected Strike","Twin Strike+1"],"picked":"Reaper","floor":41.0}],"player_experience":244737,"relics_obtained":[{"floor":9.0,"key":"Orichalcum"},{"floor":10.0,"key":"Ornamental Fan"},{"floor":13.0,"key":"Omamori"},{"floor":20.0,"key":"Red Mask"},{"floor":25.0,"key":"Nunchaku"},{"floor":26.0,"key":"Eternal Feather"},{"floor":30.0,"key":"Bottled Lightning"},{"floor":31.0,"key":"Old Coin"},{"floor":31.0,"key":"Singing Bowl"},{"floor":40.0,"key":"Question Card"}],"event_choices":[{"damage_healed":0.0,"max_hp_gain":5.0,"max_hp_loss":0.0,"gold_gain":0.0,"event_name":"Big Fish","player_choice":"Donut","floor":2.0,"gold_loss":0.0,"damage_taken":0.0},{"damage_healed":0.0,"max_hp_gain":0.0,"max_hp_loss":0.0,"gold_gain":0.0,"event_name":"Masked Bandits","player_choice":"Fought Bandits","floor":20.0,"gold_loss":0.0,"damage_taken":0.0},{"cards_removed":["Defend_R"],"damage_healed":0.0,"max_hp_gain":0.0,"max_hp_loss":0.0,"gold_gain":0.0,"event_name":"Beggar","player_choice":"Gave Gold","floor":28.0,"gold_loss":75.0,"damage_taken":0.0},{"damage_healed":0.0,"max_hp_gain":0.0,"max_hp_loss":0.0,"gold_gain":0.0,"event_name":"Colosseum","player_choice":"Fight","floor":31.0,"gold_loss":0.0,"damage_taken":0.0},{"damage_healed":0.0,"max_hp_gain":0.0,"max_hp_loss":0.0,"gold_gain":0.0,"event_name":"Colosseum","player_choice":"Fought Nobs","floor":31.0,"gold_loss":0.0,"damage_taken":0.0}],"is_beta":false,"boss_relics":[{"not_picked":["Runic Dome","Empty Cage"],"picked":"Philosopher\u0027s Stone"},{"not_picked":["Black Blood","Runic Cube"],"picked":"Fusion Hammer"}],"items_purged_floors":[37,39],"is_endless":false,"potions_floor_spawned":[1,3,5,13,14,16,19,20,24,25,31,33,36,38,40],"killed_by":"Reptomancer","ascension_level":19}}