{"host":"x3qmax6e7jj3tga5","time":1611381112,"event":{"mods":["BaseMod","Custom Start","Minty Spire (QoL Compilation)","StSLib"],"gold_per_floor":[111,33,53,53,70,97,97,128,128,128,160,173,185,205,205,304,304,317,331,0,99,199,532,550,579,604,629,629,645,663,676,676,779,779,797,722,736,736,748,748,767,780,780,814,827,858,858,876,876,876,876,876,133,164,164,164],"floor_reached":55,"language":"ENG","playtime":3094,"items_purged":["Strike_R"],"score":967,"play_id":"773f21be-990a-4166-9cbc-4a0366e7e666","local_time":"20210122235152","is_ascension_mode":true,"campfire_choices":[{"data":"Perfected Strike","floor":7,"key":"SMITH"},{"data":"1","floor":10,"key":"LIFT"},{"data":"Limit Break","floor":15,"key":"SMITH"},{"floor":28,"key":"REST"},{"floor":32,"key":"REST"},{"data":"2","floor":40,"key":"LIFT"},{"floor":47,"key":"REST"},{"floor":49,"key":"RECALL"},{"data":"3","floor":52,"key":"LIFT"}],"circlet_count":0,"master_deck":["Strike_R","Strike_R","Strike_R","Strike_R","Defend_R+1","Defend_R","Defend_R","Defend_R","Bash","Perfected Strike+1","Anger","Battle Trance","Iron Wave","Limit Break+1","Flame Barrier","Inflame","Shrug It Off+1","Shrug It Off","Demon Form","True Grit","Clothesline","Limit Break+1","Perfected Strike","Berserk","Shrug It Off+1","Sentinel+1","Twin Strike","Heavy Blade","Impervious","Whirlwind","Thunderclap+1","Pommel Strike+1","Shrug It Off+1","Battle Trance+1","Impervious","Double Tap","Immolate"],"relics":["Burning Blood","NeowsBlessing","Girya","InkBottle","Omamori","HornCleat","Nunchaku","Calling Bell","MealTicket","Mercury Hourglass","CaptainsWheel","Vajra","DollysMirror","Old Coin","Tiny Chest","Strawberry","Boot","Cursed Key","Pantograph","Pear","War Paint","Art of War","Blood Vial"],"acts_visited":["Exordium","TheCity","TheBeyond","TheEnding"],"potions_floor_usage":[8,11,16,16,23,24,27,42,46,46,54,54],"damage_taken":[{"damage":0,"enemies":"Jaw Worm","floor":1,"turns":1},{"damage":0,"enemies":"Cultist","floor":3,"turns":1},{"damage":0,"enemies":"2 Louse","floor":5,"turns":1},{"damage":20,"enemies":"Gremlin Nob","floor":6,"turns":4},{"damage":22,"enemies":"Lagavulin","floor":8,"turns":6},{"damage":5,"enemies":"Gremlin Nob","floor":11,"turns":4},{"damage":6,"enemies":"Exordium Thugs","floor":12,"turns":4},{"damage":0,"enemies":"Exordium Wildlife","floor":13,"turns":2},{"damage":5,"enemies":"Gremlin Gang","floor":14,"turns":5},{"damage":11,"enemies":"Slime Boss","floor":16,"turns":9},{"damage":11,"enemies":"Shell Parasite","floor":18,"turns":7},{"damage":12,"enemies":"Chosen","floor":19,"turns":5},{"damage":42,"enemies":"Slavers","floor":23,"turns":5},{"damage":8,"enemies":"Snake Plant","floor":24,"turns":4},{"damage":35,"enemies":"Book of Stabbing","floor":25,"turns":6},{"damage":48,"enemies":"Slavers","floor":27,"turns":6},{"damage":0,"enemies":"Centurion and Healer","floor":29,"turns":6},{"damage":0,"enemies":"Sentry and Sphere","floor":30,"turns":3},{"damage":9,"enemies":"3 Cultists","floor":31,"turns":5},{"damage":34,"enemies":"Collector","floor":33,"turns":9},{"damage":0,"enemies":"Orb Walker","floor":35,"turns":4},{"damage":2,"enemies":"3 Darklings","floor":37,"turns":5},{"damage":22,"enemies":"Maw","floor":39,"turns":6},{"damage":6,"enemies":"Transient","floor":41,"turns":5},{"damage":50,"enemies":"Writhing Mass","floor":42,"turns":5},{"damage":14,"enemies":"Reptomancer","floor":44,"turns":5},{"damage":1,"enemies":"Sphere and 2 Shapes","floor":45,"turns":4},{"damage":35,"enemies":"Giant Head","floor":46,"turns":7},{"damage":9,"enemies":"Jaw Worm Horde","floor":48,"turns":3},{"damage":58,"enemies":"Awakened One","floor":50,"turns":9},{"damage":32,"enemies":"Shield and Spear","floor":54,"turns":6},{"damage":101,"enemies":"The Heart","floor":55,"turns":6}],"seed_played":"5864751179999010037","potions_obtained":[{"floor":3,"key":"SkillPotion"},{"floor":5,"key":"EntropicBrew"},{"floor":6,"key":"Fire Potion"},{"floor":8,"key":"PowerPotion"},{"floor":23,"key":"Fire Potion"},{"floor":25,"key":"SpeedPotion"},{"floor":30,"key":"DuplicationPotion"},{"floor":31,"key":"Regen Potion"},{"floor":42,"key":"EssenceOfSteel"},{"floor":44,"key":"Block Potion"},{"floor":45,"key":"Regen Potion"},{"floor":48,"key":"ElixirPotion"},{"floor":54,"key":"SpeedPotion"}],"is_trial":false,"path_per_floor":["M","?","M","?","M","E","R","E","T","R","E","M","M","M","R","B",null,"M","M","$","?","?","E","M","E","T","E","R","M","M","M","R","B",null,"M","$","M","?","M","R","M","M","T","E","M","E","R","M","R","B",null,"R","$","E","B"],"character_chosen":"IRONCLAD","items_purchased":["Vajra","DollysMirror","Perfected Strike","Impervious","War Paint","Double Tap","Immolate","Art of War","CultistPotion"],"campfire_rested":3,"item_purchase_floors":[20,20,20,53,53,53,53,53,53],"current_hp_per_floor":[80,80,80,80,80,66,66,50,50,50,51,51,57,58,58,53,80,75,69,80,80,80,60,58,29,36,11,37,43,49,46,72,44,87,87,87,87,87,71,71,71,41,41,33,38,34,63,60,60,33,97,97,97,71,0,0],"gold":164,"neow_bonus":"THREE_ENEMY_KILL","is_daily":false,"chose_seed":false,"campfire_upgraded":2,"win_rate":0.0,"timestamp":1611381112,"path_taken":["M","?","?","?","M","E","R","E","T","R","E","M","M","M","R","BOSS","M","M","$","?","?","E","?","E","T","E","R","M","M","M","R","BOSS","M","$","M","?","M","R","M","M","T","E","M","E","R","M","R","BOSS","R","$","E","BOSS"],"items_purchased_type":["Relic","Relic","Card","Card","Relic","Card","Card","Relic","Potion"],"build_version":"2020-12-22","purchased_purges":1,"victory":false,"max_hp_per_floor":[80,80,80,80,80,80,80,80,80,80,80,80,80,80,80,80,80,80,80,80,80,80,80,80,80,87,87,87,87,87,87,87,87,87,87,87,87,87,87,87,87,87,87,87,87,97,97,97,97,97,97,97,97,97,97,97],"card_choices":[{"not_picked":["Rage","Carnage"],"picked":"Perfected Strike","floor":1},{"not_picked":["Flex","Disarm"],"picked":"Anger","floor":3},{"not_picked":["Infernal Blade","Body Slam"],"picked":"Battle Trance","floor":5},{"not_picked":["Rupture","Battle Trance"],"picked":"Iron Wave","floor":6},{"not_picked":["Sever Soul","Berserk"],"picked":"Limit Break","floor":8},{"not_picked":["Havoc","Whirlwind"],"picked":"Flame Barrier","floor":11},{"not_picked":["Evolve","Clash"],"picked":"Inflame","floor":12},{"not_picked":["Thunderclap","Clash"],"picked":"Shrug It Off","floor":13},{"not_picked":["Anger","Cleave"],"picked":"Shrug It Off","floor":14},{"not_picked":["Berserk","Bludgeon"],"picked":"Demon Form","floor":16},{"not_picked":["Spot Weakness+1","Sever Soul+1"],"picked":"True Grit","floor":18},{"not_picked":["Flex","Evolve+1"],"picked":"Clothesline","floor":19},{"not_picked":["Seeing Red+1","Headbutt"],"picked":"Berserk","floor":23},{"not_picked":["Cleave","Fire Breathing+1"],"picked":"Shrug It Off+1","floor":24},{"not_picked":["Body Slam","Ghostly Armor","Armaments"],"picked":"SKIP","floor":25},{"not_picked":["Spot Weakness","Perfected Strike"],"picked":"Sentinel+1","floor":27},{"not_picked":["Flex","Wild Strike+1"],"picked":"Twin Strike","floor":29},{"not_picked":["Wild Strike+1","Cleave+1"],"picked":"Heavy Blade","floor":30},{"not_picked":["Dark Embrace","Perfected Strike","Flex"],"picked":"SKIP","floor":31},{"not_picked":["Berserk","Juggernaut"],"picked":"Impervious","floor":33},{"not_picked":["Dark Embrace+1","Fire Breathing+1","Wild Strike+1"],"picked":"SKIP","floor":35},{"not_picked":["Headbutt","Rupture"],"picked":"Whirlwind","floor":37},{"not_picked":["Whirlwind","Dropkick+1","Cleave"],"picked":"SKIP","floor":39},{"not_picked":["Sword Boomerang","Havoc"],"picked":"Thunderclap+1","floor":41},{"not_picked":["Evolve+1","Anger+1"],"picked":"Pommel Strike+1","floor":42},{"not_picked":["Wild Strike","Second Wind+1","Rampage"],"picked":"SKIP","floor":44},{"not_picked":["Intimidate+1","Dark Embrace+1"],"picked":"Shrug It Off+1","floor":45},{"not_picked":["Clothesline","Wild Strike+1","Body Slam+1"],"picked":"SKIP","floor":46},{"not_picked":["Bloodletting","Anger+1"],"picked":"Battle Trance+1","floor":48},{"not_picked":["Sever Soul+1","Fire Breathing+1","Metallicize+1"],"picked":"SKIP","floor":54}],"player_experience":333237,"relics_obtained":[{"floor":6,"key":"InkBottle"},{"floor":8,"key":"Omamori"},{"floor":9,"key":"HornCleat"},{"floor":11,"key":"Nunchaku"},{"floor":17,"key":"MealTicket"},{"floor":17,"key":"Mercury Hourglass"},{"floor":17,"key":"CaptainsWheel"},{"floor":23,"key":"Old Coin"},{"floor":25,"key":"Tiny Chest"},{"floor":26,"key":"Strawberry"},{"floor":27,"key":"Boot"},{"floor":44,"key":"Pantograph"},{"floor":46,"key":"Pear"},{"floor":54,"key":"Blood Vial"}],"event_choices":[{"damage_healed":0,"gold_gain":0,"player_choice":"Paid Gold","damage_taken":0,"relics_obtained":["Girya"],"max_hp_gain":0,"max_hp_loss":0,"event_name":"WeMeetAgain","floor":2,"gold_loss":78},{"damage_healed":0,"gold_gain":0,"player_choice":"Ignored","damage_taken":0,"max_hp_gain":0,"max_hp_loss":0,"event_name":"Liars Game","floor":4,"gold_loss":0},{"damage_healed":0,"gold_gain":99,"player_choice":"Stole From Cult","damage_taken":0,"max_hp_gain":0,"max_hp_loss":0,"event_name":"Nest","floor":21,"gold_loss":0},{"damage_healed":0,"gold_gain":100,"player_choice":"Pray","damage_taken":0,"max_hp_gain":0,"max_hp_loss":0,"event_name":"Golden Shrine","floor":22,"gold_loss":0},{"damage_healed":0,"gold_gain":0,"player_choice":"Ignored","damage_taken":0,"max_hp_gain":0,"max_hp_loss":0,"event_name":"Tomb of Lord Red Mask","floor":38,"gold_loss":0}],"is_beta":false,"boss_relics":[{"not_picked":["Empty Cage","Runic Dome"],"picked":"Calling Bell"},{"not_picked":["Busted Crown","Philosopher\u0027s Stone"],"picked":"Cursed Key"}],"items_purged_floors":[36],"is_endless":false,"potions_floor_spawned":[3,5,6,8,16,23,25,30,31,33,42,44,45,48,54],"killed_by":"The Heart","ascension_level":2}}