{"host":"04hh9gplt9wkfmr1","time":1611384879,"event":{"mods":["AchievementEnabler","BaseMod","Colored Map","KOR Keyword Fix","Minty Spire (QoL Compilation)","Rare Cards Sparkle","SuperFastMode"],"gold_per_floor":[19,35,35,35,54,54,89,89,89,119,135,135,146,161,161,261,261,277,291,390,423,308,308,324,324,324,324,324,324,356,369,369,468,468,486,534,546,64,83,83,118,118,143,143,143,161,161,161,161,161],"floor_reached":51,"language":"KOR","playtime":1415,"items_purged":["Strike_B","Defend_B"],"score":916,"play_id":"c1af2919-aace-4d30-928c-9ea22329974d","local_time":"20210123155439","is_ascension_mode":true,"campfire_choices":[{"data":"Chaos","floor":6.0,"key":"SMITH"},{"data":"Defragment","floor":8.0,"key":"SMITH"},{"floor":12.0,"key":"REST"},{"data":"Dualcast","floor":15.0,"key":"SMITH"},{"floor":23.0,"key":"REST"},{"floor":25.0,"key":"REST"},{"data":"Electrodynamics","floor":27.0,"key":"SMITH"},{"data":"Genetic Algorithm","floor":29.0,"key":"SMITH"},{"floor":32.0,"key":"REST"},{"floor":40.0,"key":"REST"},{"floor":42.0,"key":"REST"},{"floor":47.0,"key":"REST"},{"floor":49.0,"key":"REST"}],"circlet_count":0,"master_deck":["Defend_B","Defend_B","Zap","Dualcast+1","Defragment+1","Ball Lightning","Chaos+1","Double Energy","Machine Learning","Leap","Ball Lightning","Seek","Genetic Algorithm+1","Darkness","Ball Lightning+1","Static Discharge","Electrodynamics+1","Seek","Echo Form","Rainbow","Glacier+1","Force Field+1","Hologram","Defragment","Blind","Transmutation","Ball Lightning","Heatsinks+1","Stack+1","Coolheaded+1","Loop","Zap+1","Bandage Up+1","Hologram+1","Madness+1","Jack Of All Trades+1","Good Instincts+1"],"relics":["FrozenCore","Darkstone Periapt","Letter Opener","Potion Belt","Red Mask","Du-Vu Doll","Matryoshka","Fusion Hammer","CaptainsWheel","Juzu Bracelet","Toxic Egg 2","Blood Vial"],"acts_visited":["Exordium","TheCity","TheBeyond"],"potions_floor_usage":[50],"damage_taken":[{"damage":1.0,"enemies":"Cultist","floor":1.0,"turns":3.0},{"damage":9.0,"enemies":"Small Slimes","floor":2.0,"turns":4.0},{"damage":7.0,"enemies":"Jaw Worm","floor":5.0,"turns":3.0},{"damage":5.0,"enemies":"Lagavulin","floor":7.0,"turns":7.0},{"damage":20.0,"enemies":"3 Sentries","floor":10.0,"turns":5.0},{"damage":15.0,"enemies":"Exordium Thugs","floor":11.0,"turns":4.0},{"damage":0.0,"enemies":"Large Slime","floor":13.0,"turns":3.0},{"damage":3.0,"enemies":"2 Fungi Beasts","floor":14.0,"turns":3.0},{"damage":22.0,"enemies":"The Guardian","floor":16.0,"turns":7.0},{"damage":6.0,"enemies":"Spheric Guardian","floor":18.0,"turns":4.0},{"damage":2.0,"enemies":"3 Byrds","floor":19.0,"turns":4.0},{"damage":46.0,"enemies":"Masked Bandits","floor":21.0,"turns":4.0},{"damage":7.0,"enemies":"Snecko","floor":24.0,"turns":4.0},{"damage":16.0,"enemies":"Slavers","floor":30.0,"turns":2.0},{"damage":25.0,"enemies":"Shelled Parasite and Fungi","floor":31.0,"turns":4.0},{"damage":30.0,"enemies":"Automaton","floor":33.0,"turns":6.0},{"damage":1.0,"enemies":"3 Shapes","floor":35.0,"turns":2.0},{"damage":29.0,"enemies":"2 Orb Walkers","floor":36.0,"turns":4.0},{"damage":6.0,"enemies":"Orb Walker","floor":37.0,"turns":3.0},{"damage":23.0,"enemies":"Spire Growth","floor":39.0,"turns":5.0},{"damage":8.0,"enemies":"Reptomancer","floor":41.0,"turns":5.0},{"damage":25.0,"enemies":"Transient","floor":46.0,"turns":5.0},{"damage":80,"enemies":"Time Eater","floor":50,"turns":15}],"seed_played":"-8834819217623649487","potions_obtained":[{"floor":1.0,"key":"CultistPotion"},{"floor":3.0,"key":"Fruit Juice"},{"floor":3.0,"key":"ColorlessPotion"},{"floor":3.0,"key":"Weak Potion"},{"floor":10.0,"key":"SkillPotion"},{"floor":13.0,"key":"Energy Potion"},{"floor":14.0,"key":"Ancient Potion"},{"floor":18.0,"key":"Strength Potion"},{"floor":21.0,"key":"DistilledChaos"},{"floor":24.0,"key":"LiquidBronze"},{"floor":36.0,"key":"Energy Potion"},{"floor":37.0,"key":"EssenceOfSteel"},{"floor":41.0,"key":"SkillPotion"}],"is_trial":false,"path_per_floor":["M","M","?","$","M","R","E","R","T","E","M","R","M","M","R","B",null,"M","M","?","?","$","R","M","R","T","R","?","R","E","M","R","B",null,"M","?","M","$","M","R","E","R","T","?","?","M","R","?","R","B",null],"character_chosen":"DEFECT","items_purchased":["Static Discharge","Defragment","Blind","Transmutation","Ball Lightning"],"campfire_rested":8,"item_purchase_floors":[22,38,38,38,38],"current_hp_per_floor":[74,65,70,70,63,63,58,58,58,38,23,47,47,44,44,22,66,60,58,58,12,12,36,29,53,53,53,53,53,37,12,36,6,62,61,32,26,26,3,27,19,43,43,43,80,55,79,69,80,6],"gold":161,"neow_bonus":"REMOVE_TWO","is_daily":false,"chose_seed":false,"campfire_upgraded":5,"win_rate":0.0,"timestamp":1611384879,"path_taken":["M","M","?","?","M","R","E","R","T","E","M","R","M","M","R","BOSS","M","M","?","?","$","R","M","R","T","R","?","R","E","M","R","BOSS","M","?","M","$","M","R","E","R","T","?","?","M","R","?","R","BOSS"],"items_purchased_type":["Card","Card","Card","Card","Card"],"build_version":"2020-12-22","purchased_purges":2,"victory":true,"max_hp_per_floor":[75,75,80,80,80,80,80,80,80,80,80,80,80,80,80,80,80,80,80,80,80,80,80,80,80,80,80,80,80,80,80,80,80,80,80,80,80,80,80,80,80,80,80,80,80,80,80,80,80,80],"card_choices":[{"not_picked":["Ball Lightning","Stack"],"picked":"Defragment","floor":1.0},{"not_picked":["Turbo","Rebound"],"picked":"Ball Lightning","floor":2.0},{"not_picked":["Turbo","Redo"],"picked":"Chaos","floor":5.0},{"not_picked":["Barrage","Darkness"],"picked":"Double Energy","floor":7.0},{"not_picked":["Hologram","Self Repair"],"picked":"Machine Learning","floor":10.0},{"not_picked":["Streamline","Redo"],"picked":"Leap","floor":11.0},{"not_picked":["Beam Cell","Coolheaded","Sweeping Beam"],"picked":"SKIP","floor":13.0},{"not_picked":["Sweeping Beam","Rebound"],"picked":"Ball Lightning","floor":14.0},{"not_picked":["Reboot","Multi-Cast"],"picked":"Seek","floor":16.0},{"not_picked":["Turbo","Stack"],"picked":"Genetic Algorithm","floor":18.0},{"not_picked":["Tempest","Redo+1"],"picked":"Darkness","floor":19.0},{"not_picked":["White Noise","Hello World+1"],"picked":"Ball Lightning+1","floor":21.0},{"not_picked":["Stack","Hologram"],"picked":"Electrodynamics","floor":24.0},{"not_picked":["Redo","Steam"],"picked":"Echo Form","floor":30.0},{"not_picked":["Sweeping Beam","Gash+1","Coolheaded"],"picked":"SKIP","floor":31.0},{"not_picked":["Electrodynamics","Thunder Strike"],"picked":"Rainbow","floor":33.0},{"not_picked":["Heatsinks+1","Rebound+1"],"picked":"Glacier+1","floor":35.0},{"not_picked":["Compile Driver","Sunder"],"picked":"Force Field+1","floor":36.0},{"not_picked":["Fusion","Rebound+1"],"picked":"Hologram","floor":37.0},{"not_picked":["Sweeping Beam+1","Conserve Battery"],"picked":"Heatsinks+1","floor":39.0},{"not_picked":["Steam+1","Meteor Strike"],"picked":"Stack+1","floor":41.0},{"not_picked":["Coolheaded+1","Static Discharge"],"picked":"Hologram+1","floor":46.0},{"not_picked":["Violence+1","Mind Blast"],"picked":"Madness+1","floor":48.0},{"not_picked":["Madness+1","Flash of Steel"],"picked":"Jack Of All Trades+1","floor":48.0},{"not_picked":["Deep Breath+1","PanicButton+1"],"picked":"Good Instincts+1","floor":48.0}],"player_experience":71333,"relics_obtained":[{"floor":7.0,"key":"Darkstone Periapt"},{"floor":9.0,"key":"Letter Opener"},{"floor":10.0,"key":"Potion Belt"},{"floor":21.0,"key":"Red Mask"},{"floor":26.0,"key":"Du-Vu Doll"},{"floor":30.0,"key":"Matryoshka"},{"floor":36.0,"key":"CaptainsWheel"},{"floor":41.0,"key":"Juzu Bracelet"},{"floor":43.0,"key":"Toxic Egg 2"},{"floor":43.0,"key":"Blood Vial"}],"event_choices":[{"damage_healed":0.0,"max_hp_gain":0.0,"max_hp_loss":0.0,"gold_gain":0.0,"event_name":"Lab","player_choice":"Got Potions","floor":3.0,"gold_loss":0.0,"damage_taken":0.0},{"damage_healed":0.0,"max_hp_gain":0.0,"max_hp_loss":0.0,"gold_gain":99.0,"event_name":"Nest","player_choice":"Stole From Cult","floor":20.0,"gold_loss":0.0,"damage_taken":0.0},{"damage_healed":0.0,"max_hp_gain":0.0,"max_hp_loss":0.0,"gold_gain":0.0,"event_name":"Masked Bandits","player_choice":"Fought Bandits","floor":21.0,"gold_loss":0.0,"damage_taken":0.0},{"damage_healed":0.0,"max_hp_gain":0.0,"max_hp_loss":0.0,"gold_gain":0.0,"cards_transformed":["Defend_B","Strike_B"],"event_name":"Drug Dealer","player_choice":"Became Test Subject","floor":28.0,"gold_loss":0.0,"damage_taken":0.0,"cards_obtained":["Seek","Steam Power"]},{"damage_healed":0.0,"max_hp_gain":0.0,"max_hp_loss":0.0,"gold_gain":0.0,"event_name":"Mysterious Sphere","player_choice":"Fight","floor":36.0,"gold_loss":0.0,"damage_taken":0.0},{"damage_healed":0.0,"max_hp_gain":0.0,"max_hp_loss":0.0,"gold_gain":0.0,"event_name":"Match and Keep!","player_choice":"4 cards matched","floor":44.0,"gold_loss":0.0,"damage_taken":0.0,"cards_obtained":["Coolheaded","Loop","Zap","Bandage Up"]},{"cards_removed":["Steam Power"],"damage_healed":37.0,"max_hp_gain":0.0,"max_hp_loss":0.0,"gold_gain":0.0,"event_name":"Bonfire Elementals","player_choice":"Offered Uncommon","floor":45.0,"gold_loss":0.0,"damage_taken":0.0},{"damage_healed":0.0,"max_hp_gain":0.0,"max_hp_loss":0.0,"gold_gain":0.0,"event_name":"SensoryStone","player_choice":"Memory 3","floor":48.0,"gold_loss":0.0,"damage_taken":10.0}],"is_beta":false,"boss_relics":[{"not_picked":["Empty Cage","Philosopher\u0027s Stone"],"picked":"FrozenCore"},{"not_picked":["Coffee Dripper","Sozu"],"picked":"Fusion Hammer"}],"items_purged_floors":[22,38],"is_endless":false,"potions_floor_spawned":[1,10,13,14,18,21,24,36,37,41],"ascension_level":5}}