{"host":"hk3n60c9tb8azi3z","time":1611443106,"event":{"mods":["AchievementEnabler","BaseMod","Minty Spire (QoL Compilation)","Relic Sorter","Relic Stats"],"gold_per_floor":[118,118,137,137,212,240,240,269,269,283,308,328,328,362,362,434,434,434,434,434,434,5,5,5,5,5,5,5,5,5,5,5,5,5,5,5,5,5,5,5,5,5,5,5,5,5,5,5,5,5,5,5],"floor_reached":51,"language":"ENG","playtime":4787,"items_purged":["Shame"],"score":1531,"play_id":"7b39922b-7453-4d73-9f71-b3a3f5383d70","local_time":"20210124000506","is_ascension_mode":true,"campfire_choices":[{"floor":7,"key":"REST"},{"data":"Finisher","floor":15,"key":"SMITH"},{"data":"Footwork","floor":32,"key":"SMITH"},{"data":"Catalyst","floor":40,"key":"SMITH"},{"floor":49,"key":"RECALL"}],"circlet_count":0,"master_deck":["AscendersBane","Survivor","Neutralize+1","Dagger Spray+1","Poisoned Stab+1","Poisoned Stab+1","Backstab","Cloak And Dagger","Finisher+1","Deadly Poison","Footwork+1","Leg Sweep","Night Terror","Blade Dance+1","PiercingWail+1","Malaise","Reflex","Dagger Throw","Acrobatics+1","Deflect","Bullet Time","J.A.X.","Dodge and Roll","Venomology","Bullet Time","Underhanded Strike","Eviscerate","Flying Knee","Cloak And Dagger","Catalyst+1","Accuracy","Quick Slash","Acrobatics+1","Burst+1","Calculated Gamble+1","Bouncing Flask+1","Cloak And Dagger+1","Prepared+1","Bouncing Flask+1"],"relics":["Astrolabe","HornCleat","Toy Ornithopter","Juzu Bracelet","Bag of Preparation","Ice Cream","Ectoplasm","Red Mask","Mercury Hourglass","Tiny Chest","Omamori","Eternal Feather","WarpedTongs","Pandora\u0027s Box","Toxic Egg 2","Ginger","PreservedInsect","Shovel","TungstenRod","MawBank"],"acts_visited":["Exordium","TheCity","TheBeyond"],"potions_floor_usage":[3,11,11,16,20,24,24,33,35,35,36,38,41,41,41,41,42,42,44,44,44,44,47,47,47,50,50,50],"damage_taken":[{"damage":0,"enemies":"2 Louse","floor":1,"turns":2},{"damage":0,"enemies":"Jaw Worm","floor":3,"turns":2},{"damage":7,"enemies":"Lagavulin","floor":6,"turns":5},{"damage":24,"enemies":"Gremlin Nob","floor":8,"turns":4},{"damage":7,"enemies":"Small Slimes","floor":10,"turns":2},{"damage":5,"enemies":"Lagavulin","floor":11,"turns":5},{"damage":0,"enemies":"Exordium Thugs","floor":12,"turns":2},{"damage":0,"enemies":"Gremlin Nob","floor":14,"turns":3},{"damage":35,"enemies":"Slime Boss","floor":16,"turns":12},{"damage":0,"enemies":"Chosen","floor":18,"turns":4},{"damage":2,"enemies":"3 Byrds","floor":19,"turns":6},{"damage":9,"enemies":"Masked Bandits","floor":20,"turns":4},{"damage":3,"enemies":"3 Cultists","floor":23,"turns":6},{"damage":6,"enemies":"Book of Stabbing","floor":24,"turns":5},{"damage":9,"enemies":"Centurion and Healer","floor":25,"turns":5},{"damage":5,"enemies":"Cultist and Chosen","floor":31,"turns":5},{"damage":24,"enemies":"Champ","floor":33,"turns":12},{"damage":3,"enemies":"Orb Walker","floor":35,"turns":3},{"damage":0,"enemies":"3 Shapes","floor":36,"turns":5},{"damage":14,"enemies":"Mind Bloom Boss Battle","floor":38,"turns":6},{"damage":44,"enemies":"Nemesis","floor":41,"turns":5},{"damage":15,"enemies":"2 Orb Walkers","floor":42,"turns":5},{"damage":13,"enemies":"Spire Growth","floor":44,"turns":3},{"damage":13,"enemies":"Jaw Worm Horde","floor":45,"turns":5},{"damage":2,"enemies":"Reptomancer","floor":47,"turns":3},{"damage":16,"enemies":"Maw","floor":48,"turns":6},{"damage":44,"enemies":"Donu and Deca","floor":50,"turns":6},{"damage":30,"enemies":"Time Eater","floor":51,"turns":3}],"seed_played":"-8714042137502556195","potions_obtained":[{"floor":1,"key":"Block Potion"},{"floor":6,"key":"Dexterity Potion"},{"floor":8,"key":"Fruit Juice"},{"floor":11,"key":"PowerPotion"},{"floor":16,"key":"Fire Potion"},{"floor":23,"key":"SteroidPotion"},{"floor":24,"key":"CunningPotion"},{"floor":31,"key":"Energy Potion"},{"floor":33,"key":"Swift Potion"},{"floor":35,"key":"Block Potion"},{"floor":44,"key":"Explosive Potion"},{"floor":45,"key":"SpeedPotion"},{"floor":48,"key":"Energy Potion"}],"is_trial":false,"path_per_floor":["M","?","M","?","?","E","R","E","T","M","E","M","?","E","R","B",null,"M","M","?","?","$","M","E","M","T","?","?","?","$","M","R","B",null,"M","M","T","?","$","R","E","?","T","M","M","T","E","M","R","B","B"],"character_chosen":"THE_SILENT","items_purchased":["Reflex","Tiny Chest","Dagger Throw","PowerPotion"],"campfire_rested":1,"item_purchase_floors":[22,22,22,22],"current_hp_per_floor":[59,64,64,64,53,46,67,43,43,36,46,46,51,51,51,21,62,62,60,56,56,56,53,57,48,48,48,48,48,48,43,61,42,68,73,76,76,64,64,76,52,47,47,54,41,41,54,38,59,30,0,0],"gold":5,"neow_bonus":"BOSS_RELIC","is_daily":false,"chose_seed":false,"campfire_upgraded":3,"win_rate":0.0,"timestamp":1611443106,"path_taken":["M","?","M","?","?","E","R","E","T","M","E","M","?","E","R","BOSS","M","M","?","?","$","M","E","M","T","?","?","?","$","M","R","BOSS","M","M","?","?","?","R","E","?","T","M","M","?","E","M","R","BOSS","BOSS"],"items_purchased_type":["Card","Relic","Card","Potion"],"build_version":"2020-12-22","purchased_purges":1,"victory":false,"max_hp_per_floor":[66,71,71,71,71,71,71,71,71,71,76,76,76,76,76,76,76,76,76,76,76,76,76,76,76,76,76,76,76,76,76,76,76,76,76,76,76,76,76,76,76,76,76,76,76,76,76,76,76,76,76,76],"relic_stats":{"counters":[28,133],"Astrolabe":["Dagger Spray","Poisoned Stab","Poisoned Stab"],"Eternal Feather":51,"PreservedInsect":63,"Juzu Bracelet":3,"Bag of Preparation":[44],"Ginger":[5],"MawBank":0,"Mercury Hourglass":[264],"WarpedTongs":[66],"Shovel":0,"Tiny Chest":2,"Pandora\u0027s Box":["Bullet Time","Underhanded Strike","Eviscerate","Flying Knee","Cloak And Dagger","Catalyst","Accuracy"],"Ectoplasm":480,"obtain_stats":[{"Ice Cream":14,"Astrolabe":0,"Eternal Feather":26,"PreservedInsect":41,"Juzu Bracelet":9,"Bag of Preparation":11,"Omamori":24,"Ginger":38,"MawBank":47,"Mercury Hourglass":21,"WarpedTongs":28,"HornCleat":6,"Shovel":42,"Tiny Chest":22,"Pandora\u0027s Box":34,"Ectoplasm":17,"Red Mask":20,"Toxic Egg 2":37,"Toy Ornithopter":8,"TungstenRod":43,"Ring of the Snake":0},{"Ice Cream":8,"Astrolabe":0,"Eternal Feather":15,"PreservedInsect":21,"Juzu Bracelet":4,"Bag of Preparation":6,"Omamori":14,"Ginger":20,"MawBank":25,"Mercury Hourglass":12,"WarpedTongs":15,"HornCleat":3,"Shovel":22,"Tiny Chest":12,"Pandora\u0027s Box":17,"Ectoplasm":9,"Red Mask":12,"Toxic Egg 2":19,"Toy Ornithopter":4,"TungstenRod":22,"Ring of the Snake":0},{"Ice Cream":25,"Astrolabe":0,"Eternal Feather":67,"PreservedInsect":102,"Juzu Bracelet":13,"Bag of Preparation":20,"Omamori":62,"Ginger":97,"MawBank":118,"Mercury Hourglass":51,"WarpedTongs":67,"HornCleat":9,"Shovel":107,"Tiny Chest":51,"Pandora\u0027s Box":84,"Ectoplasm":37,"Red Mask":51,"Toxic Egg 2":91,"Toy Ornithopter":13,"TungstenRod":107,"Ring of the Snake":0}],"Toy Ornithopter":128,"TungstenRod":22},"card_choices":[{"not_picked":["Endless Agony","Flechettes","Accuracy"],"picked":"SKIP","floor":1},{"not_picked":["PiercingWail","Terror"],"picked":"Backstab","floor":3},{"not_picked":["Choke","Outmaneuver"],"picked":"Cloak And Dagger","floor":6},{"not_picked":["Backstab","Backflip"],"picked":"Finisher","floor":8},{"not_picked":["Backflip","Prepared"],"picked":"Deadly Poison","floor":10},{"not_picked":["Finisher","Prepared"],"picked":"Underhanded Strike","floor":11},{"not_picked":["Predator","Phantasmal Killer"],"picked":"Footwork","floor":12},{"not_picked":["Doppelganger","Sucker Punch"],"picked":"Leg Sweep","floor":14},{"not_picked":["Tools of the Trade","Adrenaline"],"picked":"Night Terror","floor":16},{"not_picked":["Prepared","Underhanded Strike"],"picked":"Blade Dance+1","floor":18},{"not_picked":["Dodge and Roll","Caltrops"],"picked":"PiercingWail+1","floor":19},{"not_picked":["Quick Slash","Outmaneuver"],"picked":"Malaise","floor":20},{"not_picked":["Heel Hook","Prepared"],"picked":"Acrobatics+1","floor":23},{"not_picked":["Heel Hook","Choke"],"picked":"Deflect","floor":24},{"not_picked":["Deflect","Riddle With Holes"],"picked":"Bullet Time","floor":25},{"not_picked":["Acrobatics","Deflect"],"picked":"Dodge and Roll","floor":31},{"not_picked":["Envenom","Night Terror"],"picked":"Venomology","floor":33},{"not_picked":["Choke","Sucker Punch+1"],"picked":"Quick Slash","floor":35},{"not_picked":["Distraction","Slice","Sucker Punch"],"picked":"SKIP","floor":36},{"not_picked":["Cloak And Dagger+1","Poisoned Stab"],"picked":"Acrobatics+1","floor":38},{"not_picked":["Eviscerate","Accuracy+1"],"picked":"Burst+1","floor":41},{"not_picked":["Backflip+1","Deadly Poison+1"],"picked":"Calculated Gamble+1","floor":42},{"not_picked":["Prepared+1","Catalyst+1"],"picked":"Bouncing Flask+1","floor":44},{"not_picked":["Prepared+1","Deadly Poison+1"],"picked":"Cloak And Dagger+1","floor":45},{"not_picked":["Grand Finale","Quick Slash+1"],"picked":"Prepared+1","floor":47},{"not_picked":["Dagger Spray+1","Deadly Poison+1"],"picked":"Bouncing Flask+1","floor":48}],"player_experience":1580551,"relics_obtained":[{"floor":6,"key":"HornCleat"},{"floor":8,"key":"Toy Ornithopter"},{"floor":9,"key":"Juzu Bracelet"},{"floor":11,"key":"Bag of Preparation"},{"floor":14,"key":"Ice Cream"},{"floor":20,"key":"Red Mask"},{"floor":24,"key":"Omamori"},{"floor":26,"key":"Eternal Feather"},{"floor":37,"key":"Toxic Egg 2"},{"floor":38,"key":"Ginger"},{"floor":41,"key":"PreservedInsect"},{"floor":42,"key":"Shovel"},{"floor":43,"key":"TungstenRod"},{"floor":47,"key":"MawBank"}],"event_choices":[{"damage_healed":0,"gold_gain":0,"player_choice":"Donut","damage_taken":0,"max_hp_gain":5,"max_hp_loss":0,"event_name":"Big Fish","floor":2,"gold_loss":0},{"damage_healed":0,"gold_gain":0,"player_choice":"Grow","damage_taken":0,"max_hp_gain":0,"max_hp_loss":0,"event_name":"Living Wall","floor":4,"gold_loss":0,"cards_upgraded":["Neutralize"]},{"damage_healed":0,"gold_gain":75,"player_choice":"Gather Gold","damage_taken":11,"max_hp_gain":0,"max_hp_loss":0,"event_name":"World of Goop","floor":5,"gold_loss":0},{"cards_removed":["Underhanded Strike"],"damage_healed":5,"gold_gain":0,"player_choice":"Offered Common","damage_taken":0,"max_hp_gain":0,"max_hp_loss":0,"event_name":"Bonfire Elementals","floor":13,"gold_loss":0},{"cards_removed":["Underhanded Strike"],"damage_healed":5,"gold_gain":0,"player_choice":"Offered Special","damage_taken":0,"max_hp_gain":0,"max_hp_loss":0,"event_name":"Bonfire Elementals","floor":13,"gold_loss":0},{"damage_healed":0,"gold_gain":0,"player_choice":"Fought Bandits","damage_taken":0,"max_hp_gain":0,"max_hp_loss":0,"event_name":"Masked Bandits","floor":20,"gold_loss":0},{"damage_healed":0,"gold_gain":0,"player_choice":"Stole Relic","damage_taken":0,"relics_obtained":["Mercury Hourglass"],"max_hp_gain":0,"max_hp_loss":0,"event_name":"Addict","floor":21,"gold_loss":0,"cards_obtained":["Shame"]},{"damage_healed":0,"gold_gain":0,"player_choice":"Ignored","damage_taken":0,"max_hp_gain":0,"max_hp_loss":0,"event_name":"Ghosts","floor":27,"gold_loss":0},{"damage_healed":0,"gold_gain":0,"player_choice":"Rummage","damage_taken":0,"relics_obtained":["WarpedTongs"],"max_hp_gain":0,"max_hp_loss":0,"event_name":"Accursed Blacksmith","floor":28,"gold_loss":0,"cards_obtained":["Pain"]},{"damage_healed":0,"gold_gain":0,"player_choice":"Obtain J.A.X.","damage_taken":0,"max_hp_gain":0,"max_hp_loss":0,"event_name":"Drug Dealer","floor":29,"gold_loss":0,"cards_obtained":["J.A.X."]},{"damage_healed":0,"gold_gain":0,"player_choice":"Fight","damage_taken":0,"max_hp_gain":0,"max_hp_loss":0,"event_name":"MindBloom","floor":38,"gold_loss":0},{"damage_healed":0,"gold_gain":0,"player_choice":"Fight","damage_taken":0,"max_hp_gain":0,"max_hp_loss":0,"event_name":"Mysterious Sphere","floor":42,"gold_loss":0}],"is_beta":false,"boss_relics":[{"not_picked":["Calling Bell","SlaversCollar"],"picked":"Ectoplasm"},{"not_picked":["Philosopher\u0027s Stone","Sozu"],"picked":"Pandora\u0027s Box"}],"items_purged_floors":[22],"is_endless":false,"potions_floor_spawned":[1,6,8,11,16,23,24,31,33,35,44,45,48],"killed_by":"Time Eater","ascension_level":20}}