{"host":"qsusua7l529r8z9k","time":1611375465,"event":{"mods":["Act Like it!","BaseMod","Hallownest","Minty Spire (QoL Compilation)","Spicy Shops","StSLib"],"gold_per_floor":[109,109,124,2,152,184,184,184,184,219,231,257,257,276,276,353,403,418,118,131,181,193,228,239,239,239,271,314,327,327,355,355,426,426,445,445,459,25,44,78,78,78,101,101,101,101],"floor_reached":45,"language":"ZHS","playtime":1725,"items_purged":["Strike_P","Doubt","Strike_P","Strike_P+1"],"score":1081,"play_id":"f8d6e057-addd-4f45-a65e-e6d0ac215a71","local_time":"20210123121745","is_ascension_mode":true,"campfire_choices":[{"floor":8.0,"key":"REST"},{"data":"Eruption","floor":13.0,"key":"SMITH"},{"data":"TalkToTheHand","floor":15.0,"key":"SMITH"},{"floor":25.0,"key":"REST"},{"floor":30.0,"key":"REST"},{"data":"Scrawl","floor":32.0,"key":"SMITH"},{"floor":41,"key":"REST"},{"floor":44,"key":"REST"}],"circlet_count":0,"master_deck":["AscendersBane","Strike_P+1","Defend_P","Defend_P","Defend_P","Defend_P","Eruption+1","Vigilance","ReachHeaven","BowlingBash+1","TalkToTheHand+1","DevaForm","Adaptation","InnerPeace","Tantrum","Halt","Fasting2+1","Scrawl+1","WheelKick+1","DeusExMachina","SignatureMove","Omniscience","Hallownest:curseDreamersLament","FearNoEvil","ConjureBlade+1"],"relics":["Runic Pyramid","Membership Card","CaptainsWheel","Yang","Incense Burner","Sundial","Mango","Tiny House","Ice Cream","Orrery","Ornamental Fan","Gremlin Horn","Tiny Chest","Bag of Marbles","Philosopher\u0027s Stone","Hallownest:BeastSealRelic","ClockworkSouvenir","Toxic Egg 2","Sling","Letter Opener","Nunchaku"],"acts_visited":["Exordium","Exordium","Hallownest:CityofTears"],"potions_floor_usage":[45],"damage_taken":[{"damage":0.0,"enemies":"Small Slimes","floor":1.0,"turns":2.0},{"damage":2.0,"enemies":"Jaw Worm","floor":3.0,"turns":3.0},{"damage":22.0,"enemies":"3 Sentries","floor":6.0,"turns":8.0},{"damage":13.0,"enemies":"Gremlin Nob","floor":10.0,"turns":4.0},{"damage":0.0,"enemies":"2 Louse","floor":11.0,"turns":2.0},{"damage":0.0,"enemies":"Lagavulin","floor":12.0,"turns":4.0},{"damage":1.0,"enemies":"Looter","floor":14.0,"turns":2.0},{"damage":21.0,"enemies":"The Guardian","floor":16.0,"turns":10.0},{"damage":12.0,"enemies":"Hallownest:3_Youths","floor":18.0,"turns":5.0},{"damage":4.0,"enemies":"Hallownest:Guard_and_Sentry","floor":20.0,"turns":4.0},{"damage":17.0,"enemies":"Hallownest:Glutton_and_Coward","floor":21.0,"turns":4.0},{"damage":12.0,"enemies":"Hallownest:Master_and_Novice","floor":22.0,"turns":3.0},{"damage":21.0,"enemies":"Hallownest:eliteWatcherKnight","floor":23.0,"turns":10.0},{"damage":3.0,"enemies":"Hallownest:Warrior_and_Youth","floor":24.0,"turns":5.0},{"damage":0.0,"enemies":"Hallownest:eliteSoulWarrior","floor":27.0,"turns":5.0},{"damage":10.0,"enemies":"Hallownest:Glutton_and_Coward","floor":28.0,"turns":4.0},{"damage":6.0,"enemies":"Hallownest:2_Flukemon","floor":29.0,"turns":5.0},{"damage":8.0,"enemies":"Hallownest:Nosk","floor":31.0,"turns":6.0},{"damage":28.0,"enemies":"Hallownest:BossMantisLord","floor":33.0,"turns":6.0},{"damage":46.0,"enemies":"Hallownest:2_Littles","floor":35.0,"turns":5.0},{"damage":8,"enemies":"Hallownest:Shield_Heavy","floor":37,"turns":3},{"damage":1,"enemies":"Hallownest:2_Great","floor":39,"turns":4},{"damage":5,"enemies":"Hallownest:eliteCollector","floor":40,"turns":5},{"damage":63,"enemies":"Hallownest:2_Primals","floor":45,"turns":2}],"seed_played":"-6603703739998815490","potions_obtained":[{"floor":6.0,"key":"EssenceOfSteel"},{"floor":11.0,"key":"SmokeBomb"},{"floor":12.0,"key":"SpeedPotion"},{"floor":16.0,"key":"CultistPotion"},{"floor":17.0,"key":"GamblersBrew"},{"floor":21.0,"key":"BottledMiracle"},{"floor":24.0,"key":"Explosive Potion"},{"floor":31.0,"key":"Block Potion"},{"floor":35.0,"key":"AttackPotion"}],"is_trial":false,"path_per_floor":["M","?","M","$","?","E","T","R","T","E","M","E","R","M","R","B",null,"M","$","M","M","M","E","M","R","T","E","M","M","R","E","R","B",null,"M","?","M","$","M","E","R","$","T","R","?"],"character_chosen":"WATCHER","items_purchased":["Membership Card","Ice Cream","Orrery","ClockworkSouvenir","Toxic Egg 2","Sling"],"campfire_rested":5,"item_purchase_floors":[4,19,19,38,38,38],"current_hp_per_floor":[61,41,39,39,39,17,17,37,37,24,24,38,38,37,37,16,71,59,59,55,38,26,5,2,28,28,28,18,12,38,30,30,2,66,20,20,12,12,11,6,32,32,32,58,0,0],"gold":101,"neow_bonus":"BOSS_RELIC","is_daily":false,"chose_seed":false,"campfire_upgraded":3,"win_rate":0.0,"timestamp":1611375465,"path_taken":["M","?","M","?","?","E","?","R","T","E","M","E","R","M","R","BOSS","M","$","M","M","M","E","M","R","T","E","M","M","R","E","R","BOSS","M","?","?","$","M","E","R","$","T","R","?"],"items_purchased_type":["Relic","Relic","Relic","Relic","Relic","Relic"],"build_version":"2020-12-22","purchased_purges":4,"victory":false,"max_hp_per_floor":[68,68,68,68,68,68,68,68,68,68,68,82,82,82,82,82,87,87,87,87,87,87,87,87,87,87,87,87,87,87,87,87,87,87,87,87,87,87,87,87,87,87,87,87,87,87],"card_choices":[{"not_picked":["CutThroughFate","Prostrate"],"picked":"ReachHeaven","floor":1.0},{"not_picked":["Prostrate","FollowUp","SashWhip"],"picked":"SKIP","floor":3.0},{"not_picked":["Vengeance","ClearTheMind","JustLucky"],"picked":"SKIP","floor":6.0},{"not_picked":["Halt","CarveReality"],"picked":"BowlingBash","floor":10.0},{"not_picked":["ClearTheMind","JustLucky","WaveOfTheHand"],"picked":"SKIP","floor":11.0},{"not_picked":["Prostrate","WaveOfTheHand","Fasting2"],"picked":"SKIP","floor":12.0},{"not_picked":["Prostrate","FlurryOfBlows"],"picked":"TalkToTheHand","floor":14.0},{"not_picked":["SpiritShield","LessonLearned"],"picked":"DevaForm","floor":16.0},{"not_picked":["DeceiveReality+1","ClearTheMind"],"picked":"Adaptation","floor":18.0},{"not_picked":["Collect","Fasting2"],"picked":"InnerPeace","floor":19.0},{"not_picked":["Prostrate","BattleHymn"],"picked":"Tantrum","floor":19.0},{"not_picked":["Evaluate","FlyingSleeves"],"picked":"Halt","floor":19.0},{"not_picked":["PathToVictory","BattleHymn"],"picked":"Fasting2+1","floor":19.0},{"not_picked":["EmptyBody","TalkToTheHand","Nirvana"],"picked":"SKIP","floor":20.0},{"not_picked":["Evaluate","FlyingSleeves+1","EmptyFist+1"],"picked":"SKIP","floor":21.0},{"not_picked":["BowlingBash","Swivel","TalkToTheHand"],"picked":"SKIP","floor":22.0},{"not_picked":["Halt","Tantrum"],"picked":"Scrawl","floor":23.0},{"not_picked":["EmptyFist+1","FollowUp","Consecrate"],"picked":"SKIP","floor":24.0},{"not_picked":["FlyingSleeves","CrushJoints"],"picked":"WheelKick+1","floor":27.0},{"not_picked":["CarveReality","EmptyFist"],"picked":"DeusExMachina","floor":28.0},{"not_picked":["Consecrate","ClearTheMind"],"picked":"SignatureMove","floor":29.0},{"not_picked":["FlurryOfBlows","Perseverance","JustLucky"],"picked":"SKIP","floor":31.0},{"not_picked":["Brilliance","Judgement"],"picked":"Omniscience","floor":33.0},{"not_picked":["Consecrate","SandsOfTime","PathToVictory"],"picked":"SKIP","floor":35.0},{"not_picked":["ThirdEye","Evaluate"],"picked":"FearNoEvil","floor":37},{"not_picked":["TalkToTheHand","WreathOfFlame+1","Study+1"],"picked":"SKIP","floor":39},{"not_picked":["FlurryOfBlows","TalkToTheHand"],"picked":"ConjureBlade+1","floor":40}],"player_experience":464395,"relics_obtained":[{"floor":6.0,"key":"CaptainsWheel"},{"floor":7.0,"key":"Yang"},{"floor":9.0,"key":"Incense Burner"},{"floor":10.0,"key":"Sundial"},{"floor":12.0,"key":"Mango"},{"floor":23.0,"key":"Ornamental Fan"},{"floor":26.0,"key":"Gremlin Horn"},{"floor":27.0,"key":"Tiny Chest"},{"floor":31.0,"key":"Bag of Marbles"},{"floor":40,"key":"Letter Opener"},{"floor":43,"key":"Nunchaku"}],"event_choices":[{"damage_healed":0.0,"max_hp_gain":0.0,"max_hp_loss":0.0,"gold_gain":0.0,"event_name":"Shining Light","player_choice":"Entered Light","floor":2.0,"gold_loss":0.0,"damage_taken":20.0,"cards_upgraded":["Strike_P","Strike_P"]},{"damage_healed":0.0,"max_hp_gain":0.0,"max_hp_loss":0.0,"gold_gain":150.0,"event_name":"Liars Game","player_choice":"AGREE","floor":5.0,"gold_loss":0.0,"damage_taken":0.0,"cards_obtained":["Doubt"]}],"is_beta":false,"boss_relics":[{"not_picked":["SacredBark","Velvet Choker"],"picked":"Tiny House"},{"not_picked":["Calling Bell","Fusion Hammer"],"picked":"Philosopher\u0027s Stone"}],"items_purged_floors":[4,19,38,38],"is_endless":false,"potions_floor_spawned":[6,11,12,16,21,22,24,31,35],"killed_by":"Hallownest:2_Primals","ascension_level":20}}