{"host":"njo8qgvy2a57fcny","time":1611412055,"event":{"mods":["Ascension Unlocker","Aspiration","BaseMod","BetterRewards","CCEM","Colored Map","Colored Powertips","Conspire","Custom Start","Downfall","GifTheSpireLib","Halation","Hermit","Hubris","Infinite Spire","Jedi Mod","Mimic Mod","Minty Spire (QoL Compilation)","Quick Restart","Random Character Button","Random Character Mod","Rare Cards Sparkle","Relic Sorter","Replay The Spire","Shop Mod","StSLib","Stuff the Spire","The Animator","The Jungle","The Runesmith","The Servant 0.9.4","vexMod"],"gold_per_floor":[111,111,37,37,53,80,80,112,112,147,147,60,60,79,79,153,153,163,83,83],"floor_reached":19,"language":"ENG","playtime":1406,"items_purged":[],"score":396,"play_id":"063a509b-fbd4-45ef-8d78-992c08c9e7a2","local_time":"20210124012735","is_ascension_mode":true,"campfire_choices":[{"data":"Hightail","floor":7,"key":"SMITH"},{"data":"Moonlight","floor":11,"key":"SMITH"}],"circlet_count":0,"master_deck":["AscendersBane","Strike_S","Strike_S","Strike_S","Strike_S","Defend_S","Defend_S","Defend_S","KidneyShot","Exchange","FastForward","Luminosity","Hightail+1","Defy","SpecialFormula","Moonlight+1","InstantArmor","Alleviate","Dilation","downfall:Icky","ReplayTheSpireMod:Splinters","animator:Curse_GriefSeed","Collapse"],"relics":["Uniform","NeowsBlessing","hubris:Towel","vexMod:BarristanHead","CCEMRelics:SpiritsEdge","Eternal Feather","jedi:crownofsimplicity","StuffTheSpire:Mouthbags","Art of War","Replay:Ancient Bell","Happy Flower","CCEMRelics:Sandal","halation:Trompette"],"acts_visited":["Exordium","TheCity"],"potions_floor_usage":[8,8,10,18],"damage_taken":[{"damage":0,"enemies":"Small Slimes","floor":1,"turns":1},{"damage":0,"enemies":"2 Louse","floor":5,"turns":1},{"damage":0,"enemies":"Gremlin Nob","floor":6,"turns":1},{"damage":23,"enemies":"3 Sentries","floor":8,"turns":11},{"damage":0,"enemies":"Cultist","floor":10,"turns":11},{"damage":0,"enemies":"Cultist","floor":14,"turns":2},{"damage":46,"enemies":"Fading Forest","floor":16,"turns":13},{"damage":41,"enemies":"3 Byrds","floor":18,"turns":13},{"damage":14,"enemies":"2 Thieves","floor":19,"turns":2}],"seed_played":"-7179214456413875335","potions_obtained":[{"floor":1,"key":"Ancient Potion"},{"floor":5,"key":"SteroidPotion"},{"floor":8,"key":"Explosive Potion"},{"floor":16,"key":"Dexterity Potion"}],"is_trial":false,"path_per_floor":["M","?","$","?","M","E","R","E","T","MIM","R","$","?","M","R","B",null,"M","M"],"character_chosen":"THE_SERVANT","items_purchased":["Luminosity","InstantArmor"],"campfire_rested":0,"item_purchase_floors":[3,12],"current_hp_per_floor":[54,54,54,54,54,54,54,31,31,36,45,45,45,45,54,13,48,12,0,0],"gold":83,"neow_bonus":"THREE_ENEMY_KILL","is_daily":false,"chose_seed":false,"campfire_upgraded":2,"win_rate":0.0,"timestamp":1611412055,"path_taken":["M","?","$","?","?","E","R","E","T","?","R","$","?","M","R","BOSS","M","M"],"items_purchased_type":["Card","Card"],"build_version":"2020-12-22","purchased_purges":0,"victory":false,"max_hp_per_floor":[60,60,60,60,60,60,60,60,60,60,60,60,60,60,60,60,60,60,60,60],"card_choices":[{"not_picked":["Replace","Rewind"],"picked":"FastForward","floor":1},{"not_picked":["Starlight","Revamp"],"picked":"Hightail","floor":5},{"not_picked":["Revamp","Snipe"],"picked":"Defy","floor":6},{"not_picked":["DoubleEdge","Ricochet"],"picked":"SpecialFormula","floor":8},{"not_picked":["Defy","Ricochet"],"picked":"Moonlight","floor":10},{"not_picked":["Reset","ForgedInTime"],"picked":"Alleviate","floor":14},{"not_picked":["SoulSculpture","PendulumOfEternity"],"picked":"Dilation","floor":16},{"not_picked":["StuffTheSpire:GnomedCurse","Delirium"],"picked":"downfall:Icky","floor":17},{"not_picked":["Languid","Overencumbered"],"picked":"ReplayTheSpireMod:Splinters","floor":17},{"not_picked":["Languid","downfall:Haunted"],"picked":"animator:Curse_GriefSeed","floor":17},{"not_picked":["Spin","Unruled"],"picked":"Collapse","floor":18}],"player_experience":678494,"relics_obtained":[{"floor":6,"key":"vexMod:BarristanHead"},{"floor":8,"key":"CCEMRelics:SpiritsEdge"},{"floor":9,"key":"Eternal Feather"},{"floor":10,"key":"jedi:crownofsimplicity"},{"floor":10,"key":"StuffTheSpire:Mouthbags"},{"floor":13,"key":"Art of War"}],"event_choices":[{"cards_removed":["Defend_S"],"damage_healed":0,"gold_gain":0,"player_choice":"Offered Basic","damage_taken":0,"max_hp_gain":0,"max_hp_loss":0,"event_name":"Bonfire Elementals","floor":4,"gold_loss":0}],"is_beta":false,"boss_relics":[{"not_picked":["StuffTheSpire:Kangaroo","Snecko Eye"],"picked":"Replay:Ancient Bell"},{"not_picked":["Ancient Tea Set","Juzu Bracelet"],"picked":"Happy Flower"},{"not_picked":["jedi:HeartOfTheCards","Sundial"],"picked":"CCEMRelics:Sandal"},{"not_picked":["Thread and Needle","StuffTheSpire:NeowsTribute"],"picked":"halation:Trompette"}],"items_purged_floors":[],"is_endless":false,"potions_floor_spawned":[1,5,8,16],"killed_by":"2 Thieves","ascension_level":20}}