{"host":"y76clbnovzmw9ubx","time":1611361889,"event":{"mods":["AchievementEnabler","BaseMod","Minty Spire (QoL Compilation)","Permanent Neow","Relic Stats"],"gold_per_floor":[366,384,25,25,40,69,14,14,14],"floor_reached":8,"language":"ENG","playtime":571,"items_purged":["Clumsy"],"score":112,"play_id":"6509e1fe-f985-496a-9bd1-1ec4bec07e2c","local_time":"20210122193129","is_ascension_mode":true,"campfire_choices":[],"circlet_count":0,"master_deck":["AscendersBane","Strike_G","Strike_G","Strike_G","Strike_G","Defend_G","Defend_G","Defend_G","Defend_G","Defend_G","Survivor","Neutralize","Finisher","Finisher","Well Laid Plans","Endless Agony"],"relics":["Ring of the Snake","Ancient Tea Set","HornCleat"],"acts_visited":["Exordium"],"potions_floor_usage":[6,6],"damage_taken":[{"damage":7,"enemies":"Small Slimes","floor":1,"turns":7},{"damage":1,"enemies":"2 Louse","floor":2,"turns":4},{"damage":4,"enemies":"Cultist","floor":5,"turns":3},{"damage":31,"enemies":"Gremlin Nob","floor":6,"turns":5},{"damage":25,"enemies":"3 Sentries","floor":8,"turns":5}],"seed_played":"-456423133837208708","potions_obtained":[{"floor":1,"key":"Regen Potion"},{"floor":2,"key":"Ancient Potion"}],"is_trial":false,"path_per_floor":["M","M","$","?","M","E","$","E"],"character_chosen":"THE_SILENT","items_purchased":["Ancient Tea Set","Finisher","Well Laid Plans","Dexterity Potion"],"campfire_rested":0,"item_purchase_floors":[3,3,3,7],"current_hp_per_floor":[52,51,51,44,40,23,23,0,0],"gold":14,"neow_bonus":"TWO_FIFTY_GOLD","is_daily":false,"chose_seed":false,"campfire_upgraded":0,"win_rate":0.0,"timestamp":1611361889,"path_taken":["M","M","$","?","M","E","$","E"],"items_purchased_type":["Relic","Card","Card","Potion"],"build_version":"2020-12-22","purchased_purges":1,"victory":false,"max_hp_per_floor":[66,66,66,66,66,66,66,66,66],"relic_stats":{"counters":[5,24],"obtain_stats":[{"HornCleat":6,"Ancient Tea Set":3,"Ring of the Snake":0},{"HornCleat":4,"Ancient Tea Set":2,"Ring of the Snake":0},{"HornCleat":19,"Ancient Tea Set":11,"Ring of the Snake":0}],"Ring of the Snake":[10]},"card_choices":[{"not_picked":["Backflip","PiercingWail"],"picked":"Finisher","floor":1},{"not_picked":["PiercingWail","Calculated Gamble","Prepared"],"picked":"SKIP","floor":2},{"not_picked":["Poisoned Stab","Dodge and Roll"],"picked":"Endless Agony","floor":5},{"not_picked":["Choke","Prepared","Underhanded Strike"],"picked":"SKIP","floor":6}],"player_experience":3102672,"relics_obtained":[{"floor":6,"key":"HornCleat"}],"event_choices":[{"cards_removed":["Strike_G"],"damage_healed":0,"gold_gain":0,"player_choice":"Card Removal","damage_taken":7,"max_hp_gain":0,"max_hp_loss":0,"event_name":"Golden Wing","floor":4,"gold_loss":0}],"is_beta":false,"boss_relics":[],"items_purged_floors":[3],"is_endless":false,"potions_floor_spawned":[1,2],"killed_by":"3 Sentries","ascension_level":20}}