{"host":"l84l8xigz5v5foa2","time":1611417602,"event":{"mods":["2.2 Compatiblity","AchievementEnabler","BaseMod","Better Note","Better Vampires","Card Filter","Colored Map","DeckTracker","Gremlin Skip","Highlight Path","Keyboard Shortcuts","Minty Spire (QoL Compilation)","Permanent Neow","Quick Restart","Relic Filter","Relic Stats","Shop Mod","StSLib","SuperFastMode","Transform Curses","Unknown Chances"],"gold_per_floor":[112,112,112,132,132,132,163,163,190,265,278,313,12,45,45,140,140,164,100,113,127,151,151,194,194,265,265,265,190,228,228,228,327,327,351,364,364,364,364,364,397,397,397,397,233,233,27,43,43,43,43,43,26,26,26],"floor_reached":54,"language":"KOR","playtime":2516,"items_purged":["Strike_G","Strike_G","Pain"],"score":1565,"play_id":"ac160c2d-27ed-40b7-b9f0-86748dd3c13e","local_time":"20210124010002","is_ascension_mode":true,"campfire_choices":[{"floor":6.0,"key":"REST"},{"data":"Neutralize","floor":8.0,"key":"SMITH"},{"data":"Well Laid Plans","floor":15.0,"key":"SMITH"},{"data":"Tactician","floor":23.0,"key":"SMITH"},{"data":"Cloak And Dagger","floor":25.0,"key":"SMITH"},{"data":"Blade Dance","floor":27.0,"key":"SMITH"},{"data":"Prepared","floor":32.0,"key":"SMITH"},{"data":"Night Terror","floor":40.0,"key":"SMITH"},{"data":"Prepared","floor":42.0,"key":"SMITH"},{"data":"Venomology","floor":44.0,"key":"SMITH"},{"floor":49.0,"key":"RECALL"},{"floor":52.0,"key":"DIG"}],"circlet_count":0,"master_deck":["AscendersBane","Strike_G+1","Defend_G","Defend_G","Defend_G+1","Survivor","Neutralize+1","Dodge and Roll","Venomology+1","Dagger Throw","Backstab","Cloak And Dagger+1","Backflip","Storm of Steel","Masterful Stab","Well Laid Plans+1","Night Terror+1","Tactician+1","Prepared+1","Blade Dance+1","Blade Dance+1","Leg Sweep+1","Blur","Glass Knife","Purity","Madness","Madness","Prepared+1","Flechettes","Finisher"],"relics":["Ring of the Snake","PreservedInsect","Golden Idol","Odd Mushroom","Ancient Tea Set","Bag of Marbles","Membership Card","Shuriken","Strawberry","SacredBark","Shovel","Ornamental Fan","Centennial Puzzle","WristBlade","Kunai","Pantograph","Frozen Eye","WarpedTongs","Gambling Chip","White Beast Statue"],"acts_visited":["Exordium","TheCity","TheBeyond","TheEnding"],"potions_floor_usage":[],"damage_taken":[{"damage":0.0,"enemies":"Small Slimes","floor":1.0,"turns":7.0},{"damage":0.0,"enemies":"Jaw Worm","floor":4.0,"turns":4.0},{"damage":0.0,"enemies":"The Mushroom Lair","floor":7.0,"turns":3.0},{"damage":0.0,"enemies":"2 Louse","floor":11.0,"turns":2.0},{"damage":0.0,"enemies":"3 Sentries","floor":12.0,"turns":6.0},{"damage":0.0,"enemies":"Gremlin Nob","floor":14.0,"turns":2.0},{"damage":0.0,"enemies":"Slime Boss","floor":16.0,"turns":4.0},{"damage":0.0,"enemies":"Chosen","floor":18.0,"turns":6.0},{"damage":0.0,"enemies":"2 Thieves","floor":20.0,"turns":3.0},{"damage":1.0,"enemies":"Centurion and Healer","floor":21.0,"turns":5.0},{"damage":3.0,"enemies":"Chosen and Byrds","floor":22.0,"turns":4.0},{"damage":0.0,"enemies":"Gremlin Leader","floor":24.0,"turns":5.0},{"damage":0.0,"enemies":"Slavers","floor":30.0,"turns":3.0},{"damage":0.0,"enemies":"Automaton","floor":33.0,"turns":8.0},{"damage":0.0,"enemies":"Orb Walker","floor":35.0,"turns":1.0},{"damage":0.0,"enemies":"3 Darklings","floor":36.0,"turns":3.0},{"damage":5.0,"enemies":"Giant Head","floor":41.0,"turns":4.0},{"damage":0.0,"enemies":"Jaw Worm Horde","floor":48.0,"turns":5.0},{"damage":27.0,"enemies":"Time Eater","floor":50.0,"turns":9.0},{"damage":61,"enemies":"Shield and Spear","floor":54,"turns":5}],"seed_played":"8603885072857247734","potions_obtained":[{"floor":7.0,"key":"DistilledChaos"},{"floor":20.0,"key":"Ancient Potion"},{"floor":21.0,"key":"Fire Potion"},{"floor":36.0,"key":"Weak Potion"}],"is_trial":false,"path_per_floor":["M","?","?","M","?","R","?","R","T","?","M","E","$","E","R","B",null,"M","$","M","M","M","R","E","R","T","R","T","?","E","?","R","B",null,"M","M","?","?","?","R","E","R","T","R","$","?","$","M","R","B",null,"R","$","E"],"character_chosen":"THE_SILENT","items_purchased":["Membership Card","Shuriken","Masterful Stab","Prepared","Flechettes","Frozen Eye","Gambling Chip","Finisher"],"campfire_rested":1,"item_purchase_floors":[13,13,13,19,45,45,47,53],"current_hp_per_floor":[44,24,6,6,6,24,24,24,24,13,13,13,13,20,20,20,55,55,55,55,54,51,51,51,51,51,51,51,51,51,51,51,51,63,63,63,53,53,41,41,36,36,36,36,36,36,36,36,36,34,59,59,59,0,0],"gold":26,"neow_bonus":"TRANSFORM_TWO_CARDS","is_daily":false,"chose_seed":false,"campfire_upgraded":9,"win_rate":0.0,"timestamp":1611417602,"path_taken":["M","?","?","M","?","R","?","R","T","?","?","E","$","E","R","BOSS","M","$","?","M","M","R","E","R","T","R","?","?","E","?","R","BOSS","M","?","?","?","?","R","E","R","T","R","$","?","$","M","R","BOSS","R","$","E"],"items_purchased_type":["Relic","Relic","Card","Card","Card","Relic","Relic","Card"],"build_version":"2020-12-22","purchased_purges":3,"victory":false,"max_hp_per_floor":[66,66,66,66,60,60,60,60,60,60,60,60,60,67,67,67,67,67,67,67,67,67,67,67,67,67,67,67,67,67,67,67,67,67,67,67,67,67,67,67,67,67,67,67,67,67,67,67,67,67,67,67,67,67,67],"relic_stats":{"counters":[20,89],"Golden Idol":132,"PreservedInsect":348,"WarpedTongs":[19],"Centennial Puzzle":[9],"Shovel":1,"Shuriken":[65],"Ornamental Fan":[172],"Pantograph":25,"Gambling Chip":[12],"Kunai":[17],"obtain_stats":[{"Golden Idol":5,"SacredBark":17,"PreservedInsect":3,"Odd Mushroom":7,"Ancient Tea Set":9,"White Beast Statue":52,"WarpedTongs":46,"Frozen Eye":45,"Centennial Puzzle":30,"Shovel":24,"WristBlade":34,"Shuriken":13,"Ornamental Fan":26,"Strawberry":14,"Pantograph":43,"Gambling Chip":47,"Bag of Marbles":12,"Membership Card":13,"Kunai":41,"Ring of the Snake":0},{"Golden Idol":2,"SacredBark":7,"PreservedInsect":1,"Odd Mushroom":3,"Ancient Tea Set":3,"White Beast Statue":19,"WarpedTongs":17,"Frozen Eye":17,"Centennial Puzzle":13,"Shovel":12,"WristBlade":14,"Shuriken":5,"Ornamental Fan":12,"Strawberry":6,"Pantograph":17,"Gambling Chip":17,"Bag of Marbles":5,"Membership Card":5,"Kunai":17,"Ring of the Snake":0},{"Golden Idol":11,"SacredBark":28,"PreservedInsect":7,"Odd Mushroom":14,"Ancient Tea Set":14,"White Beast Statue":84,"WarpedTongs":70,"Frozen Eye":70,"Centennial Puzzle":54,"Shovel":51,"WristBlade":62,"Shuriken":22,"Ornamental Fan":51,"Strawberry":24,"Pantograph":70,"Gambling Chip":70,"Bag of Marbles":22,"Membership Card":22,"Kunai":70,"Ring of the Snake":0}],"Ring of the Snake":[40]},"card_choices":[{"not_picked":["Prepared","Backflip"],"picked":"Dagger Throw","floor":1.0},{"not_picked":["All Out Attack","Underhanded Strike"],"picked":"Backstab","floor":4.0},{"not_picked":["Outmaneuver","Acrobatics"],"picked":"Cloak And Dagger","floor":7.0},{"not_picked":["Prepared","Acrobatics"],"picked":"Backflip","floor":11.0},{"not_picked":["Slice","Venomology"],"picked":"Storm of Steel","floor":12.0},{"not_picked":["Terror","Footwork"],"picked":"Well Laid Plans","floor":14.0},{"not_picked":["Doppelganger","Glass Knife"],"picked":"Night Terror","floor":16.0},{"not_picked":["Riddle With Holes","Quick Slash"],"picked":"Tactician","floor":18.0},{"not_picked":["Acrobatics","Flying Knee"],"picked":"Blade Dance+1","floor":20.0},{"not_picked":["Glass Knife","Slice"],"picked":"Blade Dance","floor":21.0},{"not_picked":["Outmaneuver+1","Poisoned Stab"],"picked":"Leg Sweep+1","floor":22.0},{"not_picked":["Sucker Punch","Leg Sweep","Catalyst"],"picked":"SKIP","floor":24.0},{"not_picked":["Envenom","Deflect"],"picked":"Blur","floor":30.0},{"not_picked":["Venomology","Malaise"],"picked":"Glass Knife","floor":33.0},{"not_picked":["Dagger Spray+1","Outmaneuver","Dodge and Roll"],"picked":"SKIP","floor":35.0},{"not_picked":["Prepared","Well Laid Plans","Dodge and Roll"],"picked":"SKIP","floor":36.0},{"not_picked":["Deep Breath","Dark Shackles"],"picked":"Purity","floor":37.0},{"not_picked":["Dagger Spray","Quick Slash+1"],"picked":"Prepared","floor":41.0},{"not_picked":["Slice","All Out Attack+1","Prepared"],"picked":"SKIP","floor":48.0}],"player_experience":1416803,"relics_obtained":[{"floor":7.0,"key":"Odd Mushroom"},{"floor":9.0,"key":"Ancient Tea Set"},{"floor":12.0,"key":"Bag of Marbles"},{"floor":14.0,"key":"Strawberry"},{"floor":24.0,"key":"Shovel"},{"floor":26.0,"key":"Ornamental Fan"},{"floor":30.0,"key":"Centennial Puzzle"},{"floor":41.0,"key":"Kunai"},{"floor":43.0,"key":"Pantograph"},{"floor":52.0,"key":"White Beast Statue"}],"event_choices":[{"damage_healed":0.0,"max_hp_gain":0.0,"max_hp_loss":0.0,"gold_gain":0.0,"event_name":"Shining Light","player_choice":"Entered Light","floor":2.0,"gold_loss":0.0,"damage_taken":20.0,"cards_upgraded":["Strike_G","Defend_G"]},{"damage_healed":0.0,"max_hp_gain":0.0,"max_hp_loss":0.0,"gold_gain":0.0,"event_name":"Scrap Ooze","player_choice":"Success","floor":3.0,"gold_loss":0.0,"damage_taken":18.0,"relics_obtained":["PreservedInsect"]},{"damage_healed":0.0,"max_hp_gain":0.0,"max_hp_loss":6.0,"gold_gain":0.0,"event_name":"Golden Idol","player_choice":"Lose Max HP","floor":5.0,"gold_loss":0.0,"damage_taken":0.0,"relics_obtained":["Golden Idol"]},{"damage_healed":0.0,"max_hp_gain":0.0,"max_hp_loss":0.0,"gold_gain":0.0,"event_name":"Mushrooms","player_choice":"Fought Mushrooms","floor":7.0,"gold_loss":0.0,"damage_taken":0.0},{"damage_healed":0.0,"max_hp_gain":0.0,"max_hp_loss":0.0,"gold_gain":75.0,"event_name":"World of Goop","player_choice":"Gather Gold","floor":10.0,"gold_loss":0.0,"damage_taken":11.0},{"cards_removed":["Strike_G"],"damage_healed":0.0,"max_hp_gain":0.0,"max_hp_loss":0.0,"gold_gain":0.0,"event_name":"Beggar","player_choice":"Gave Gold","floor":29.0,"gold_loss":75.0,"damage_taken":0.0},{"cards_removed":["Defend_G"],"damage_healed":0.0,"max_hp_gain":0.0,"max_hp_loss":0.0,"gold_gain":0.0,"event_name":"Bonfire Elementals","player_choice":"Offered Basic","floor":31.0,"gold_loss":0.0,"damage_taken":0.0},{"damage_healed":0.0,"max_hp_gain":0.0,"max_hp_loss":0.0,"gold_gain":0.0,"event_name":"SensoryStone","player_choice":"Memory 3","floor":37.0,"gold_loss":0.0,"damage_taken":10.0},{"damage_healed":0.0,"max_hp_gain":0.0,"max_hp_loss":0.0,"gold_gain":0.0,"event_name":"Tomb of Lord Red Mask","player_choice":"Ignored","floor":38.0,"gold_loss":0.0,"damage_taken":0.0},{"damage_healed":0.0,"max_hp_gain":0.0,"max_hp_loss":0.0,"gold_gain":0.0,"event_name":"Winding Halls","player_choice":"Embrace Madness","floor":39.0,"gold_loss":0.0,"damage_taken":12.0,"cards_obtained":["Madness","Madness"]},{"damage_healed":0.0,"max_hp_gain":0.0,"max_hp_loss":0.0,"gold_gain":0.0,"event_name":"Accursed Blacksmith","player_choice":"Rummage","floor":46.0,"gold_loss":0.0,"damage_taken":0.0,"relics_obtained":["WarpedTongs"],"cards_obtained":["Pain"]}],"is_beta":false,"boss_relics":[{"not_picked":["Sozu","Empty Cage"],"picked":"SacredBark"},{"not_picked":["SlaversCollar","Astrolabe"],"picked":"WristBlade"}],"items_purged_floors":[19,45,47],"is_endless":false,"potions_floor_spawned":[7,14,20,21,22,24,35,36],"killed_by":"Shield and Spear","ascension_level":15}}