{"host":"9ubnrp80z7gv8v8p","time":1611390150,"event":{"mods":["AchievementEnabler","BaseMod","Better Altar","Better Match","Better Note","Better Sensory Stone","Better Skull","Better Third Choice","Better Vampires","BetterRewards","Block Reminder","Colored Map","DeckTracker","Displayed Cursed Tome","Highlight Path","Minty Spire (QoL Compilation)","Quick Restart","Rare Cards Sparkle","Relic Stats","Spire Birthday Party","StSLib","everything is the same but u backflip on backflip","slay the spire mod where everything is the same but ironclad has a cowboy hat"],"gold_per_floor":[110,110,128,146,146,146,173,173,197,197,213,223,241,166,166,262,262,276,276,91,103,103,103,114,114,161,180,190,271,146,146,146],"floor_reached":31,"language":"ENG","playtime":1365,"items_purged":["Defend_P","Strike_P","CarveReality"],"score":330,"play_id":"7a27901c-68d5-4347-af67-1a285aea8d22","local_time":"20210123022230","is_ascension_mode":true,"campfire_choices":[{"data":"Perseverance","floor":6.0,"key":"SMITH"},{"data":"Wish","floor":8.0,"key":"SMITH"},{"data":"Eruption","floor":10.0,"key":"SMITH"},{"floor":15.0,"key":"REST"},{"data":"WindmillStrike","floor":23.0,"key":"SMITH"},{"floor":25.0,"key":"REST"}],"circlet_count":0,"master_deck":["Strike_P","Strike_P","Strike_P","Defend_P","Defend_P","Eruption+1","Vigilance","WindmillStrike+1","Transmutation","Perseverance+1","Consecrate","Wish+1","FollowUp","JustLucky","Alpha","Bandage Up","PathToVictory"],"relics":["PureWater","NeowsBlessing","Centennial Puzzle","Toy Ornithopter","Busted Crown","Bag of Preparation","Matryoshka"],"acts_visited":["Exordium","TheCity"],"potions_floor_usage":[27,27,27,27,27,28,31],"damage_taken":[{"damage":0.0,"enemies":"Cultist","floor":1.0,"turns":1.0},{"damage":0.0,"enemies":"Small Slimes","floor":3.0,"turns":1.0},{"damage":0.0,"enemies":"Jaw Worm","floor":4.0,"turns":1.0},{"damage":32.0,"enemies":"Gremlin Nob","floor":7.0,"turns":4.0},{"damage":7.0,"enemies":"Red Slaver","floor":11.0,"turns":5.0},{"damage":4.0,"enemies":"2 Fungi Beasts","floor":12.0,"turns":2.0},{"damage":20.0,"enemies":"Exordium Thugs","floor":13.0,"turns":4.0},{"damage":0.0,"enemies":"Slime Boss","floor":16.0,"turns":4.0},{"damage":44.0,"enemies":"3 Byrds","floor":18.0,"turns":4.0},{"damage":42.0,"enemies":"2 Thieves","floor":21.0,"turns":3.0},{"damage":39.0,"enemies":"Centurion and Healer","floor":24.0,"turns":6.0},{"damage":0,"enemies":"Chosen and Byrds","floor":27,"turns":2},{"damage":39,"enemies":"3 Cultists","floor":28,"turns":5},{"damage":46,"enemies":"Centurion and Healer","floor":31,"turns":2}],"seed_played":"5152841019402188343","potions_obtained":[{"floor":3.0,"key":"Explosive Potion"},{"floor":5.0,"key":"Fire Potion"},{"floor":5.0,"key":"EntropicBrew"},{"floor":12.0,"key":"FairyPotion"},{"floor":13.0,"key":"SkillPotion"},{"floor":16.0,"key":"Energy Potion"},{"floor":27,"key":"SneckoOil"},{"floor":28,"key":"FearPotion"}],"is_trial":false,"path_per_floor":["M","?","M","M","?","R","E","R","T","R","M","M","M","$","R","B",null,"M","?","$","M","?","R","M","R","T","M","M","T","$","M"],"character_chosen":"WATCHER","items_purchased":["Bandage Up"],"campfire_rested":2,"item_purchase_floors":[20],"current_hp_per_floor":[72,72,72,72,72,72,40,40,40,40,33,34,14,14,35,40,72,28,28,28,21,45,45,10,31,31,69,33,33,33,0,0],"gold":146,"neow_bonus":"THREE_ENEMY_KILL","is_daily":false,"chose_seed":false,"campfire_upgraded":4,"win_rate":0.0,"timestamp":1611390150,"path_taken":["M","?","?","M","?","R","E","R","T","R","M","M","?","$","R","BOSS","M","?","?","M","?","R","M","R","T","M","M","?","$","?"],"items_purchased_type":["Card"],"build_version":"2020-12-22","purchased_purges":3,"victory":false,"max_hp_per_floor":[72,72,72,72,72,72,72,72,72,72,72,72,72,72,72,72,72,72,72,72,72,72,72,72,72,72,72,72,72,72,72,72],"relic_stats":{"Centennial Puzzle":[24],"Busted Crown":10,"counters":[14,44],"Bag of Preparation":[6],"obtain_stats":[{"Centennial Puzzle":7,"Busted Crown":17,"Matryoshka":29,"NeowsBlessing":0,"Bag of Preparation":26,"PureWater":0,"Toy Ornithopter":9},{"Centennial Puzzle":4,"Busted Crown":8,"Matryoshka":13,"NeowsBlessing":0,"Bag of Preparation":11,"PureWater":0,"Toy Ornithopter":4},{"Centennial Puzzle":7,"Busted Crown":22,"Matryoshka":42,"NeowsBlessing":0,"Bag of Preparation":35,"PureWater":0,"Toy Ornithopter":7}],"Toy Ornithopter":23},"card_choices":[{"not_picked":["Evaluate","Halt"],"picked":"WindmillStrike","floor":1.0},{"not_picked":["Blind","Mind Blast"],"picked":"Transmutation","floor":2.0},{"not_picked":["WindmillStrike","DeceiveReality"],"picked":"Perseverance","floor":3.0},{"not_picked":["Worship","ThirdEye"],"picked":"Consecrate","floor":4.0},{"not_picked":["JustLucky","WreathOfFlame"],"picked":"Wish","floor":7.0},{"not_picked":["EmptyFist","EmptyBody","Halt"],"picked":"SKIP","floor":11.0},{"not_picked":["EmptyFist","EmptyBody","Halt"],"picked":"SKIP","floor":11.0},{"not_picked":["BowlingBash","Halt"],"picked":"FollowUp","floor":12.0},{"not_picked":["EmptyFist","FollowUp"],"picked":"JustLucky","floor":13.0},{"not_picked":["SpiritShield","Scrawl"],"picked":"Alpha","floor":16.0},{"not_picked":["Collect"],"picked":"SKIP","floor":18.0},{"not_picked":["Evaluate"],"picked":"SKIP","floor":21.0},{"not_picked":[],"picked":"PathToVictory","floor":24.0},{"not_picked":["EmptyFist"],"picked":"SKIP","floor":27},{"not_picked":["FlyingSleeves"],"picked":"SKIP","floor":28}],"player_experience":898614,"relics_obtained":[{"floor":7.0,"key":"Centennial Puzzle"},{"floor":9.0,"key":"Toy Ornithopter"},{"floor":26.0,"key":"Bag of Preparation"},{"floor":29,"key":"Matryoshka"}],"event_choices":[{"damage_healed":0.0,"max_hp_gain":0.0,"max_hp_loss":0.0,"gold_gain":1.0,"event_name":"betterStone:BetterStone","player_choice":"1","floor":2.0,"gold_loss":0.0,"damage_taken":0.0},{"damage_healed":0.0,"max_hp_gain":0.0,"max_hp_loss":0.0,"gold_gain":0.0,"event_name":"Lab","player_choice":"Got Potions","floor":5.0,"gold_loss":0.0,"damage_taken":0.0},{"damage_healed":0.0,"max_hp_gain":0.0,"max_hp_loss":0.0,"gold_gain":0.0,"cards_transformed":["Defend_P"],"event_name":"Transmorgrifier","player_choice":"Transformed","floor":19.0,"gold_loss":0.0,"damage_taken":0.0,"cards_obtained":["CarveReality"]},{"damage_healed":24.0,"max_hp_gain":0.0,"max_hp_loss":0.0,"gold_gain":0.0,"event_name":"The Library","player_choice":"Heal","floor":22.0,"gold_loss":0.0,"damage_taken":0.0}],"is_beta":false,"boss_relics":[{"not_picked":["Ectoplasm","Empty Cage"],"picked":"Busted Crown"}],"items_purged_floors":[14,20,30],"is_endless":false,"potions_floor_spawned":[3,12,13,16,27,28],"killed_by":"Centurion and Healer","ascension_level":3}}