{"host":"mku5fdaoqz3qihec","time":1611436116,"event":{"mods":["2.2 Compatiblity","AchievementEnabler","BaseMod","Colored Map","Colored Powertips","Hermit","Minty Spire (QoL Compilation)","Rare Cards Sparkle","StSLib","SuperFastMode","The Dragon Tamer","The Servant 0.9.4"],"gold_per_floor":[360,380,390,46,46,79,95,114,138,138,138,158,158,171,171,275,275,289,289,307,322,335,335,350,19,97,115,115,142,142,142],"floor_reached":30,"language":"KOR","playtime":744,"items_purged":["hermit:Strike_Hermit"],"score":256,"play_id":"55b6d8e6-ce39-4bb8-8f00-e7e6a05cbf4c","local_time":"20210124060836","is_ascension_mode":false,"campfire_choices":[{"data":"hermit:Vantage","floor":11.0,"key":"SMITH"},{"data":"hermit:HighNoon","floor":13.0,"key":"SMITH"},{"data":"hermit:WideOpen","floor":15.0,"key":"SMITH"},{"data":"hermit:CalledShot","floor":23.0,"key":"SMITH"}],"circlet_count":0,"master_deck":["hermit:Strike_Hermit","hermit:Strike_Hermit","hermit:Defend_Hermit","hermit:Defend_Hermit","hermit:Defend_Hermit","hermit:Defend_Hermit","hermit:Snapshot","hermit:Covet","hermit:ItchyTrigger","hermit:Enervate","hermit:WideOpen+1","hermit:Headshot","hermit:Glare","hermit:Vantage+1","hermit:HighNoon+1","hermit:ItchyTrigger","hermit:CalledShot+1","hermit:BlackWind","hermit:CalledShot"],"relics":["hermit:Momento","Ginger","PreservedInsect","Toy Ornithopter","Bag of Preparation","Coffee Dripper","Gremlin Horn","Frozen Egg 2","Potion Belt"],"acts_visited":["Exordium","TheCity"],"potions_floor_usage":[29],"damage_taken":[{"damage":0.0,"enemies":"2 Louse","floor":1.0,"turns":2.0},{"damage":1.0,"enemies":"Cultist","floor":2.0,"turns":3.0},{"damage":0.0,"enemies":"Small Slimes","floor":3.0,"turns":2.0},{"damage":25.0,"enemies":"3 Sentries","floor":6.0,"turns":7.0},{"damage":11.0,"enemies":"3 Louse","floor":7.0,"turns":3.0},{"damage":0.0,"enemies":"Blue Slaver","floor":8.0,"turns":1.0},{"damage":0.0,"enemies":"Exordium Wildlife","floor":12.0,"turns":2.0},{"damage":0.0,"enemies":"3 Louse","floor":14.0,"turns":3.0},{"damage":6.0,"enemies":"Slime Boss","floor":16.0,"turns":9.0},{"damage":0.0,"enemies":"Chosen","floor":18.0,"turns":3.0},{"damage":19.0,"enemies":"Shell Parasite","floor":20.0,"turns":4.0},{"damage":7.0,"enemies":"Centurion and Healer","floor":21.0,"turns":4.0},{"damage":15.0,"enemies":"Snake Plant","floor":22.0,"turns":3.0},{"damage":14.0,"enemies":"3 Cultists","floor":24.0,"turns":6.0},{"damage":5.0,"enemies":"Snecko","floor":27.0,"turns":3.0},{"damage":16,"enemies":"Slavers","floor":29,"turns":2},{"damage":8,"enemies":"Centurion and Healer","floor":30,"turns":2}],"seed_played":"2917343965565334623","potions_obtained":[{"floor":1.0,"key":"Block Potion"},{"floor":6.0,"key":"FearPotion"},{"floor":7.0,"key":"BlessingOfTheForge"},{"floor":20.0,"key":"hermit:Tonic"},{"floor":22.0,"key":"GamblersBrew"}],"is_trial":false,"path_per_floor":["M","M","M","$","?","E","M","M","T","?","R","M","R","M","R","B",null,"M","?","M","M","M","R","M","$","T","M","?","E","M"],"character_chosen":"HERMIT","items_purchased":["Ginger","hermit:Headshot","Gremlin Horn"],"campfire_rested":0,"item_purchase_floors":[4,4,25],"current_hp_per_floor":[68,67,67,67,72,47,36,36,36,36,36,36,36,41,41,35,73,73,73,54,47,37,37,23,23,23,18,18,7,0,0],"gold":142,"neow_bonus":"TWO_FIFTY_GOLD","is_daily":false,"chose_seed":false,"campfire_upgraded":4,"win_rate":0.0,"timestamp":1611436116,"path_taken":["M","M","M","$","?","E","M","M","T","?","R","M","R","M","R","BOSS","M","?","M","M","?","R","?","$","T","M","?","E","M"],"items_purchased_type":["Relic","Card","Relic"],"build_version":"2020-12-22","purchased_purges":1,"victory":false,"max_hp_per_floor":[68,68,68,68,73,73,73,73,73,73,73,73,73,73,73,73,73,73,73,73,73,73,73,73,73,73,73,73,73,73,73],"card_choices":[{"not_picked":["hermit:CursedWeapon","hermit:NoHoldsBarred"],"picked":"hermit:ItchyTrigger","floor":1.0},{"not_picked":["hermit:Cheat","hermit:Glare"],"picked":"hermit:Enervate","floor":2.0},{"not_picked":["hermit:NoHoldsBarred","hermit:Grudge"],"picked":"hermit:WideOpen","floor":3.0},{"not_picked":["hermit:Brawl","hermit:Determination"],"picked":"hermit:Glare","floor":6.0},{"not_picked":["hermit:Scavenge","hermit:DeadMansHand","hermit:Quickdraw"],"picked":"SKIP","floor":7.0},{"not_picked":["hermit:Quickdraw","hermit:SprayPray"],"picked":"hermit:Vantage","floor":8.0},{"not_picked":["hermit:Glare","hermit:LowProfile"],"picked":"hermit:HighNoon","floor":12.0},{"not_picked":["hermit:Desperado","hermit:Vantage"],"picked":"hermit:ItchyTrigger","floor":14.0},{"not_picked":["hermit:Determination","hermit:Horror+1","hermit:LoneWolf+1"],"picked":"SKIP","floor":18.0},{"not_picked":["hermit:Glare","hermit:GoldenBullet","hermit:HighCaliber"],"picked":"SKIP","floor":20.0},{"not_picked":["hermit:LowProfile+1","hermit:Gestalt","hermit:FullyLoaded"],"picked":"SKIP","floor":21.0},{"not_picked":["hermit:Roulette+1","hermit:SprayPray"],"picked":"hermit:CalledShot","floor":22.0},{"not_picked":["hermit:Manifest","hermit:Desperado"],"picked":"hermit:BlackWind","floor":24.0},{"not_picked":["hermit:Desperado","hermit:Grudge"],"picked":"hermit:CalledShot","floor":27.0},{"not_picked":["hermit:Feint","hermit:Magnum","hermit:Cheat"],"picked":"SKIP","floor":29}],"player_experience":263299,"relics_obtained":[{"floor":6.0,"key":"PreservedInsect"},{"floor":9.0,"key":"Toy Ornithopter"},{"floor":26.0,"key":"Frozen Egg 2"},{"floor":29,"key":"Potion Belt"}],"event_choices":[{"damage_healed":0.0,"max_hp_gain":5.0,"max_hp_loss":0.0,"gold_gain":0.0,"event_name":"Big Fish","player_choice":"Donut","floor":5.0,"gold_loss":0.0,"damage_taken":0.0},{"damage_healed":0.0,"max_hp_gain":0.0,"max_hp_loss":0.0,"gold_gain":0.0,"event_name":"WeMeetAgain","player_choice":"Gave Potion","floor":10.0,"gold_loss":0.0,"damage_taken":0.0,"relics_obtained":["Bag of Preparation"]},{"cards_removed":["hermit:Strike_Hermit"],"damage_healed":0.0,"max_hp_gain":0.0,"max_hp_loss":0.0,"gold_gain":0.0,"event_name":"Purifier","player_choice":"Purged","floor":19.0,"gold_loss":0.0,"damage_taken":0.0},{"damage_healed":0.0,"max_hp_gain":0.0,"max_hp_loss":0.0,"gold_gain":0.0,"event_name":"Ghosts","player_choice":"Ignored","floor":28.0,"gold_loss":0.0,"damage_taken":0.0}],"is_beta":false,"boss_relics":[{"not_picked":["Philosopher\u0027s Stone","Ectoplasm"],"picked":"Coffee Dripper"}],"items_purged_floors":[25],"is_endless":false,"potions_floor_spawned":[1,6,7,8,20,22],"killed_by":"Centurion and Healer","ascension_level":0}}