{"host":"fqepcc6wiujntn7y","time":1611416916,"event":{"mods":["AchievementEnabler","BaseMod","Minty Spire (QoL Compilation)","Quick Restart","Replay The Spire","StSLib","The Jungle"],"gold_per_floor":[116,116,134,145,160,189,202,202,225,225,81,99,115,125,125,228,228,238,3,3,15,33,33,33,33],"floor_reached":24,"language":"ENG","playtime":1923,"items_purged":["Strike_B"],"score":202,"play_id":"1ebd9a66-dee1-4729-8699-d15d4f02b3ce","local_time":"20210123154836","daily_mods":["Colorless Cards","Heirloom"],"is_ascension_mode":false,"campfire_choices":[{"data":"Force Field","floor":8,"key":"SMITH"},{"data":"Capacitor","floor":8,"key":"SMITH"},{"data":"Zap","floor":10,"key":"SMITH"},{"data":"Static Discharge","floor":10,"key":"SMITH"},{"floor":15,"key":"REST"},{"floor":23,"key":"REST"}],"circlet_count":0,"master_deck":["Defend_B","Defend_B","Defend_B","Defend_B","Zap+1","Dualcast","Force Field+1","Leap","BootSequence","Static Discharge+1","Leap","Capacitor+1","FIFO Queue","Fusion","Genetic Algorithm","Barrage","Creative AI","Crystallizer","Loop","Heatsinks","Panic Button"],"relics":["Cracked Core","Replay:Arrowhead","Bag of Preparation","ReplayFunnel","Empty Cage","Oddly Smooth Stone","SsserpentHead"],"acts_visited":["Exordium","TheCity"],"potions_floor_usage":[],"damage_taken":[{"damage":0,"enemies":"Small Slimes","floor":1,"turns":3},{"damage":0,"enemies":"Cultist","floor":3,"turns":3},{"damage":1,"enemies":"Jaw Worm","floor":4,"turns":4},{"damage":0,"enemies":"Red Slaver","floor":5,"turns":4},{"damage":24,"enemies":"3 Sentries","floor":6,"turns":7},{"damage":11,"enemies":"Lots of Slimes","floor":7,"turns":4},{"damage":4,"enemies":"Exordium Wildlife","floor":12,"turns":6},{"damage":25,"enemies":"Gremlin Gang","floor":13,"turns":5},{"damage":0,"enemies":"2 Fungi Beasts","floor":14,"turns":6},{"damage":1,"enemies":"The Guardian","floor":16,"turns":14},{"damage":35,"enemies":"Spheric Guardian","floor":18,"turns":5},{"damage":12,"enemies":"Chosen","floor":21,"turns":6},{"damage":11,"enemies":"Snake Plant","floor":22,"turns":6},{"damage":46,"enemies":"Cultist and Chosen","floor":24,"turns":5}],"seed_played":"-6664786338697985839","potions_obtained":[{"floor":1,"key":"SpeedPotion"},{"floor":4,"key":"Swift Potion"},{"floor":6,"key":"Dexterity Potion"}],"is_trial":true,"path_per_floor":["M","?","M","M","M","E","M","R","T","R","$","M","M","M","R","B",null,"M","$","?","M","M","R","M"],"character_chosen":"DEFECT","items_purchased":["FIFO Queue","Loop","Oddly Smooth Stone"],"campfire_rested":2,"item_purchase_floors":[11,19,19],"current_hp_per_floor":[75,75,75,74,74,50,39,39,39,39,39,35,10,10,32,31,75,40,40,40,28,17,39,0,0],"gold":33,"neow_bonus":"","is_daily":false,"chose_seed":false,"campfire_upgraded":4,"win_rate":0.0,"timestamp":1611416916,"path_taken":["M","?","M","M","M","E","?","R","T","R","$","?","M","M","R","BOSS","M","$","?","M","M","R","M"],"items_purchased_type":["Card","Card","Relic"],"build_version":"2020-12-22","purchased_purges":1,"victory":false,"max_hp_per_floor":[75,75,75,75,75,75,75,75,75,75,75,75,75,75,75,75,75,75,75,75,75,75,75,75,75],"card_choices":[{"not_picked":["Coolheaded","Gash"],"picked":"Force Field","floor":1},{"not_picked":["Coolheaded","Hologram"],"picked":"Leap","floor":3},{"not_picked":["BasicCrystalCard","Leap"],"picked":"BootSequence","floor":4},{"not_picked":["Streamline","Blizzard"],"picked":"Static Discharge","floor":5},{"not_picked":["Beam Cell","Turbo"],"picked":"Leap","floor":6},{"not_picked":["Go for the Eyes","Violence"],"picked":"Capacitor","floor":7},{"not_picked":["Compile Driver","Cold Snap"],"picked":"Fusion","floor":12},{"not_picked":["Conserve Battery","Impatience"],"picked":"Genetic Algorithm","floor":13},{"not_picked":["Rebound","Blizzard"],"picked":"Barrage","floor":14},{"not_picked":["HandOfGreed","ReplayTheSpireMod:Necrogeddon"],"picked":"Creative AI","floor":16},{"not_picked":["ReplayTheSpireMod:System Scan","Turbo+1"],"picked":"Crystallizer","floor":18},{"not_picked":["Capacitor","Redo"],"picked":"Heatsinks","floor":21},{"not_picked":["Glacier","Cold Snap"],"picked":"Panic Button","floor":22}],"player_experience":74754,"relics_obtained":[{"floor":6,"key":"Bag of Preparation"},{"floor":9,"key":"ReplayFunnel"}],"event_choices":[{"cards_removed":["Strike_B"],"damage_healed":0,"gold_gain":0,"player_choice":"Offered Basic","damage_taken":0,"max_hp_gain":0,"max_hp_loss":0,"event_name":"Bonfire Elementals","floor":2,"gold_loss":0},{"damage_healed":0,"gold_gain":0,"player_choice":"Trade","damage_taken":0,"relics_obtained":["SsserpentHead"],"max_hp_gain":0,"max_hp_loss":0,"event_name":"FaceTrader","floor":20,"gold_loss":0}],"is_beta":false,"boss_relics":[{"not_picked":["ChewingGum","Snecko Eye"],"picked":"Empty Cage"}],"items_purged_floors":[11],"is_endless":false,"potions_floor_spawned":[1,4,6,7,13,18],"killed_by":"Cultist and Chosen","ascension_level":0}}