{"host":"684z1xpuwaoqmmh1","time":1611400939,"event":{"mods":["BaseMod","Downfall","Hermit","Jorbs\u0027s Wanderer Trilogy","Marisa????????","Minty Spire (QoL Compilation)","Robot Space Explorer","Shade Mod","StSLib","The Bug Knight","The Cursed","The Dragon Tamer","The Hayseed","The Hierophant","The Marked","The Mystic","The Runesmith","The Senshi"],"gold_per_floor":[118,68,68,68,78,78,112,112,137,167,196,48,58,90,90,193,193,213,138,158,171,132,132,166,166,191,217,217,217,217,250,250,348,348,364,377,377,395,395,420,437,437,463,474,491,511,511,538,538,538,538,538,83,115,115],"floor_reached":56,"language":"ENG","playtime":3325,"items_purged":[],"score":1834,"play_id":"f69afe11-f910-4f30-84be-64a4f523531e","local_time":"20210123132219","is_ascension_mode":true,"campfire_choices":[{"data":"theSenshi:MoonPunch","floor":6,"key":"SMITH"},{"data":"theSenshi:KlutzyLuck","floor":8,"key":"SMITH"},{"data":"theSenshi:MoonSpiralHeartAttack","floor":15,"key":"SMITH"},{"data":"theSenshi:SailorSaturnAssists","floor":23,"key":"SMITH"},{"data":"theSenshi:MoonCosmicPowerMakeUp","floor":25,"key":"SMITH"},{"floor":29,"key":"REST"},{"floor":32,"key":"REST"},{"floor":42,"key":"RECALL"},{"floor":47,"key":"REST"},{"data":"theSenshi:MoonEternalMakeUp","floor":49,"key":"SMITH"},{"data":"theSenshi:MoonGorgeousMeditation","floor":52,"key":"SMITH"}],"circlet_count":0,"master_deck":["AscendersBane","theSenshi:SailorKick+1","theSenshi:SailorKick+1","theSenshi:SailorBlock","theSenshi:SailorBlock","theSenshi:RoseThrow+1","theSenshi:MoonPrismPowerMakeUp","theSenshi:MoonPunch+1","theSenshi:MoonSpiralHeartAttack+1","theSenshi:KlutzyLuck+1","theSenshi:SailorChibiMoonAssists","theSenshi:MoonTiaraMagic","theSenshi:VenusGlamour","theSenshi:SailorSaturnAssists+1","theSenshi:SailorNeptuneAssists+1","theSenshi:SailorMercuryAssists+1","theSenshi:MoonEternalMakeUp+1","theSenshi:MoonCosmicPowerMakeUp+1","theSenshi:MoonGorgeousMeditation","theSenshi:InTheNickOfTime","theSenshi:SailorCosmosAssists","theSenshi:MoonPunch+1","theSenshi:TallSilhouette+1","theSenshi:SaturnsMystery+1","theSenshi:MoonGorgeousMeditation+1","theSenshi:MoonPunch+1","theSenshi:MoonCosmicPowerMakeUp+1","theSenshi:MoonGorgeousMeditation"],"relics":["theSenshi:TransformationBroochRelic","NeowsBlessing","Whetstone","Art of War","Strawberry","Omamori","Akabeko","theSenshi:EternalSailorFukuRelic","theSenshi:TiaraRelic","Bag of Marbles","Runesmith:AutoHammer","MutagenicStrength","Enchiridion","theSenshi:CosmicHeartCompactRelic","SlaversCollar","Bronze Scales","theSenshi:CrystalStarRelic","Boot","Happy Flower","Vajra","HollowMod:JonisBlessing","theSenshi:SailorFukuRelic"],"acts_visited":["Exordium","TheCity","TheBeyond","TheEnding"],"potions_floor_usage":[20,24,31,36,41,48,55,55],"damage_taken":[{"damage":0,"enemies":"2 Louse","floor":1,"turns":2},{"damage":0,"enemies":"Small Slimes","floor":5,"turns":2},{"damage":0,"enemies":"3 Sentries","floor":7,"turns":2},{"damage":9,"enemies":"Lagavulin","floor":11,"turns":7},{"damage":0,"enemies":"Jaw Worm","floor":13,"turns":3},{"damage":13,"enemies":"3 Sentries","floor":14,"turns":8},{"damage":24,"enemies":"Slime Boss","floor":16,"turns":10},{"damage":5,"enemies":"Chosen","floor":18,"turns":6},{"damage":10,"enemies":"2 Thieves","floor":20,"turns":4},{"damage":6,"enemies":"Snake Plant","floor":21,"turns":4},{"damage":28,"enemies":"Book of Stabbing","floor":24,"turns":5},{"damage":36,"enemies":"Gremlin Leader","floor":27,"turns":9},{"damage":22,"enemies":"Book of Stabbing","floor":31,"turns":4},{"damage":25,"enemies":"Collector","floor":33,"turns":11},{"damage":56,"enemies":"3 Darklings","floor":35,"turns":8},{"damage":10,"enemies":"Orb Walker","floor":36,"turns":7},{"damage":0,"enemies":"Maw","floor":38,"turns":9},{"damage":11,"enemies":"Giant Head","floor":40,"turns":10},{"damage":27,"enemies":"3 Darklings","floor":41,"turns":9},{"damage":27,"enemies":"Spire Growth","floor":44,"turns":7},{"damage":20,"enemies":"Writhing Mass","floor":45,"turns":8},{"damage":44,"enemies":"Sphere and 2 Shapes","floor":46,"turns":14},{"damage":24,"enemies":"Reptomancer","floor":48,"turns":4},{"damage":32,"enemies":"Time Eater","floor":50,"turns":9},{"damage":62,"enemies":"Shield and Spear","floor":54,"turns":11},{"damage":12,"enemies":"The Heart","floor":55,"turns":11}],"seed_played":"-973838033366831921","potions_obtained":[{"floor":7,"key":"BlessingOfTheForge"},{"floor":11,"key":"Swift Potion"},{"floor":21,"key":"Strength Potion"},{"floor":27,"key":"Dexterity Potion"},{"floor":31,"key":"DuplicationPotion"},{"floor":38,"key":"Swift Potion"},{"floor":45,"key":"PowerPotion"},{"floor":48,"key":"Strength Potion"}],"is_trial":false,"path_per_floor":["M","?","?","?","M","R","E","R","T","?","E","$","M","E","R","B",null,"M","?","M","M","$","R","E","R","T","E","?","R","?","E","R","B",null,"M","M","?","M","?","E","M","R","T","M","M","M","R","E","R","B",null,"R","$","E","B",null],"character_chosen":"THE_SENSHI","items_purchased":["Omamori","theSenshi:MoonCosmicPowerMakeUp","Happy Flower","Vajra","HollowMod:JonisBlessing"],"campfire_rested":3,"item_purchase_floors":[12,22,53,53,53],"current_hp_per_floor":[68,68,68,61,61,61,61,61,61,61,59,59,59,46,46,22,67,67,67,67,66,66,66,53,53,53,32,32,56,40,23,47,37,71,30,35,72,72,72,61,61,61,61,57,56,32,53,53,53,52,67,67,67,5,18],"gold":115,"neow_bonus":"THREE_ENEMY_KILL","is_daily":false,"chose_seed":false,"campfire_upgraded":7,"win_rate":0.0,"timestamp":1611400939,"path_taken":["M","?","?","?","?","R","E","R","T","?","E","$","M","E","R","BOSS","M","?","M","M","$","R","E","R","T","E","?","R","?","E","R","BOSS","M","M","?","M","?","E","M","R","T","M","M","M","R","E","R","BOSS","R","$","E","BOSS"],"items_purchased_type":["Relic","Card","Relic","Relic","Relic"],"build_version":"2020-12-22","purchased_purges":0,"victory":true,"max_hp_per_floor":[75,75,75,75,75,75,75,75,75,75,82,82,82,82,82,82,82,82,82,82,82,82,82,82,82,82,82,82,82,82,82,82,82,82,82,82,72,72,72,72,72,72,72,72,72,72,72,72,72,72,72,72,72,72,72],"card_choices":[{"not_picked":["theSenshi:EncouragingSpeech","theSenshi:MoonTiaraMagic"],"picked":"theSenshi:MoonPunch","floor":1},{"not_picked":["theSenshi:KlutzyLuck","theSenshi:LunaWiseMentor"],"picked":"theSenshi:MoonSpiralHeartAttack","floor":5},{"not_picked":["theSenshi:LateForSchool","theSenshi:TuxedoSmokingBomber"],"picked":"theSenshi:KlutzyLuck","floor":7},{"not_picked":["theSenshi:Sidestep","theSenshi:EncouragingSpeech"],"picked":"theSenshi:SailorChibiMoonAssists","floor":11},{"not_picked":["theSenshi:SailorPlanetAttack","theSenshi:MoonPower"],"picked":"theSenshi:MoonTiaraMagic","floor":13},{"not_picked":["theSenshi:Sidestep","theSenshi:LunasBite"],"picked":"theSenshi:VenusGlamour","floor":14},{"not_picked":["theSenshi:MoonGorgeousMeditation","theSenshi:StarlightHoneymoonTherapyKiss"],"picked":"theSenshi:SailorSaturnAssists","floor":16},{"not_picked":["theSenshi:MoonPower","theSenshi:MoonKick"],"picked":"theSenshi:SailorNeptuneAssists+1","floor":18},{"not_picked":["theSenshi:SailorV","theSenshi:NeptunesGrace+1"],"picked":"theSenshi:SailorMercuryAssists+1","floor":20},{"not_picked":["theSenshi:SailorMercuryAssists+1","theSenshi:SchoolBag+1"],"picked":"theSenshi:MoonEternalMakeUp","floor":21},{"not_picked":["theSenshi:OdangoHead","theSenshi:SailorMarsAssists","theSenshi:SailorStarFighterAssists"],"picked":"SKIP","floor":24},{"not_picked":["theSenshi:SailorMarsAssists","theSenshi:MoonPunch"],"picked":"theSenshi:MoonGorgeousMeditation","floor":27},{"not_picked":["theSenshi:SailorStarFighterAssists","theSenshi:OdangoHead"],"picked":"theSenshi:InTheNickOfTime","floor":31},{"not_picked":["theSenshi:SailorPlutoAssists","theSenshi:SilverCrystal"],"picked":"theSenshi:SailorCosmosAssists","floor":33},{"not_picked":["theSenshi:MoonTiaraMagic+1","theSenshi:NeptunesGrace+1","theSenshi:LunasBite"],"picked":"SKIP","floor":35},{"not_picked":["theSenshi:MercurysCunning","theSenshi:LunasBite"],"picked":"theSenshi:MoonPunch+1","floor":36},{"not_picked":["theSenshi:LateForSchool+1","theSenshi:SupersonicWaves"],"picked":"theSenshi:TallSilhouette+1","floor":38},{"not_picked":["theSenshi:TuxedoSmokingBomber+1","theSenshi:MoonKick+1"],"picked":"theSenshi:SaturnsMystery+1","floor":40},{"not_picked":["theSenshi:LunasBite+1","theSenshi:MoonPrincessHalation"],"picked":"theSenshi:MoonGorgeousMeditation","floor":41},{"not_picked":["theSenshi:SailorChibiMoonAssists","theSenshi:SailorMarsAssists"],"picked":"theSenshi:MoonPunch+1","floor":44},{"not_picked":["theSenshi:YouCanTalk+1","theSenshi:MoonKick+1"],"picked":"theSenshi:MoonCosmicPowerMakeUp+1","floor":45},{"not_picked":["theSenshi:MarsPride","theSenshi:TallSilhouette","theSenshi:SaturnsMystery"],"picked":"SKIP","floor":46},{"not_picked":["theSenshi:Sidestep","theSenshi:SailorVenusAssists"],"picked":"theSenshi:MoonGorgeousMeditation","floor":48},{"not_picked":["theSenshi:CrisisMakeUp","theSenshi:EncouragingSpeech","theSenshi:SailorPlanetPower+1"],"picked":"SKIP","floor":54}],"player_experience":2921459,"relics_obtained":[{"floor":7,"key":"Whetstone"},{"floor":11,"key":"Strawberry"},{"floor":14,"key":"Akabeko"},{"floor":24,"key":"theSenshi:TiaraRelic"},{"floor":26,"key":"Bag of Marbles"},{"floor":27,"key":"Runesmith:AutoHammer"},{"floor":30,"key":"Enchiridion"},{"floor":31,"key":"theSenshi:CosmicHeartCompactRelic"},{"floor":40,"key":"Bronze Scales"},{"floor":43,"key":"theSenshi:CrystalStarRelic"},{"floor":48,"key":"Boot"},{"floor":54,"key":"theSenshi:SailorFukuRelic"}],"event_choices":[{"cards_removed":["theSenshi:SailorKick"],"damage_healed":0,"gold_gain":0,"player_choice":"Card Removal","damage_taken":0,"max_hp_gain":0,"max_hp_loss":0,"event_name":"The Cleric","floor":2,"gold_loss":50},{"damage_healed":0,"gold_gain":0,"player_choice":"Grow","damage_taken":0,"max_hp_gain":0,"max_hp_loss":0,"event_name":"Living Wall","floor":3,"gold_loss":0,"cards_upgraded":["theSenshi:RoseThrow"]},{"cards_removed":["theSenshi:SailorKick"],"damage_healed":0,"gold_gain":0,"player_choice":"Card Removal","damage_taken":7,"max_hp_gain":0,"max_hp_loss":0,"event_name":"Golden Wing","floor":4,"gold_loss":0},{"damage_healed":0,"gold_gain":30,"player_choice":"Searched \u00273\u0027 times","damage_taken":0,"relics_obtained":["Art of War"],"max_hp_gain":0,"max_hp_loss":0,"event_name":"Dead Adventurer","floor":10,"gold_loss":0},{"cards_removed":["theSenshi:SailorBlock"],"damage_healed":0,"gold_gain":0,"player_choice":"Gave Gold","damage_taken":0,"max_hp_gain":0,"max_hp_loss":0,"event_name":"Beggar","floor":19,"gold_loss":75},{"damage_healed":0,"gold_gain":0,"player_choice":"Inject Mutagens","damage_taken":0,"relics_obtained":["MutagenicStrength"],"max_hp_gain":0,"max_hp_loss":0,"event_name":"Drug Dealer","floor":28,"gold_loss":0},{"damage_healed":0,"gold_gain":0,"player_choice":"Obtained Book","damage_taken":16,"max_hp_gain":0,"max_hp_loss":0,"event_name":"Cursed Tome","floor":30,"gold_loss":0},{"damage_healed":72,"gold_gain":0,"player_choice":"Heal","damage_taken":0,"max_hp_gain":0,"max_hp_loss":10,"event_name":"The Moai Head","floor":37,"gold_loss":0},{"cards_removed":["theSenshi:SailorBlock"],"damage_healed":0,"gold_gain":0,"player_choice":"Removed Skill","damage_taken":0,"max_hp_gain":0,"max_hp_loss":0,"event_name":"Falling","floor":39,"gold_loss":0}],"is_beta":false,"boss_relics":[{"not_picked":["Pandora\u0027s Box","Coffee Dripper"],"picked":"theSenshi:EternalSailorFukuRelic"},{"not_picked":["sneckomod:SneckoTalon","Fusion Hammer"],"picked":"SlaversCollar"}],"items_purged_floors":[],"is_endless":false,"potions_floor_spawned":[7,11,14,21,27,31,33,38,40,45,48],"ascension_level":11}}