{"host":"vhkdq3pn44gqx0jn","time":1611360002,"event":{"mods":["AchievementEnabler","BaseMod","Downfall","Hermit","Marisa????????","Minty Spire (QoL Compilation)","StSLib","The Cursed","The Servant 0.9.4"],"gold_per_floor":[111,131,131,146,156,191,191,205,254,254,254,142,142,157,157,253,253,239,72,92,92,92,92],"floor_reached":22,"language":"ENG","playtime":846,"items_purged":["hermit:Strike_Hermit"],"score":195,"play_id":"fb7dc16f-9dd8-4618-b873-1f5a1fb192b6","local_time":"20210123000002","is_ascension_mode":true,"campfire_choices":[{"floor":7,"key":"REST"},{"floor":13,"key":"REST"},{"floor":15,"key":"REST"}],"circlet_count":0,"master_deck":["hermit:Strike_Hermit","hermit:Strike_Hermit","hermit:Strike_Hermit","hermit:Defend_Hermit","hermit:Defend_Hermit","hermit:Defend_Hermit","hermit:Defend_Hermit","hermit:Snapshot","hermit:Covet","hermit:EternalForm","hermit:Ricochet","hermit:Determination","hermit:LowProfile","hermit:Roulette","hermit:Desperado","hermit:PistolWhip","hermit:Combo+1","hermit:HighCaliber","hermit:ItchyTrigger","hermit:ItchyTrigger+1","HandOfGreed","hermit:Dive+1"],"relics":["hermit:Momento","Omamori","InkBottle","Dream Catcher","Frozen Egg 2","Nunchaku","Black Star","sneckomod:BabySnecko"],"acts_visited":["Exordium","TheCity"],"potions_floor_usage":[6,22,22],"damage_taken":[{"damage":7,"enemies":"2 Louse","floor":1,"turns":2},{"damage":6,"enemies":"Jaw Worm","floor":2,"turns":3},{"damage":7,"enemies":"Small Slimes","floor":4,"turns":3},{"damage":19,"enemies":"Blue Slaver","floor":5,"turns":4},{"damage":18,"enemies":"Gremlin Nob","floor":6,"turns":4},{"damage":1,"enemies":"3 Louse","floor":8,"turns":3},{"damage":24,"enemies":"Exordium Thugs","floor":14,"turns":4},{"damage":36,"enemies":"Slime Boss","floor":16,"turns":9},{"damage":30,"enemies":"2 Thieves","floor":18,"turns":4},{"damage":21,"enemies":"Chosen","floor":20,"turns":5},{"damage":24,"enemies":"Snake Plant","floor":22,"turns":2}],"seed_played":"-4909784557222646528","potions_obtained":[{"floor":4,"key":"champ:CounterPotion"},{"floor":5,"key":"Ancient Potion"},{"floor":16,"key":"sneckomod:MuddlingPotion"},{"floor":20,"key":"ColorlessPotion"}],"is_trial":false,"path_per_floor":["M","M","?","M","M","E","R","M","T","T","?","$","R","M","R","B",null,"M","$","M","?","M"],"character_chosen":"HERMIT","items_purchased":["hermit:Combo+1","HandOfGreed"],"campfire_rested":3,"item_purchase_floors":[12,19],"current_hp_per_floor":[68,62,50,43,24,6,28,27,27,27,27,27,49,25,47,11,75,45,45,24,24,0,0],"gold":92,"neow_bonus":"ONE_RANDOM_RARE_CARD","is_daily":false,"chose_seed":false,"campfire_upgraded":0,"win_rate":0.0,"timestamp":1611360002,"path_taken":["M","M","?","M","M","E","R","M","T","?","?","$","R","?","R","BOSS","M","$","M","?","M"],"items_purchased_type":["Card","Card"],"build_version":"2020-12-22","purchased_purges":1,"victory":false,"max_hp_per_floor":[75,75,75,75,75,75,75,75,75,75,75,75,75,75,75,75,75,75,75,75,75,75,75],"card_choices":[{"not_picked":["hermit:Desperado","hermit:CalledShot"],"picked":"hermit:Ricochet","floor":1},{"not_picked":["hermit:Glare","hermit:GoldenBullet"],"picked":"hermit:Determination","floor":2},{"not_picked":["hermit:Vantage","hermit:LoneWolf"],"picked":"hermit:LowProfile","floor":4},{"not_picked":["hermit:WideOpen","hermit:PistolWhip"],"picked":"hermit:Roulette","floor":5},{"not_picked":["hermit:Enervate","hermit:OverwhelmingPower"],"picked":"hermit:Desperado","floor":6},{"not_picked":["hermit:LoneWolf","hermit:Ricochet"],"picked":"hermit:PistolWhip","floor":8},{"not_picked":["hermit:Snipe","hermit:CalledShot"],"picked":"hermit:HighCaliber","floor":13},{"not_picked":["hermit:Misfire","hermit:LowProfile"],"picked":"hermit:ItchyTrigger","floor":14},{"not_picked":["hermit:Snipe","hermit:HoleUp"],"picked":"hermit:ItchyTrigger+1","floor":18},{"not_picked":["hermit:Vantage","hermit:SprayPray"],"picked":"hermit:Dive+1","floor":20}],"player_experience":142441,"relics_obtained":[{"floor":6,"key":"InkBottle"},{"floor":9,"key":"Dream Catcher"},{"floor":10,"key":"Frozen Egg 2"}],"event_choices":[{"damage_healed":0,"gold_gain":0,"player_choice":"Success","damage_taken":12,"relics_obtained":["Omamori"],"max_hp_gain":0,"max_hp_loss":0,"event_name":"Scrap Ooze","floor":3,"gold_loss":0},{"damage_healed":0,"gold_gain":0,"player_choice":"Box","damage_taken":0,"relics_obtained":["Nunchaku"],"max_hp_gain":0,"max_hp_loss":0,"event_name":"Big Fish","floor":11,"gold_loss":0,"cards_obtained":["Regret"]}],"is_beta":false,"boss_relics":[{"not_picked":["Empty Cage","hermit:DentedPlate"],"picked":"Black Star"}],"items_purged_floors":[12],"is_endless":false,"potions_floor_spawned":[4,5,16,20],"killed_by":"Snake Plant","ascension_level":1}}