{"host":"mgcaznjmey5ghza1","time":1611361485,"event":{"mods":["BaseMod","Downfall","Hero for Fun","Minty Spire (QoL Compilation)","Quick Restart","StSLib","The Saiyan"],"gold_per_floor":[92,92,106,121,121,121,154,164,164,182,182,195,195,223,223,223,223],"floor_reached":16,"language":"ENG","playtime":1275,"items_purged":[],"score":112,"play_id":"77c2d8ab-2296-463c-9e0e-d92a92574aa2","local_time":"20210122192445","is_ascension_mode":false,"campfire_choices":[{"data":"Saiyan:Momentum","floor":6,"key":"SMITH"},{"floor":13,"key":"REST"},{"floor":15,"key":"REST"}],"circlet_count":0,"master_deck":["Saiyan:SAIYA_Strike","Saiyan:SAIYA_Strike","Saiyan:SAIYA_Strike","Saiyan:SAIYA_Strike","Saiyan:SAIYA_Defend","Saiyan:SAIYA_Defend","Saiyan:SAIYA_Defend+1","Saiyan:SAIYA_Defend+1","Saiyan:EnergyBlast","Saiyan:KaioKen+1","Saiyan:RuthlessBlow+1","Saiyan:ReverberatingForce+1","Saiyan:KiExplosion","Saiyan:Momentum+1","Saiyan:ConcussiveBlow","Saiyan:ExpandingShockwave","Saiyan:Quickening","Saiyan:WarmUp","Saiyan:Makankosappo"],"relics":["SaiyanSoul","SaiyanHeart","NeowsBlessing","Nunchaku","War Paint","Ornamental Fan"],"acts_visited":["Exordium"],"potions_floor_usage":[12,12,14],"damage_taken":[{"damage":0,"enemies":"Small Slimes","floor":1,"turns":1},{"damage":0,"enemies":"Cultist","floor":3,"turns":1},{"damage":0,"enemies":"Jaw Worm","floor":4,"turns":1},{"damage":31,"enemies":"Lagavulin","floor":7,"turns":10},{"damage":0,"enemies":"Large Slime","floor":8,"turns":6},{"damage":9,"enemies":"2 Fungi Beasts","floor":10,"turns":3},{"damage":0,"enemies":"Exordium Wildlife","floor":12,"turns":3},{"damage":14,"enemies":"Gremlin Nob","floor":14,"turns":3},{"damage":40,"enemies":"The Guardian","floor":16,"turns":5}],"seed_played":"5758585644945028770","potions_obtained":[{"floor":1,"key":"FearPotion"},{"floor":4,"key":"DuplicationPotion"},{"floor":12,"key":"Explosive Potion"}],"is_trial":false,"path_per_floor":["M","?","M","M","?","R","E","M","T","M","?","M","R","E","R","B"],"character_chosen":"SAIYAJIN","items_purchased":[],"campfire_rested":2,"item_purchase_floors":[],"current_hp_per_floor":[60,60,60,60,48,48,18,19,19,12,12,14,33,19,38,0,0],"gold":223,"neow_bonus":"THREE_ENEMY_KILL","is_daily":false,"chose_seed":false,"campfire_upgraded":1,"win_rate":0.0,"timestamp":1611361485,"path_taken":["M","?","?","?","?","R","E","M","T","M","?","M","R","E","R","BOSS"],"items_purchased_type":[],"build_version":"2020-12-22","purchased_purges":0,"victory":false,"max_hp_per_floor":[60,60,60,60,60,60,61,62,62,64,64,66,66,66,66,66,66],"card_choices":[{"not_picked":["Saiyan:FinalFlash","Saiyan:SaiyanHubris"],"picked":"Saiyan:ReverberatingForce","floor":1},{"not_picked":["Saiyan:SpiritSword","Saiyan:PowerUp"],"picked":"Saiyan:KiExplosion","floor":3},{"not_picked":["Saiyan:Scouter","Saiyan:RemoveWeights"],"picked":"Saiyan:Momentum","floor":4},{"not_picked":["Saiyan:BackAttack","Saiyan:Planning"],"picked":"Saiyan:ConcussiveBlow","floor":7},{"not_picked":["Saiyan:KiStrike","Saiyan:WarmUp"],"picked":"Saiyan:ExpandingShockwave","floor":8},{"not_picked":["Saiyan:BackAttack","Saiyan:PressOn"],"picked":"Saiyan:Quickening","floor":10},{"not_picked":["Saiyan:Quickening","Saiyan:KiExplosion"],"picked":"Saiyan:WarmUp","floor":12},{"not_picked":["Saiyan:RemoveWeights","Saiyan:PlotArmor"],"picked":"Saiyan:Makankosappo","floor":14}],"player_experience":1900,"relics_obtained":[{"floor":7,"key":"Nunchaku"},{"floor":9,"key":"War Paint"},{"floor":14,"key":"Ornamental Fan"}],"event_choices":[{"damage_healed":0,"gold_gain":0,"player_choice":"Ignored","damage_taken":0,"max_hp_gain":0,"max_hp_loss":0,"event_name":"NoteForYourself","floor":2,"gold_loss":0},{"damage_healed":0,"gold_gain":0,"player_choice":"Entered Light","damage_taken":12,"max_hp_gain":0,"max_hp_loss":0,"event_name":"Shining Light","floor":5,"gold_loss":0,"cards_upgraded":["Saiyan:SAIYA_Defend","Saiyan:RuthlessBlow"]},{"damage_healed":0,"gold_gain":0,"player_choice":"Grow","damage_taken":0,"max_hp_gain":0,"max_hp_loss":0,"event_name":"Living Wall","floor":11,"gold_loss":0,"cards_upgraded":["Saiyan:ReverberatingForce"]}],"is_beta":false,"boss_relics":[],"items_purged_floors":[],"is_endless":false,"potions_floor_spawned":[1,4,12],"killed_by":"The Guardian","ascension_level":0}}