{"host":"aukiz5jlacd3g5yc","time":1611370183,"event":{"mods":["2.2 Compatiblity","BaseMod","Bestiary","Colored Map","Colored Powertips","Downfall","GifTheSpireLib","Minty Spire (QoL Compilation)","Permanent Neow","Quick Restart","Random Character Button","Rare Cards Sparkle","Relic Sorter","Relic Stats","StSLib","everything is the same but u backflip on backflip","slay the spire mod where everything is the same but ironclad has a cowboy hat"],"gold_per_floor":[116,116,116,134,134,163,163,193,193,58,71,71,91,117,117,117,117],"floor_reached":16,"language":"ENG","playtime":691,"items_purged":[],"score":124,"play_id":"162c8ebd-4cb7-4f7d-9a82-2b25e9ec9e58","local_time":"20210122204943","is_ascension_mode":true,"campfire_choices":[{"data":"Footwork","floor":12,"key":"SMITH"},{"data":"Footwork","floor":15,"key":"SMITH"}],"circlet_count":0,"master_deck":["Strike_G","Strike_G","Strike_G","Strike_G","Defend_G+1","Defend_G","Defend_G","Defend_G","Survivor+1","Neutralize+1","Deflect","Choke","Slice","Deflect","Footwork+1","Dodge and Roll","Dagger Spray","Footwork+1","Terror","Quick Slash","Riddle With Holes"],"relics":["Ring of the Snake","Ornamental Fan","Anchor","Question Card","Prayer Wheel","Mummified Hand","InkBottle"],"acts_visited":["Exordium"],"potions_floor_usage":[16,16],"damage_taken":[{"damage":0,"enemies":"2 Louse","floor":1,"turns":3},{"damage":0,"enemies":"Jaw Worm","floor":4,"turns":5},{"damage":22,"enemies":"Lagavulin","floor":6,"turns":11},{"damage":14,"enemies":"3 Sentries","floor":8,"turns":11},{"damage":0,"enemies":"Small Slimes","floor":11,"turns":2},{"damage":0,"enemies":"Looter","floor":13,"turns":4},{"damage":1,"enemies":"Lagavulin","floor":14,"turns":8},{"damage":6,"enemies":"Slime Boss","floor":16,"turns":9}],"seed_played":"771129858798967723","potions_obtained":[{"floor":8,"key":"GhostInAJar"},{"floor":14,"key":"Fruit Juice"}],"is_trial":false,"path_per_floor":["M","?","?","M","?","E","T","E","T","$","M","R","M","E","R","B"],"character_chosen":"THE_SILENT","items_purchased":["Footwork","Dodge and Roll","Dagger Spray"],"campfire_rested":0,"item_purchase_floors":[10,10,10],"current_hp_per_floor":[63,50,38,38,38,16,16,2,2,2,2,2,2,1,1,0,0],"gold":117,"neow_bonus":"REMOVE_TWO","is_daily":false,"chose_seed":false,"campfire_upgraded":2,"win_rate":0.0,"timestamp":1611370183,"path_taken":["M","?","?","M","?","E","?","E","T","$","?","R","M","E","R","BOSS"],"items_purchased_type":["Card","Card","Card"],"build_version":"2020-12-22","purchased_purges":0,"victory":false,"max_hp_per_floor":[63,63,63,63,63,63,63,63,63,63,63,63,63,63,63,68,68],"relic_stats":{"counters":[8,53],"Ornamental Fan":[52],"Mummified Hand":[6],"Prayer Wheel":2,"Question Card":6,"obtain_stats":[{"Anchor":6,"Ornamental Fan":3,"Mummified Hand":9,"Prayer Wheel":8,"Question Card":7,"InkBottle":14,"Ring of the Snake":0},{"Anchor":3,"Ornamental Fan":1,"Mummified Hand":4,"Prayer Wheel":4,"Question Card":3,"InkBottle":7,"Ring of the Snake":0},{"Anchor":19,"Ornamental Fan":3,"Mummified Hand":30,"Prayer Wheel":30,"Question Card":19,"InkBottle":44,"Ring of the Snake":0}],"InkBottle":[2],"Ring of the Snake":[16]},"card_choices":[{"not_picked":["Sucker Punch","Dagger Throw"],"picked":"Deflect","floor":1},{"not_picked":["Well Laid Plans","Bane"],"picked":"Choke","floor":4},{"not_picked":["Sucker Punch","Poisoned Stab"],"picked":"Slice","floor":6},{"not_picked":["Dodge and Roll","Doppelganger","Underhanded Strike"],"picked":"Deflect","floor":8},{"not_picked":["Backstab","Sucker Punch","Flying Knee"],"picked":"Footwork","floor":11},{"not_picked":["Outmaneuver","Skewer","Bane","Slice"],"picked":"SKIP","floor":11},{"not_picked":["Bouncing Flask","Outmaneuver","Backflip"],"picked":"Terror","floor":13},{"not_picked":["Eviscerate","Reflex","Tactician"],"picked":"Quick Slash","floor":13},{"not_picked":["Outmaneuver","Acrobatics","Tools of the Trade"],"picked":"Riddle With Holes","floor":14}],"player_experience":353441,"relics_obtained":[{"floor":6,"key":"Anchor"},{"floor":7,"key":"Question Card"},{"floor":8,"key":"Prayer Wheel"},{"floor":9,"key":"Mummified Hand"},{"floor":14,"key":"InkBottle"}],"event_choices":[{"damage_healed":0,"gold_gain":0,"player_choice":"Entered Light","damage_taken":13,"max_hp_gain":0,"max_hp_loss":0,"event_name":"Shining Light","floor":2,"gold_loss":0,"cards_upgraded":["Survivor","Defend_G"]},{"damage_healed":0,"gold_gain":0,"player_choice":"Success","damage_taken":12,"relics_obtained":["Ornamental Fan"],"max_hp_gain":0,"max_hp_loss":0,"event_name":"Scrap Ooze","floor":3,"gold_loss":0},{"damage_healed":0,"gold_gain":0,"player_choice":"Grow","damage_taken":0,"max_hp_gain":0,"max_hp_loss":0,"event_name":"Living Wall","floor":5,"gold_loss":0,"cards_upgraded":["Neutralize"]}],"is_beta":false,"boss_relics":[],"items_purged_floors":[],"is_endless":false,"potions_floor_spawned":[8,14],"killed_by":"Slime Boss","ascension_level":1}}