{"host":"atu1skz5iq69e5lr","time":1611430223,"event":{"mods":["AchievementEnabler","Aspiration","BaseMod","Better Third Choice","Colored Map","Conspire","Evolution","Friendly Minions","Halation","Highlight Path","HololiveMod","Hubris","Infinite Spire","Keyboard Shortcuts","Lobotomy","Minty Spire (QoL Compilation)","Replay The Spire","Shop Mod","StSLib"],"gold_per_floor":[96,96,122,122,160,198,18,53,53,53,74,74],"floor_reached":11,"language":"ENG","playtime":705,"items_purged":[],"score":127,"play_id":"2613837c-68cd-4315-be0d-fe5252b69808","local_time":"20210123203023","is_ascension_mode":true,"campfire_choices":[],"circlet_count":0,"master_deck":["Hololive_Strike","Hololive_Strike","Hololive_Defend","Hololive_Defend","Hololive_RevenueBasedLive","Hololive_CallAiraniIofifteen","Hololive_CallSpadeEcho","Hololive_CallNakiriAyame","Hololive_CallRosalyn","Hololive_CallRosalyn","Hololive_CallYozoraMel","VoidDream","Hololive_CallMomosuzuNene+3","Hololive_WolfAndLamb","Midas Touch"],"relics":["Hololive_TheStar","EVO:Axolotl","CogitoBucket","hubris:DisguiseKit","hubris:ToyBattleship","FossilizedHelix","hubris:CrystalStatue"],"acts_visited":["Exordium"],"potions_floor_usage":[],"damage_taken":[{"damage":0,"enemies":"Small Slimes","floor":1,"turns":3},{"damage":0,"enemies":"Cultist","floor":3,"turns":3},{"damage":0,"enemies":"conspire:RoseBush","floor":5,"turns":5},{"damage":13,"enemies":"3 Sentries","floor":6,"turns":13},{"damage":0,"enemies":"Lagavulin","floor":8,"turns":7},{"damage":22,"enemies":"Gremlin Nob","floor":11,"turns":5}],"seed_played":"-6469623271382902700","potions_obtained":[{"floor":5,"key":"Venom Potion"}],"is_trial":false,"path_per_floor":["M","?","M","?","M","E","$","E","T","$","E"],"character_chosen":"Hololive_HololiveCharacter","items_purchased":["Midas Touch"],"campfire_rested":0,"item_purchase_floors":[7],"current_hp_per_floor":[35,35,35,35,35,22,22,22,22,22,0,0],"gold":74,"neow_bonus":"","is_daily":false,"chose_seed":false,"campfire_upgraded":0,"win_rate":0.0,"timestamp":1611430223,"path_taken":["M","?","M","?","?","E","$","E","T","$","E"],"items_purchased_type":["Card"],"build_version":"2020-12-22","purchased_purges":0,"victory":false,"max_hp_per_floor":[35,35,35,35,35,35,35,35,35,35,35,35],"card_choices":[{"not_picked":["Hololive_HuntDinosaur","Hololive_Breathe","Hololive_FlyingPonyTail"],"picked":"Hololive_CallYozoraMel","floor":1},{"not_picked":["Bloodbath","Scorched"],"picked":"VoidDream","floor":3},{"not_picked":["Hololive_LuckPotion","Hololive_RevenueBasedLive","Hololive_OvertimeWork","Hololive_StrengthChampion","Amita"],"picked":"SKIP","floor":3},{"not_picked":["Hololive_LuckPotion","Hololive_RevenueBasedLive","Hololive_OvertimeWork","Hololive_StrengthChampion","Amita"],"picked":"SKIP","floor":3},{"not_picked":["Hololive_CallAkiRosenthal","Hololive_Rebound","Hololive_CallHimemoriLuna","BlackSwan_ego"],"picked":"Hololive_CallMomosuzuNene","floor":5},{"not_picked":["Hololive_CallYuzukiChoco","Hololive_CallYogiri","Hololive_Rebound","FourthMatchFlame"],"picked":"Hololive_WolfAndLamb","floor":6},{"not_picked":["Hololive_CallSpadeEcho","Hololive_CallRoboco","Hololive_Teleport","Hololive_HuntDinosaur","Reverberation"],"picked":"SKIP","floor":8}],"player_experience":52047,"relics_obtained":[{"floor":2,"key":"hubris:DisguiseKit"},{"floor":6,"key":"hubris:ToyBattleship"},{"floor":8,"key":"FossilizedHelix"},{"floor":9,"key":"hubris:CrystalStatue"}],"event_choices":[{"damage_healed":0,"gold_gain":0,"player_choice":"Ignored","damage_taken":0,"max_hp_gain":0,"max_hp_loss":0,"event_name":"Transmorgrifier","floor":4,"gold_loss":0}],"is_beta":false,"boss_relics":[],"items_purged_floors":[],"is_endless":false,"potions_floor_spawned":[5],"killed_by":"Gremlin Nob","ascension_level":4}}