{"host":"f5gffvlv6a66yqkd","time":1611364521,"event":{"mods":["2.2 Compatiblity","BaseMod","Colored Map","Custom Start","Dark Map","DeckTracker","Keyboard Shortcuts","Minty Spire (QoL Compilation)","Permanent Neow","Quick Restart","Relic Stats","StSLib","SuperFastMode"],"gold_per_floor":[14,29,29,104,29,29,63,63,63,79,98,110,110,136,136,213,213,228,247,257,20,31,31,57,57,80,80,93,108,108,33,33,112,112,123,142,142,156,173,173,173,208,220,232,244,288,317,58,58,58,58,58,58,58,90,90,90],"floor_reached":56,"language":"KOR","playtime":1893,"items_purged":["Strike_G","Doubt"],"score":2199,"play_id":"600a6537-65df-40b2-8a92-af815235d93a","local_time":"20210123101521","is_ascension_mode":true,"campfire_choices":[{"data":"Storm of Steel","floor":6.0,"key":"SMITH"},{"data":"Blade Dance","floor":8.0,"key":"SMITH"},{"data":"Venomology","floor":13.0,"key":"SMITH"},{"data":"Accuracy","floor":15.0,"key":"SMITH"},{"data":"Wraith Form v2","floor":23.0,"key":"SMITH"},{"data":"Acrobatics","floor":25.0,"key":"SMITH"},{"data":"Footwork","floor":30.0,"key":"SMITH"},{"data":"Footwork","floor":32.0,"key":"SMITH"},{"data":"Neutralize","floor":40.0,"key":"SMITH"},{"data":"Blade Dance","floor":44.0,"key":"SMITH"},{"floor":49.0,"key":"RECALL"},{"data":"Reflex","floor":53.0,"key":"SMITH"}],"circlet_count":0,"master_deck":["AscendersBane","Strike_G","Defend_G","Defend_G","Defend_G","Defend_G","Defend_G","Survivor","Neutralize+1","Storm of Steel+1","Backflip+1","Blade Dance+1","Venomology+1","Corpse Explosion+1","Footwork+1","Accuracy+1","Blade Dance+1","Reflex+1","Wraith Form v2+1","Terror+1","Acrobatics+1","Footwork+1","Reflex","Finesse","Finesse","Blur"],"relics":["Ring of the Snake","War Paint","Singing Bowl","Unceasing Top","Cursed Key","Shuriken","MealTicket","SacredBark","MawBank","Vajra","OrangePellets","Pen Nib"],"acts_visited":["Exordium","TheCity","TheBeyond","TheEnding"],"potions_floor_usage":[55,55,55,56,56],"damage_taken":[{"damage":1.0,"enemies":"2 Louse","floor":1.0,"turns":3.0},{"damage":4.0,"enemies":"Jaw Worm","floor":2.0,"turns":5.0},{"damage":6.0,"enemies":"Gremlin Nob","floor":7.0,"turns":3.0},{"damage":0.0,"enemies":"Small Slimes","floor":10.0,"turns":2.0},{"damage":4.0,"enemies":"Exordium Wildlife","floor":11.0,"turns":3.0},{"damage":3.0,"enemies":"Exordium Thugs","floor":12.0,"turns":5.0},{"damage":0.0,"enemies":"Lagavulin","floor":14.0,"turns":7.0},{"damage":0.0,"enemies":"Slime Boss","floor":16.0,"turns":4.0},{"damage":13.0,"enemies":"Shell Parasite","floor":18.0,"turns":5.0},{"damage":4.0,"enemies":"Chosen","floor":19.0,"turns":4.0},{"damage":5.0,"enemies":"Snake Plant","floor":20.0,"turns":3.0},{"damage":4.0,"enemies":"Centurion and Healer","floor":22.0,"turns":6.0},{"damage":12.0,"enemies":"Book of Stabbing","floor":24.0,"turns":6.0},{"damage":3.0,"enemies":"Snecko","floor":28.0,"turns":2.0},{"damage":4.0,"enemies":"Chosen and Byrds","floor":29.0,"turns":2.0},{"damage":7.0,"enemies":"Champ","floor":33.0,"turns":7.0},{"damage":6.0,"enemies":"3 Shapes","floor":35.0,"turns":7.0},{"damage":4.0,"enemies":"3 Darklings","floor":36.0,"turns":4.0},{"damage":4.0,"enemies":"4 Shapes","floor":38.0,"turns":9.0},{"damage":1.0,"enemies":"Transient","floor":39.0,"turns":6.0},{"damage":0.0,"enemies":"Reptomancer","floor":42.0,"turns":3.0},{"damage":11.0,"enemies":"Nemesis","floor":46.0,"turns":3.0},{"damage":0.0,"enemies":"3 Darklings","floor":47.0,"turns":4.0},{"damage":63.0,"enemies":"Awakened One","floor":50.0,"turns":16.0},{"damage":0.0,"enemies":"Donu and Deca","floor":51.0,"turns":9.0},{"damage":29,"enemies":"Shield and Spear","floor":55,"turns":5},{"damage":68,"enemies":"The Heart","floor":56,"turns":3}],"seed_played":"-4844996921244637230","potions_obtained":[{"floor":1.0,"key":"DuplicationPotion"},{"floor":10.0,"key":"AttackPotion"},{"floor":19.0,"key":"AttackPotion"},{"floor":20.0,"key":"ColorlessPotion"},{"floor":24.0,"key":"Dexterity Potion"},{"floor":36.0,"key":"CunningPotion"},{"floor":38.0,"key":"EssenceOfSteel"},{"floor":39.0,"key":"Swift Potion"},{"floor":55,"key":"LiquidBronze"}],"is_trial":false,"path_per_floor":["M","M","?","?","?","R","E","R","T","M","M","M","R","E","R","B",null,"M","M","M","$","M","R","E","R","T","$","M","M","R","?","R","B",null,"M","M","$","M","M","R","?","E","T","R","?","E","M","$","R","B","B",null,"R","$","E","B"],"character_chosen":"THE_SILENT","items_purchased":["Wraith Form v2","OrangePellets"],"campfire_rested":0,"item_purchase_floors":[21,48],"current_hp_per_floor":[58,54,54,43,43,43,37,37,37,37,35,34,34,34,34,36,63,50,46,43,43,39,39,27,27,27,42,39,37,37,37,37,32,67,63,61,76,72,73,73,65,67,67,67,67,56,58,73,73,10,10,70,70,85,68,0,0],"gold":90,"neow_bonus":"THREE_RARE_CARDS","is_daily":false,"chose_seed":false,"campfire_upgraded":11,"win_rate":0.0,"timestamp":1611364521,"path_taken":["M","M","?","?","?","R","E","R","T","M","M","M","R","E","R","BOSS","M","M","M","$","M","R","E","R","T","$","M","M","R","?","R","BOSS","M","M","$","M","M","R","?","E","T","R","?","E","M","$","R","BOSS","BOSS","R","$","E","BOSS"],"items_purchased_type":["Card","Relic"],"build_version":"2020-12-22","purchased_purges":2,"victory":false,"max_hp_per_floor":[66,66,66,66,66,66,66,66,66,66,68,70,70,70,70,72,72,72,72,74,74,74,74,74,74,74,74,74,76,76,76,76,78,78,80,82,82,82,84,84,86,88,88,88,88,88,90,90,90,90,90,90,90,90,92,92,92],"relic_stats":{"OrangePellets":[1],"Singing Bowl":26,"counters":[27,136],"Shuriken":[56],"MealTicket":60,"Pen Nib":[0],"War Paint":["Corpse Explosion","Backflip"],"Cursed Key":2,"MawBank":72,"obtain_stats":[{"OrangePellets":48,"Singing Bowl":9,"Shuriken":24,"SacredBark":34,"Vajra":46,"MealTicket":26,"Pen Nib":55,"War Paint":7,"Cursed Key":17,"MawBank":42,"Unceasing Top":14,"Ring of the Snake":0},{"OrangePellets":23,"Singing Bowl":3,"Shuriken":13,"SacredBark":16,"Vajra":22,"MealTicket":13,"Pen Nib":26,"War Paint":3,"Cursed Key":8,"MawBank":21,"Unceasing Top":7,"Ring of the Snake":0},{"OrangePellets":103,"Singing Bowl":11,"Shuriken":56,"SacredBark":67,"Vajra":99,"MealTicket":56,"Pen Nib":133,"War Paint":11,"Cursed Key":32,"MawBank":96,"Unceasing Top":28,"Ring of the Snake":0}],"Unceasing Top":[25],"Ring of the Snake":[54]},"card_choices":[{"not_picked":["Adrenaline","Grand Finale"],"picked":"Storm of Steel","floor":0.0},{"not_picked":["Terror","Endless Agony"],"picked":"Backflip","floor":1.0},{"not_picked":["Cloak And Dagger","Acrobatics"],"picked":"Blade Dance","floor":2.0},{"not_picked":["Endless Agony","Storm of Steel"],"picked":"Corpse Explosion","floor":7.0},{"not_picked":["Flying Knee","Blade Dance"],"picked":"Footwork","floor":10.0},{"not_picked":["Dodge and Roll","Prepared","Dagger Spray"],"picked":"Singing Bowl","floor":11.0},{"not_picked":["Bouncing Flask","Dash","Deadly Poison"],"picked":"Singing Bowl","floor":12.0},{"not_picked":["Escape Plan","Envenom"],"picked":"Accuracy","floor":14.0},{"not_picked":["A Thousand Cuts","Corpse Explosion","Glass Knife"],"picked":"Singing Bowl","floor":16.0},{"not_picked":["Dodge and Roll","Prepared+1"],"picked":"Blade Dance","floor":18.0},{"not_picked":["Well Laid Plans","PiercingWail"],"picked":"Reflex","floor":19.0},{"not_picked":["Bouncing Flask","Dagger Spray+1","Blade Dance+1"],"picked":"Singing Bowl","floor":20.0},{"not_picked":["Finisher","Footwork"],"picked":"Terror+1","floor":22.0},{"not_picked":["Storm of Steel","Backflip"],"picked":"Acrobatics","floor":24.0},{"not_picked":["Terror","Acrobatics"],"picked":"Footwork","floor":28.0},{"not_picked":["Acrobatics","Dodge and Roll","Caltrops+1"],"picked":"Singing Bowl","floor":29.0},{"not_picked":["Storm of Steel","A Thousand Cuts","Corpse Explosion"],"picked":"Singing Bowl","floor":33.0},{"not_picked":["Deadly Poison","Flying Knee","Dagger Spray"],"picked":"Singing Bowl","floor":35.0},{"not_picked":["Prepared+1","Bane","Outmaneuver+1"],"picked":"Singing Bowl","floor":36.0},{"not_picked":["Cloak And Dagger","Backstab+1"],"picked":"Reflex","floor":38.0},{"not_picked":["Bane","Choke","Sucker Punch"],"picked":"Singing Bowl","floor":39.0},{"not_picked":["Violence","Forethought"],"picked":"Finesse","floor":41.0},{"not_picked":["Purity","Master of Strategy"],"picked":"Finesse","floor":41.0},{"not_picked":["Panacea","Good Instincts","Blind"],"picked":"Singing Bowl","floor":41.0},{"not_picked":["Sucker Punch","Dodge and Roll+1","After Image"],"picked":"Singing Bowl","floor":42.0},{"not_picked":["Reflex","Acrobatics"],"picked":"Blur","floor":46.0},{"not_picked":["Bouncing Flask+1","Deflect+1","Escape Plan"],"picked":"Singing Bowl","floor":47.0},{"not_picked":["Quick Slash","Expertise","Dagger Throw"],"picked":"Singing Bowl","floor":55}],"player_experience":1606176,"relics_obtained":[{"floor":7.0,"key":"War Paint"},{"floor":9.0,"key":"Singing Bowl"},{"floor":14.0,"key":"Unceasing Top"},{"floor":24.0,"key":"Shuriken"},{"floor":26.0,"key":"MealTicket"},{"floor":42.0,"key":"MawBank"},{"floor":46.0,"key":"Vajra"},{"floor":55,"key":"Pen Nib"}],"event_choices":[{"damage_healed":0.0,"max_hp_gain":0.0,"max_hp_loss":0.0,"gold_gain":0.0,"cards_transformed":["Strike_G"],"event_name":"Living Wall","player_choice":"Change","floor":3.0,"gold_loss":0.0,"damage_taken":0.0,"cards_obtained":["Venomology"]},{"damage_healed":0.0,"max_hp_gain":0.0,"max_hp_loss":0.0,"gold_gain":75.0,"event_name":"World of Goop","player_choice":"Gather Gold","floor":4.0,"gold_loss":0.0,"damage_taken":11.0},{"cards_removed":["Strike_G"],"damage_healed":0.0,"max_hp_gain":0.0,"max_hp_loss":0.0,"gold_gain":0.0,"event_name":"The Cleric","player_choice":"Card Removal","floor":5.0,"gold_loss":75.0,"damage_taken":0.0},{"cards_removed":["Pain"],"damage_healed":0.0,"max_hp_gain":0.0,"max_hp_loss":0.0,"gold_gain":0.0,"event_name":"Beggar","player_choice":"Gave Gold","floor":31.0,"gold_loss":75.0,"damage_taken":0.0},{"damage_healed":0.0,"max_hp_gain":0.0,"max_hp_loss":0.0,"gold_gain":0.0,"event_name":"SensoryStone","player_choice":"Memory 3","floor":41.0,"gold_loss":0.0,"damage_taken":10.0},{"cards_removed":["Strike_G"],"damage_healed":0.0,"max_hp_gain":0.0,"max_hp_loss":0.0,"gold_gain":0.0,"event_name":"Falling","player_choice":"Removed Attack","floor":45.0,"gold_loss":0.0,"damage_taken":0.0}],"is_beta":false,"boss_relics":[{"not_picked":["Astrolabe","Sozu"],"picked":"Cursed Key"},{"not_picked":["Empty Cage","HoveringKite"],"picked":"SacredBark"}],"items_purged_floors":[21,48],"is_endless":false,"potions_floor_spawned":[1,10,19,20,24,29,36,38,39,55],"killed_by":"The Heart","ascension_level":20}}