{"host":"FirstDane","time":1611372071,"event":{"mods":["BaseMod","Bestiary","Highlight Path","Minty Spire (QoL Compilation)","Relic Stats","Slay the Relics Exporter"],"gold_per_floor":[112,126,126,140,153,181,181,211,211,211,39,39,57,4,4,75,75,92,112,127,52,52,52,84,84,84,84,84,94,123,158,158,232,232,262,262,317,217,229,256,285,315,315,350,396,421,435,463,463,463,463,463,463,122,149,149],"floor_reached":57,"language":"ENG","playtime":8718,"items_purged":["Strike_G","Strike_G","Strike_G"],"score":3492,"play_id":"eb7f96b5-51a1-445a-8a20-26c76944c7a4","local_time":"20210122212111","is_ascension_mode":true,"campfire_choices":[{"data":"Predator","floor":7,"key":"SMITH"},{"data":"Deadly Poison","floor":10,"key":"SMITH"},{"data":"Tools of the Trade","floor":15,"key":"SMITH"},{"data":"Ghostly","floor":23,"key":"SMITH"},{"data":"Ghostly","floor":25,"key":"SMITH"},{"data":"Noxious Fumes","floor":27,"key":"SMITH"},{"data":"Deadly Poison","floor":32,"key":"SMITH"},{"floor":49,"key":"RECALL"},{"data":"Ghostly","floor":53,"key":"SMITH"}],"circlet_count":0,"master_deck":["AscendersBane","Defend_G","Defend_G","Defend_G","Defend_G","Survivor","Neutralize","Quick Slash","Predator+1","Sucker Punch","Deadly Poison+1","Tools of the Trade+1","Deadly Poison+1","Backflip","Crippling Poison+1","Acrobatics+1","Leg Sweep","Ghostly+1","Ghostly+1","Ghostly+1","Noxious Fumes+1","Corpse Explosion","Dodge and Roll+1","Blur","Catalyst+1","Backflip+1","Catalyst+1"],"relics":["Ring of the Snake","Thread and Needle","Strawberry","Potion Belt","Matryoshka","Toolbox","Velvet Choker","CaptainsWheel","Mercury Hourglass","White Beast Statue","Blood Vial","WingedGreaves","Dream Catcher","Oddly Smooth Stone","Runic Pyramid","InkBottle","StrikeDummy","MealTicket","Sundial","StoneCalendar","Torii","Bottled Tornado","TwistedFunnel","Du-Vu Doll"],"acts_visited":["Exordium","TheCity","TheBeyond","TheEnding"],"potions_floor_usage":[6,8,19,24,33,33,37,37,41,41,41,44,46,55,56,56,56],"damage_taken":[{"damage":0,"enemies":"Small Slimes","floor":1,"turns":4},{"damage":0,"enemies":"Jaw Worm","floor":2,"turns":5},{"damage":0,"enemies":"Cultist","floor":4,"turns":3},{"damage":5,"enemies":"Red Slaver","floor":5,"turns":4},{"damage":4,"enemies":"Lagavulin","floor":6,"turns":6},{"damage":15,"enemies":"Gremlin Nob","floor":8,"turns":4},{"damage":4,"enemies":"Looter","floor":13,"turns":2},{"damage":1,"enemies":"Hexaghost","floor":16,"turns":9},{"damage":13,"enemies":"2 Thieves","floor":18,"turns":4},{"damage":5,"enemies":"Shell Parasite","floor":19,"turns":4},{"damage":25,"enemies":"Snecko","floor":20,"turns":6},{"damage":9,"enemies":"Book of Stabbing","floor":24,"turns":6},{"damage":0,"enemies":"Cultist and Chosen","floor":29,"turns":5},{"damage":0,"enemies":"Slavers","floor":30,"turns":4},{"damage":11,"enemies":"Book of Stabbing","floor":31,"turns":6},{"damage":3,"enemies":"Champ","floor":33,"turns":11},{"damage":0,"enemies":"Orb Walker","floor":35,"turns":4},{"damage":2,"enemies":"3 Shapes","floor":37,"turns":4},{"damage":0,"enemies":"Writhing Mass","floor":39,"turns":7},{"damage":0,"enemies":"Nemesis","floor":40,"turns":7},{"damage":17,"enemies":"Giant Head","floor":41,"turns":11},{"damage":0,"enemies":"Nemesis","floor":42,"turns":9},{"damage":0,"enemies":"Reptomancer","floor":44,"turns":4},{"damage":0,"enemies":"2 Orb Walkers","floor":45,"turns":4},{"damage":0,"enemies":"Giant Head","floor":46,"turns":8},{"damage":0,"enemies":"Jaw Worm Horde","floor":47,"turns":1},{"damage":0,"enemies":"Nemesis","floor":48,"turns":5},{"damage":2,"enemies":"Awakened One","floor":50,"turns":16},{"damage":0,"enemies":"Donu and Deca","floor":51,"turns":5},{"damage":0,"enemies":"Shield and Spear","floor":55,"turns":3},{"damage":0,"enemies":"The Heart","floor":56,"turns":5}],"seed_played":"-108257846352182685","potions_obtained":[{"floor":1,"key":"ColorlessPotion"},{"floor":2,"key":"Ancient Potion"},{"floor":13,"key":"SkillPotion"},{"floor":16,"key":"Strength Potion"},{"floor":20,"key":"Regen Potion"},{"floor":29,"key":"CultistPotion"},{"floor":30,"key":"AttackPotion"},{"floor":31,"key":"DistilledChaos"},{"floor":33,"key":"SpeedPotion"},{"floor":35,"key":"FearPotion"},{"floor":37,"key":"CunningPotion"},{"floor":39,"key":"SpeedPotion"},{"floor":40,"key":"EssenceOfSteel"},{"floor":41,"key":"DuplicationPotion"},{"floor":42,"key":"CultistPotion"},{"floor":44,"key":"Regen Potion"},{"floor":45,"key":"SmokeBomb"},{"floor":46,"key":"Strength Potion"},{"floor":47,"key":"LiquidMemories"},{"floor":48,"key":"Ancient Potion"},{"floor":55,"key":"FairyPotion"}],"is_trial":false,"path_per_floor":["M","M","?","M","M","E","R","E","T","R","$","?","M","$","R","B",null,"M","M","M","$","?","R","E","R","T","R","T","M","E","E","R","B",null,"M","?","M","$","M","E","E","E","T","E","?","E","M","E","R","B","B",null,"R","$","E","B",null],"character_chosen":"THE_SILENT","items_purchased":["Toolbox","Backflip","TwistedFunnel","Block Potion"],"campfire_rested":0,"item_purchase_floors":[11,14,54,54],"current_hp_per_floor":[59,59,59,59,54,57,57,42,42,42,42,35,31,31,31,30,58,45,40,15,15,15,15,21,21,21,21,21,23,25,16,16,15,29,31,31,31,31,33,33,16,18,18,20,22,33,33,33,33,31,33,33,33,33,33,33],"gold":149,"neow_bonus":"ONE_RARE_RELIC","is_daily":false,"chose_seed":false,"campfire_upgraded":8,"win_rate":0.0,"timestamp":1611372071,"path_taken":["M","M","?","M","M","E","R","E","T","R","$","?","M","?","R","BOSS","M","M","M","$","?","R","E","R","T","R","?","M","E","E","R","BOSS","M","?","M","$","?","E","E","E","T","E","?","E","M","E","R","BOSS","BOSS","R","$","E","BOSS"],"items_purchased_type":["Relic","Card","Relic","Potion"],"build_version":"2020-12-18","purchased_purges":3,"victory":true,"max_hp_per_floor":[60,60,60,60,60,67,67,67,67,67,67,67,67,67,67,67,67,67,67,67,67,33,33,33,33,33,33,33,33,33,33,33,33,33,33,33,33,33,33,33,33,33,33,33,33,33,33,33,33,33,33,33,33,33,33,33],"relic_stats":{"Blood Vial":24,"Dream Catcher":0,"Torii":5,"counters":[31,176],"Sundial":[4],"MealTicket":0,"StoneCalendar":[104],"obtain_stats":[{"Potion Belt":8,"TwistedFunnel":54,"Torii":46,"Velvet Choker":17,"Oddly Smooth Stone":31,"Thread and Needle":0,"StoneCalendar":45,"Bottled Tornado":48,"White Beast Statue":26,"Mercury Hourglass":26,"Blood Vial":28,"Du-Vu Doll":55,"CaptainsWheel":24,"Dream Catcher":30,"Matryoshka":9,"Sundial":44,"Strawberry":6,"Toolbox":11,"MealTicket":42,"WingedGreaves":28,"StrikeDummy":41,"InkBottle":40,"Ring of the Snake":0,"Runic Pyramid":34},{"Potion Belt":6,"TwistedFunnel":29,"Torii":25,"Velvet Choker":8,"Oddly Smooth Stone":15,"Thread and Needle":0,"StoneCalendar":24,"Bottled Tornado":27,"White Beast Statue":12,"Mercury Hourglass":12,"Blood Vial":12,"Du-Vu Doll":30,"CaptainsWheel":12,"Dream Catcher":14,"Matryoshka":6,"Sundial":23,"Strawberry":5,"Toolbox":6,"MealTicket":22,"WingedGreaves":12,"StrikeDummy":21,"InkBottle":20,"Ring of the Snake":0,"Runic Pyramid":16},{"Potion Belt":26,"TwistedFunnel":168,"Torii":141,"Velvet Choker":37,"Oddly Smooth Stone":72,"Thread and Needle":0,"StoneCalendar":133,"Bottled Tornado":147,"White Beast Statue":57,"Mercury Hourglass":57,"Blood Vial":57,"Du-Vu Doll":171,"CaptainsWheel":57,"Dream Catcher":66,"Matryoshka":26,"Sundial":129,"Strawberry":22,"Toolbox":26,"MealTicket":125,"WingedGreaves":57,"StrikeDummy":116,"InkBottle":105,"Ring of the Snake":0,"Runic Pyramid":83}],"InkBottle":[26],"Ring of the Snake":[62],"Mercury Hourglass":[387]},"card_choices":[{"not_picked":["Expertise","Finisher"],"picked":"Quick Slash","floor":1},{"not_picked":["Blur","Slice"],"picked":"Predator","floor":2},{"not_picked":["Blade Dance","Catalyst"],"picked":"Deadly Poison","floor":4},{"not_picked":["Quick Slash","Bane","Escape Plan"],"picked":"SKIP","floor":5},{"not_picked":["Envenom","Skewer"],"picked":"Tools of the Trade","floor":6},{"not_picked":["Bane","Underhanded Strike","Dodge and Roll"],"picked":"SKIP","floor":8},{"not_picked":["Dodge and Roll","Dagger Spray"],"picked":"Deadly Poison","floor":13},{"not_picked":["Choke","Deflect"],"picked":"Crippling Poison+1","floor":18},{"not_picked":["Slice+1","Blur"],"picked":"Acrobatics+1","floor":19},{"not_picked":["Dodge and Roll","Predator"],"picked":"Leg Sweep","floor":20},{"not_picked":["Tactician","A Thousand Cuts"],"picked":"Noxious Fumes","floor":24},{"not_picked":["Backflip","Riddle With Holes","Cloak And Dagger"],"picked":"SKIP","floor":29},{"not_picked":["Skewer+1","Phantasmal Killer","Dash"],"picked":"SKIP","floor":30},{"not_picked":["Bane","Accuracy","Quick Slash"],"picked":"SKIP","floor":31},{"not_picked":["Burst","After Image"],"picked":"Corpse Explosion","floor":33},{"not_picked":["Dagger Throw","Acrobatics","Deadly Poison"],"picked":"SKIP","floor":35},{"not_picked":["Predator","Blade Dance"],"picked":"Dodge and Roll+1","floor":37},{"not_picked":["Tactician","Cloak And Dagger"],"picked":"Blur","floor":39},{"not_picked":["Escape Plan+1","Leg Sweep","Blade Dance"],"picked":"SKIP","floor":40},{"not_picked":["Backstab","Riddle With Holes+1","All Out Attack+1"],"picked":"SKIP","floor":41},{"not_picked":["Grand Finale","Sucker Punch"],"picked":"Catalyst+1","floor":42},{"not_picked":["Acrobatics","Endless Agony"],"picked":"Backflip+1","floor":44},{"not_picked":["Footwork","Poisoned Stab"],"picked":"Catalyst+1","floor":46},{"not_picked":["Slice","Poisoned Stab","Sucker Punch"],"picked":"SKIP","floor":47},{"not_picked":["Catalyst","Heel Hook","Skewer"],"picked":"SKIP","floor":48},{"not_picked":["Quick Slash","Leg Sweep","Blade Dance"],"picked":"SKIP","floor":55}],"player_experience":3943959,"relics_obtained":[{"floor":6,"key":"Strawberry"},{"floor":8,"key":"Potion Belt"},{"floor":9,"key":"Matryoshka"},{"floor":24,"key":"CaptainsWheel"},{"floor":26,"key":"Mercury Hourglass"},{"floor":26,"key":"White Beast Statue"},{"floor":28,"key":"Blood Vial"},{"floor":28,"key":"WingedGreaves"},{"floor":30,"key":"Dream Catcher"},{"floor":31,"key":"Oddly Smooth Stone"},{"floor":40,"key":"InkBottle"},{"floor":41,"key":"StrikeDummy"},{"floor":42,"key":"MealTicket"},{"floor":44,"key":"Sundial"},{"floor":45,"key":"StoneCalendar"},{"floor":46,"key":"Torii"},{"floor":48,"key":"Bottled Tornado"},{"floor":55,"key":"Du-Vu Doll"}],"event_choices":[{"damage_healed":0,"gold_gain":0,"cards_transformed":["Defend_G"],"player_choice":"Change","damage_taken":0,"max_hp_gain":0,"max_hp_loss":0,"event_name":"Living Wall","floor":3,"gold_loss":0,"cards_obtained":["Sucker Punch"]},{"cards_removed":["Strike_G"],"damage_healed":0,"gold_gain":0,"player_choice":"Card Removal","damage_taken":7,"max_hp_gain":0,"max_hp_loss":0,"event_name":"Golden Wing","floor":12,"gold_loss":0},{"damage_healed":0,"gold_gain":0,"player_choice":"Became a Ghost","damage_taken":0,"max_hp_gain":0,"max_hp_loss":34,"event_name":"Ghosts","floor":22,"gold_loss":0,"cards_obtained":["Ghostly","Ghostly","Ghostly"]},{"cards_removed":["Strike_G"],"damage_healed":0,"gold_gain":0,"player_choice":"Purged","damage_taken":0,"max_hp_gain":0,"max_hp_loss":0,"event_name":"Purifier","floor":36,"gold_loss":0},{"damage_healed":0,"gold_gain":0,"player_choice":"Fight","damage_taken":0,"max_hp_gain":0,"max_hp_loss":0,"event_name":"Mysterious Sphere","floor":45,"gold_loss":0}],"is_beta":true,"boss_relics":[{"not_picked":["Busted Crown","SacredBark"],"picked":"Velvet Choker"},{"not_picked":["Philosopher\u0027s Stone","SlaversCollar"],"picked":"Runic Pyramid"}],"items_purged_floors":[21,38,54],"is_endless":false,"potions_floor_spawned":[1,2,5,13,16,20,29,30,31,33,35,37,39,40,41,42,44,45,46,47,48,55],"ascension_level":20}}