{"host":"srk2drlvga69hbot","time":1611406567,"event":{"mods":["BaseMod","Bestiary","Block Reminder","Colored Map","Colored Powertips","Dark Map","DeckTracker","Highlight Path","Minty Spire (QoL Compilation)","Quick Restart","Rare Cards Sparkle","Relic Stats","SuperFastMode","Unceasing Turn Reminder"],"gold_per_floor":[112,112,112,112,132,462,537,562,585,585,510,510,523,541,541,643,643,653,368,380,397,101,101,132,132,202,220,240,240,275,285,285,382,382,402,84,0,0,18,18,31,46,73,73,91,19,19,38,38,38],"floor_reached":51,"language":"ZHS","playtime":3612,"items_purged":["Bash","Fire Breathing","Perfected Strike","Body Slam"],"score":896,"play_id":"64f6a4b4-1f25-4183-9b08-26d6644fceaf","local_time":"20210123205607","is_ascension_mode":true,"campfire_choices":[{"data":"Searing Blow","floor":10.0,"key":"SMITH"},{"data":"Searing Blow+2","floor":15.0,"key":"SMITH"},{"data":"Searing Blow+3","floor":23.0,"key":"SMITH"},{"data":"Searing Blow+4","floor":25.0,"key":"SMITH"},{"data":"Searing Blow+5","floor":29.0,"key":"SMITH"},{"data":"Searing Blow+6","floor":32.0,"key":"SMITH"},{"data":"Searing Blow+7","floor":40.0,"key":"SMITH"},{"data":"Searing Blow+8","floor":44,"key":"SMITH"},{"data":"Searing Blow+9","floor":47,"key":"SMITH"},{"data":"Searing Blow+10","floor":49,"key":"SMITH"}],"circlet_count":0,"master_deck":["Rampage","Searing Blow+11","Armaments","Infernal Blade","Headbutt","Shrug It Off","Rage","Burning Pact","Battle Trance","Armaments","Warcry","Seeing Red","Bloodletting","Searing Blow+9","Berserk"],"relics":["Burning Blood","NeowsBlessing","PreservedInsect","Old Coin","MealTicket","Anchor","Pandora\u0027s Box","Pen Nib","Membership Card","Nunchaku","Pear","Bottled Flame","Sundial","Sozu","Medical Kit","Blue Candle","Red Mask","Blood Vial","DollysMirror"],"acts_visited":["Exordium","TheCity","TheBeyond"],"potions_floor_usage":[],"damage_taken":[{"damage":0.0,"enemies":"Small Slimes","floor":1.0,"turns":1.0},{"damage":0.0,"enemies":"2 Louse","floor":5.0,"turns":1.0},{"damage":0.0,"enemies":"Lagavulin","floor":6.0,"turns":1.0},{"damage":25.0,"enemies":"3 Sentries","floor":8.0,"turns":6.0},{"damage":0.0,"enemies":"Cultist","floor":13.0,"turns":3.0},{"damage":4.0,"enemies":"2 Fungi Beasts","floor":14.0,"turns":4.0},{"damage":34.0,"enemies":"Slime Boss","floor":16.0,"turns":6.0},{"damage":32.0,"enemies":"3 Byrds","floor":18.0,"turns":5.0},{"damage":12.0,"enemies":"Shell Parasite","floor":20.0,"turns":3.0},{"damage":30.0,"enemies":"Sentry and Sphere","floor":21.0,"turns":5.0},{"damage":26.0,"enemies":"Slavers","floor":24.0,"turns":5.0},{"damage":16.0,"enemies":"Centurion and Healer","floor":27.0,"turns":3.0},{"damage":4.0,"enemies":"3 Cultists","floor":28.0,"turns":4.0},{"damage":9.0,"enemies":"Gremlin Leader","floor":30.0,"turns":2.0},{"damage":16.0,"enemies":"Chosen and Byrds","floor":31.0,"turns":4.0},{"damage":3.0,"enemies":"Automaton","floor":33.0,"turns":4.0},{"damage":13.0,"enemies":"3 Darklings","floor":35.0,"turns":6.0},{"damage":0.0,"enemies":"Orb Walker","floor":39.0,"turns":2.0},{"damage":29.0,"enemies":"4 Shapes","floor":41.0,"turns":5.0},{"damage":18,"enemies":"Transient","floor":42,"turns":5},{"damage":0,"enemies":"Spire Growth","floor":45,"turns":1},{"damage":13,"enemies":"4 Shapes","floor":48,"turns":4},{"damage":62,"enemies":"Time Eater","floor":50,"turns":5}],"seed_played":"-5825386677584054865","potions_obtained":[{"floor":1.0,"key":"BloodPotion"},{"floor":5.0,"key":"Dexterity Potion"},{"floor":6.0,"key":"SkillPotion"},{"floor":13.0,"key":"GamblersBrew"},{"floor":18.0,"key":"Fire Potion"},{"floor":21.0,"key":"Energy Potion"},{"floor":24.0,"key":"DuplicationPotion"},{"floor":31.0,"key":"Fire Potion"}],"is_trial":false,"path_per_floor":["M","?","?","?","M","E","?","E","T","R","$","?","M","M","R","B",null,"M","$","M","M","$","R","E","R","T","M","M","R","E","M","R","B",null,"M","$","?","?","M","R","M","M","T","R","M","$","R","M","R","B",null],"character_chosen":"IRONCLAD","items_purchased":["Pen Nib","Battle Trance","Membership Card","Nunchaku","Medical Kit","Blue Candle","Bloodletting","DollysMirror"],"campfire_rested":0,"item_purchase_floors":[19,19,22,22,36,36,36,46],"current_hp_per_floor":[80,80,80,64,70,76,65,46,46,46,61,61,67,69,69,41,70,44,59,53,29,44,44,52,52,52,42,44,44,41,31,31,34,76,69,84,84,90,90,90,67,55,55,55,63,78,78,73,73,19],"gold":38,"neow_bonus":"THREE_ENEMY_KILL","is_daily":false,"chose_seed":false,"campfire_upgraded":10,"win_rate":0.0,"timestamp":1611406567,"path_taken":["M","?","?","?","M","E","?","E","T","R","?","?","M","M","R","BOSS","M","$","M","M","$","R","E","R","T","?","M","R","E","M","R","BOSS","M","$","?","?","M","R","?","M","T","R","M","?","R","M","R","BOSS"],"items_purchased_type":["Relic","Card","Relic","Relic","Relic","Relic","Card","Relic"],"build_version":"2020-12-22","purchased_purges":4,"victory":true,"max_hp_per_floor":[80,80,80,80,80,80,80,80,80,80,80,80,80,80,80,80,80,80,80,80,80,80,80,90,90,90,90,90,90,90,90,90,90,90,90,90,90,90,90,90,90,90,90,90,90,90,90,90,90,90],"relic_stats":{"counters":[23,85],"Blue Candle":[0],"PreservedInsect":117,"Pen Nib":[10],"Medical Kit":[2],"Burning Blood":126,"Sozu":3,"Blood Vial":6,"Nunchaku":[8],"Sundial":[8],"MealTicket":75,"Pandora\u0027s Box":["Infernal Blade","Perfected Strike","Sever Soul","Headbutt","Shrug It Off","Body Slam","Rage","Burning Pact","Fire Breathing"],"obtain_stats":[{"Pear":24,"NeowsBlessing":0,"Blue Candle":36,"PreservedInsect":2,"Pen Nib":19,"Medical Kit":36,"Burning Blood":0,"Old Coin":6,"Sozu":34,"Blood Vial":43,"Anchor":9,"Nunchaku":22,"Bottled Flame":26,"Sundial":30,"DollysMirror":46,"MealTicket":8,"Pandora\u0027s Box":17,"Red Mask":37,"Membership Card":22},{"Pear":11,"NeowsBlessing":0,"Blue Candle":17,"PreservedInsect":1,"Pen Nib":8,"Medical Kit":17,"Burning Blood":0,"Old Coin":3,"Sozu":16,"Blood Vial":20,"Anchor":4,"Nunchaku":10,"Bottled Flame":11,"Sundial":14,"DollysMirror":21,"MealTicket":4,"Pandora\u0027s Box":7,"Red Mask":17,"Membership Card":10},{"Pear":40,"NeowsBlessing":0,"Blue Candle":63,"PreservedInsect":1,"Pen Nib":27,"Medical Kit":63,"Burning Blood":0,"Old Coin":3,"Sozu":57,"Blood Vial":75,"Anchor":9,"Nunchaku":35,"Bottled Flame":40,"Sundial":49,"DollysMirror":76,"MealTicket":9,"Pandora\u0027s Box":22,"Red Mask":63,"Membership Card":35}]},"card_choices":[{"not_picked":["Flame Barrier","Sentinel"],"picked":"Rampage","floor":1.0},{"not_picked":["Flex","Armaments","Warcry"],"picked":"SKIP","floor":5.0},{"not_picked":["Evolve","Intimidate"],"picked":"Searing Blow","floor":6.0},{"not_picked":["Heavy Blade","Brutality","Sword Boomerang"],"picked":"SKIP","floor":8.0},{"not_picked":["Headbutt","Fire Breathing"],"picked":"Armaments","floor":13.0},{"not_picked":["Armaments","Rupture","Flex"],"picked":"SKIP","floor":14.0},{"not_picked":["Sever Soul","Blood for Blood+1","Thunderclap"],"picked":"SKIP","floor":18.0},{"not_picked":["Hemokinesis+1","Sentinel"],"picked":"Armaments","floor":20.0},{"not_picked":["Inflame","True Grit","Pommel Strike"],"picked":"SKIP","floor":21.0},{"not_picked":["Anger+1","Evolve"],"picked":"Warcry","floor":24.0},{"not_picked":["True Grit","Reckless Charge","Rupture"],"picked":"SKIP","floor":27.0},{"not_picked":["Searing Blow","Sever Soul","Carnage+1"],"picked":"SKIP","floor":28.0},{"not_picked":["Thunderclap","Rampage","Cleave+1"],"picked":"SKIP","floor":30.0},{"not_picked":["Perfected Strike","True Grit"],"picked":"Seeing Red","floor":31.0},{"not_picked":["Pommel Strike","Anger+1","Iron Wave+1"],"picked":"SKIP","floor":35.0},{"not_picked":["Inflame","Cleave+1","Thunderclap"],"picked":"SKIP","floor":39.0},{"not_picked":["Iron Wave","True Grit","Juggernaut"],"picked":"SKIP","floor":41.0},{"not_picked":["Thunderclap","Ghostly Armor","Clothesline"],"picked":"SKIP","floor":42},{"not_picked":["Pommel Strike","Bloodletting+1","Sword Boomerang"],"picked":"SKIP","floor":45},{"not_picked":["Bloodletting+1","Shrug It Off+1"],"picked":"Berserk","floor":48}],"player_experience":161992,"relics_obtained":[{"floor":6.0,"key":"Old Coin"},{"floor":8.0,"key":"MealTicket"},{"floor":9.0,"key":"Anchor"},{"floor":24.0,"key":"Pear"},{"floor":26.0,"key":"Bottled Flame"},{"floor":30.0,"key":"Sundial"},{"floor":43,"key":"Blood Vial"}],"event_choices":[{"damage_healed":0.0,"max_hp_gain":0.0,"max_hp_loss":0.0,"gold_gain":0.0,"event_name":"Big Fish","player_choice":"Box","floor":2.0,"gold_loss":0.0,"damage_taken":0.0,"relics_obtained":["PreservedInsect"],"cards_obtained":["Regret"]},{"cards_removed":["Regret"],"damage_healed":0.0,"max_hp_gain":0.0,"max_hp_loss":0.0,"gold_gain":0.0,"event_name":"Living Wall","player_choice":"Forget","floor":3.0,"gold_loss":0.0,"damage_taken":0.0},{"damage_healed":0.0,"max_hp_gain":0.0,"max_hp_loss":0.0,"gold_gain":0.0,"event_name":"Shining Light","player_choice":"Entered Light","floor":4.0,"gold_loss":0.0,"damage_taken":16.0,"cards_upgraded":["Strike_R","Strike_R"]},{"damage_healed":0.0,"max_hp_gain":0.0,"max_hp_loss":0.0,"gold_gain":75.0,"event_name":"World of Goop","player_choice":"Gather Gold","floor":7.0,"gold_loss":0.0,"damage_taken":11.0},{"damage_healed":0.0,"max_hp_gain":0.0,"max_hp_loss":0.0,"gold_gain":0.0,"event_name":"Upgrade Shrine","player_choice":"Upgraded","floor":12.0,"gold_loss":0.0,"damage_taken":0.0,"cards_upgraded":["Searing Blow"]},{"damage_healed":0.0,"max_hp_gain":0.0,"max_hp_loss":0.0,"gold_gain":0.0,"event_name":"Tomb of Lord Red Mask","player_choice":"Paid","floor":37.0,"gold_loss":84.0,"damage_taken":0.0,"relics_obtained":["Red Mask"]},{"cards_removed":["Sever Soul"],"damage_healed":6.0,"max_hp_gain":0.0,"max_hp_loss":0.0,"gold_gain":0.0,"event_name":"Bonfire Elementals","player_choice":"Offered Uncommon","floor":38.0,"gold_loss":0.0,"damage_taken":0.0}],"is_beta":false,"boss_relics":[{"not_picked":["Philosopher\u0027s Stone","Fusion Hammer"],"picked":"Pandora\u0027s Box"},{"not_picked":["Snecko Eye","Astrolabe"],"picked":"Sozu"}],"items_purged_floors":[11,19,22,36],"is_endless":false,"potions_floor_spawned":[1,5,6,13,18,21,24,31,35,42,45],"ascension_level":5}}