{"host":"Alvar","time":1611425999,"event":{"mods":["AchievementEnabler","BaseMod","Minty Spire (QoL Compilation)","StSLib"],"gold_per_floor":[112,112,124,137,137,137,164,164,189,214,214,247,18,48,48,127,127,145,145,145,21,31,58,58,93,93,122,138,167,167,181,181,260,260,277,17,17,36,54,88,38,57,84,119,133,153,153,186,186,186,186,186,186,21,55,55],"floor_reached":57,"language":"ENG","playtime":3657,"items_purged":["Strike_R","Strike_R","Strike_R"],"score":2892,"play_id":"d2f23d8e-9b20-476b-8bc1-7e3a18ba3690","local_time":"20210124011959","is_ascension_mode":true,"campfire_choices":[{"data":"Carnage","floor":6.0,"key":"SMITH"},{"data":"Bash","floor":8.0,"key":"SMITH"},{"data":"Hemokinesis","floor":11.0,"key":"SMITH"},{"data":"Shockwave","floor":15.0,"key":"SMITH"},{"data":"Disarm","floor":24.0,"key":"SMITH"},{"data":"Demon Form","floor":30.0,"key":"SMITH"},{"data":"Battle Trance","floor":32.0,"key":"SMITH"},{"floor":47.0,"key":"RECALL"},{"floor":49.0,"key":"REST"},{"floor":53,"key":"REST"}],"circlet_count":0,"master_deck":["AscendersBane","Defend_R","Defend_R","Defend_R","Defend_R","Bash+1","Carnage+1","Hemokinesis+1","Rupture","Shockwave+1","Battle Trance+1","Corruption","Reaper","Disarm+1","Demon Form+1","Armaments+1","Sword Boomerang","Metallicize+1","Disarm+1","Dark Embrace","Brutality+1","Exhume","Shrug It Off","Warcry+1","Feel No Pain","True Grit+1","Headbutt","Exhume","Feel No Pain","Havoc+1"],"relics":["Burning Blood","Red Skull","Vajra","Dream Catcher","PreservedInsect","Membership Card","Orichalcum","Black Star","Frozen Eye","Akabeko","Darkstone Periapt","Blood Vial","Tiny Chest","The Courier","Unceasing Top","Mercury Hourglass","Singing Bowl","Shuriken","Fusion Hammer","Pen Nib","Thread and Needle","Sundial","Self Forming Clay","Juzu Bracelet","Bottled Lightning","Happy Flower","Bag of Preparation","White Beast Statue","Boot"],"acts_visited":["Exordium","TheCity","TheBeyond","TheEnding"],"potions_floor_usage":[50,55,55,56],"damage_taken":[{"damage":5.0,"enemies":"2 Louse","floor":1.0,"turns":4.0},{"damage":5.0,"enemies":"Small Slimes","floor":3.0,"turns":7.0},{"damage":4.0,"enemies":"Jaw Worm","floor":4.0,"turns":3.0},{"damage":7.0,"enemies":"Gremlin Nob","floor":7.0,"turns":3.0},{"damage":27.0,"enemies":"Lagavulin","floor":10.0,"turns":4.0},{"damage":14.0,"enemies":"3 Sentries","floor":12.0,"turns":11.0},{"damage":2.0,"enemies":"Gremlin Nob","floor":14.0,"turns":2.0},{"damage":34.0,"enemies":"The Guardian","floor":16.0,"turns":8.0},{"damage":25.0,"enemies":"Spheric Guardian","floor":18.0,"turns":4.0},{"damage":0.0,"enemies":"3 Byrds","floor":22.0,"turns":6.0},{"damage":21.0,"enemies":"Gremlin Leader","floor":23.0,"turns":6.0},{"damage":37.0,"enemies":"Book of Stabbing","floor":25.0,"turns":5.0},{"damage":22.0,"enemies":"Slavers","floor":27.0,"turns":9.0},{"damage":18.0,"enemies":"Cultist and Chosen","floor":28.0,"turns":6.0},{"damage":27.0,"enemies":"Gremlin Leader","floor":29.0,"turns":5.0},{"damage":18.0,"enemies":"Sentry and Sphere","floor":31.0,"turns":5.0},{"damage":63.0,"enemies":"Collector","floor":33.0,"turns":8.0},{"damage":2.0,"enemies":"3 Shapes","floor":35.0,"turns":8.0},{"damage":19.0,"enemies":"3 Darklings","floor":38.0,"turns":7.0},{"damage":6.0,"enemies":"Writhing Mass","floor":39.0,"turns":7.0},{"damage":11.0,"enemies":"Nemesis","floor":40.0,"turns":5.0},{"damage":14.0,"enemies":"Transient","floor":42.0,"turns":6.0},{"damage":9.0,"enemies":"Giant Head","floor":44.0,"turns":5.0},{"damage":8.0,"enemies":"Sphere and 2 Shapes","floor":45.0,"turns":6.0},{"damage":8.0,"enemies":"3 Darklings","floor":46.0,"turns":4.0},{"damage":29.0,"enemies":"Nemesis","floor":48.0,"turns":7.0},{"damage":36,"enemies":"Awakened One","floor":50,"turns":11},{"damage":39,"enemies":"Donu and Deca","floor":51,"turns":7},{"damage":39,"enemies":"Shield and Spear","floor":55,"turns":6},{"damage":112,"enemies":"The Heart","floor":56,"turns":10}],"seed_played":"-2829750570783582303","potions_obtained":[{"floor":0.0,"key":"HeartOfIron"},{"floor":0.0,"key":"PowerPotion"},{"floor":7.0,"key":"FearPotion"},{"floor":10.0,"key":"FairyPotion"},{"floor":14.0,"key":"Strength Potion"},{"floor":22.0,"key":"DistilledChaos"},{"floor":29.0,"key":"Energy Potion"},{"floor":31.0,"key":"FearPotion"},{"floor":38.0,"key":"LiquidMemories"},{"floor":45.0,"key":"FairyPotion"},{"floor":55,"key":"ColorlessPotion"}],"is_trial":false,"path_per_floor":["M","?","M","M","?","R","E","R","T","E","R","E","$","E","R","B",null,"M","?","?","$","M","E","R","E","T","E","M","E","R","M","R","B",null,"M","$","?","M","M","E","?","M","T","E","M","M","R","E","R","B","B",null,"R","$","E","B",null],"character_chosen":"IRONCLAD","items_purchased":["Membership Card","Shockwave","Battle Trance","Frozen Eye","Shrug It Off","Pen Nib","Thread and Needle","Feel No Pain","LiquidMemories","DistilledChaos"],"campfire_rested":2,"item_purchase_floors":[13,13,13,21,36,36,36,54,54,54],"current_hp_per_floor":[69,74,75,77,77,77,76,76,76,55,55,47,47,51,51,23,66,52,52,52,52,71,69,69,42,42,42,56,80,80,70,70,37,71,79,79,79,69,84,86,86,86,86,83,86,86,86,86,88,88,88,88,90,90,90,90],"gold":55,"neow_bonus":"THREE_SMALL_POTIONS","is_daily":false,"chose_seed":false,"campfire_upgraded":7,"win_rate":0.0,"timestamp":1611425999,"path_taken":["M","?","M","M","?","R","E","R","T","E","R","E","$","E","R","BOSS","M","?","?","?","M","E","R","E","T","E","M","E","R","M","R","BOSS","M","$","?","M","M","E","?","?","T","E","M","M","R","E","R","BOSS","BOSS","R","$","E","BOSS"],"items_purchased_type":["Relic","Card","Card","Relic","Card","Relic","Relic","Card","Potion","Potion"],"build_version":"2020-12-18","purchased_purges":3,"victory":true,"max_hp_per_floor":[75,80,80,80,80,80,80,80,80,80,80,80,80,80,80,80,80,80,80,80,80,80,80,80,80,80,80,80,80,80,82,82,82,82,84,84,80,82,84,86,86,86,86,86,86,86,86,86,88,88,88,88,90,90,90,90],"card_choices":[{"not_picked":["Sentinel","Twin Strike"],"picked":"Carnage","floor":1.0},{"not_picked":["Sword Boomerang","Bloodletting","Power Through"],"picked":"SKIP","floor":3.0},{"not_picked":["Second Wind","Perfected Strike"],"picked":"Hemokinesis","floor":4.0},{"not_picked":["Hemokinesis","Clash","Seeing Red"],"picked":"SKIP","floor":7.0},{"not_picked":["Headbutt","Clash","Perfected Strike"],"picked":"SKIP","floor":10.0},{"not_picked":["Combust","Flex"],"picked":"Rupture","floor":12.0},{"not_picked":["Demon Form","Havoc"],"picked":"Corruption","floor":14.0},{"not_picked":["Exhume","Fiend Fire"],"picked":"Reaper","floor":16.0},{"not_picked":["Hemokinesis","Clothesline","Perfected Strike"],"picked":"SKIP","floor":18.0},{"not_picked":["Heavy Blade","Fire Breathing+1","Headbutt"],"picked":"SKIP","floor":22.0},{"not_picked":["Iron Wave","Shockwave"],"picked":"Sword Boomerang","floor":23.0},{"not_picked":["Searing Blow","Perfected Strike"],"picked":"Metallicize+1","floor":25.0},{"not_picked":["Heavy Blade","Metallicize"],"picked":"Disarm+1","floor":27.0},{"not_picked":["True Grit","Evolve+1"],"picked":"Dark Embrace","floor":28.0},{"not_picked":["Anger","Armaments"],"picked":"Brutality","floor":29.0},{"not_picked":["Heavy Blade+1","Hemokinesis","Body Slam"],"picked":"Singing Bowl","floor":31.0},{"not_picked":["Double Tap","Barricade"],"picked":"Exhume","floor":33.0},{"not_picked":["Body Slam","Entrench","Pommel Strike"],"picked":"Singing Bowl","floor":35.0},{"not_picked":["Uppercut","Clash","Twin Strike"],"picked":"Singing Bowl","floor":38.0},{"not_picked":["Immolate","Sword Boomerang","Armaments+1"],"picked":"Singing Bowl","floor":39.0},{"not_picked":["Metallicize+1","Combust+1","Armaments+1"],"picked":"Singing Bowl","floor":40.0},{"not_picked":["Bloodletting+1","Infernal Blade+1"],"picked":"Warcry+1","floor":42.0},{"not_picked":["Uppercut","Whirlwind"],"picked":"Feel No Pain","floor":44.0},{"not_picked":["Cleave+1","Headbutt+1"],"picked":"True Grit+1","floor":45.0},{"not_picked":["Twin Strike","Corruption"],"picked":"Headbutt","floor":46.0},{"not_picked":["Dropkick","True Grit+1"],"picked":"Exhume","floor":48.0},{"not_picked":["Sever Soul","Power Through","Cleave"],"picked":"Singing Bowl","floor":49.0},{"not_picked":["Warcry","True Grit","Twin Strike"],"picked":"Singing Bowl","floor":53},{"not_picked":["Intimidate","Warcry+1"],"picked":"Havoc+1","floor":55}],"player_experience":779005,"relics_obtained":[{"floor":7.0,"key":"Red Skull"},{"floor":9.0,"key":"Vajra"},{"floor":10.0,"key":"Dream Catcher"},{"floor":12.0,"key":"PreservedInsect"},{"floor":14.0,"key":"Orichalcum"},{"floor":23.0,"key":"Akabeko"},{"floor":23.0,"key":"Darkstone Periapt"},{"floor":25.0,"key":"Blood Vial"},{"floor":25.0,"key":"Tiny Chest"},{"floor":26.0,"key":"The Courier"},{"floor":27.0,"key":"Unceasing Top"},{"floor":27.0,"key":"Mercury Hourglass"},{"floor":29.0,"key":"Singing Bowl"},{"floor":29.0,"key":"Shuriken"},{"floor":40.0,"key":"Sundial"},{"floor":40.0,"key":"Self Forming Clay"},{"floor":44.0,"key":"Juzu Bracelet"},{"floor":44.0,"key":"Bottled Lightning"},{"floor":48.0,"key":"Happy Flower"},{"floor":48.0,"key":"Bag of Preparation"},{"floor":55,"key":"White Beast Statue"},{"floor":55,"key":"Boot"}],"event_choices":[{"damage_healed":0.0,"max_hp_gain":5.0,"max_hp_loss":0.0,"gold_gain":0.0,"event_name":"Big Fish","player_choice":"Donut","floor":2.0,"gold_loss":0.0,"damage_taken":0.0},{"damage_healed":0.0,"max_hp_gain":0.0,"max_hp_loss":0.0,"gold_gain":0.0,"event_name":"Liars Game","player_choice":"Ignored","floor":5.0,"gold_loss":0.0,"damage_taken":0.0},{"damage_healed":0.0,"max_hp_gain":0.0,"max_hp_loss":0.0,"gold_gain":0.0,"event_name":"The Library","player_choice":"Read","floor":19.0,"gold_loss":0.0,"damage_taken":0.0,"cards_obtained":["Disarm"]},{"damage_healed":0.0,"max_hp_gain":0.0,"max_hp_loss":0.0,"gold_gain":0.0,"cards_transformed":["Strike_R","Strike_R"],"event_name":"Drug Dealer","player_choice":"Became Test Subject","floor":20.0,"gold_loss":0.0,"damage_taken":0.0,"cards_obtained":["Demon Form","Armaments"]},{"damage_healed":0.0,"max_hp_gain":0.0,"max_hp_loss":4.0,"gold_gain":0.0,"event_name":"Winding Halls","player_choice":"Max HP","floor":37.0,"gold_loss":0.0,"damage_taken":0.0},{"damage_healed":0.0,"max_hp_gain":0.0,"max_hp_loss":0.0,"gold_gain":0.0,"event_name":"Designer","player_choice":"Upgraded Two","floor":41.0,"gold_loss":50.0,"damage_taken":0.0,"cards_upgraded":["Brutality","Armaments"]}],"is_beta":true,"boss_relics":[{"not_picked":["Runic Cube","Pandora\u0027s Box"],"picked":"Black Star"},{"not_picked":["SacredBark","Busted Crown"],"picked":"Fusion Hammer"}],"items_purged_floors":[21,36,54],"is_endless":false,"potions_floor_spawned":[3,7,10,14,22,29,31,35,38,39,40,45,55],"ascension_level":20}}