{"host":"6p0attdrtjqaih7v","time":1611433665,"event":{"mods":["2.2 Compatiblity","AchievementEnabler","Bard","BaseMod","Better Skull","Better Third Choice","Colored Powertips","Hermit","Highlight Path","Jorbs\u0027s Wanderer Trilogy","Key Reminder","Minty Spire (QoL Compilation)","Permanent Neow","Quick Restart","Random Character Button","Relic Stats","Replay The Spire","Robot Space Explorer","StSLib"],"gold_per_floor":[116,136,8,22,22,42,42,68,94,94,114,114,148,159,159,237,237,254,268,27,43,58,58,87,100,100,100,100,116,126,161,161,235,235,253,272,172,185,204,204,214,214,214,4,39,39,54,54,54,54,54],"floor_reached":52,"language":"ENG","playtime":2637,"items_purged":["Strike_G","Defend_G","Defend_G"],"score":1901,"play_id":"d8dca025-8919-43ba-94a5-abe3c7d246bc","local_time":"20210123152745","is_ascension_mode":true,"campfire_choices":[{"data":"Footwork","floor":7,"key":"SMITH"},{"data":"Cloak And Dagger","floor":10,"key":"SMITH"},{"floor":12,"key":"REST"},{"floor":15,"key":"REST"},{"data":"Cloak And Dagger","floor":23,"key":"SMITH"},{"floor":28,"key":"REST"},{"data":"Phantasmal Killer","floor":32,"key":"SMITH"},{"data":"After Image","floor":40,"key":"SMITH"},{"data":"Glass Knife","floor":42,"key":"SMITH"},{"floor":49,"key":"REST"}],"circlet_count":0,"master_deck":["AscendersBane","Strike_G","Strike_G","Strike_G+1","Strike_G+1","Defend_G","Defend_G","Defend_G","Survivor","Neutralize+1","Cloak And Dagger+1","Quick Slash","Backstab","Footwork+1","Cloak And Dagger+1","Backstab","Dash","Adrenaline","After Image+1","Leg Sweep+1","Blade Dance","Dagger Throw","Blade Dance","Phantasmal Killer+1","Glass Knife+1","Blade Dance","Acrobatics","Backflip","Acrobatics+1","Backstab","Blade Dance"],"relics":["Ring of the Snake","Simple Rune","Toy Ornithopter","Bag of Preparation","Omamori","Abe\u0027s Treasure","ClockworkSouvenir","Ornamental Fan","Iron Hammer","Art of War","keyreminder:keyreminder","WristBlade","Singing Bowl","FossilizedHelix"],"acts_visited":["Exordium","TheCity","TheBeyond"],"potions_floor_usage":[8,13,16,24,24,33,38,50,51],"damage_taken":[{"damage":0,"enemies":"Cultist","floor":1,"turns":4},{"damage":0,"enemies":"2 Louse","floor":2,"turns":4},{"damage":0,"enemies":"Small Slimes","floor":4,"turns":3},{"damage":0,"enemies":"Blue Slaver","floor":6,"turns":3},{"damage":25,"enemies":"Gremlin Nob","floor":8,"turns":5},{"damage":6,"enemies":"Exordium Thugs","floor":11,"turns":5},{"damage":14,"enemies":"Lagavulin","floor":13,"turns":6},{"damage":1,"enemies":"Large Slime","floor":14,"turns":4},{"damage":24,"enemies":"The Guardian","floor":16,"turns":19},{"damage":1,"enemies":"Shell Parasite","floor":18,"turns":6},{"damage":2,"enemies":"2 Thieves","floor":19,"turns":5},{"damage":2,"enemies":"Snake Plant","floor":21,"turns":7},{"damage":0,"enemies":"3 Cultists","floor":22,"turns":7},{"damage":38,"enemies":"Gremlin Leader","floor":24,"turns":9},{"damage":0,"enemies":"Snecko","floor":25,"turns":4},{"damage":0,"enemies":"Centurion and Healer","floor":29,"turns":7},{"damage":0,"enemies":"3 Cultists","floor":30,"turns":4},{"damage":0,"enemies":"Replay:Snechameleon","floor":31,"turns":5},{"damage":14,"enemies":"Automaton","floor":33,"turns":12},{"damage":14,"enemies":"3 Darklings","floor":35,"turns":5},{"damage":0,"enemies":"Orb Walker","floor":36,"turns":1},{"damage":0,"enemies":"3 Darklings","floor":38,"turns":4},{"damage":0,"enemies":"Jaw Worm Horde","floor":39,"turns":3},{"damage":0,"enemies":"4 Shapes","floor":41,"turns":5},{"damage":3,"enemies":"Reptomancer","floor":45,"turns":7},{"damage":0,"enemies":"Maw","floor":47,"turns":4},{"damage":19,"enemies":"Donu and Deca","floor":50,"turns":8},{"damage":31,"enemies":"Awakened One","floor":51,"turns":15}],"seed_played":"-1143655758613518422","potions_obtained":[{"floor":4,"key":"Cursed Concoction"},{"floor":6,"key":"SteroidPotion"},{"floor":8,"key":"Cursed Concoction"},{"floor":14,"key":"BlessingOfTheForge"},{"floor":16,"key":"Death Potion"},{"floor":18,"key":"Dexterity Potion"},{"floor":29,"key":"Fire Potion"},{"floor":30,"key":"Strength Potion"},{"floor":35,"key":"LiquidBronze"},{"floor":41,"key":"Venom Potion"},{"floor":45,"key":"GhostInAJar"}],"is_trial":false,"path_per_floor":["M","M","$","M","?","M","R","E","T","R","M","R","E","M","R","B",null,"M","M","$","M","M","R","E","M","T","?","R","M","M","E","R","B",null,"M","M","$","M","M","R","M","R","T","$","E","?","M","?","R","B","B",null],"character_chosen":"THE_SILENT","items_purchased":["Backstab","PowerPotion","ClockworkSouvenir","Backstab"],"campfire_rested":4,"item_purchase_floors":[3,3,20,44],"current_hp_per_floor":[59,59,59,59,42,42,42,17,17,17,11,30,21,20,39,20,55,54,52,52,50,50,50,22,22,22,22,41,41,41,41,41,32,58,44,44,44,49,49,49,49,49,49,49,48,48,48,48,65,46,20],"gold":54,"neow_bonus":"UPGRADE_CARD","is_daily":false,"chose_seed":false,"campfire_upgraded":6,"win_rate":0.0,"timestamp":1611433665,"path_taken":["M","M","$","M","?","M","R","E","T","R","M","R","E","M","R","BOSS","M","?","$","M","M","R","E","?","T","?","R","?","M","E","R","BOSS","M","M","$","M","M","R","M","R","T","$","E","?","M","?","R","BOSS","BOSS"],"items_purchased_type":["Card","Potion","Relic","Card"],"build_version":"2020-12-22","purchased_purges":3,"victory":true,"max_hp_per_floor":[66,66,66,66,66,66,66,66,66,66,66,66,66,66,66,66,66,66,66,66,66,66,66,66,66,66,66,66,66,66,66,66,66,66,66,66,66,66,66,66,66,66,66,66,68,68,68,65,65,65,65],"relic_stats":{"Singing Bowl":2,"counters":[28,171],"Ornamental Fan":[468],"Bag of Preparation":[46],"Art of War":[2],"obtain_stats":[{"Singing Bowl":43,"Bag of Preparation":9,"Omamori":13,"ClockworkSouvenir":20,"keyreminder:keyreminder":31,"WristBlade":34,"Ornamental Fan":24,"Simple Rune":5,"Iron Hammer":26,"Art of War":31,"Toy Ornithopter":8,"Abe\u0027s Treasure":17,"FossilizedHelix":45,"Ring of the Snake":0},{"Singing Bowl":24,"Bag of Preparation":5,"Omamori":7,"ClockworkSouvenir":11,"keyreminder:keyreminder":18,"WristBlade":19,"Ornamental Fan":14,"Simple Rune":3,"Iron Hammer":15,"Art of War":18,"Toy Ornithopter":5,"Abe\u0027s Treasure":9,"FossilizedHelix":25,"Ring of the Snake":0},{"Singing Bowl":137,"Bag of Preparation":19,"Omamori":30,"ClockworkSouvenir":64,"keyreminder:keyreminder":107,"WristBlade":119,"Ornamental Fan":87,"Simple Rune":11,"Iron Hammer":91,"Art of War":107,"Toy Ornithopter":19,"Abe\u0027s Treasure":53,"FossilizedHelix":144,"Ring of the Snake":0}],"Toy Ornithopter":35,"Ring of the Snake":[56]},"card_choices":[{"not_picked":["Deflect","Choke"],"picked":"Cloak And Dagger","floor":1},{"not_picked":["Backflip","Caltrops"],"picked":"Quick Slash","floor":2},{"not_picked":["Quick Slash","Dagger Throw"],"picked":"Footwork","floor":4},{"not_picked":["Flechettes","Toxin Wave","Underhanded Strike"],"picked":"SKIP","floor":6},{"not_picked":["Acrobatics","PiercingWail"],"picked":"Cloak And Dagger","floor":8},{"not_picked":["Sucker Punch","Bane"],"picked":"Backstab","floor":11},{"not_picked":["Riddle With Holes","Concentrate"],"picked":"Dash","floor":13},{"not_picked":["Dagger Throw","Cloak And Dagger"],"picked":"Adrenaline","floor":14},{"not_picked":["Storm of Steel","Die Die Die"],"picked":"After Image","floor":16},{"not_picked":["Deflect","Eviscerate+1"],"picked":"Leg Sweep","floor":18},{"not_picked":["Endless Agony","Dodge and Roll","Bane"],"picked":"SKIP","floor":19},{"not_picked":["Masterful Stab","Dodge and Roll"],"picked":"Blade Dance","floor":21},{"not_picked":["Tactician","Dodge and Roll"],"picked":"Dagger Throw","floor":22},{"not_picked":["Endless Agony","Toxin Wave"],"picked":"Blade Dance","floor":24},{"not_picked":["Catalyst","Cloak And Dagger","Poisoned Stab"],"picked":"SKIP","floor":25},{"not_picked":["Flying Knee","Dodge and Roll","Underhanded Strike"],"picked":"SKIP","floor":29},{"not_picked":["Dagger Spray","Prepared"],"picked":"Phantasmal Killer","floor":30},{"not_picked":["Flechettes+1","Flying Knee+1","Dodge and Roll"],"picked":"SKIP","floor":31},{"not_picked":["ReplayTheSpireMod:From All Sides","Poison Darts"],"picked":"Glass Knife","floor":33},{"not_picked":["Draining Mist","Well Laid Plans"],"picked":"Blade Dance","floor":35},{"not_picked":["Distraction+1","Blade Dance+1"],"picked":"Acrobatics","floor":36},{"not_picked":["Slice","Tactician"],"picked":"Backflip","floor":38},{"not_picked":["Deadly Poison","Sucker Punch","Bane"],"picked":"SKIP","floor":39},{"not_picked":["Deadly Poison","Sucker Punch","Bane"],"picked":"SKIP","floor":39},{"not_picked":["PiercingWail","Poisoned Stab"],"picked":"Acrobatics+1","floor":41},{"not_picked":["Flying Knee","Dodge and Roll","Unload"],"picked":"Singing Bowl","floor":45},{"not_picked":["Well Laid Plans","Dagger Spray+1"],"picked":"Blade Dance","floor":47}],"player_experience":922412,"relics_obtained":[{"floor":8,"key":"Toy Ornithopter"},{"floor":9,"key":"Bag of Preparation"},{"floor":13,"key":"Omamori"},{"floor":24,"key":"Ornamental Fan"},{"floor":26,"key":"Iron Hammer"},{"floor":31,"key":"Art of War"},{"floor":43,"key":"Singing Bowl"},{"floor":45,"key":"FossilizedHelix"}],"event_choices":[{"damage_healed":0,"gold_gain":0,"player_choice":"RE ","damage_taken":19,"relics_obtained":["Simple Rune"],"max_hp_gain":0,"max_hp_loss":0,"event_name":"betterSkull:BetterSkull","floor":5,"gold_loss":0,"cards_upgraded":[]},{"damage_healed":0,"gold_gain":0,"player_choice":"Upgraded","damage_taken":0,"max_hp_gain":0,"max_hp_loss":0,"event_name":"Upgrade Shrine","floor":27,"gold_loss":0,"cards_upgraded":["Leg Sweep"]},{"damage_healed":0,"gold_gain":0,"player_choice":"Max HP","damage_taken":0,"max_hp_gain":0,"max_hp_loss":3,"event_name":"Winding Halls","floor":48,"gold_loss":0}],"is_beta":false,"boss_relics":[{"not_picked":["Replay:Bronze Core","Philosopher\u0027s Stone"],"picked":"Abe\u0027s Treasure"},{"not_picked":["Empty Cage","Runic Dome"],"picked":"WristBlade"}],"items_purged_floors":[20,37,44],"is_endless":false,"potions_floor_spawned":[4,6,8,14,16,18,21,29,30,35,36,41,45],"ascension_level":20}}