{"host":"ik8ww1p4uabx5gam","time":1611360764,"event":{"mods":["Always Whale","Aspiration","BaseMod","Beaked The Cultist","Better Third Choice","BetterRewards","Colored Map","Colored Powertips","Conspire","Energized Spire","FetchMod","GifTheSpireLib","Hubris","Infinite Spire","Ironclad Rager","Jedi Mod","Minty Spire (QoL Compilation)","Random Character Button","Replay The Spire","Shop Mod","Spicy Shops","Spikes Relics","StSLib","Stuff the Spire","The Blue Laboratory","The Gatherer","Wandering Minibosses","??????REMEMod"],"gold_per_floor":[115,130,148,158,258,258,293,293,293,342,373,220,220,149,149,244,244,254,264,264,279,279,310,310,310,310,310,338,74,109,124,124,124,124],"floor_reached":33,"language":"ENG","playtime":1380,"items_purged":["Defend_G","Strike_G"],"score":461,"play_id":"f60a7b6b-d971-4464-bd9e-a5ee7a1c160b","local_time":"20210122181244","is_ascension_mode":true,"campfire_choices":[{"data":"Unload","floor":6.0,"key":"SMITH"},{"data":"Strike_G+1","floor":8.0,"key":"SMITH"},{"data":"ReplayTheSpireMod:Scrap Shanks","floor":15.0,"key":"SMITH"},{"data":"jedi:rejectivetoxin","floor":24,"key":"SMITH"},{"data":"Calculated Gamble","floor":32,"key":"SMITH"}],"circlet_count":0,"master_deck":["Strike_G+1","Strike_G+2","Strike_G","Strike_G","Defend_G","Defend_G","Defend_G","Defend_G","Survivor","Neutralize","Unload+1","Tactician","jedi:pocketpoison","Dagger Spray","Tools of the Trade","ShadowRift","Pot Of Greed","Pot Of Greed","ReplayTheSpireMod:Scrap Shanks+1","jedi:rejectivetoxin+1","ReplayTheSpireMod:Scrap Shanks+1","Leg Sweep","Acrobatics","Pot Of Greed","Panache","Calculated Gamble+1","Pot Of Greed","Outmaneuver+1"],"relics":["Ring of the Snake","REME_ComplimentaryCards","Simple Rune","The Specimen","infinitespire:CheckeredPen","Grinning Jar","aspiration:SecretTechniqueScroll","aspiration:RitualStick","conspire:SpecialSausage","jedi:rubbersling","StuffTheSpire:Gunfinga","hubris:Towel","jedi:sprinkler","infinitespire:EmpoweringShard","PreservedInsect"],"acts_visited":["Exordium","TheCity"],"potions_floor_usage":[23,28,31,33],"damage_taken":[{"damage":4.0,"enemies":"infinitespire:Voidling","floor":1.0,"turns":5.0},{"damage":0.0,"enemies":"Cultist","floor":2.0,"turns":4.0},{"damage":0.0,"enemies":"Small Slimes","floor":3.0,"turns":3.0},{"damage":0.0,"enemies":"Gremlin Gang","floor":4.0,"turns":4.0},{"damage":4.0,"enemies":"3 Sentries","floor":7.0,"turns":7.0},{"damage":20.0,"enemies":"Gremlin Nob","floor":10.0,"turns":4.0},{"damage":4.0,"enemies":"Exordium Thugs","floor":11.0,"turns":4.0},{"damage":6.0,"enemies":"conspire:2 RoseBushes","floor":13.0,"turns":6.0},{"damage":0.0,"enemies":"Slime Boss","floor":16.0,"turns":5.0},{"damage":8.0,"enemies":"conspire:FuzzyDice","floor":18.0,"turns":3.0},{"damage":12.0,"enemies":"Shell Parasite","floor":19.0,"turns":3.0},{"damage":12.0,"enemies":"conspire:HollyBat","floor":21.0,"turns":5.0},{"damage":0,"enemies":"Nightmare","floor":23,"turns":4},{"damage":0,"enemies":"conspire:Head Lice","floor":28,"turns":4},{"damage":17,"enemies":"conspire:SneckoGhost","floor":30,"turns":4},{"damage":0,"enemies":"Snake Plant","floor":31,"turns":2},{"damage":9,"enemies":"Champ","floor":33,"turns":3}],"seed_played":"4000973430364373377","potions_obtained":[{"floor":2.0,"key":"Elixir"},{"floor":11.0,"key":"SneckoOil"},{"floor":13.0,"key":"blueLaboratory:AbyssPotion"},{"floor":18.0,"key":"jedi:tentaclejuice"},{"floor":23,"key":"LifebloodPotion"},{"floor":28,"key":"blueLaboratory:LouseDecoction"},{"floor":30,"key":"blueLaboratory:FrostheartPotion"}],"is_trial":false,"path_per_floor":["M","M","M","M","?","R","E","R","T","E","M","$","M","$","R","B",null,"M","M","?","M","AVR","NM","R","?","T","?","E","$","E","M","R","B"],"character_chosen":"THE_SILENT","items_purchased":["Grinning Jar","ReplayTheSpireMod:Scrap Shanks","Panache","Calculated Gamble"],"campfire_rested":0,"item_purchase_floors":[12,14,29,29],"current_hp_per_floor":[66,66,66,66,66,66,62,62,62,42,38,38,32,32,32,32,70,62,50,36,24,24,24,24,24,24,24,24,24,7,7,7,0,0],"gold":124,"neow_bonus":"RANDOM_COMMON_RELIC","is_daily":false,"chose_seed":false,"campfire_upgraded":5,"win_rate":0.0,"timestamp":1611360764,"path_taken":["M","?","?","M","?","R","E","R","T","E","?","?","M","$","R","BOSS","M","M","?","M","AVR","NM","R","?","T","?","E","$","E","M","R","BOSS"],"items_purchased_type":["Relic","Card","Card","Card"],"build_version":"2020-12-22","purchased_purges":2,"victory":false,"max_hp_per_floor":[70,70,70,70,70,70,70,70,70,70,70,70,70,70,70,70,70,70,70,70,70,70,70,70,70,70,70,70,70,70,70,70,70,70],"card_choices":[{"not_picked":["Dodge and Roll","Sucker Punch"],"picked":"Tactician","floor":1.0},{"not_picked":["Draining Mist","Caltrops","Flying Knee"],"picked":"SKIP","floor":2.0},{"not_picked":["conspire:PoisonWeapons","Outmaneuver"],"picked":"jedi:pocketpoison","floor":3.0},{"not_picked":["StuffTheSpire:Injection","Noxious Fumes"],"picked":"Dagger Spray","floor":4.0},{"not_picked":["Terror","StuffTheSpire:Incursion","Cloak And Dagger"],"picked":"SKIP","floor":7.0},{"not_picked":["Outmaneuver","Flying Knee"],"picked":"Tools of the Trade","floor":10.0},{"not_picked":["Bane","hubris:SlightOfHand"],"picked":"ShadowRift","floor":11.0},{"not_picked":["Unload","StuffTheSpire:Injection","Noxious Fumes"],"picked":"SKIP","floor":13.0},{"not_picked":["REME_LeechingPoison","aspiration:Lunge"],"picked":"jedi:rejectivetoxin","floor":16.0},{"not_picked":["Outmaneuver","StuffTheSpire:Python+1","Expertise"],"picked":"SKIP","floor":18.0},{"not_picked":["Pace","Dodge and Roll"],"picked":"ReplayTheSpireMod:Scrap Shanks+1","floor":19.0},{"not_picked":["Slice+1","Predator+1"],"picked":"Leg Sweep","floor":21.0},{"not_picked":["StuffTheSpire:Injection","jedi:pocketpoison"],"picked":"Acrobatics","floor":23},{"not_picked":["Cloak And Dagger","Sneak Up+1","Slice"],"picked":"SKIP","floor":28},{"not_picked":["Slice","Outmaneuver","Crippling Poison"],"picked":"SKIP","floor":30},{"not_picked":["Hidden Blade","Quick Slash"],"picked":"Outmaneuver+1","floor":31}],"player_experience":1024768,"relics_obtained":[{"floor":7.0,"key":"Replay:Bandana"},{"floor":9.0,"key":"The Specimen"},{"floor":10.0,"key":"infinitespire:CheckeredPen"},{"floor":23,"key":"StuffTheSpire:Gunfinga"},{"floor":26,"key":"jedi:sprinkler"},{"floor":28,"key":"infinitespire:EmpoweringShard"},{"floor":30,"key":"PreservedInsect"}],"event_choices":[{"damage_healed":0.0,"max_hp_gain":0.0,"max_hp_loss":0.0,"gold_gain":100.0,"event_name":"Golden Shrine","player_choice":"Pray","floor":5.0,"gold_loss":0.0,"damage_taken":0.0},{"damage_healed":0,"gold_gain":0,"player_choice":"Copied","damage_taken":0,"max_hp_gain":0,"max_hp_loss":0,"event_name":"Duplicator","floor":27,"gold_loss":0,"cards_obtained":["Pot Of Greed"]}],"is_beta":false,"boss_relics":[{"not_picked":["Calling Bell","aspiration:FutureDiary"],"picked":"aspiration:SecretTechniqueScroll"}],"items_purged_floors":[12,22],"is_endless":false,"potions_floor_spawned":[2,11,13,18,23,28,30],"killed_by":"Champ","ascension_level":1}}