{"host":"y1oqg7uy0jc6f5mb","time":1611404984,"event":{"mods":["BaseMod","Better Altar","Better Match","Better Note","Better Sensory Stone","Better Skull","Better Third Choice","BetterRewards","Block Reminder","Colored Map","Colored Powertips","Custom Start","DeckTracker","Displayed Cursed Tome","Highlight Path","Ironclad Rager","Minty Spire (QoL Compilation)","Permanent Neow","Quick Restart","Relic Sorter","Relic Stats","Shop Mod","StSLib"],"gold_per_floor":[110,110,110,129,148,186,186,230,266,278,290,302,314,326,338,481,493,530,556,568,580,592,592],"floor_reached":22,"language":"ENG","playtime":1476,"items_purged":[],"score":200,"play_id":"a924bccc-bfa4-4ed8-a5a2-f3ec941d77a3","local_time":"20210123202944","is_ascension_mode":true,"campfire_choices":[{"floor":7.0,"key":"REST"},{"floor":10.0,"key":"REST"},{"floor":13.0,"key":"REST"},{"data":"Creative AI","floor":15.0,"key":"SMITH"}],"circlet_count":0,"master_deck":["Strike_B","Strike_B","Strike_B","Defend_B","Defend_B","Defend_B","Defend_B","Zap","Dualcast+1","Fusion","Coolheaded","Injury","Beam Cell","Creative AI+1","BootSequence","Reboot","Meteor Strike","Defragment","Hologram"],"relics":["Cracked Core","Golden Idol","Lantern","MawBank","PreservedInsect","Cursed Key"],"acts_visited":["TheCity"],"potions_floor_usage":[],"damage_taken":[{"damage":6.0,"enemies":"Jaw Worm","floor":1.0,"turns":4.0},{"damage":0.0,"enemies":"2 Louse","floor":4.0,"turns":2.0},{"damage":5.0,"enemies":"Small Slimes","floor":5.0,"turns":4.0},{"damage":47.0,"enemies":"Gremlin Nob","floor":6.0,"turns":6.0},{"damage":31.0,"enemies":"Lagavulin","floor":8.0,"turns":9.0},{"damage":28.0,"enemies":"Slime Boss","floor":16.0,"turns":8.0},{"damage":30.0,"enemies":"Shell Parasite","floor":18.0,"turns":8.0},{"damage":17.0,"enemies":"2 Thieves","floor":19.0,"turns":4.0},{"damage":38,"enemies":"Cultist and Chosen","floor":22,"turns":4}],"seed_played":"2331025139851972471","potions_obtained":[{"floor":8.0,"key":"Explosive Potion"},{"floor":19.0,"key":"FearPotion"}],"is_trial":false,"path_per_floor":["M","?","?","M","M","E","R","E","T","R","?","$","R","$","R","B",null,"M","M","?","?","M"],"character_chosen":"DEFECT","items_purchased":[],"campfire_rested":3,"item_purchase_floors":[],"current_hp_per_floor":[69,62,62,62,57,10,32,1,1,23,23,23,45,45,45,17,75,45,28,28,28,0,0],"gold":592,"neow_bonus":"THREE_CARDS","is_daily":false,"chose_seed":false,"campfire_upgraded":1,"win_rate":0.0,"timestamp":1611404984,"path_taken":["M","?","?","M","M","E","R","E","T","R","?","$","R","$","R","BOSS","M","M","?","?","?"],"items_purchased_type":[],"build_version":"2020-12-22","purchased_purges":0,"victory":false,"max_hp_per_floor":[75,75,75,75,75,75,75,75,75,75,75,75,75,75,75,75,75,75,75,75,75,75,75],"relic_stats":{"counters":[9,49],"Golden Idol":59,"PreservedInsect":0,"MawBank":168,"Cursed Key":0,"obtain_stats":[{"Lantern":6,"Golden Idol":3,"PreservedInsect":9,"Cracked Core":0,"MawBank":8,"Cursed Key":17},{"Lantern":4,"Golden Idol":1,"PreservedInsect":5,"Cracked Core":0,"MawBank":5,"Cursed Key":6},{"Lantern":16,"Golden Idol":4,"PreservedInsect":25,"Cracked Core":0,"MawBank":25,"Cursed Key":33}]},"card_choices":[{"not_picked":["Reinforced Body","Gash"],"picked":"Fusion","floor":0.0},{"not_picked":["Barrage","Gash"],"picked":"Coolheaded","floor":1.0},{"not_picked":["Ball Lightning","Cold Snap"],"picked":"Beam Cell","floor":4.0},{"not_picked":["Gash","Beam Cell"],"picked":"Creative AI","floor":5.0},{"not_picked":["Ball Lightning","BootSequence"],"picked":"Conserve Battery","floor":6.0},{"not_picked":["Static Discharge","Turbo"],"picked":"Reboot","floor":8.0},{"not_picked":["Reboot","Amplify"],"picked":"Meteor Strike","floor":16.0},{"not_picked":["Steam","Conserve Battery"],"picked":"Defragment","floor":18.0},{"not_picked":["Stack","Hello World"],"picked":"Hologram","floor":19.0}],"player_experience":147160,"relics_obtained":[{"floor":6.0,"key":"Lantern"},{"floor":8.0,"key":"MawBank"},{"floor":9.0,"key":"PreservedInsect"}],"event_choices":[{"cards_removed":["Strike_B"],"damage_healed":0.0,"max_hp_gain":0.0,"max_hp_loss":0.0,"gold_gain":0.0,"event_name":"Golden Wing","player_choice":"Card Removal","floor":2.0,"gold_loss":0.0,"damage_taken":7.0},{"damage_healed":0.0,"max_hp_gain":0.0,"max_hp_loss":0.0,"gold_gain":0.0,"event_name":"Golden Idol","player_choice":"Take Wound","floor":3.0,"gold_loss":0.0,"damage_taken":0.0,"relics_obtained":["Golden Idol"],"cards_obtained":["Injury"]},{"damage_healed":0.0,"max_hp_gain":0.0,"max_hp_loss":0.0,"gold_gain":0.0,"event_name":"Dead Adventurer","player_choice":"Searched \u00270\u0027 times","floor":11.0,"gold_loss":0.0,"damage_taken":0.0},{"damage_healed":0.0,"max_hp_gain":0.0,"max_hp_loss":0.0,"gold_gain":0.0,"event_name":"Cursed Tome","player_choice":"Ignored","floor":20.0,"gold_loss":0.0,"damage_taken":0.0},{"damage_healed":0.0,"max_hp_gain":0.0,"max_hp_loss":0.0,"gold_gain":0.0,"event_name":"Accursed Blacksmith","player_choice":"Forge","floor":21.0,"gold_loss":0.0,"damage_taken":0.0,"cards_upgraded":["Dualcast"]}],"is_beta":false,"boss_relics":[{"not_picked":["Calling Bell","Ectoplasm"],"picked":"Cursed Key"}],"items_purged_floors":[],"is_endless":false,"potions_floor_spawned":[8,19],"killed_by":"Cultist and Chosen","ascension_level":1}}