{"host":"9tzam4717zt8ei1o","time":1611400871,"event":{"mods":["BaseMod","Colored Map","Keyboard Shortcuts","Minty Spire (QoL Compilation)","Quick Restart","StSLib","SuperFastMode"],"gold_per_floor":[114,125,145,145,145,145,164,186,186,186,31,31,31],"floor_reached":12,"language":"KOR","playtime":178,"items_purged":["Strike_G"],"score":105,"play_id":"b6ad508e-eedd-4943-ab38-835b4612258a","local_time":"20210123202111","is_ascension_mode":true,"campfire_choices":[{"data":"Neutralize","floor":6,"key":"SMITH"}],"circlet_count":0,"master_deck":["AscendersBane","Strike_G+1","Strike_G","Defend_G","Defend_G+1","Defend_G","Defend_G","Defend_G","Survivor","Neutralize+1","Backstab","Heel Hook","Dagger Throw","Tactician","Escape Plan","Venomology","Finisher"],"relics":["Ring of the Snake","CultistMask","Odd Mushroom","Pen Nib"],"acts_visited":["Exordium"],"potions_floor_usage":[12],"damage_taken":[{"damage":6,"enemies":"Small Slimes","floor":1,"turns":6},{"damage":0,"enemies":"Cultist","floor":2,"turns":4},{"damage":4,"enemies":"Jaw Worm","floor":3,"turns":3},{"damage":0,"enemies":"Blue Slaver","floor":7,"turns":4},{"damage":21,"enemies":"The Mushroom Lair","floor":8,"turns":5},{"damage":25,"enemies":"Gremlin Nob","floor":12,"turns":3}],"seed_played":"-8147145700039883162","potions_obtained":[{"floor":7,"key":"SpeedPotion"}],"is_trial":false,"path_per_floor":["M","M","M","?","?","R","M","?","T","?","$","E"],"character_chosen":"THE_SILENT","items_purchased":["Finisher"],"campfire_rested":0,"item_purchase_floors":[11],"current_hp_per_floor":[57,57,53,39,39,39,39,18,18,18,18,0,0],"gold":31,"neow_bonus":"TRANSFORM_CARD","is_daily":false,"chose_seed":false,"campfire_upgraded":1,"win_rate":0.0,"timestamp":1611400871,"path_taken":["M","M","M","?","?","R","?","?","T","?","$","E"],"items_purchased_type":["Card"],"build_version":"2020-12-22","purchased_purges":1,"victory":false,"max_hp_per_floor":[70,70,70,70,70,70,70,70,70,70,70,70,70],"card_choices":[{"not_picked":["Acrobatics","Bane"],"picked":"Heel Hook","floor":1},{"not_picked":["Concentrate","Deflect"],"picked":"Dagger Throw","floor":2},{"not_picked":["Slice","Sucker Punch"],"picked":"Tactician","floor":3},{"not_picked":["Setup","Bane"],"picked":"Escape Plan","floor":7},{"not_picked":["Cloak And Dagger","Outmaneuver"],"picked":"Venomology","floor":8}],"player_experience":101034,"relics_obtained":[{"floor":8,"key":"Odd Mushroom"},{"floor":9,"key":"Pen Nib"}],"event_choices":[{"damage_healed":0,"gold_gain":0,"player_choice":"Entered Light","damage_taken":14,"max_hp_gain":0,"max_hp_loss":0,"event_name":"Shining Light","floor":4,"gold_loss":0,"cards_upgraded":["Defend_G","Strike_G"]},{"damage_healed":0,"gold_gain":0,"player_choice":"Trade","damage_taken":0,"relics_obtained":["CultistMask"],"max_hp_gain":0,"max_hp_loss":0,"event_name":"FaceTrader","floor":5,"gold_loss":0},{"damage_healed":0,"gold_gain":0,"player_choice":"Fought Mushrooms","damage_taken":0,"max_hp_gain":0,"max_hp_loss":0,"event_name":"Mushrooms","floor":8,"gold_loss":0},{"cards_removed":["Strike_G"],"damage_healed":0,"gold_gain":0,"player_choice":"Purged","damage_taken":0,"max_hp_gain":0,"max_hp_loss":0,"event_name":"Purifier","floor":10,"gold_loss":0}],"is_beta":false,"boss_relics":[],"items_purged_floors":[11],"is_endless":false,"potions_floor_spawned":[7],"killed_by":"Gremlin Nob","ascension_level":11}}