{"host":"y7b1p9nkx4idorr2","time":1611403756,"event":{"mods":["AchievementEnabler","Act Like it!","Aspiration","Bard","BaseMod","Beaked The Cultist","Better Altar","Better Match","Better Note","Better Sensory Stone","Better Skull","Better Third Choice","BetterRewards","CCEM","Colored Map","Conspire","Downfall","GifTheSpireLib","Googly Eyes","Halation","Hermit","Highlight Path","Hubris","Hunter ??","Jorbs\u0027s Wanderer Trilogy","Mad Scientist","Marisa????????","Mimic Mod","Minty Spire (QoL Compilation)","Permanent Neow","Replay The Spire","Shade Mod","Shop Mod","Spicy Shops","StSLib","Stuff the Spire","The Administrix","The Blackbeard","The Bug Knight","The Construct","The Cursed","The Disciple","The Gatherer","The Hierophant","The Mystic","The Necromancer","The Problem Sleuth","The Runesmith","The Servant 0.9.4","The Spell Scribe","The Witch","Unceasing Turn Reminder"],"gold_per_floor":[199,218,318,337,355,27,66,66,101,116,16,43,78,69,86,196,196,96,115,115,142,161,183,183,183,228,25,25,61,61,85,104,226,226,126,126,145,167,189,211,238,101,117,117,141,141,158,199,216,230,230,230],"floor_reached":50,"language":"ENG","playtime":3732,"items_purged":["Slimebound:Strike_Slimebound","Slimebound:SlimeBrawl","Slimebound:Tackle"],"score":654,"play_id":"c960fc34-5148-438f-a2c7-f56c9ca7ef22","local_time":"20210123060916","is_ascension_mode":true,"campfire_choices":[{"floor":1,"key":"RECALL"},{"data":"expansioncontent:StudyTheSpire","floor":11,"key":"SMITH"},{"data":"Slimebound:FirmFortitude","floor":18,"key":"SMITH"},{"data":"Slimebound:MinionMaster","floor":30,"key":"SMITH"},{"data":"Slimebound:LeadByExample","floor":35,"key":"SMITH"},{"data":"Slimebound:OneTwoCombo","floor":44,"key":"SMITH"},{"data":"Slimebound:TagTeam","floor":46,"key":"SMITH"}],"circlet_count":0,"master_deck":["Slimebound:Strike_Slimebound","Slimebound:Strike_Slimebound","Slimebound:Defend_Slimebound","Slimebound:Defend_Slimebound","Slimebound:Defend_Slimebound","Slimebound:Defend_Slimebound","Slimebound:Split","Slimebound:CorrosiveSpit","Slimebound:LeadByExample+1","Slimebound:PressTheAttack","Slimebound:SplitAcid","expansioncontent:StudyTheSpire+1","Slimebound:LevelUp","Slimebound:SamplingLick","Slimebound:Overexert","Slimebound:SplitAcid","Slimebound:HauntingLick","Slimebound:GrowthPunch","Slimebound:SplitAcid","Slimebound:FirmFortitude+1","Slimebound:Nibble","Slimebound:SplitSpecialist+1","Slimebound:SplitLeeching","Slimebound:LeadByExample","Slimebound:TongueLash","Slimebound:PressTheAttack","Slimebound:MinionMaster+1","Slimebound:LeechingTouch","Slimebound:SplitLeeching","Slimebound:Overexert","Slimebound:TagTeam+1","Slimebound:SplitMire+1","Slimebound:SplitLeeching+1","Slimebound:MegaLick","Slimebound:DivideAndConquer","Slimebound:Darklings","Slimebound:OneTwoCombo+1","Slimebound:Equalize+1","Slimebound:SplitSpecialist","Slimebound:RainOfGoop+1","Slimebound:SplitLeeching"],"relics":["StuffTheSpire:OccultApparatus","halation:IllGainedPizza","downfall:HeartBlessingGreen","Runesmith:AutoHammer","ReplayTheSpireMod:TigerMarble","aspiration:RitualDagger","downfall:HeartBlessingRed","CCEMRelics:PorcelainBowl","Blue Candle","hubris:VirtuousBlindfold","downfall:HeartBlessingBlue","Smiling Mask","Slimebound:AggressiveSlimeRelic","Replay:Wax Seal","halation:PrussianBluePaint"],"acts_visited":["Exordium","TheCity","TheBeyond"],"potions_floor_usage":[9,14,16,26,27,32,50],"damage_taken":[{"damage":2,"enemies":"Cultist","floor":2,"turns":4},{"damage":5,"enemies":"Jaw Worm","floor":4,"turns":5},{"damage":0,"enemies":"Small Slimes","floor":5,"turns":3},{"damage":8,"enemies":"downfall:FleeingMerchant","floor":6,"turns":4},{"damage":0,"enemies":"3 Louse","floor":7,"turns":6},{"damage":22,"enemies":"3 Sentries","floor":9,"turns":4},{"damage":2,"enemies":"3 Louse","floor":10,"turns":3},{"damage":41,"enemies":"Gremlin Nob","floor":13,"turns":5},{"damage":15,"enemies":"downfall:FleeingMerchant","floor":14,"turns":4},{"damage":3,"enemies":"Red Slaver","floor":15,"turns":4},{"damage":11,"enemies":"SI_SHIV_ARCHETYPE","floor":16,"turns":5},{"damage":22,"enemies":"Chosen","floor":19,"turns":3},{"damage":47,"enemies":"Shell Parasite","floor":21,"turns":6},{"damage":33,"enemies":"Snecko","floor":22,"turns":5},{"damage":30,"enemies":"Shelled Parasite and Fungi","floor":23,"turns":4},{"damage":25,"enemies":"Replay:Snechameleon","floor":26,"turns":4},{"damage":20,"enemies":"downfall:FleeingMerchant","floor":27,"turns":4},{"damage":22,"enemies":"Book of Stabbing","floor":29,"turns":4},{"damage":15,"enemies":"Centurion and Healer","floor":31,"turns":4},{"damage":12,"enemies":"Cultist and Chosen","floor":32,"turns":4},{"damage":43,"enemies":"IC_MUSHROOM_ARCHETYPE","floor":33,"turns":8},{"damage":18,"enemies":"Orb Walker","floor":37,"turns":3},{"damage":22,"enemies":"3 Shapes","floor":38,"turns":2},{"damage":37,"enemies":"Maw","floor":39,"turns":6},{"damage":18,"enemies":"Jaw Worm Horde","floor":40,"turns":3},{"damage":20,"enemies":"downfall:FleeingMerchant","floor":42,"turns":3},{"damage":18,"enemies":"Spire Growth","floor":43,"turns":2},{"damage":9,"enemies":"3 Darklings","floor":45,"turns":3},{"damage":16,"enemies":"Writhing Mass","floor":47,"turns":3},{"damage":13,"enemies":"Reptomancer","floor":48,"turns":3},{"damage":6,"enemies":"Sphere and 2 Shapes","floor":49,"turns":2},{"damage":107,"enemies":"DF_ARCHETYPE_ORBS","floor":50,"turns":4}],"seed_played":"-5601565911937323062","potions_obtained":[{"floor":2,"key":"sneckomod:MuddlingPotion"},{"floor":4,"key":"Strength Potion"},{"floor":10,"key":"DistilledChaos"},{"floor":13,"key":"hexamod:SoulburnPotion"},{"floor":15,"key":"Doom Potion"},{"floor":22,"key":"Strength Potion"},{"floor":26,"key":"Block Potion"},{"floor":29,"key":"Block Potion"},{"floor":40,"key":"hexamod:SoulburnPotion"}],"is_trial":false,"path_per_floor":["R","M","?","M","M","$","MIM","?","E","M","R","T","E","$","M","B",null,"R","M","?","M","M","M","T","?","E","$","?","E","R","M","M","B",null,"R","?","M","M","M","M","T","$","M","R","M","R","M","E","M","B"],"character_chosen":"SLIMEBOUND","items_purchased":["expansioncontent:StudyTheSpire","Slimebound:LevelUp","Fruit Juice","Slimebound:Darklings","Slimebound:AggressiveSlimeRelic","Slimebound:OneTwoCombo","Replay:Wax Seal"],"campfire_rested":0,"item_purchase_floors":[6,6,27,42,42,42,42],"current_hp_per_floor":[65,64,64,65,65,57,59,59,37,37,37,37,42,33,34,29,65,65,49,38,70,54,42,42,42,33,36,36,41,41,40,47,49,75,85,85,75,69,55,46,46,43,43,43,54,54,52,67,82,0,0,0],"gold":230,"neow_bonus":"HUNDRED_GOLD","is_daily":false,"chose_seed":false,"campfire_upgraded":6,"win_rate":0.0,"timestamp":1611403756,"path_taken":["R","M","?","M","M","$","MIM","?","E","M","R","?","E","?","M","BOSS","R","M","?","M","M","M","T","?","E","$","?","E","R","M","M","BOSS","R","?","?","M","M","M","T","$","M","R","?","R","M","E","M","BOSS"],"items_purchased_type":["Card","Card","Potion","Card","Relic","Card","Relic"],"build_version":"2020-12-22","purchased_purges":3,"victory":false,"max_hp_per_floor":[65,65,65,65,65,65,65,65,65,65,65,65,65,65,65,65,65,65,65,70,70,70,70,70,70,70,75,75,75,75,75,75,75,75,85,85,85,85,85,85,85,85,85,85,85,85,85,85,85,85,85,85],"card_choices":[{"not_picked":["Slimebound:ItLooksTasty","Slimebound:ComboTackle"],"picked":"Slimebound:SlimeBrawl","floor":2},{"not_picked":["Slimebound:SlimeSpikes","Slimebound:LivingWall"],"picked":"Slimebound:LeadByExample","floor":4},{"not_picked":["Slimebound:RollThrough","Slimebound:Schlurp"],"picked":"Slimebound:PressTheAttack","floor":5},{"not_picked":["Slimebound:GoopSpray","Slimebound:FlameTackle"],"picked":"Slimebound:SplitAcid","floor":6},{"not_picked":["Slimebound:RollThrough","Slimebound:PressTheAttack"],"picked":"Slimebound:SamplingLick","floor":7},{"not_picked":["Slimebound:FinishingTackle","Slimebound:DivideAndConquer"],"picked":"Slimebound:Overexert","floor":9},{"not_picked":["Slimebound:FlameTackle","Slimebound:Schlurp"],"picked":"Slimebound:SplitAcid","floor":10},{"not_picked":["Slimebound:ComboTackle","Slimebound:DivideAndConquer"],"picked":"Slimebound:HauntingLick","floor":13},{"not_picked":["Slimebound:Recollect","Slimebound:ComboTackle"],"picked":"Slimebound:GrowthPunch","floor":14},{"not_picked":["Slimebound:MegaLick","Slimebound:HauntingLick"],"picked":"Slimebound:SplitAcid","floor":15},{"not_picked":["Slimebound:DuplicatedForm","Slimebound:Overexert"],"picked":"Slimebound:FirmFortitude","floor":16},{"not_picked":["Slimebound:Chomp","Slimebound:SlimeBrawl"],"picked":"Slimebound:Nibble","floor":19},{"not_picked":["Slimebound:Equalize+1","Slimebound:ViciousTackle"],"picked":"Slimebound:SplitSpecialist+1","floor":21},{"not_picked":["Slimebound:GoopSpray+1","Slimebound:TongueLash"],"picked":"Slimebound:SplitLeeching","floor":22},{"not_picked":["Slimebound:Replication","Slimebound:ProtectTheBoss+1"],"picked":"Slimebound:LeadByExample","floor":23},{"not_picked":["Slimebound:PressTheAttack","Slimebound:HungryTackle"],"picked":"Slimebound:TongueLash","floor":26},{"not_picked":["Slimebound:LeechEnergy","Slimebound:LivingWall+1"],"picked":"Slimebound:PressTheAttack","floor":27},{"not_picked":["Slimebound:HauntingLick","Slimebound:FormOfPuddle"],"picked":"Slimebound:MinionMaster","floor":29},{"not_picked":["Slimebound:Grow","Slimebound:LeechEnergy"],"picked":"Slimebound:LeechingTouch","floor":31},{"not_picked":["Slimebound:FinishingTackle","Slimebound:SlimeSpikes"],"picked":"Slimebound:SplitLeeching","floor":32},{"not_picked":["Slimebound:FirmFortitude","Slimebound:SlimeSlap"],"picked":"Slimebound:Overexert","floor":33},{"not_picked":["Slimebound:SlimeSpikes","Slimebound:RollThrough+1"],"picked":"Slimebound:SplitMire+1","floor":37},{"not_picked":["Slimebound:ItLooksTasty","Slimebound:LeechEnergy+1"],"picked":"Slimebound:SplitLeeching+1","floor":38},{"not_picked":["Slimebound:LeechingTouch","Slimebound:Replication","Slimebound:FinishingTackle+1"],"picked":"SKIP","floor":39},{"not_picked":["Slimebound:FlameTackle","Slimebound:SlimeBrawl"],"picked":"Slimebound:MegaLick","floor":40},{"not_picked":["Slimebound:Gluttony","Slimebound:Prepare"],"picked":"Slimebound:DivideAndConquer","floor":42},{"not_picked":["Slimebound:Recollect+1","Slimebound:Dissolve"],"picked":"Slimebound:Equalize+1","floor":43},{"not_picked":["Slimebound:FormOfPuddle+1","Slimebound:GoopTackle","Slimebound:GoopSpray+1"],"picked":"SKIP","floor":45},{"not_picked":["Slimebound:FinishingTackle","Slimebound:LeechLife"],"picked":"Slimebound:SplitSpecialist","floor":47},{"not_picked":["Slimebound:ForwardTackle+1","Slimebound:Darklings"],"picked":"Slimebound:RainOfGoop+1","floor":48},{"not_picked":["Slimebound:BestDefense+1","Slimebound:RainOfGoop"],"picked":"Slimebound:SplitLeeching","floor":49}],"player_experience":2204844,"relics_obtained":[{"floor":9,"key":"halation:IllGainedPizza"},{"floor":12,"key":"Runesmith:AutoHammer"},{"floor":13,"key":"ReplayTheSpireMod:TigerMarble"},{"floor":24,"key":"CCEMRelics:PorcelainBowl"},{"floor":26,"key":"CCEMRelics:GrindingGear"},{"floor":29,"key":"Blue Candle"},{"floor":41,"key":"Smiling Mask"},{"floor":48,"key":"halation:PrussianBluePaint"}],"event_choices":[],"is_beta":false,"boss_relics":[{"not_picked":["construct:ClawGrip","aspiration:RunicSpoon"],"picked":"aspiration:RitualDagger"},{"not_picked":["halation:PinkAlligatorPlush","StuffTheSpire:RunicConfusion"],"picked":"hubris:VirtuousBlindfold"}],"items_purged_floors":[6,27,42],"is_endless":false,"potions_floor_spawned":[2,4,10,13,15,22,26,29,31,40,43,45,47,48,49],"killed_by":"DF_ARCHETYPE_ORBS","ascension_level":1}}