{"host":"pe2q1tocp309rrg9","time":1611374847,"event":{"mods":["2.2 Compatiblity","BaseMod","BetterRewards","Downfall","Ekko","Gremlin Mod","Hermit","Jorbs\u0027s Wanderer Trilogy","Minty Spire (QoL Compilation)","Quick Restart","Rare Cards Sparkle","Replay The Spire","StSLib","The Blue Laboratory","The Construct","The Hierophant","Uncapped"],"gold_per_floor":[109,123,143,155,172,172,187,73,97,97,107,47,47,147,147,250,250,270,285,295,306,321,321,321,321],"floor_reached":24,"language":"ENG","playtime":1066,"items_purged":[],"score":204,"play_id":"48f202e3-8fab-4f33-8bc9-08a1df8efbe4","local_time":"20210122220727","is_ascension_mode":true,"campfire_choices":[{"data":"Storm of Steel","floor":6.0,"key":"SMITH"},{"data":"Infinite Blades","floor":10.0,"key":"SMITH"},{"floor":13.0,"key":"REST"},{"data":"Blade Dance","floor":15.0,"key":"SMITH"},{"floor":23.0,"key":"REST"}],"circlet_count":0,"master_deck":["Strike_G","Strike_G","Strike_G","Strike_G","Strike_G","Defend_G","Defend_G","Defend_G","Defend_G","Defend_G","Survivor","Neutralize","Storm of Steel+1","Infinite Blades+1","Cloak And Dagger","Cloak And Dagger","Footwork","Dodge and Roll","Dagger Throw","Blade Dance+1","Outmaneuver","Slice","Toxin Wave","Accuracy+1","Envenom","CurseOfTheBell","Hidden Blade+1","Concentrate+1","Dagger Spray+1","Masterful Stab"],"relics":["Ring of the Snake","Potion Belt","Calling Bell","Smiling Mask","Kunai","The Specimen"],"acts_visited":["Exordium","TheCity"],"potions_floor_usage":[24],"damage_taken":[{"damage":2.0,"enemies":"Jaw Worm","floor":1.0,"turns":6.0},{"damage":1.0,"enemies":"Cultist","floor":2.0,"turns":4.0},{"damage":0.0,"enemies":"2 Louse","floor":3.0,"turns":3.0},{"damage":3.0,"enemies":"Blue Slaver","floor":4.0,"turns":6.0},{"damage":2.0,"enemies":"Large Slime","floor":5.0,"turns":8.0},{"damage":0.0,"enemies":"Exordium Wildlife","floor":7.0,"turns":3.0},{"damage":2.0,"enemies":"Blue Slaver","floor":11.0,"turns":4.0},{"damage":50.0,"enemies":"Fading Forest","floor":16.0,"turns":11.0},{"damage":3.0,"enemies":"Spheric Guardian","floor":18.0,"turns":3.0},{"damage":5.0,"enemies":"3 Byrds","floor":19.0,"turns":5.0},{"damage":11.0,"enemies":"Cultist and Chosen","floor":20.0,"turns":7.0},{"damage":27.0,"enemies":"Centurion and Healer","floor":21.0,"turns":4.0},{"damage":16.0,"enemies":"Snake Plant","floor":22.0,"turns":6.0},{"damage":32,"enemies":"Slavers","floor":24,"turns":3}],"seed_played":"-8518449198686477928","potions_obtained":[{"floor":1.0,"key":"blueLaboratory:EnvenomedCoating"},{"floor":2.0,"key":"Swift Potion"},{"floor":7.0,"key":"Weak Potion"},{"floor":11.0,"key":"Strength Potion"},{"floor":16.0,"key":"Dexterity Potion"},{"floor":20.0,"key":"hexamod:SoulburnPotion"},{"floor":22.0,"key":"LiquidBronze"}],"is_trial":false,"path_per_floor":["M","M","M","M","M","R","M","$","T","R","M","$","R","?","R","B",null,"M","M","M","M","M","R","E"],"character_chosen":"THE_SILENT","items_purchased":["Blade Dance","Outmaneuver","Slice","Accuracy+1"],"campfire_rested":2,"item_purchase_floors":[8,8,8,12],"current_hp_per_floor":[68,67,67,64,62,62,62,62,62,62,60,60,70,70,70,42,70,67,62,51,24,8,29,0,0],"gold":321,"neow_bonus":"ONE_RANDOM_RARE_CARD","is_daily":false,"chose_seed":false,"campfire_upgraded":3,"win_rate":0.0,"timestamp":1611374847,"path_taken":["M","M","M","M","M","R","M","$","T","R","M","$","R","?","R","BOSS","M","M","?","M","M","R","E"],"items_purchased_type":["Card","Card","Card","Card"],"build_version":"2020-12-22","purchased_purges":0,"victory":false,"max_hp_per_floor":[70,70,70,70,70,70,70,70,70,70,70,70,70,70,70,70,70,70,70,70,70,70,70,70,70],"card_choices":[{"not_picked":["Tactician","Acrobatics"],"picked":"Infinite Blades","floor":1.0},{"not_picked":["Poisoned Stab","Dagger Throw"],"picked":"Cloak And Dagger","floor":2.0},{"not_picked":["Flying Knee","Caltrops"],"picked":"Cloak And Dagger","floor":3.0},{"not_picked":["Outmaneuver","Underhanded Strike"],"picked":"Footwork","floor":4.0},{"not_picked":["Replay:Poison Smokescreen","Acrobatics"],"picked":"Dodge and Roll","floor":5.0},{"not_picked":["Acrobatics","Prepared"],"picked":"Dagger Throw","floor":7.0},{"not_picked":["Sucker Punch","Acrobatics"],"picked":"Toxin Wave","floor":11.0},{"not_picked":["Tools of the Trade","Phantasmal Killer"],"picked":"Envenom","floor":16.0},{"not_picked":["Reflex","Dodge and Roll+1"],"picked":"Hidden Blade+1","floor":18.0},{"not_picked":["Hidden Blade","Dagger Spray"],"picked":"Concentrate+1","floor":19.0},{"not_picked":["Grand Finale","Dagger Throw","Sucker Punch"],"picked":"SKIP","floor":20.0},{"not_picked":["Reflex","Flying Knee"],"picked":"Dagger Spray+1","floor":21.0},{"not_picked":["Bane","Dagger Spray+1"],"picked":"Masterful Stab","floor":22.0}],"player_experience":694097,"relics_obtained":[{"floor":9.0,"key":"Potion Belt"},{"floor":17.0,"key":"Smiling Mask"},{"floor":17.0,"key":"Kunai"},{"floor":17.0,"key":"The Specimen"}],"event_choices":[{"damage_healed":0.0,"max_hp_gain":0.0,"max_hp_loss":0.0,"gold_gain":100.0,"event_name":"Wheel of Change","player_choice":"Gold","floor":14.0,"gold_loss":0.0,"damage_taken":0.0}],"is_beta":false,"boss_relics":[{"not_picked":["Coffee Dripper","Runic Dome"],"picked":"Calling Bell"}],"items_purged_floors":[],"is_endless":false,"potions_floor_spawned":[1,2,7,11,16,20,22],"killed_by":"Slavers","ascension_level":1}}