{"host":"urvvf8749ekcxo1a","time":1611438987,"event":{"mods":["AchievementEnabler","Bartender","BaseMod","Better Sensory Stone","BetterRewards","Card Forge","Colored Powertips","Displayed Cursed Tome","Gold Saver","Grow up Mod","Hero for Fun","KinomotoSakuraMod(????)","Minty Spire (QoL Compilation)","Quick Restart","Relic Filter","Retaliation","StSLib","SuperFastMode","The Cursed","The Hierophant","The Marked","The Servant 0.9.4","TheHero","Thieving Mod","Transform Curses","UnlockEverythingMod"],"gold_per_floor":[583,583,597,616,616,616,636,661,709,709,722,722,722,737,737,812,812,830,501,501,518,220,249,262,290,345,95,129,141,159,169,169,243,243,262,277,58,72,72,72,100,100,148,63,63,63,0,31,31,31,31,31,31,31,65,65],"floor_reached":57,"language":"ENG","playtime":871,"items_purged":[],"score":3240,"play_id":"e49ce4c9-f418-45b3-bc1b-42861e252b11","local_time":"20210123165627","is_ascension_mode":true,"campfire_choices":[{"floor":6,"key":"RECALL"},{"floor":12,"key":"REST"},{"floor":15,"key":"REST"},{"floor":45,"key":"REST"},{"floor":49,"key":"REST"},{"floor":53,"key":"REST"}],"circlet_count":0,"master_deck":["AscendersBane","Dropkick+1","Dropkick+1","Shockwave+1","Feed+1"],"relics":["Hammer of Thor","Seething Fire","Anvil of the Gods","Black Star","Toxic Egg 2","Dream Catcher","Juzu Bracelet","Fusion Hammer","Brimstone","Potion Belt","Membership Card","Mercury Hourglass","Happy Flower","Pocketwatch","Regal Pillow","Eternal Feather","War Paint","DDmod:StuhbiRelic","Medical Kit","Bronze Scales","Darkstone Periapt","SlaversCollar","Pear","Strawberry","Lantern","Bag of Marbles","Red Mask","Incense Burner","Shuriken","Paper Frog","Vajra","Cleaning_Rag"],"acts_visited":["Exordium","TheCity","TheBeyond","TheEnding"],"potions_floor_usage":[33,33,51,51,51,56],"damage_taken":[{"damage":0,"enemies":"Jaw Worm","floor":1,"turns":1},{"damage":0,"enemies":"2 Louse","floor":3,"turns":1},{"damage":0,"enemies":"Cultist","floor":4,"turns":1},{"damage":0,"enemies":"Exordium Thugs","floor":7,"turns":2},{"damage":60,"enemies":"3 Sentries","floor":8,"turns":7},{"damage":0,"enemies":"Blue Slaver","floor":11,"turns":1},{"damage":9,"enemies":"2 Fungi Beasts","floor":14,"turns":2},{"damage":90,"enemies":"Hexaghost","floor":16,"turns":3},{"damage":66,"enemies":"Spheric Guardian","floor":18,"turns":6},{"damage":0,"enemies":"2 Thieves","floor":21,"turns":1},{"damage":0,"enemies":"Book of Stabbing","floor":23,"turns":1},{"damage":0,"enemies":"Shelled Parasite and Fungi","floor":24,"turns":1},{"damage":0,"enemies":"Slavers","floor":25,"turns":1},{"damage":0,"enemies":"Gremlin Leader","floor":28,"turns":1},{"damage":0,"enemies":"Snake Plant","floor":29,"turns":1},{"damage":0,"enemies":"Snecko","floor":30,"turns":1},{"damage":0,"enemies":"3 Cultists","floor":31,"turns":1},{"damage":138,"enemies":"Automaton","floor":33,"turns":8},{"damage":0,"enemies":"3 Darklings","floor":35,"turns":1},{"damage":0,"enemies":"3 Shapes","floor":36,"turns":1},{"damage":0,"enemies":"Transient","floor":38,"turns":1},{"damage":0,"enemies":"Giant Head","floor":41,"turns":1},{"damage":0,"enemies":"Nemesis","floor":48,"turns":1},{"damage":24,"enemies":"Time Eater","floor":50,"turns":2},{"damage":0,"enemies":"Donu and Deca","floor":51,"turns":1},{"damage":0,"enemies":"Shield and Spear","floor":55,"turns":1},{"damage":177,"enemies":"The Heart","floor":56,"turns":5}],"seed_played":"-6599648860140795632","potions_obtained":[{"floor":1,"key":"DDmod:CleansePotion"},{"floor":23,"key":"SteroidPotion"},{"floor":29,"key":"EssenceOfSteel"},{"floor":30,"key":"BlessingOfTheForge"},{"floor":48,"key":"Fire Potion"},{"floor":55,"key":"PowerPotion"}],"is_trial":false,"path_per_floor":["M","?","M","M","?","R","M","E","T","?","M","R","$","M","R","B",null,"M","$","?","M","$","E","M","E","T","$","E","M","M","M","R","B",null,"M","M","$","M","?","R","E","R","T","$","R","$","?","E","R","B","B",null,"R","$","E","B",null],"character_chosen":"IRONCLAD","items_purchased":["Brimstone","Potion Belt","Membership Card","Mercury Hourglass","DDmod:StuhbiRelic","Medical Kit","Pear","Strawberry","Bag of Marbles"],"campfire_rested":5,"item_purchase_floors":[19,19,22,22,27,27,37,37,44],"current_hp_per_floor":[88,98,108,118,128,138,148,98,108,118,128,196,186,187,235,155,233,177,187,197,207,217,227,237,247,257,267,277,287,297,307,320,192,369,379,389,416,426,436,449,459,469,479,489,552,562,572,582,592,578,592,620,636,646,660,493],"gold":65,"neow_bonus":"BOSS_RELIC","is_daily":false,"chose_seed":false,"campfire_upgraded":0,"win_rate":0.0,"timestamp":1611438987,"path_taken":["M","?","M","M","?","R","M","E","T","?","M","R","$","M","R","BOSS","M","$","?","M","$","E","M","E","T","?","E","M","M","M","R","BOSS","M","M","$","M","?","R","E","R","T","?","R","$","?","E","R","BOSS","BOSS","R","$","E","BOSS"],"items_purchased_type":["Relic","Relic","Relic","Relic","Relic","Relic","Relic","Relic","Relic"],"build_version":"2020-12-22","purchased_purges":0,"victory":true,"max_hp_per_floor":[95,105,115,125,135,145,155,165,175,185,195,205,215,225,235,245,255,265,275,285,295,305,315,325,335,345,355,365,375,385,395,405,415,425,435,445,472,482,492,502,512,522,532,542,552,562,572,582,592,602,616,626,636,646,660,670],"card_choices":[{"not_picked":["DDmod:RapidStrikeAttack","Blood for Blood","Cleave"],"picked":"SKIP","floor":1},{"not_picked":["Hemokinesis","Anger"],"picked":"Flex","floor":3},{"not_picked":["Heavy Blade","DDmod:SpikeMailSkill"],"picked":"Inflame","floor":4},{"not_picked":["Blind","Finesse"],"picked":"Trip","floor":5},{"not_picked":["Sword Boomerang","Thunderclap","Perfected Strike"],"picked":"SKIP","floor":7},{"not_picked":["Armaments+1","Inflame","Impervious+1"],"picked":"SKIP","floor":8},{"not_picked":["DDmod:EasePowerCard","DDmod:PokeAttack","Shrug It Off+1"],"picked":"SKIP","floor":11},{"not_picked":["Shrug It Off+1","Disarm+1","Dual Wield+1"],"picked":"SKIP","floor":14},{"not_picked":["Thunderclap","Havoc+1","Ghostly Armor+1"],"picked":"SKIP","floor":18},{"not_picked":["Warcry+1","Armaments+1","Carnage"],"picked":"SKIP","floor":21},{"not_picked":["Sword Boomerang","Metallicize","Clothesline"],"picked":"SKIP","floor":23},{"not_picked":["Entrench+1","Thunderclap"],"picked":"Dual Wield+1","floor":24},{"not_picked":["Combust","Clothesline","Warcry+1"],"picked":"SKIP","floor":25},{"not_picked":["DDmod:UnstoppableAttack","Havoc+1","Heavy Blade"],"picked":"SKIP","floor":28},{"not_picked":["DDmod:ScaleUpSkill+1","Twin Strike","Disarm+1"],"picked":"SKIP","floor":29},{"not_picked":["True Grit+1","Wild Strike","Shrug It Off+1"],"picked":"SKIP","floor":30},{"not_picked":["Shrug It Off+1","Feed","True Grit+1"],"picked":"SKIP","floor":31},{"not_picked":["True Grit+1","Thunderclap","Warcry+1"],"picked":"SKIP","floor":35},{"not_picked":["Clothesline+1","Shrug It Off+1"],"picked":"Dropkick","floor":36},{"not_picked":["Carnage","Iron Wave+1","DDmod:PokeAttack"],"picked":"SKIP","floor":38},{"not_picked":["Uppercut","Headbutt+1","Berserk"],"picked":"SKIP","floor":41},{"not_picked":["Clash","Headbutt+1","Cleave+1"],"picked":"SKIP","floor":48},{"not_picked":["True Grit+1","DDmod:CallousedSkill+1","Cleave+1"],"picked":"SKIP","floor":55}],"player_experience":157021,"relics_obtained":[{"floor":8,"key":"Toxic Egg 2"},{"floor":8,"key":"Dream Catcher"},{"floor":9,"key":"Juzu Bracelet"},{"floor":23,"key":"Happy Flower"},{"floor":23,"key":"Pocketwatch"},{"floor":25,"key":"Regal Pillow"},{"floor":25,"key":"Eternal Feather"},{"floor":26,"key":"War Paint"},{"floor":28,"key":"Bronze Scales"},{"floor":28,"key":"Darkstone Periapt"},{"floor":41,"key":"Lantern"},{"floor":48,"key":"Incense Burner"},{"floor":48,"key":"Shuriken"},{"floor":55,"key":"Vajra"},{"floor":55,"key":"Cleaning_Rag"}],"event_choices":[{"damage_healed":0,"gold_gain":1,"player_choice":"1","damage_taken":0,"max_hp_gain":0,"max_hp_loss":0,"event_name":"betterStone:BetterStone","floor":5,"gold_loss":0},{"damage_healed":0,"gold_gain":0,"player_choice":"Ignored","damage_taken":0,"max_hp_gain":0,"max_hp_loss":0,"event_name":"Liars Game","floor":10,"gold_loss":0},{"damage_healed":0,"gold_gain":0,"player_choice":"Ignored","damage_taken":0,"max_hp_gain":0,"max_hp_loss":0,"event_name":"Transmorgrifier","floor":20,"gold_loss":0},{"cards_removed":["Inflame"],"damage_healed":0,"gold_gain":0,"player_choice":"Removed Power","damage_taken":0,"max_hp_gain":0,"max_hp_loss":0,"event_name":"Falling","floor":39,"gold_loss":0},{"damage_healed":0,"gold_gain":0,"player_choice":"Paid","damage_taken":0,"relics_obtained":["Red Mask"],"max_hp_gain":0,"max_hp_loss":0,"event_name":"Tomb of Lord Red Mask","floor":47,"gold_loss":63}],"is_beta":false,"boss_relics":[{"not_picked":["Philosopher\u0027s Stone","Silver_Glasses"],"picked":"Fusion Hammer"},{"not_picked":["Sozu","Runic Dome"],"picked":"SlaversCollar"}],"items_purged_floors":[],"is_endless":false,"potions_floor_spawned":[1,8,23,25,29,30,31,48,55],"ascension_level":20}}