{"host":"q1ejl7hv5l3527la","time":1611396770,"event":{"mods":["Aspiration","BaseMod","Better Third Choice","Colored Powertips","Downfall","Energized Spire","Highlight Path","Infinite Spire","Minty Spire (QoL Compilation)","Shop Mod","StSLib","The Cursed","The Jungle","The Runesmith"],"gold_per_floor":[116,116,116,133,0,0,31,61,61,76,109,109,1,21,21,117,67,83,83,107,122,136,136,170,144,213,213,233,249,280,15,15,118,118,154,167,167,183,28,28,28,28,73,120,134,144,144,10,10,10],"floor_reached":51,"language":"ENG","playtime":3910,"items_purged":[],"score":681,"play_id":"2a227c52-327b-4389-8163-f25ce6a9673e","local_time":"20210123041250","is_ascension_mode":true,"campfire_choices":[{"data":"Enlightenment","floor":6,"key":"SMITH"},{"floor":12,"key":"REST"},{"floor":15,"key":"REST"},{"floor":23,"key":"REST"},{"floor":27,"key":"REST"},{"floor":32,"key":"REST"},{"floor":40,"key":"REST"},{"floor":47,"key":"REST"},{"floor":49,"key":"REST"}],"circlet_count":1,"master_deck":["Strike_G","Strike_G","Strike_G","Strike_G","Strike_G","Defend_G","Defend_G","Defend_G","Defend_G","Defend_G","Survivor","Neutralize","Slice","Cloak And Dagger","Sucker Punch","Outmaneuver","Dash","After Image","Dodge and Roll","Trip","Acrobatics","Corpse Explosion","Strike_G","Magnetism","Cloak And Dagger+1","Flying Knee+1","infinitespire:Neurotoxin","Cloak And Dagger","Sucker Punch","Noxious Fumes","Flying Knee","Terror+1","Outmaneuver","infinitespire:Neurotoxin","Deadly Poison","Backflip+1","Finesse","Blade Dance+1","Flying Knee","Accuracy","infinitespire:Gouge","Writhe","Deflect+1","Well Laid Plans+1","Parasite","Blur","Footwork"],"relics":["Ring of the Snake","aspiration:ChemicalBlood","Runesmith:AutoHammer","Odd Mushroom","Shuriken","Lantern","energizedSpire:HugeHouse","betterThird:NestCultRelic","Toy Ornithopter","aspiration:SeaSaltIceCream","Circlet","Blue Candle","Bottled Lightning","aspiration:RitualDagger","Potion Belt","Ring of the Serpent","Boot","infinitespire:CursedDice"],"acts_visited":["Exordium","TheCity","TheBeyond"],"potions_floor_usage":[4,8,11,11,11,16,16,16,16,18,18,21,22,24,28,29,30,30,30,33,35,35,35,35,36,36,38,38,44,44,45,45,45,46,46,46,50,50,50,50,50,50,50,50,50],"damage_taken":[{"damage":4,"enemies":"Cultist","floor":1,"turns":5},{"damage":1,"enemies":"2 Louse","floor":4,"turns":4},{"damage":22,"enemies":"3 Sentries","floor":7,"turns":14},{"damage":18,"enemies":"The Mushroom Lair","floor":8,"turns":5},{"damage":0,"enemies":"Small Slimes","floor":10,"turns":4},{"damage":8,"enemies":"Lagavulin","floor":11,"turns":5},{"damage":4,"enemies":"Looter","floor":14,"turns":3},{"damage":46,"enemies":"Hexaghost","floor":16,"turns":11},{"damage":5,"enemies":"2 Thieves","floor":18,"turns":4},{"damage":5,"enemies":"3 Byrds","floor":21,"turns":3},{"damage":25,"enemies":"Snecko","floor":22,"turns":6},{"damage":14,"enemies":"Centurion and Healer","floor":24,"turns":5},{"damage":12,"enemies":"Cultist and Chosen","floor":28,"turns":4},{"damage":36,"enemies":"3 Cultists","floor":29,"turns":6},{"damage":28,"enemies":"Slavers","floor":30,"turns":4},{"damage":26,"enemies":"Collector","floor":33,"turns":7},{"damage":56,"enemies":"3 Darklings","floor":35,"turns":6},{"damage":35,"enemies":"Orb Walker","floor":36,"turns":4},{"damage":47,"enemies":"3 Darklings","floor":38,"turns":4},{"damage":42,"enemies":"2 Orb Walkers","floor":44,"turns":3},{"damage":35,"enemies":"Jaw Worm Horde","floor":45,"turns":5},{"damage":29,"enemies":"Writhing Mass","floor":46,"turns":5},{"damage":123,"enemies":"Awakened One","floor":50,"turns":9}],"seed_played":"8232103064922141916","potions_obtained":[{"floor":4,"key":"Fruit Juice"},{"floor":8,"key":"PowerPotion"},{"floor":10,"key":"DistilledChaos"},{"floor":11,"key":"Energy Potion"},{"floor":16,"key":"BlessingOfTheForge"},{"floor":21,"key":"LiquidBronze"},{"floor":28,"key":"EssenceOfSteel"},{"floor":29,"key":"PowerPotion"},{"floor":30,"key":"Weak Potion"},{"floor":33,"key":"Block Potion"},{"floor":35,"key":"LiquidMemories"},{"floor":36,"key":"bronze:BurnAndBuffPotion"},{"floor":46,"key":"Dexterity Potion"}],"is_trial":false,"path_per_floor":["M","?","?","M","?","R","E","?","T","M","E","R","$","M","R","B",null,"M","?","T","M","M","R","M","$","T","R","M","M","E","$","R","B",null,"M","M","?","M","$","R","AVR","?","T","?","M","M","R","$","R","B",null],"character_chosen":"THE_SILENT","items_purchased":["Dodge and Roll","Trip","Sucker Punch","Bottled Lightning","Outmaneuver","Flying Knee","Accuracy","champ:CounterPotion","Footwork","hexamod:SoulburnPotion","Dexterity Potion"],"campfire_rested":8,"item_purchase_floors":[13,13,25,31,31,39,39,39,48,48,48],"current_hp_per_floor":[73,73,73,77,83,83,61,43,43,43,35,61,61,57,83,37,83,78,78,78,78,58,82,73,73,73,83,76,45,32,32,56,35,83,47,22,22,30,30,54,54,75,75,43,23,9,33,33,57,83],"gold":10,"neow_bonus":"TEN_PERCENT_HP_BONUS","is_daily":false,"chose_seed":false,"campfire_upgraded":1,"win_rate":0.0,"timestamp":1611396770,"path_taken":["M","?","?","M","?","R","E","?","T","M","E","R","?","M","R","BOSS","M","?","?","M","M","R","M","?","T","R","M","M","E","$","R","BOSS","M","M","?","M","$","R","AVR","?","T","?","M","?","R","$","R","BOSS"],"items_purchased_type":["Card","Card","Card","Relic","Card","Card","Card","Potion","Card","Potion","Potion"],"build_version":"2020-12-22","purchased_purges":0,"victory":true,"max_hp_per_floor":[77,77,77,82,88,88,88,88,88,88,88,88,88,88,88,88,83,83,83,83,83,83,83,83,83,83,83,83,83,83,83,83,83,83,83,83,83,83,83,83,83,83,83,83,83,83,83,83,83,83],"card_choices":[{"not_picked":["Poisoned Stab","Dagger Spray"],"picked":"Slice","floor":1},{"not_picked":["Blur","Poisoned Stab"],"picked":"Cloak And Dagger","floor":4},{"not_picked":["Deadly Poison","Bane"],"picked":"Sucker Punch","floor":7},{"not_picked":["Distraction","Dodge and Roll"],"picked":"Outmaneuver","floor":8},{"not_picked":["Bane","Blur"],"picked":"Dash","floor":10},{"not_picked":["Bouncing Flask","Prepared"],"picked":"After Image","floor":11},{"not_picked":["Deadly Poison","Deflect"],"picked":"Acrobatics","floor":14},{"not_picked":["Tools of the Trade","Glass Knife"],"picked":"Corpse Explosion","floor":16},{"not_picked":["Skewer","Deadly Poison+1"],"picked":"Cloak And Dagger+1","floor":18},{"not_picked":["Deadly Poison","Crippling Poison"],"picked":"Flying Knee+1","floor":21},{"not_picked":["Acrobatics","Deadly Poison+1"],"picked":"infinitespire:Neurotoxin","floor":22},{"not_picked":["Poisoned Stab","Underhanded Strike"],"picked":"Cloak And Dagger","floor":24},{"not_picked":["Outmaneuver","Dagger Spray"],"picked":"Noxious Fumes","floor":28},{"not_picked":["Bane","Riddle With Holes+1"],"picked":"Flying Knee","floor":29},{"not_picked":["Endless Agony","Slice"],"picked":"Terror+1","floor":30},{"not_picked":["Malaise","Corpse Explosion"],"picked":"infinitespire:Neurotoxin","floor":33},{"not_picked":["Bane","aspiration:Lunge"],"picked":"Deadly Poison","floor":35},{"not_picked":["Poisoned Stab","Prepared+1"],"picked":"Backflip+1","floor":36},{"not_picked":["Thinking Ahead","Chrysalis"],"picked":"Finesse","floor":37},{"not_picked":["Quick Slash+1","Prepared+1"],"picked":"Blade Dance+1","floor":38},{"not_picked":["Poisoned Stab","Bouncing Flask+1"],"picked":"Deflect+1","floor":44},{"not_picked":["Acrobatics+1","Crippling Poison"],"picked":"Well Laid Plans+1","floor":45},{"not_picked":["Deadly Poison+1","Malaise"],"picked":"Blur","floor":46}],"player_experience":105315,"relics_obtained":[{"floor":3,"key":"aspiration:ChemicalBlood"},{"floor":7,"key":"Runesmith:AutoHammer"},{"floor":8,"key":"Odd Mushroom"},{"floor":9,"key":"Shuriken"},{"floor":11,"key":"Lantern"},{"floor":20,"key":"Toy Ornithopter"},{"floor":26,"key":"aspiration:SeaSaltIceCream"},{"floor":30,"key":"Blue Candle"},{"floor":43,"key":"Boot"},{"floor":44,"key":"infinitespire:CursedDice"}],"event_choices":[{"damage_healed":0,"gold_gain":0,"player_choice":"Leave","damage_taken":0,"max_hp_gain":0,"max_hp_loss":0,"event_name":"The Cleric","floor":2,"gold_loss":0},{"damage_healed":0,"gold_gain":0,"player_choice":"RENOUNCE","damage_taken":133,"max_hp_gain":0,"max_hp_loss":0,"event_name":"betterThird:BetterSerpent","floor":5,"gold_loss":133,"cards_obtained":["Enlightenment"]},{"damage_healed":0,"gold_gain":0,"player_choice":"Fought Mushrooms","damage_taken":0,"max_hp_gain":0,"max_hp_loss":0,"event_name":"Mushrooms","floor":8,"gold_loss":0},{"damage_healed":0,"gold_gain":0,"player_choice":"Madness","damage_taken":0,"relics_obtained":["betterThird:NestCultRelic"],"max_hp_gain":0,"max_hp_loss":0,"event_name":"betterThird:BetterNest","floor":19,"gold_loss":0},{"damage_healed":0,"gold_gain":0,"player_choice":"Memory 1","damage_taken":0,"max_hp_gain":0,"max_hp_loss":0,"event_name":"SensoryStone","floor":37,"gold_loss":0},{"damage_healed":21,"gold_gain":0,"player_choice":"Writhe","damage_taken":0,"max_hp_gain":0,"max_hp_loss":0,"event_name":"Winding Halls","floor":42,"gold_loss":0,"cards_obtained":["Writhe"]},{"damage_healed":0,"gold_gain":0,"player_choice":"Fight","damage_taken":0,"max_hp_gain":0,"max_hp_loss":0,"event_name":"Mysterious Sphere","floor":44,"gold_loss":0}],"is_beta":false,"boss_relics":[{"not_picked":["Empty Cage","Busted Crown"],"picked":"energizedSpire:HugeHouse"},{"not_picked":["infinitespire:Cupcake","Runic Pyramid"],"picked":"aspiration:RitualDagger"}],"items_purged_floors":[],"is_endless":false,"potions_floor_spawned":[4,8,10,11,16,21,28,29,30,33,36,46],"ascension_level":1}}