{"host":"3j2m8n0ywf988fwb","time":1611397633,"event":{"mods":["2.2 Compatiblity","AchievementEnabler","Act Like it!","Aspiration","Astrologer","BaseMod","Beaked The Cultist","Better Altar","Better Match","Better Note","Better Sensory Stone","Better Skull","Better Third Choice","CCEM","ChefMod","Colored Map","Colored Powertips","Conspire","Dark Map","Energized Spire","Evolution","Fireblade Mod","GifTheSpireLib","Googly Eyes","Halation","Hallownest","Highlight Path","Hubris","Infinite Spire","Jedi Mod","Marisa????????","Marked Mod","Mimic Mod","Minty Spire (QoL Compilation)","Random Character Button","Relic Stats","Replay The Spire","Robot Space Explorer","Shop Mod","Somnambulant","Spire Arcade","StSLib","Stuff the Spire","The Bug Knight","The Hierophant","The Marked","The Runesmith","TheFirefly","Unceasing Turn Reminder","everything is the same but u backflip on backflip"],"gold_per_floor":[113,127,127,52,65,65,85,85,85],"floor_reached":8,"language":"ENG","playtime":225,"items_purged":["Strike_G"],"score":72,"play_id":"eaf27e03-9ce3-423a-a559-ae4d8795c380","local_time":"20210123042713","is_ascension_mode":true,"campfire_choices":[{"data":"Prepared","floor":6,"key":"SMITH"}],"circlet_count":0,"master_deck":["AscendersBane","Strike_G","Strike_G","Strike_G","Strike_G","Defend_G","Defend_G","Defend_G","Defend_G","Defend_G","Survivor","Neutralize+1","Blade Dance","Prepared+1","Deflect","Slice"],"relics":["Ring of the Snake","EVO:Axolotl","NeowsBlessing"],"acts_visited":["Exordium"],"potions_floor_usage":[8,8],"damage_taken":[{"damage":0,"enemies":"Cultist","floor":1,"turns":1},{"damage":0,"enemies":"Small Slimes","floor":2,"turns":1},{"damage":0,"enemies":"2 Louse","floor":5,"turns":1},{"damage":13,"enemies":"2 Fungi Beasts","floor":7,"turns":4},{"damage":54,"enemies":"Gremlin Nob","floor":8,"turns":4}],"seed_played":"-3051392217981297095","potions_obtained":[{"floor":2,"key":"Swift Potion"},{"floor":7,"key":"SkillPotion"}],"is_trial":false,"path_per_floor":["M","M","?","$","M","R","M","E"],"character_chosen":"THE_SILENT","items_purchased":[],"campfire_rested":0,"item_purchase_floors":[],"current_hp_per_floor":[63,63,63,63,63,63,50,0,0],"gold":85,"neow_bonus":"THREE_ENEMY_KILL","is_daily":false,"chose_seed":false,"campfire_upgraded":1,"win_rate":0.0,"timestamp":1611397633,"path_taken":["M","?","?","$","M","R","?","E"],"items_purchased_type":[],"build_version":"2020-12-22","purchased_purges":1,"victory":false,"max_hp_per_floor":[70,70,70,70,70,70,70,70,70],"relic_stats":{"counters":[5,11],"obtain_stats":[{"NeowsBlessing":0,"EVO:Axolotl":0,"Ring of the Snake":0},{"NeowsBlessing":0,"EVO:Axolotl":0,"Ring of the Snake":0},{"NeowsBlessing":0,"EVO:Axolotl":0,"Ring of the Snake":0}],"Ring of the Snake":[10]},"card_choices":[{"not_picked":["StuffTheSpire:Repulse","Flying Knee"],"picked":"Blade Dance","floor":1},{"not_picked":["Dodge and Roll","StuffTheSpire:Incursion"],"picked":"Prepared","floor":2},{"not_picked":["Deadly Poison","Leg Sweep"],"picked":"Deflect","floor":5},{"not_picked":["Noxious Fumes","Wraith Form v2"],"picked":"Slice","floor":7}],"player_experience":1085490,"relics_obtained":[],"event_choices":[{"damage_healed":0,"gold_gain":0,"player_choice":"Upgraded","damage_taken":0,"max_hp_gain":0,"max_hp_loss":0,"event_name":"Upgrade Shrine","floor":3,"gold_loss":0,"cards_upgraded":["Neutralize"]}],"is_beta":false,"boss_relics":[],"items_purged_floors":[4],"is_endless":false,"potions_floor_spawned":[2,7],"killed_by":"Gremlin Nob","ascension_level":10}}