{"host":"5p9hybygolzp0efr","time":1611374869,"event":{"mods":["AchievementEnabler","BaseMod","Bestiary","Colored Map","Minty Spire (QoL Compilation)","Permanent Neow","Relic Stats"],"gold_per_floor":[99,99,99,99,99,99,20,20,20,20,20,0,0,0,0,0,0,0,0,0,0,17,17,51,61,61,78,94,94,94,94],"floor_reached":30,"language":"ENG","playtime":1442,"items_purged":[],"score":395,"play_id":"377694d7-aaee-4ef8-9350-345d9536ccc0","local_time":"20210123120749","is_ascension_mode":true,"campfire_choices":[{"floor":8,"key":"REST"},{"floor":15,"key":"REST"},{"data":"Meditate","floor":23,"key":"SMITH"}],"circlet_count":0,"master_deck":["Strike_P+1","Strike_P+1","Strike_P+1","Strike_P+1","Defend_P","Defend_P+1","Defend_P+1","Eruption","Vigilance+1","WheelKick+1","EmptyMind+1","Tantrum+1","Meditate+1","LessonLearned+1","SashWhip","CutThroughFate","Prostrate+1","EmptyFist+1","LessonLearned+1","ClearTheMind+1","ThirdEye+1","BowlingBash+1","JustLucky+1","LikeWater+1"],"relics":["Orichalcum","MealTicket","InkBottle","Velvet Choker","Nloth\u0027s Gift","Sundial","Dream Catcher"],"acts_visited":["Exordium","TheCity"],"potions_floor_usage":[27,28,30],"damage_taken":[{"damage":2,"enemies":"Cultist","floor":1,"turns":3},{"damage":0,"enemies":"Small Slimes","floor":3,"turns":2},{"damage":4,"enemies":"Jaw Worm","floor":5,"turns":2},{"damage":32,"enemies":"3 Sentries","floor":6,"turns":5},{"damage":14,"enemies":"Lagavulin","floor":10,"turns":3},{"damage":18,"enemies":"Red Slaver","floor":11,"turns":4},{"damage":1,"enemies":"Looter","floor":12,"turns":3},{"damage":11,"enemies":"Exordium Thugs","floor":13,"turns":3},{"damage":0,"enemies":"2 Fungi Beasts","floor":14,"turns":2},{"damage":0,"enemies":"Slime Boss","floor":16,"turns":3},{"damage":0,"enemies":"Chosen","floor":18,"turns":5},{"damage":8,"enemies":"3 Byrds","floor":19,"turns":4},{"damage":6,"enemies":"Snecko","floor":22,"turns":4},{"damage":27,"enemies":"Slavers","floor":24,"turns":7},{"damage":5,"enemies":"Centurion and Healer","floor":25,"turns":3},{"damage":12,"enemies":"Chosen and Byrds","floor":27,"turns":5},{"damage":0,"enemies":"3 Cultists","floor":28,"turns":3},{"damage":5,"enemies":"Centurion and Healer","floor":30,"turns":1}],"seed_played":"-7895416951672866885","potions_obtained":[{"floor":1,"key":"LiquidMemories"},{"floor":5,"key":"BottledMiracle"},{"floor":12,"key":"DistilledChaos"},{"floor":28,"key":"SkillPotion"},{"floor":29,"key":"BlessingOfTheForge"},{"floor":29,"key":"Explosive Potion"}],"is_trial":false,"path_per_floor":["M","?","M","?","M","E","$","R","T","E","M","M","M","M","R","B",null,"M","M","?","?","M","R","E","M","T","M","M","?","M"],"character_chosen":"WATCHER","items_purchased":["LessonLearned"],"campfire_rested":2,"item_purchase_floors":[7],"current_hp_per_floor":[70,70,70,70,66,34,34,55,55,41,23,22,11,11,32,32,62,62,54,54,54,48,48,21,16,16,4,4,4,0,0],"gold":94,"neow_bonus":"BOSS_RELIC","is_daily":false,"chose_seed":false,"campfire_upgraded":1,"win_rate":0.0,"timestamp":1611374869,"path_taken":["M","?","M","?","M","E","?","R","T","E","?","M","M","M","R","BOSS","M","M","?","?","M","R","E","M","T","M","?","?","M"],"items_purchased_type":["Card"],"build_version":"2020-12-22","purchased_purges":0,"victory":false,"max_hp_per_floor":[72,72,72,72,72,72,72,72,72,72,72,72,72,72,72,72,72,72,72,72,72,72,72,72,72,72,72,72,72,72,72],"relic_stats":{"Dream Catcher":0,"counters":[18,62],"Sundial":[0],"MealTicket":0,"Nloth\u0027s Gift":1,"Orichalcum":[48],"obtain_stats":[{"Dream Catcher":26,"Sundial":24,"Velvet Choker":17,"MealTicket":9,"Ectoplasm":0,"Nloth\u0027s Gift":21,"PureWater":0,"Orichalcum":6,"InkBottle":10},{"Dream Catcher":15,"Sundial":14,"Velvet Choker":10,"MealTicket":4,"Ectoplasm":0,"Nloth\u0027s Gift":12,"PureWater":0,"Orichalcum":4,"InkBottle":5},{"Dream Catcher":53,"Sundial":50,"Velvet Choker":30,"MealTicket":12,"Ectoplasm":0,"Nloth\u0027s Gift":39,"PureWater":0,"Orichalcum":12,"InkBottle":15}],"InkBottle":[15]},"card_choices":[{"not_picked":["Pray","EmptyBody"],"picked":"WheelKick","floor":1},{"not_picked":["BowlingBash","MentalFortress"],"picked":"EmptyMind","floor":3},{"not_picked":["FollowUp","FlyingSleeves"],"picked":"Tantrum","floor":5},{"not_picked":["FollowUp","FlyingSleeves"],"picked":"Meditate","floor":6},{"not_picked":["InnerPeace","Halt"],"picked":"SashWhip","floor":10},{"not_picked":["JustLucky","Halt","CrushJoints"],"picked":"SKIP","floor":11},{"not_picked":["SashWhip","Omniscience"],"picked":"CutThroughFate","floor":12},{"not_picked":["CrushJoints","BowlingBash"],"picked":"Prostrate","floor":13},{"not_picked":["CrushJoints","InnerPeace"],"picked":"EmptyFist","floor":14},{"not_picked":["Omniscience","Brilliance"],"picked":"LessonLearned","floor":16},{"not_picked":["FlyingSleeves","Consecrate"],"picked":"ClearTheMind","floor":18},{"not_picked":["ClearTheMind+1","Consecrate+1"],"picked":"ThirdEye","floor":19},{"not_picked":["DeusExMachina","Consecrate","PathToVictory+1"],"picked":"SKIP","floor":22},{"not_picked":["EmptyBody","FlurryOfBlows"],"picked":"BowlingBash+1","floor":24},{"not_picked":["FlyingSleeves+1","WindmillStrike","ClearTheMind"],"picked":"SKIP","floor":25},{"not_picked":["EmptyFist","Crescendo"],"picked":"JustLucky+1","floor":27},{"not_picked":["DeceiveReality","Wallop"],"picked":"LikeWater+1","floor":28}],"player_experience":508068,"relics_obtained":[{"floor":6,"key":"Orichalcum"},{"floor":9,"key":"MealTicket"},{"floor":10,"key":"InkBottle"},{"floor":24,"key":"Sundial"},{"floor":26,"key":"Dream Catcher"}],"event_choices":[{"damage_healed":0,"gold_gain":0,"player_choice":"Leave","damage_taken":0,"max_hp_gain":0,"max_hp_loss":0,"event_name":"The Cleric","floor":2,"gold_loss":0},{"cards_removed":["Defend_P"],"damage_healed":0,"gold_gain":0,"player_choice":"Forget","damage_taken":0,"max_hp_gain":0,"max_hp_loss":0,"event_name":"Living Wall","floor":4,"gold_loss":0},{"damage_healed":0,"gold_gain":99,"player_choice":"Stole From Cult","damage_taken":0,"max_hp_gain":0,"max_hp_loss":0,"event_name":"Nest","floor":20,"gold_loss":0},{"damage_healed":0,"gold_gain":0,"player_choice":"Traded Relic","damage_taken":0,"relics_obtained":["Nloth\u0027s Gift"],"max_hp_gain":0,"max_hp_loss":0,"event_name":"N\u0027loth","floor":21,"relics_lost":["Ectoplasm"],"gold_loss":0},{"damage_healed":0,"gold_gain":0,"player_choice":"Got Potions","damage_taken":0,"max_hp_gain":0,"max_hp_loss":0,"event_name":"Lab","floor":29,"gold_loss":0}],"is_beta":false,"boss_relics":[{"not_picked":["Astrolabe","Tiny House"],"picked":"Velvet Choker"}],"items_purged_floors":[],"is_endless":false,"potions_floor_spawned":[1,5,12,13,19,22,28],"killed_by":"Centurion and Healer","ascension_level":5}}