{"host":"qxtzqh2wotmxx3mc","time":1611375195,"event":{"mods":["AchievementEnabler","BaseMod","Better Altar","Better Note","Better Sensory Stone","Better Skull","Better Synergies","Better Third Choice","Better Vampires","Block Reminder","Curses Come First","Displayed Cursed Tome","Minty Spire (QoL Compilation)","Quick Restart","Rare Cards Sparkle","Relic Stats","StSLib","The Dragonkin","Trackpad"],"gold_per_floor":[110,110,110,130,130,130,164,178,249,273,294,294,313,326,326,451,451,465,485,485,499,109,152,152,152,177,177,192,212,212,248,248,372,372,397,412,13,69,69,104,437,470,545,562,562,562,562,574,574,574],"floor_reached":51,"language":"ENG","playtime":1900,"items_purged":["theDragonkin:Strike","theDragonkin:Defend"],"score":922,"play_id":"2c3ee051-4cf4-4bbc-8145-b8613264705a","local_time":"20210122201315","is_ascension_mode":false,"campfire_choices":[{"floor":6,"key":"REST"},{"floor":15,"key":"REST"},{"data":"theDragonkin:Subdue","floor":25,"key":"SMITH"},{"data":"theDragonkin:DivineStorm","floor":27,"key":"SMITH"},{"floor":32,"key":"REST"},{"floor":47,"key":"REST"},{"floor":49,"key":"REST"}],"circlet_count":0,"master_deck":["theDragonkin:Strike","theDragonkin:Strike","theDragonkin:Defend","theDragonkin:Defend","theDragonkin:Defend","theDragonkin:HolySmite","theDragonkin:BlazingBreath","theDragonkin:DivineBreath","Apotheosis+1","theDragonkin:ChainsOfTruth","theDragonkin:AcidBreath","theDragonkin:HallowedGround","theDragonkin:AcidRain","theDragonkin:FlameBreath","theDragonkin:DivineStorm+1","theDragonkin:ControlledBreath","theDragonkin:Subdue+1","theDragonkin:EmberSwipe","theDragonkin:DivineBreath","theDragonkin:HolyWordBarrier","theDragonkin:BurnAfterReading","theDragonkin:MoltenBreath","theDragonkin:LightArmor","theDragonkin:Smaugs_Smog","theDragonkin:AncestralSeance","theDragonkin:DivineVision","Dark Shackles","Mayhem","theDragonkin:AcidBreath","theDragonkin:Cauterize+1","theDragonkin:SandBreath","theDragonkin:Subdue","theDragonkin:DeepBreath+1","Writhe","theDragonkin:BurnAfterReading","theDragonkin:GoldenFlames","Regret","theDragonkin:ShieldGlare+1","Parasite","theDragonkin:SandBreath+1","theDragonkin:FlameBreath+1","theDragonkin:DivineBreath"],"relics":["theDragonkin:GarnetScale","NeowsBlessing","trackpad:IceCube","Shuriken","Philosopher\u0027s Stone","Toy Ornithopter","Du-Vu Doll","trackpad:AdjectivePendant","Regal Pillow","Nunchaku","Cursed Key","trackpad:Compendium","trackpad:ZombieHeart","Dream Catcher","theDragonkin:EmberCore","trackpad:ByrdBGone","Darkstone Periapt"],"acts_visited":["Exordium","TheCity","TheBeyond"],"potions_floor_usage":[5,13,16,16,22,31,33,40,50,50],"damage_taken":[{"damage":0,"enemies":"Jaw Worm","floor":1,"turns":1},{"damage":0,"enemies":"2 Louse","floor":4,"turns":2},{"damage":0,"enemies":"3 Sentries","floor":7,"turns":1},{"damage":0,"enemies":"Cultist","floor":8,"turns":2},{"damage":3,"enemies":"Large Slime","floor":10,"turns":3},{"damage":29,"enemies":"Gremlin Gang","floor":11,"turns":5},{"damage":10,"enemies":"Exordium Thugs","floor":13,"turns":4},{"damage":18,"enemies":"Lots of Slimes","floor":14,"turns":3},{"damage":21,"enemies":"The Guardian","floor":16,"turns":7},{"damage":0,"enemies":"Spheric Guardian","floor":18,"turns":4},{"damage":0,"enemies":"Chosen","floor":19,"turns":3},{"damage":14,"enemies":"Snake Plant","floor":21,"turns":3},{"damage":3,"enemies":"Book of Stabbing","floor":23,"turns":4},{"damage":0,"enemies":"Sentry and Sphere","floor":28,"turns":4},{"damage":0,"enemies":"Shelled Parasite and Fungi","floor":29,"turns":1},{"damage":16,"enemies":"Gremlin Leader","floor":31,"turns":4},{"damage":0,"enemies":"Automaton","floor":33,"turns":6},{"damage":0,"enemies":"Orb Walker","floor":35,"turns":2},{"damage":14,"enemies":"3 Darklings","floor":36,"turns":3},{"damage":12,"enemies":"2 Orb Walkers","floor":38,"turns":4},{"damage":8,"enemies":"Giant Head","floor":40,"turns":6},{"damage":17,"enemies":"Nemesis","floor":42,"turns":3},{"damage":3,"enemies":"Sphere and 2 Shapes","floor":44,"turns":3},{"damage":10,"enemies":"Spire Growth","floor":48,"turns":4},{"damage":42,"enemies":"TheAcolyte","floor":50,"turns":7}],"seed_played":"-2136126909568629734","potions_obtained":[{"floor":5,"key":"Block Potion"},{"floor":5,"key":"Fruit Juice"},{"floor":5,"key":"Energy Potion"},{"floor":7,"key":"SneckoOil"},{"floor":11,"key":"Fruit Juice"},{"floor":13,"key":"theDragonkin:DragonkinUncommonPotion"},{"floor":19,"key":"Dexterity Potion"},{"floor":29,"key":"Block Potion"},{"floor":31,"key":"Dexterity Potion"},{"floor":42,"key":"BlessingOfTheForge"},{"floor":48,"key":"ColorlessPotion"}],"is_trial":false,"path_per_floor":["M","?","?","M","?","R","E","M","T","M","M","?","M","M","R","B",null,"M","M","?","M","$","E","?","R","T","R","M","M","?","E","R","B",null,"M","M","$","?","?","E","?","E","T","M","?","T","R","M","R","B",null],"character_chosen":"THE_DRAGONKIN","items_purchased":["Toy Ornithopter","theDragonkin:LightArmor","Fruit Juice","trackpad:Compendium","theDragonkin:Subdue"],"campfire_rested":5,"item_purchase_floors":[22,22,22,37,37],"current_hp_per_floor":[85,64,64,64,69,90,90,90,90,87,58,58,53,35,63,42,95,95,95,95,81,91,88,88,88,88,88,88,88,88,77,100,100,100,100,86,86,74,99,93,93,77,77,77,77,77,105,96,106,73],"gold":574,"neow_bonus":"THREE_ENEMY_KILL","is_daily":false,"chose_seed":false,"campfire_upgraded":2,"win_rate":0.0,"timestamp":1611375195,"path_taken":["M","?","?","M","?","R","E","M","T","M","?","?","?","M","R","BOSS","M","M","?","?","$","E","?","R","T","R","M","M","?","E","R","BOSS","M","M","$","?","?","E","?","E","T","?","?","?","R","M","R","BOSS"],"items_purchased_type":["Relic","Card","Potion","Relic","Card"],"build_version":"2020-12-22","purchased_purges":2,"victory":true,"max_hp_per_floor":[85,85,85,85,90,90,90,90,90,90,90,90,95,95,95,95,95,95,95,95,95,100,100,100,100,100,100,100,100,100,100,100,100,100,100,100,100,100,100,101,101,102,102,105,105,105,105,106,106,107],"relic_stats":{"Darkstone Periapt":0,"Regal Pillow":0,"Nunchaku":[8],"Dream Catcher":2,"counters":[25,89],"Shuriken":[24],"Cursed Key":2,"obtain_stats":[{"Darkstone Periapt":46,"Regal Pillow":26,"NeowsBlessing":0,"trackpad:IceCube":7,"Golden Idol":2,"trackpad:ByrdBGone":43,"Cursed Key":34,"Du-Vu Doll":23,"theDragonkin:EmberCore":42,"Nunchaku":31,"trackpad:ZombieHeart":38,"Dream Catcher":40,"theDragonkin:GarnetScale":0,"Shuriken":9,"Philosopher\u0027s Stone":17,"trackpad:Compendium":37,"trackpad:AdjectivePendant":24,"Toy Ornithopter":22},{"Darkstone Periapt":23,"Regal Pillow":13,"NeowsBlessing":0,"trackpad:IceCube":3,"Golden Idol":1,"trackpad:ByrdBGone":22,"Cursed Key":17,"Du-Vu Doll":13,"theDragonkin:EmberCore":22,"Nunchaku":16,"trackpad:ZombieHeart":20,"Dream Catcher":21,"theDragonkin:GarnetScale":0,"Shuriken":4,"Philosopher\u0027s Stone":9,"trackpad:Compendium":19,"trackpad:AdjectivePendant":13,"Toy Ornithopter":12},{"Darkstone Periapt":78,"Regal Pillow":42,"NeowsBlessing":0,"trackpad:IceCube":4,"Golden Idol":1,"trackpad:ByrdBGone":75,"Cursed Key":57,"Du-Vu Doll":42,"theDragonkin:EmberCore":75,"Nunchaku":51,"trackpad:ZombieHeart":66,"Dream Catcher":72,"theDragonkin:GarnetScale":0,"Shuriken":6,"Philosopher\u0027s Stone":28,"trackpad:Compendium":62,"trackpad:AdjectivePendant":42,"Toy Ornithopter":38}],"Toy Ornithopter":11},"card_choices":[{"not_picked":["theDragonkin:FlameBreath","theDragonkin:DivineFire"],"picked":"theDragonkin:DivineBreath","floor":1},{"not_picked":["theDragonkin:EmberSwipe","theDragonkin:FlameWard"],"picked":"theDragonkin:ChainsOfTruth","floor":4},{"not_picked":["theDragonkin:FlameWard","theDragonkin:DivineJolt"],"picked":"theDragonkin:AcidBreath","floor":7},{"not_picked":["theDragonkin:FlameWard","theDragonkin:Sizzle"],"picked":"theDragonkin:HallowedGround","floor":8},{"not_picked":["theDragonkin:DivineFire","theDragonkin:SandBreath"],"picked":"theDragonkin:AcidRain","floor":10},{"not_picked":["theDragonkin:CorrosiveBelch","theDragonkin:HolyWordBarrier"],"picked":"theDragonkin:FlameBreath","floor":11},{"not_picked":["theDragonkin:HolyWordBarrier","theDragonkin:FlameWard"],"picked":"theDragonkin:DivineStorm","floor":13},{"not_picked":["theDragonkin:Flashpoint","theDragonkin:StormFront"],"picked":"theDragonkin:ControlledBreath","floor":14},{"not_picked":["theDragonkin:Smaugs_Smog","theDragonkin:AkatirnsDecree"],"picked":"theDragonkin:Subdue","floor":16},{"not_picked":["theDragonkin:AcidArmor","theDragonkin:DivineFire+1"],"picked":"theDragonkin:EmberSwipe","floor":18},{"not_picked":["theDragonkin:CorrosiveBelch","theDragonkin:DivineFire+1"],"picked":"theDragonkin:DivineBreath","floor":19},{"not_picked":["theDragonkin:Ashfall","theDragonkin:DivineVision"],"picked":"theDragonkin:MoltenBreath","floor":21},{"not_picked":["theDragonkin:AcidRain+1","theDragonkin:HolyShock"],"picked":"theDragonkin:Smaugs_Smog","floor":23},{"not_picked":["theDragonkin:BurningRage","theDragonkin:CorrosiveBelch+1"],"picked":"theDragonkin:AncestralSeance","floor":28},{"not_picked":["theDragonkin:FlameBreath","theDragonkin:SandBreath"],"picked":"theDragonkin:DivineVision","floor":29},{"not_picked":["Deep Breath","Apotheosis"],"picked":"Dark Shackles","floor":30},{"not_picked":["Dramatic Entrance","Discovery"],"picked":"Mayhem","floor":30},{"not_picked":["theDragonkin:DivineFire","theDragonkin:CorrosiveBelch"],"picked":"theDragonkin:AcidBreath","floor":31},{"not_picked":["theDragonkin:AcidBreath+1","theDragonkin:MiasmicBreath+1"],"picked":"theDragonkin:Cauterize+1","floor":35},{"not_picked":["theDragonkin:LightArmor","theDragonkin:DivineBreath"],"picked":"theDragonkin:SandBreath","floor":36},{"not_picked":["theDragonkin:BurningRage","theDragonkin:EmberSwipe+1"],"picked":"theDragonkin:DeepBreath+1","floor":38},{"not_picked":["theDragonkin:LightArmor","theDragonkin:Flashpoint"],"picked":"theDragonkin:BurnAfterReading","floor":40},{"not_picked":["theDragonkin:AcidBreath+1","theDragonkin:EnduringAgony+1"],"picked":"theDragonkin:GoldenFlames","floor":42},{"not_picked":["theDragonkin:TwinBreath+1","theDragonkin:LightArmor+1"],"picked":"theDragonkin:ShieldGlare+1","floor":44},{"not_picked":["theDragonkin:FlameWard","theDragonkin:EnduringAgony+1"],"picked":"theDragonkin:SandBreath+1","floor":47},{"not_picked":["theDragonkin:CorrosiveBelch+1","theDragonkin:BurningRage"],"picked":"theDragonkin:FlameBreath+1","floor":48},{"not_picked":["theDragonkin:HallowedGround","theDragonkin:DivineJolt"],"picked":"theDragonkin:DivineBreath","floor":49}],"player_experience":117670,"relics_obtained":[{"floor":7,"key":"trackpad:IceCube"},{"floor":9,"key":"Shuriken"},{"floor":23,"key":"Du-Vu Doll"},{"floor":26,"key":"Regal Pillow"},{"floor":31,"key":"Nunchaku"},{"floor":38,"key":"trackpad:ZombieHeart"},{"floor":40,"key":"Dream Catcher"},{"floor":42,"key":"theDragonkin:EmberCore"},{"floor":43,"key":"trackpad:ByrdBGone"},{"floor":46,"key":"Darkstone Periapt"}],"event_choices":[{"damage_healed":0,"gold_gain":0,"player_choice":"Take Damage","damage_taken":21,"relics_obtained":["Golden Idol"],"max_hp_gain":0,"max_hp_loss":0,"event_name":"Golden Idol","floor":2,"gold_loss":0},{"damage_healed":64,"gold_gain":0,"player_choice":"Embrace","damage_taken":0,"max_hp_gain":0,"max_hp_loss":85,"event_name":"betterThird:BetterShining","floor":3,"gold_loss":0},{"damage_healed":0,"gold_gain":0,"player_choice":"Got Potions","damage_taken":0,"max_hp_gain":0,"max_hp_loss":0,"event_name":"Lab","floor":5,"gold_loss":0},{"cards_removed":["Apotheosis"],"damage_healed":0,"gold_gain":0,"player_choice":"Give","damage_taken":0,"max_hp_gain":0,"max_hp_loss":0,"event_name":"betterNote:BetterNote","floor":12,"gold_loss":0,"cards_obtained":["None"]},{"damage_healed":0,"gold_gain":0,"player_choice":"2 cards matched","damage_taken":0,"max_hp_gain":0,"max_hp_loss":0,"event_name":"Match and Keep!","floor":20,"gold_loss":0,"cards_obtained":["theDragonkin:HolyWordBarrier","theDragonkin:BurnAfterReading"]},{"damage_healed":0,"gold_gain":0,"player_choice":"Opened","damage_taken":0,"relics_obtained":["trackpad:AdjectivePendant"],"max_hp_gain":0,"max_hp_loss":0,"event_name":"The Mausoleum","floor":24,"gold_loss":0},{"damage_healed":0,"gold_gain":2,"player_choice":"1","damage_taken":0,"max_hp_gain":0,"max_hp_loss":0,"event_name":"betterStone:BetterStone","floor":30,"gold_loss":0},{"damage_healed":0,"gold_gain":0,"player_choice":"Fight","damage_taken":0,"max_hp_gain":0,"max_hp_loss":0,"event_name":"Mysterious Sphere","floor":38,"gold_loss":0},{"damage_healed":25,"gold_gain":0,"player_choice":"Writhe","damage_taken":0,"max_hp_gain":0,"max_hp_loss":0,"event_name":"Winding Halls","floor":39,"gold_loss":0,"cards_obtained":["Writhe"]},{"damage_healed":0,"gold_gain":333,"player_choice":"Gave Idol","damage_taken":0,"max_hp_gain":0,"max_hp_loss":0,"event_name":"The Moai Head","floor":41,"relics_lost":["Golden Idol"],"gold_loss":0},{"cards_removed":["theDragonkin:Strike"],"damage_healed":0,"gold_gain":0,"player_choice":"Removed Attack","damage_taken":0,"max_hp_gain":0,"max_hp_loss":0,"event_name":"Falling","floor":45,"gold_loss":0}],"is_beta":false,"boss_relics":[{"not_picked":["SacredBark","theDragonkin:ObsidianScale"],"picked":"Philosopher\u0027s Stone"},{"not_picked":["Tiny House","Busted Crown"],"picked":"Cursed Key"}],"items_purged_floors":[22,37],"is_endless":false,"potions_floor_spawned":[7,8,11,13,14,19,29,31,42,48],"ascension_level":0}}