{"host":"swphzoo6hmc78epl","time":1611436739,"event":{"mods":["BaseMod","Highlight Path","Minty Spire (QoL Compilation)","Quick Restart"],"gold_per_floor":[110,128,146,146,162,162,172,172,172,200,200,99,99,111,111,206,206,224,224,224,244,244,244],"floor_reached":22,"language":"ENG","playtime":902,"items_purged":["Strike_P"],"score":258,"play_id":"b7f099dc-e9da-497b-9404-8a5cf0840853","local_time":"20210123161859","is_ascension_mode":true,"campfire_choices":[{"data":"Vault","floor":6,"key":"SMITH"},{"data":"Fasting2","floor":8,"key":"SMITH"},{"data":"Devotion","floor":15,"key":"SMITH"}],"circlet_count":0,"master_deck":["Defend_P","Defend_P","Defend_P","Eruption","Vigilance","DevaForm","FollowUp","Vault+1","Fasting2+1","FearNoEvil","SignatureMove","Devotion+1","BowlingBash","Consecrate","ConjureBlade","Conclude+1","Ghostly","Ghostly","Ghostly","Ghostly","Ghostly","Evaluate+1"],"relics":["PureWater","Letter Opener","Nunchaku","Pocketwatch","Empty Cage","Nilry\u0027s Codex"],"acts_visited":["Exordium","TheCity"],"potions_floor_usage":[10,16,16,22],"damage_taken":[{"damage":1,"enemies":"Cultist","floor":1,"turns":4},{"damage":0,"enemies":"Small Slimes","floor":2,"turns":2},{"damage":3,"enemies":"2 Louse","floor":3,"turns":3},{"damage":15,"enemies":"Large Slime","floor":5,"turns":4},{"damage":7,"enemies":"2 Fungi Beasts","floor":7,"turns":4},{"damage":7,"enemies":"Gremlin Nob","floor":10,"turns":3},{"damage":8,"enemies":"Blue Slaver","floor":14,"turns":2},{"damage":12,"enemies":"The Guardian","floor":16,"turns":7},{"damage":19,"enemies":"Spheric Guardian","floor":18,"turns":5},{"damage":12,"enemies":"3 Byrds","floor":21,"turns":6},{"damage":18,"enemies":"Shelled Parasite and Fungi","floor":22,"turns":1}],"seed_played":"5116629937136174891","potions_obtained":[{"floor":7,"key":"PowerPotion"},{"floor":10,"key":"Strength Potion"},{"floor":14,"key":"SpeedPotion"},{"floor":21,"key":"BottledMiracle"}],"is_trial":false,"path_per_floor":["M","M","M","?","M","R","M","R","T","E","?","$","?","M","R","B",null,"M","?","?","M","M"],"character_chosen":"WATCHER","items_purchased":["BowlingBash"],"campfire_rested":0,"item_purchase_floors":[12],"current_hp_per_floor":[71,71,68,68,53,53,46,46,46,39,36,36,29,21,21,9,56,37,36,20,8,0,0],"gold":244,"neow_bonus":"ONE_RANDOM_RARE_CARD","is_daily":false,"chose_seed":false,"campfire_upgraded":3,"win_rate":0.0,"timestamp":1611436739,"path_taken":["M","M","M","?","M","R","M","R","T","E","?","$","?","M","R","BOSS","M","?","?","M","M"],"items_purchased_type":["Card"],"build_version":"2020-12-22","purchased_purges":1,"victory":false,"max_hp_per_floor":[72,72,72,72,72,72,72,72,72,72,72,72,72,72,72,72,72,72,36,36,36,36,36],"card_choices":[{"not_picked":["ClearTheMind","Protect"],"picked":"FollowUp","floor":1},{"not_picked":["Prostrate","EmptyMind"],"picked":"Vault","floor":2},{"not_picked":["WreathOfFlame","PathToVictory"],"picked":"Fasting2","floor":3},{"not_picked":["FlurryOfBlows","PathToVictory"],"picked":"FearNoEvil","floor":5},{"not_picked":["BowlingBash","PathToVictory"],"picked":"SignatureMove","floor":7},{"not_picked":["Study","WindmillStrike"],"picked":"Devotion","floor":10},{"not_picked":["FollowUp","BowlingBash"],"picked":"Consecrate","floor":14},{"not_picked":["Omniscience","DeusExMachina"],"picked":"ConjureBlade","floor":16},{"not_picked":["EmptyFist","ClearTheMind"],"picked":"Conclude+1","floor":18},{"not_picked":["Meditate+1","Nirvana+1"],"picked":"Evaluate+1","floor":21}],"player_experience":815701,"relics_obtained":[{"floor":9,"key":"Letter Opener"},{"floor":10,"key":"Nunchaku"},{"floor":20,"key":"Nilry\u0027s Codex"}],"event_choices":[{"cards_removed":["Strike_P"],"damage_healed":0,"gold_gain":0,"player_choice":"Forget","damage_taken":0,"max_hp_gain":0,"max_hp_loss":0,"event_name":"Living Wall","floor":4,"gold_loss":0},{"damage_healed":0,"gold_gain":0,"player_choice":"Success","damage_taken":3,"relics_obtained":["Pocketwatch"],"max_hp_gain":0,"max_hp_loss":0,"event_name":"Scrap Ooze","floor":11,"gold_loss":0},{"cards_removed":["Strike_P"],"damage_healed":0,"gold_gain":0,"player_choice":"Card Removal","damage_taken":7,"max_hp_gain":0,"max_hp_loss":0,"event_name":"Golden Wing","floor":13,"gold_loss":0},{"damage_healed":0,"gold_gain":0,"player_choice":"Became a Ghost","damage_taken":0,"max_hp_gain":0,"max_hp_loss":36,"event_name":"Ghosts","floor":19,"gold_loss":0,"cards_obtained":["Ghostly","Ghostly","Ghostly","Ghostly","Ghostly"]},{"damage_healed":0,"gold_gain":0,"player_choice":"Obtained Book","damage_taken":16,"max_hp_gain":0,"max_hp_loss":0,"event_name":"Cursed Tome","floor":20,"gold_loss":0}],"is_beta":false,"boss_relics":[{"not_picked":["Astrolabe","Ectoplasm"],"picked":"Empty Cage"}],"items_purged_floors":[12],"is_endless":false,"potions_floor_spawned":[7,10,14,21],"killed_by":"Shelled Parasite and Fungi","ascension_level":5}}