{"host":"6p0attdrtjqaih7v","time":1611384085,"event":{"mods":["2.2 Compatiblity","AchievementEnabler","Bard","BaseMod","Better Skull","Better Third Choice","Colored Powertips","Hermit","Highlight Path","Jorbs\u0027s Wanderer Trilogy","Key Reminder","Minty Spire (QoL Compilation)","Permanent Neow","Quick Restart","Random Character Button","Relic Stats","Replay The Spire","Robot Space Explorer","StSLib"],"gold_per_floor":[112,125,125,125,178,210,210,43,43,43,43,72,88,107,107,186,186,200,211,60,60,79,79,99,99,174,191,205,205,235,250,250,322,322,334,351,351,371,371,371,399,399,468,494,8,8,25,50,50,50,50],"floor_reached":50,"language":"ENG","playtime":2870,"items_purged":["bard:Strike"],"score":1175,"play_id":"3c1da0f9-798d-4d8f-a419-a7edb65fc688","local_time":"20210123014125","is_ascension_mode":true,"campfire_choices":[{"floor":7,"key":"REST"},{"floor":10,"key":"REST"},{"data":"bard:Blink","floor":15,"key":"SMITH"},{"data":"bard:PrismaticSpray","floor":23,"key":"SMITH"},{"data":"bard:Shifting","floor":25,"key":"SMITH"},{"data":"bard:LifeDrain","floor":32,"key":"SMITH"},{"data":"bard:Wish","floor":40,"key":"SMITH"},{"floor":42,"key":"REST"},{"floor":49,"key":"REST"}],"circlet_count":0,"master_deck":["AscendersBane","bard:Strike","bard:Strike","bard:Defend","bard:Defend","bard:Defend","bard:Defend","bard:Riposte","bard:Inspire","bard:TinyHut+1","bard:PrismaticSpray+1","bard:EchoEcho+1","bard:LifeDrain+1","bard:Blink+1","bard:Fermata","bard:TinyHut","bard:Shifting+1","bard:LingeringEcho","bard:TinyHut","bard:EchoEcho","bard:LingeringEcho","bard:FaerieFire+1","bard:Balestra+1","bard:ViciousMockery+1","Good Instincts","Good Instincts","Secret Technique","bard:Thunderwave","bard:GuardPoint","bard:Doot+1","bard:TinyHut"],"relics":["bard:PitchPipe","bard:BagPipes","FossilizedHelix","Dream Catcher","Chemical X","Boot","Prayer Wheel","bard:DeepVero","Kunai","Gremlin Food","ReplayTheSpireMod:DimensionalGlitch","Golden Egg","keyreminder:keyreminder","Potion Belt","Incense Burner","Nunchaku","Replay:Kaleidoscope"],"acts_visited":["Exordium","TheCity","TheBeyond"],"potions_floor_usage":[6,12,16,16,30,41,50,50],"damage_taken":[{"damage":8,"enemies":"2 Louse","floor":1,"turns":3},{"damage":0,"enemies":"Small Slimes","floor":2,"turns":7},{"damage":0,"enemies":"3 Sentries","floor":6,"turns":6},{"damage":2,"enemies":"Replay:BlueRogue","floor":12,"turns":4},{"damage":0,"enemies":"Cultist","floor":13,"turns":2},{"damage":13,"enemies":"Exordium Wildlife","floor":14,"turns":3},{"damage":0,"enemies":"Slime Boss","floor":16,"turns":6},{"damage":0,"enemies":"Spheric Guardian","floor":18,"turns":3},{"damage":0,"enemies":"3 Byrds","floor":19,"turns":3},{"damage":0,"enemies":"Centurion and Healer","floor":22,"turns":8},{"damage":1,"enemies":"3 Cultists","floor":24,"turns":6},{"damage":0,"enemies":"Cultist and Chosen","floor":27,"turns":7},{"damage":0,"enemies":"Snecko","floor":28,"turns":4},{"damage":5,"enemies":"Book of Stabbing","floor":30,"turns":5},{"damage":0,"enemies":"3 Cultists","floor":31,"turns":5},{"damage":11,"enemies":"Collector","floor":33,"turns":15},{"damage":0,"enemies":"Orb Walker","floor":35,"turns":2},{"damage":5,"enemies":"3 Darklings","floor":36,"turns":5},{"damage":2,"enemies":"Writhing Mass","floor":38,"turns":8},{"damage":27,"enemies":"Giant Head","floor":41,"turns":9},{"damage":0,"enemies":"Maw","floor":47,"turns":6},{"damage":0,"enemies":"Mind Bloom Boss Battle","floor":48,"turns":7},{"damage":70,"enemies":"Time Eater","floor":50,"turns":16}],"seed_played":"-6982241878809405330","potions_obtained":[{"floor":5,"key":"Weak Potion"},{"floor":5,"key":"Energy Potion"},{"floor":6,"key":"Death Potion"},{"floor":13,"key":"BlessingOfTheForge"},{"floor":16,"key":"ColorlessPotion"},{"floor":27,"key":"SteroidPotion"},{"floor":28,"key":"LiquidMemories"},{"floor":30,"key":"Fire Potion"},{"floor":41,"key":"BlessingOfTheForge"},{"floor":47,"key":"FairyPotion"}],"is_trial":false,"path_per_floor":["M","M","?","?","?","E","R","$","T","R","$","E","M","M","R","B",null,"M","M","$","?","M","R","M","R","T","M","M","?","E","M","R","B",null,"M","M","?","M","?","R","E","R","T","T","$","?","M","?","R","B"],"character_chosen":"BARD","items_purchased":["Chemical X","bard:GreaterMagicWeapon","Incense Burner","Nunchaku"],"campfire_rested":4,"item_purchase_floors":[8,20,45,45],"current_hp_per_floor":[36,36,29,29,3,3,22,22,22,41,41,39,39,30,30,30,57,57,57,57,57,57,57,56,56,56,56,56,56,51,51,51,40,60,60,55,40,38,38,38,11,30,30,30,30,30,30,30,49,0,0],"gold":50,"neow_bonus":"ONE_RARE_RELIC","is_daily":false,"chose_seed":false,"campfire_upgraded":5,"win_rate":0.0,"timestamp":1611384085,"path_taken":["M","M","?","?","?","E","R","$","T","R","$","E","M","M","R","BOSS","M","?","$","?","M","R","M","R","T","M","M","?","E","M","R","BOSS","M","M","?","M","?","R","E","R","T","?","$","?","?","?","R","BOSS"],"items_purchased_type":["Relic","Card","Relic","Relic"],"build_version":"2020-12-22","purchased_purges":1,"victory":false,"max_hp_per_floor":[66,66,66,66,66,66,66,66,66,66,66,66,66,66,66,66,66,66,66,66,66,66,66,66,66,66,66,66,66,66,66,66,66,66,66,66,66,66,66,66,66,66,66,66,66,66,66,66,66,66,66],"relic_stats":{"Dream Catcher":4,"Nunchaku":[6],"counters":[23,140],"Prayer Wheel":13,"Chemical X":[20],"Kunai":[48],"Boot":[69],"obtain_stats":[{"Gremlin Food":30,"Potion Belt":44,"bard:BagPipes":0,"Golden Egg":41,"bard:PitchPipe":0,"Incense Burner":45,"Replay:Kaleidoscope":48,"Boot":9,"keyreminder:keyreminder":43,"Dream Catcher":6,"Nunchaku":45,"bard:DeepVero":17,"Prayer Wheel":12,"Chemical X":8,"Kunai":26,"ReplayTheSpireMod:DimensionalGlitch":34,"FossilizedHelix":0},{"Gremlin Food":14,"Potion Belt":20,"bard:BagPipes":0,"Golden Egg":20,"bard:PitchPipe":0,"Incense Burner":20,"Replay:Kaleidoscope":22,"Boot":3,"keyreminder:keyreminder":20,"Dream Catcher":3,"Nunchaku":20,"bard:DeepVero":7,"Prayer Wheel":4,"Chemical X":3,"Kunai":11,"ReplayTheSpireMod:DimensionalGlitch":16,"FossilizedHelix":0},{"Gremlin Food":67,"Potion Belt":111,"bard:BagPipes":0,"Golden Egg":111,"bard:PitchPipe":0,"Incense Burner":111,"Replay:Kaleidoscope":124,"Boot":16,"keyreminder:keyreminder":111,"Dream Catcher":16,"Nunchaku":111,"bard:DeepVero":31,"Prayer Wheel":20,"Chemical X":16,"Kunai":51,"ReplayTheSpireMod:DimensionalGlitch":87,"FossilizedHelix":0}]},"card_choices":[{"not_picked":["bard:SongBolt","bard:CuttingWords"],"picked":"bard:TinyHut","floor":1},{"not_picked":["bard:BucklerBash","bard:FaerieFire","bard:MantleOfInspiration"],"picked":"SKIP","floor":2},{"not_picked":["bard:DervishDance","bard:TinyHut"],"picked":"bard:PrismaticSpray","floor":5},{"not_picked":["bard:OffKey","bard:SixFourTime"],"picked":"bard:EchoEcho","floor":6},{"not_picked":["bard:LocateObject","bard:TinyHut"],"picked":"bard:LifeDrain","floor":10},{"not_picked":["bard:Parry","bard:DiscordantVoice"],"picked":"bard:Blink","floor":12},{"not_picked":["bard:Greatness","bard:StudiedStrike"],"picked":"bard:Fermata","floor":13},{"not_picked":["bard:Solo","bard:Fermata","bard:HideousLaughter"],"picked":"SKIP","floor":13},{"not_picked":["bard:Shout","bard:EnGarde"],"picked":"bard:TinyHut","floor":14},{"not_picked":["bard:HideousLaughter","bard:Rhapsody","bard:Fermata"],"picked":"SKIP","floor":14},{"not_picked":["bard:MagnumOpus","bard:BottledSong"],"picked":"bard:Shifting","floor":16},{"not_picked":["bard:CuttingWords","bard:Fermata"],"picked":"bard:LingeringEcho","floor":18},{"not_picked":["bard:DervishDance","bard:StudiedStrike","bard:CuttingWords"],"picked":"SKIP","floor":18},{"not_picked":["bard:Balestra","bard:FingerOfDeath"],"picked":"bard:TinyHut","floor":19},{"not_picked":["bard:InspiringSong","bard:EnGarde","bard:LifeDrain"],"picked":"SKIP","floor":19},{"not_picked":["bard:HideousLaughter","bard:Sift","bard:Fermata"],"picked":"SKIP","floor":22},{"not_picked":["bard:BucklerBash","bard:EchoEcho","bard:CuttingWords"],"picked":"SKIP","floor":22},{"not_picked":["bard:PhantasmalForce","bard:Sift"],"picked":"bard:EchoEcho","floor":24},{"not_picked":["bard:ViciousMockery","bard:Gamble"],"picked":"bard:LingeringEcho","floor":24},{"not_picked":["bard:Rhapsody","bard:Accelerando"],"picked":"bard:FaerieFire+1","floor":27},{"not_picked":["bard:LingeringPerformance","bard:OffKey","bard:FaerieFire"],"picked":"SKIP","floor":27},{"not_picked":["bard:HideousLaughter","bard:Greatness+1","bard:QuickSong"],"picked":"SKIP","floor":28},{"not_picked":["bard:LifeDrain","bard:SixFourTime","bard:Gamble"],"picked":"SKIP","floor":28},{"not_picked":["bard:QuickSong","bard:FeastOnFear","bard:Solo"],"picked":"SKIP","floor":30},{"not_picked":["bard:EchoEcho","bard:StudiedStrike","bard:QuickSong+1"],"picked":"SKIP","floor":31},{"not_picked":["bard:CuttingWords","bard:StudiedStrike","bard:Doot"],"picked":"SKIP","floor":31},{"not_picked":["bard:Improv","bard:Rhapsody"],"picked":"bard:Wish","floor":33},{"not_picked":["bard:Parry","bard:Rest","bard:BucklerBash"],"picked":"SKIP","floor":35},{"not_picked":["bard:TinyHut+1","bard:QuickSong","bard:FeastOnFear"],"picked":"SKIP","floor":35},{"not_picked":["bard:GreaterMagicWeapon","bard:GlyphOfWarding"],"picked":"bard:ViciousMockery+1","floor":36},{"not_picked":["bard:TinyHut","bard:Parry","bard:CuttingWords+1"],"picked":"SKIP","floor":36},{"not_picked":["Blind","Metamorphosis"],"picked":"Good Instincts","floor":37},{"not_picked":["Chrysalis","Blind"],"picked":"Good Instincts","floor":37},{"not_picked":["Dramatic Entrance","Madness"],"picked":"Secret Technique","floor":37},{"not_picked":["bard:FeastOnFear+1","bard:PrismaticSpray"],"picked":"bard:Thunderwave","floor":38},{"not_picked":["bard:Solo","bard:FaerieFire","bard:FeastOnFear+1"],"picked":"SKIP","floor":38},{"not_picked":["bard:Fermata","bard:DervishDance"],"picked":"bard:GuardPoint","floor":41},{"not_picked":["bard:EchoEcho","bard:Silence"],"picked":"bard:Doot+1","floor":47},{"not_picked":["bard:FeastOnFear","bard:Rest"],"picked":"bard:TinyHut","floor":47}],"player_experience":919542,"relics_obtained":[{"floor":6,"key":"Dream Catcher"},{"floor":9,"key":"Boot"},{"floor":12,"key":"Prayer Wheel"},{"floor":26,"key":"Kunai"},{"floor":30,"key":"Gremlin Food"},{"floor":41,"key":"Golden Egg"},{"floor":44,"key":"Potion Belt"},{"floor":48,"key":"Replay:Kaleidoscope"}],"event_choices":[{"cards_removed":["bard:Strike"],"damage_healed":0,"gold_gain":0,"player_choice":"Card Removal","damage_taken":7,"max_hp_gain":0,"max_hp_loss":0,"event_name":"Golden Wing","floor":3,"gold_loss":0},{"damage_healed":0,"gold_gain":0,"player_choice":"Ignored","damage_taken":0,"max_hp_gain":0,"max_hp_loss":0,"event_name":"Vampires","floor":29,"gold_loss":0},{"damage_healed":0,"gold_gain":0,"player_choice":"Memory 3","damage_taken":10,"max_hp_gain":0,"max_hp_loss":0,"event_name":"SensoryStone","floor":37,"gold_loss":0},{"cards_removed":["bard:GreaterMagicWeapon"],"damage_healed":0,"gold_gain":0,"player_choice":"Removed Power","damage_taken":0,"max_hp_gain":0,"max_hp_loss":0,"event_name":"Falling","floor":39,"gold_loss":0},{"damage_healed":0,"gold_gain":0,"player_choice":"Ignored","damage_taken":0,"max_hp_gain":0,"max_hp_loss":0,"event_name":"Mysterious Sphere","floor":46,"gold_loss":0},{"damage_healed":0,"gold_gain":0,"player_choice":"Fight","damage_taken":0,"max_hp_gain":0,"max_hp_loss":0,"event_name":"MindBloom","floor":48,"gold_loss":0}],"is_beta":false,"boss_relics":[{"not_picked":["Honey Jar","Replay:Wanted Poster"],"picked":"bard:DeepVero"},{"not_picked":["bard:SelfPlayingFlute","Black Star"],"picked":"ReplayTheSpireMod:DimensionalGlitch"}],"items_purged_floors":[20],"is_endless":false,"potions_floor_spawned":[6,13,16,27,28,30,31,35,41,47],"killed_by":"Time Eater","ascension_level":20}}