{"host":"takgv9cv6xf64vhq","time":1611411035,"event":{"mods":["BaseMod","Colored Powertips","Downfall","Marisa£®ÏF”Í°°ƒß¿Ì…≥£©","Minty Spire (QoL Compilation)","Replay The Spire","StSLib","The Cursed"],"gold_per_floor":[118,118,118,68,68,68,68,79,79,96,111,36,52,71,71,166,166,181,181,192,192,208,227,227,227,227,227,256,266,266,279,279,381,381,393,325,343,353,373,408,426,426,426,4,4,0,0,27,27,27,27,27,27,55,55,55],"floor_reached":55,"language":"ZHS","playtime":2875,"items_purged":["Regret","Acrobatics"],"score":814,"play_id":"bfa63cc4-1c99-47d4-ab1f-90c4870a50ca","local_time":"20210123221035","is_ascension_mode":false,"campfire_choices":[{"data":"1","floor":6.0,"key":"LIFT"},{"floor":15.0,"key":"DIG"},{"floor":25.0,"key":"DIG"},{"floor":27.0,"key":"DIG"},{"floor":30.0,"key":"DIG"},{"floor":32.0,"key":"DIG"},{"floor":42.0,"key":"DIG"},{"floor":49.0,"key":"RECALL"},{"floor":52.0,"key":"DIG"}],"circlet_count":0,"master_deck":["Strike_G+1","Strike_G+1","Strike_G+1","Strike_G+1","Defend_G+1","Defend_G+1","Defend_G+1","Defend_G+1","Defend_G+1","Survivor","Neutralize","Deadly Poison","CurseOfTheBell","CurseOfTheBell","Corpse Explosion","Leg Sweep+1","Deflect","PiercingWail","Catalyst","Poisoned Stab","Die Die Die","Noxious Fumes","Poison Darts","PiercingWail","Replay:Poison Smokescreen+1","Quick Slash+1","Night Terror","Backflip+1","Fluid Movement","Masterful Stab+1","Caltrops+1","Draining Mist","Footwork+1","Poison Darts","Footwork","Bandage Up","Mayhem","Pot Of Greed","Pot Of Greed","Pot Of Greed","Pot Of Greed","Writhe","Backflip+1","Sucker Punch+1"],"relics":["Philosopher\u0027s Stone","Pet Ghost","downfall:ExtraCursedBell","PreservedInsect","Pear","Girya","Meat on the Bone","Shovel","Quantum Egg","Empty Cage","Lantern","Vampiric Spirits","Mercury Hourglass","Letter Opener","ReplayTheSpireMod:Lightbulb","The Specimen","Honey Jar","Replay:Towering Pillar of Hats","Replay:Bottled Steam","BargainBundle","Grinning Jar","Red Mask","War Paint","Mummified Hand","Bag of Preparation"],"acts_visited":["Exordium","TheCity","TheBeyond","TheEnding"],"potions_floor_usage":[],"damage_taken":[{"damage":0.0,"enemies":"Cultist","floor":1.0,"turns":4.0},{"damage":5.0,"enemies":"2 Louse","floor":8.0,"turns":2.0},{"damage":0.0,"enemies":"Small Slimes","floor":10.0,"turns":2.0},{"damage":2.0,"enemies":"Gremlin Gang","floor":11.0,"turns":3.0},{"damage":0.0,"enemies":"2 Fungi Beasts","floor":13.0,"turns":3.0},{"damage":2.0,"enemies":"Large Slime","floor":14.0,"turns":6.0},{"damage":21.0,"enemies":"Hexaghost","floor":16.0,"turns":11.0},{"damage":11.0,"enemies":"Shell Parasite","floor":18.0,"turns":5.0},{"damage":17.0,"enemies":"2 Thieves","floor":20.0,"turns":3.0},{"damage":4.0,"enemies":"Shelled Parasite and Fungi","floor":22.0,"turns":5.0},{"damage":0.0,"enemies":"Chosen and Byrds","floor":23.0,"turns":5.0},{"damage":20.0,"enemies":"Slavers","floor":28.0,"turns":3.0},{"damage":0.0,"enemies":"Centurion and Healer","floor":29.0,"turns":3.0},{"damage":0.0,"enemies":"3 Cultists","floor":31.0,"turns":3.0},{"damage":37.0,"enemies":"Pondfish","floor":33.0,"turns":11.0},{"damage":8.0,"enemies":"Orb Walker","floor":35.0,"turns":2.0},{"damage":6.0,"enemies":"3 Darklings","floor":37.0,"turns":3.0},{"damage":47.0,"enemies":"Spire Growth","floor":38.0,"turns":4.0},{"damage":6.0,"enemies":"Jaw Worm Horde","floor":39.0,"turns":4.0},{"damage":22.0,"enemies":"Nemesis","floor":40.0,"turns":5.0},{"damage":23.0,"enemies":"Transient","floor":41.0,"turns":5.0},{"damage":10.0,"enemies":"Reptomancer","floor":48.0,"turns":5.0},{"damage":44.0,"enemies":"Time Eater","floor":50.0,"turns":5.0},{"damage":51,"enemies":"Shield and Spear","floor":54,"turns":3},{"damage":84,"enemies":"The Heart","floor":55,"turns":3}],"seed_played":"180939368761110080","potions_obtained":[{"floor":10.0,"key":"AttackPotion"},{"floor":11.0,"key":"Energy Potion"},{"floor":16.0,"key":"Reflective Coating"},{"floor":20.0,"key":"Cursed Concoction"},{"floor":22.0,"key":"Death Potion"},{"floor":29.0,"key":"AttackPotion"},{"floor":31.0,"key":"bronze:BurnAndBuffPotion"},{"floor":38.0,"key":"BlessingOfTheForge"},{"floor":41.0,"key":"Fire Potion"}],"is_trial":false,"path_per_floor":["M","?","?","?","?","R","$","M","T","M","M","$","M","M","R","B",null,"M","?","M","?","M","M","?","R","T","R","E","M","R","M","R","B",null,"M","$","M","M","M","E","M","R","T","$","?","?","$","E","R","B",null,"R","$","E","B"],"character_chosen":"THE_SILENT","items_purchased":["Fluid Movement","BargainBundle","Footwork","Bandage Up","Mayhem","Grinning Jar"],"campfire_rested":0,"item_purchase_floors":[36,44,44,44,44,44],"current_hp_per_floor":[70,70,85,85,78,78,78,73,73,73,71,71,71,69,69,48,82,71,71,54,54,50,50,50,50,50,50,44,48,48,50,50,34,82,74,74,71,42,43,36,27,27,27,27,48,48,48,50,50,22,82,82,82,43,0,0],"gold":55,"neow_bonus":"BOSS_RELIC","is_daily":false,"chose_seed":false,"campfire_upgraded":0,"win_rate":0.0,"timestamp":1611411035,"path_taken":["M","?","?","?","?","R","$","M","T","M","M","$","M","M","R","BOSS","M","?","M","?","?","M","?","R","T","R","E","?","R","M","R","BOSS","M","$","M","M","M","E","M","R","T","$","?","?","?","E","R","BOSS","R","$","E","BOSS"],"items_purchased_type":["Card","Relic","Card","Card","Card","Relic"],"build_version":"2020-12-22","purchased_purges":2,"victory":false,"max_hp_per_floor":[70,70,85,85,85,85,85,85,85,85,85,85,85,85,85,85,82,82,82,82,82,82,82,82,82,82,82,82,82,82,82,82,82,82,82,82,82,82,82,82,82,82,82,82,82,82,82,82,82,82,82,82,82,82,82,82],"card_choices":[{"not_picked":["Backflip","Underhanded Strike"],"picked":"Deadly Poison","floor":1.0},{"not_picked":["ReplayTheSpireMod:Exploit Weakness","Underhanded Strike"],"picked":"Leg Sweep","floor":8.0},{"not_picked":["Dodge and Roll","Deadly Poison"],"picked":"Deflect","floor":10.0},{"not_picked":["Dagger Throw","Slice"],"picked":"PiercingWail","floor":11.0},{"not_picked":["Bane","Poisoned Stab"],"picked":"Catalyst","floor":13.0},{"not_picked":["Dagger Throw","Expertise"],"picked":"Poisoned Stab","floor":14.0},{"not_picked":["ReplayTheSpireMod:Necrosis","Wraith Form v2"],"picked":"Die Die Die","floor":16.0},{"not_picked":["Flying Knee+1","Sucker Punch"],"picked":"Noxious Fumes","floor":18.0},{"not_picked":["Deadly Poison","ReplayTheSpireMod:Exploit Weakness"],"picked":"Acrobatics","floor":20.0},{"not_picked":["Expertise","Outmaneuver","Reflex"],"picked":"SKIP","floor":22.0},{"not_picked":["Distraction","Deflect"],"picked":"Poison Darts","floor":23.0},{"not_picked":["Acrobatics+1","ReplayTheSpireMod:Scrap Shanks"],"picked":"PiercingWail","floor":28.0},{"not_picked":["ReplayTheSpireMod:Tripwire","Dodge and Roll"],"picked":"Replay:Poison Smokescreen","floor":29.0},{"not_picked":["Outmaneuver","Dagger Spray"],"picked":"Quick Slash+1","floor":31.0},{"not_picked":["ReplayTheSpireMod:From All Sides","Wraith Form v2"],"picked":"Night Terror","floor":33.0},{"not_picked":["Choke","Dagger Throw","Quick Slash+1"],"picked":"Backflip+1","floor":35.0},{"not_picked":["PiercingWail","Quick Slash+1","Blade Dance"],"picked":"Masterful Stab+1","floor":37.0},{"not_picked":["Dagger Spray","Quick Slash","Sucker Punch"],"picked":"Caltrops+1","floor":38.0},{"not_picked":["Blade Dance","ReplayTheSpireMod:Scrap Shanks","Hidden Blade"],"picked":"Draining Mist","floor":39.0},{"not_picked":["Well Laid Plans","Dodge and Roll","Masterful Stab"],"picked":"Footwork+1","floor":40.0},{"not_picked":["Deadly Poison","Acrobatics","Eviscerate"],"picked":"Poison Darts","floor":41.0},{"not_picked":["Heel Hook+1","Prepared+1","ReplayTheSpireMod:The Works"],"picked":"Backflip+1","floor":48.0},{"not_picked":["Underhanded Strike+1","PiercingWail+1","Acrobatics+1"],"picked":"Sucker Punch+1","floor":54}],"player_experience":25645,"relics_obtained":[{"floor":3.0,"key":"PreservedInsect"},{"floor":3.0,"key":"Pear"},{"floor":3.0,"key":"Girya"},{"floor":9.0,"key":"Shovel"},{"floor":15.0,"key":"Quantum Egg"},{"floor":25.0,"key":"Lantern"},{"floor":26.0,"key":"Vampiric Spirits"},{"floor":27.0,"key":"Mercury Hourglass"},{"floor":28.0,"key":"Letter Opener"},{"floor":30.0,"key":"ReplayTheSpireMod:Lightbulb"},{"floor":32.0,"key":"The Specimen"},{"floor":40.0,"key":"Replay:Towering Pillar of Hats"},{"floor":42.0,"key":"Replay:Bottled Steam"},{"floor":48.0,"key":"War Paint"},{"floor":52.0,"key":"Mummified Hand"},{"floor":54,"key":"Bag of Preparation"}],"event_choices":[{"damage_healed":0.0,"max_hp_gain":0.0,"max_hp_loss":0.0,"gold_gain":0.0,"event_name":"Big Fish","player_choice":"Box","floor":2.0,"gold_loss":0.0,"damage_taken":0.0,"relics_obtained":["Pet Ghost"],"cards_obtained":["Regret"]},{"cards_removed":["downfall:Malfunctioning"],"damage_healed":0.0,"max_hp_gain":0.0,"max_hp_loss":0.0,"gold_gain":0.0,"event_name":"The Cleric","player_choice":"Card Removal","floor":4.0,"gold_loss":50.0,"damage_taken":0.0},{"damage_healed":0.0,"max_hp_gain":0.0,"max_hp_loss":0.0,"gold_gain":0.0,"event_name":"Scrap Ooze","player_choice":"Success","floor":5.0,"gold_loss":0.0,"damage_taken":7.0,"relics_obtained":["Meat on the Bone"]},{"damage_healed":0.0,"max_hp_gain":0.0,"max_hp_loss":0.0,"gold_gain":0.0,"event_name":"Back to Basics","player_choice":"Simplicity","floor":19.0,"gold_loss":0.0,"damage_taken":0.0,"cards_upgraded":["Strike_G","Strike_G","Strike_G","Strike_G","Defend_G","Defend_G","Defend_G","Defend_G","Defend_G"]},{"damage_healed":0.0,"max_hp_gain":0.0,"max_hp_loss":0.0,"gold_gain":0.0,"event_name":"NoteForYourself","player_choice":"Ignored","floor":21.0,"gold_loss":0.0,"damage_taken":0.0},{"damage_healed":0.0,"max_hp_gain":0.0,"max_hp_loss":0.0,"gold_gain":0.0,"event_name":"Lab","player_choice":"Got Potions","floor":24.0,"gold_loss":0.0,"damage_taken":0.0},{"damage_healed":21.0,"max_hp_gain":0.0,"max_hp_loss":0.0,"gold_gain":0.0,"event_name":"Winding Halls","player_choice":"Writhe","floor":45.0,"gold_loss":0.0,"damage_taken":0.0,"cards_obtained":["Writhe"]},{"damage_healed":0.0,"max_hp_gain":0.0,"max_hp_loss":0.0,"gold_gain":0.0,"event_name":"Tomb of Lord Red Mask","player_choice":"Paid","floor":46.0,"gold_loss":4.0,"damage_taken":0.0,"relics_obtained":["Red Mask"]}],"is_beta":false,"boss_relics":[{"not_picked":["Cursed Key","Sozu"],"picked":"Empty Cage"},{"not_picked":["Replay:Ancient Bell","SacredBark"],"picked":"Honey Jar"}],"items_purged_floors":[12,44],"is_endless":false,"potions_floor_spawned":[10,11,16,20,22,29,31,38,41],"killed_by":"The Heart","ascension_level":0}}