{"host":"9kesdg97wkrx2bva","time":1611394811,"event":{"mods":["AchievementEnabler","BaseMod","Colored Map","GifTheSpireLib","Infinite Spire","Minty Spire (QoL Compilation)","Replay The Spire","StSLib"],"gold_per_floor":[115,127,52,202,214,244,244,261,261,86,86,66,66,85,85,85,85],"floor_reached":16,"language":"ENG","playtime":291,"items_purged":["Strike_G","Doubt"],"score":180,"play_id":"76dc75f7-f8ce-4af3-a00d-891cea31de35","local_time":"20210123034011","is_ascension_mode":true,"campfire_choices":[{"floor":7,"key":"REST"},{"data":"ReplayTheSpireMod:Scrap Shanks","floor":13,"key":"SMITH"},{"data":"Prepared","floor":15,"key":"SMITH"}],"circlet_count":0,"master_deck":["AscendersBane","Strike_G","Strike_G","Strike_G","Defend_G","Defend_G","Defend_G","Defend_G","Defend_G","Survivor","Neutralize","Predator","Skewer","Noxious Fumes","Die Die Die","Prepared+1","ReplayTheSpireMod:Scrap Shanks+1","Dagger Throw"],"relics":["Ring of the Snake","NeowsBlessing","Toy Ornithopter","Centennial Puzzle"],"acts_visited":["Exordium"],"potions_floor_usage":[6,16],"damage_taken":[{"damage":0,"enemies":"Jaw Worm","floor":1,"turns":1},{"damage":0,"enemies":"Cultist","floor":2,"turns":1},{"damage":0,"enemies":"Small Slimes","floor":5,"turns":1},{"damage":31,"enemies":"Gremlin Nob","floor":6,"turns":4},{"damage":9,"enemies":"Blue Slaver","floor":8,"turns":4},{"damage":1,"enemies":"2 Fungi Beasts","floor":14,"turns":3},{"damage":42,"enemies":"Slime Boss","floor":16,"turns":7}],"seed_played":"2854923917053420133","potions_obtained":[{"floor":2,"key":"SkillPotion"},{"floor":12,"key":"BlessingOfTheForge"}],"is_trial":false,"path_per_floor":["M","M","$","?","M","E","R","M","T","$","?","?","R","M","R","B"],"character_chosen":"THE_SILENT","items_purchased":["ReplayTheSpireMod:Scrap Shanks"],"campfire_rested":1,"item_purchase_floors":[10],"current_hp_per_floor":[59,59,59,59,59,28,47,38,38,38,38,38,38,37,37,0,0],"gold":85,"neow_bonus":"THREE_ENEMY_KILL","is_daily":false,"chose_seed":false,"campfire_upgraded":2,"win_rate":0.0,"timestamp":1611394811,"path_taken":["M","M","$","?","M","E","R","M","T","$","?","?","R","M","R","BOSS"],"items_purchased_type":["Card"],"build_version":"2020-12-22","purchased_purges":2,"victory":false,"max_hp_per_floor":[66,66,66,66,66,66,66,66,66,66,66,66,66,66,66,66,66],"card_choices":[{"not_picked":["Flechettes","Backflip"],"picked":"Predator","floor":1},{"not_picked":["Expertise","ReplayTheSpireMod:Shiv Toss"],"picked":"Skewer","floor":2},{"not_picked":["Quick Slash","Outmaneuver"],"picked":"Noxious Fumes","floor":5},{"not_picked":["Toxin Wave","Distraction"],"picked":"Die Die Die","floor":6},{"not_picked":["Backflip","Replay:Poison Smokescreen"],"picked":"Prepared","floor":8},{"not_picked":["Dodge and Roll","Skewer"],"picked":"Dagger Throw","floor":14}],"player_experience":960730,"relics_obtained":[{"floor":6,"key":"Toy Ornithopter"},{"floor":9,"key":"Centennial Puzzle"}],"event_choices":[{"damage_healed":0,"gold_gain":150,"player_choice":"AGREE","damage_taken":0,"max_hp_gain":0,"max_hp_loss":0,"event_name":"Liars Game","floor":4,"gold_loss":0,"cards_obtained":["Doubt"]},{"damage_healed":0,"gold_gain":0,"player_choice":"Bought 1 Potion","damage_taken":0,"max_hp_gain":0,"max_hp_loss":0,"event_name":"The Woman in Blue","floor":12,"gold_loss":0}],"is_beta":false,"boss_relics":[],"items_purged_floors":[3,10],"is_endless":false,"potions_floor_spawned":[2],"killed_by":"Slime Boss","ascension_level":16}}