{"host":"ebj6lkgm8suah319","time":1611374245,"event":{"mods":["2.2 Compatiblity","AchievementEnabler","BaseMod","Block Reminder","Colored Map","Colored Powertips","Minty Spire (QoL Compilation)","Quick Restart","Rare Cards Sparkle","Relic Stats","SuperFastMode"],"gold_per_floor":[111,121,132,132,132,132,3,3,3,16,16,45,45,76,76,153,153,171,171,185,200,215,215,242,242,267,282,282,282],"floor_reached":28,"language":"ENG","playtime":748,"items_purged":[],"score":422,"play_id":"155fc1a5-3de5-4da6-9a32-e771f054a887","local_time":"20210122225725","is_ascension_mode":true,"campfire_choices":[{"data":"Pommel Strike","floor":6,"key":"SMITH"},{"data":"Rupture","floor":8,"key":"SMITH"},{"data":"Brutality","floor":11,"key":"SMITH"},{"data":"Uppercut","floor":15,"key":"SMITH"},{"data":"Corruption","floor":23,"key":"SMITH"}],"circlet_count":0,"master_deck":["AscendersBane","Strike_R","Strike_R","Strike_R+1","Strike_R","Strike_R","Defend_R","Defend_R","Defend_R","Defend_R+1","Bash+1","Brutality+1","Anger","Pommel Strike+1","Rupture+1","Rage","Spot Weakness","Uppercut+1","Corruption+1","Disarm","Shrug It Off","Flame Barrier+1","Shrug It Off"],"relics":["Burning Blood","Pocketwatch","Orichalcum","Regal Pillow","SlaversCollar","Blood Vial","CultistMask","Dream Catcher"],"acts_visited":["Exordium","TheCity"],"potions_floor_usage":[12,14,21,27],"damage_taken":[{"damage":2,"enemies":"Cultist","floor":1,"turns":4},{"damage":4,"enemies":"2 Louse","floor":2,"turns":3},{"damage":13,"enemies":"Jaw Worm","floor":3,"turns":3},{"damage":17,"enemies":"3 Louse","floor":10,"turns":3},{"damage":10,"enemies":"Gremlin Nob","floor":12,"turns":3},{"damage":18,"enemies":"Lagavulin","floor":14,"turns":4},{"damage":14,"enemies":"Hexaghost","floor":16,"turns":6},{"damage":17,"enemies":"Chosen","floor":18,"turns":6},{"damage":21,"enemies":"Spheric Guardian","floor":20,"turns":4},{"damage":9,"enemies":"Snake Plant","floor":21,"turns":4},{"damage":15,"enemies":"Snecko","floor":22,"turns":5},{"damage":26,"enemies":"Gremlin Leader","floor":24,"turns":6},{"damage":21,"enemies":"Centurion and Healer","floor":27,"turns":6},{"damage":37,"enemies":"Chosen and Byrds","floor":28,"turns":6}],"seed_played":"399369045531188498","potions_obtained":[{"floor":1,"key":"ElixirPotion"},{"floor":12,"key":"AttackPotion"},{"floor":14,"key":"SteroidPotion"},{"floor":16,"key":"DistilledChaos"},{"floor":21,"key":"SpeedPotion"}],"is_trial":false,"path_per_floor":["M","M","M","?","?","R","$","R","T","M","R","E","?","E","R","B",null,"M","?","M","M","M","R","E","?","T","M","M"],"character_chosen":"IRONCLAD","items_purchased":["Rupture","SteroidPotion"],"campfire_rested":0,"item_purchase_floors":[7,7],"current_hp_per_floor":[72,74,67,67,67,67,67,67,67,56,56,52,37,25,25,17,61,50,75,60,57,48,48,28,28,28,15,0,0],"gold":282,"neow_bonus":"ONE_RANDOM_RARE_CARD","is_daily":false,"chose_seed":false,"campfire_upgraded":5,"win_rate":0.0,"timestamp":1611374245,"path_taken":["M","?","M","?","?","R","?","R","T","M","R","E","?","E","R","BOSS","M","?","?","M","M","R","E","?","T","M","?"],"items_purchased_type":["Card","Potion"],"build_version":"2020-12-22","purchased_purges":0,"victory":false,"max_hp_per_floor":[75,75,75,75,75,75,75,75,75,75,75,75,75,75,75,75,75,75,75,75,75,75,75,75,75,75,75,75,75],"relic_stats":{"Blood Vial":4,"Regal Pillow":0,"Dream Catcher":0,"counters":[14,63],"Orichalcum":[96],"obtain_stats":[{"Blood Vial":24,"SlaversCollar":17,"Regal Pillow":14,"Dream Catcher":26,"CultistMask":25,"Orichalcum":12,"Burning Blood":0,"Pocketwatch":9},{"Blood Vial":12,"SlaversCollar":7,"Regal Pillow":6,"Dream Catcher":12,"CultistMask":12,"Orichalcum":5,"Burning Blood":0,"Pocketwatch":3},{"Blood Vial":51,"SlaversCollar":26,"Regal Pillow":20,"Dream Catcher":51,"CultistMask":51,"Orichalcum":16,"Burning Blood":0,"Pocketwatch":10}],"Burning Blood":78,"Pocketwatch":[54]},"card_choices":[{"not_picked":["Sentinel","Clash"],"picked":"Anger","floor":1},{"not_picked":["Perfected Strike","Ghostly Armor"],"picked":"Pommel Strike","floor":2},{"not_picked":["Clash","Evolve","Heavy Blade"],"picked":"SKIP","floor":3},{"not_picked":["Wild Strike","Warcry"],"picked":"Rage","floor":10},{"not_picked":["Perfected Strike","Ghostly Armor"],"picked":"Spot Weakness","floor":12},{"not_picked":["Rage","Clothesline"],"picked":"Uppercut","floor":14},{"not_picked":["Fiend Fire","Demon Form"],"picked":"Corruption","floor":16},{"not_picked":["Clothesline","Cleave","Warcry"],"picked":"SKIP","floor":18},{"not_picked":["Rampage","Reckless Charge"],"picked":"Disarm","floor":20},{"not_picked":["Clothesline","Twin Strike"],"picked":"Shrug It Off","floor":21},{"not_picked":["Searing Blow","Warcry"],"picked":"Flame Barrier+1","floor":22},{"not_picked":["Rampage","Metallicize","Havoc"],"picked":"SKIP","floor":24},{"not_picked":["Fire Breathing","Flex"],"picked":"Shrug It Off","floor":27}],"player_experience":42537,"relics_obtained":[{"floor":9,"key":"Pocketwatch"},{"floor":12,"key":"Orichalcum"},{"floor":14,"key":"Regal Pillow"},{"floor":24,"key":"Blood Vial"},{"floor":26,"key":"Dream Catcher"}],"event_choices":[{"damage_healed":0,"gold_gain":0,"player_choice":"Grow","damage_taken":0,"max_hp_gain":0,"max_hp_loss":0,"event_name":"Living Wall","floor":4,"gold_loss":0,"cards_upgraded":["Bash"]},{"damage_healed":0,"gold_gain":0,"player_choice":"Ignored","damage_taken":0,"max_hp_gain":0,"max_hp_loss":0,"event_name":"Liars Game","floor":5,"gold_loss":0},{"damage_healed":0,"gold_gain":0,"player_choice":"Entered Light","damage_taken":15,"max_hp_gain":0,"max_hp_loss":0,"event_name":"Shining Light","floor":13,"gold_loss":0,"cards_upgraded":["Defend_R","Strike_R"]},{"damage_healed":25,"gold_gain":0,"player_choice":"Full Heal","damage_taken":0,"max_hp_gain":0,"max_hp_loss":0,"event_name":"Wheel of Change","floor":19,"gold_loss":0},{"damage_healed":0,"gold_gain":0,"player_choice":"Trade","damage_taken":0,"relics_obtained":["CultistMask"],"max_hp_gain":0,"max_hp_loss":0,"event_name":"FaceTrader","floor":25,"gold_loss":0}],"is_beta":false,"boss_relics":[{"not_picked":["Empty Cage","Tiny House"],"picked":"SlaversCollar"}],"items_purged_floors":[],"is_endless":false,"potions_floor_spawned":[1,12,14,16,20,21],"killed_by":"Chosen and Byrds","ascension_level":14}}