{"host":"fqepcc6wiujntn7y","time":1611407168,"event":{"mods":["AchievementEnabler","BaseMod","Minty Spire (QoL Compilation)","Quick Restart","Replay The Spire","StSLib","The Jungle"],"gold_per_floor":[110,121,50,65,80,80,80,80],"floor_reached":7,"language":"ENG","playtime":515,"items_purged":[],"score":43,"play_id":"7c5da1e9-e995-4126-9a7d-1bcf84b04006","local_time":"20210123130608","daily_mods":["Heirloom"],"is_ascension_mode":false,"campfire_choices":[{"floor":6,"key":"REST"}],"circlet_count":0,"master_deck":["Demon Form","Wraith Form v2","Echo Form","DevaForm","Strike_B","Strike_B","Strike_B","Defend_B","Defend_B","Defend_B","Defend_B","Zap","Dualcast","Static Discharge","ReplaySolidLightProjector","ReplayTheSpireMod:GoodbyeWorld","Self Repair","Genetic Algorithm","ReplayTheSpireMod:System Scan"],"relics":["Cracked Core","Replay:PocketPolymizer"],"acts_visited":["Exordium"],"potions_floor_usage":[5],"damage_taken":[{"damage":14,"enemies":"Jaw Worm","floor":1,"turns":5},{"damage":6,"enemies":"2 Louse","floor":2,"turns":2},{"damage":7,"enemies":"Small Slimes","floor":4,"turns":4},{"damage":27,"enemies":"Exordium Wildlife","floor":5,"turns":5},{"damage":74,"enemies":"Gremlin Nob","floor":7,"turns":4}],"seed_played":"2338706801214835842","potions_obtained":[{"floor":1,"key":"SteroidPotion"},{"floor":4,"key":"FocusPotion"},{"floor":5,"key":"FearPotion"}],"is_trial":true,"path_per_floor":["M","M","$","M","M","R","E"],"character_chosen":"DEFECT","items_purchased":["ReplayTheSpireMod:GoodbyeWorld"],"campfire_rested":1,"item_purchase_floors":[3],"current_hp_per_floor":[61,55,55,48,28,50,0,0],"gold":80,"neow_bonus":"","is_daily":false,"chose_seed":false,"campfire_upgraded":0,"win_rate":0.0,"timestamp":1611407168,"path_taken":["M","M","$","M","M","R","E"],"items_purchased_type":["Card"],"build_version":"2020-12-22","purchased_purges":0,"victory":false,"max_hp_per_floor":[75,75,75,75,75,75,75,75],"card_choices":[{"not_picked":["Lockon","Conserve Battery"],"picked":"Static Discharge","floor":1},{"not_picked":["ReplayTheSpireMod:Repulse","Compile Driver"],"picked":"ReplaySolidLightProjector","floor":2},{"not_picked":["Sweeping Beam","Redo"],"picked":"Self Repair","floor":4},{"not_picked":["Doom and Gloom","Hologram"],"picked":"Genetic Algorithm","floor":5}],"player_experience":72286,"relics_obtained":[],"event_choices":[],"is_beta":false,"boss_relics":[],"items_purged_floors":[],"is_endless":true,"potions_floor_spawned":[1,4,5],"killed_by":"Gremlin Nob","ascension_level":0}}