{"host":"l6vifo5ajdb3p20b","time":1611421297,"event":{"mods":["2.2 Compatiblity","Arknights The Spire","BaseMod","Better Altar","Better Sensory Stone","Better Skull","Better Third Choice","BetterRewards","Block Reminder","Booster Modes","Card Forge","Colored Map","Defuse TimeMaze Blight","Energized Spire","Evolution","Minty Spire (QoL Compilation)","Relic Stats","StSLib","The Marked"],"gold_per_floor":[118,128,145,164,181,181,206,206,206,206,240,251,271,271,271,376,376,396,413,413,69,81,116,116,146,171,171,185,197,232,54,54,150,150,162,175,175,224,238,238,272,272,272,303,316,316,329,341,341,341],"floor_reached":51,"language":"ENG","playtime":6035,"items_purged":["Defend_G","Defend_G"],"score":924,"play_id":"ccab10f0-6921-4747-aca6-6eb4c1eb82cd","local_time":"20210124000137","is_ascension_mode":true,"campfire_choices":[{"data":"Neutralize","floor":6,"key":"SMITH"},{"data":"Accuracy","floor":8,"key":"SMITH"},{"data":"Deadly Poison","floor":10,"key":"SMITH"},{"data":"Noxious Fumes","floor":15,"key":"SMITH"},{"data":"Venomology","floor":24,"key":"SMITH"},{"data":"Accuracy","floor":27,"key":"SMITH"},{"data":"Footwork","floor":32,"key":"SMITH"},{"data":"Adrenaline","floor":40,"key":"SMITH"},{"data":"Catalyst","floor":46,"key":"SMITH"},{"data":"Backflip","floor":49,"key":"SMITH"}],"circlet_count":0,"master_deck":["Flying Knee+1","Defend_G","Defend_G","Defend_G","Survivor","Neutralize+1","Infinite Blades+1","Well Laid Plans+1","Dodge and Roll+1","Dagger Spray+1","Underhanded Strike","Deadly Poison+1","Blade Dance","Acrobatics","Accuracy+1","Noxious Fumes+1","Corpse Explosion","Backflip","Entrench+1","Storm of Steel+1","Cloak And Dagger+1","Prepared+1","Accuracy+1","Venomology+1","Terror+1","Blade Dance","Caltrops","Backflip+1","Backflip+1","Footwork+1","Adrenaline+1","Madness","Madness","Blur","Dagger Throw+1","Infinite Blades+1","Catalyst+1","Cloak And Dagger+1","Blade Dance+1","PiercingWail"],"relics":["Hammer of Thor","Seething Fire","Anvil of the Gods","EVO:Axolotl","Astrolabe","Strawberry","Eternal Feather","Bag of Preparation","Shuriken","Coffee Dripper","Mummified Hand","MealTicket","Blood Vial","Whetstone","energizedSpire:OgreHead","Lizard Tail","Orichalcum","Question Card","Ancient Tea Set"],"acts_visited":["Exordium","TheCity","TheBeyond"],"potions_floor_usage":[4,7,18,23,25,25,30,33,35,38,39,41,44,44,48,48,50,50,50,50],"damage_taken":[{"damage":1,"enemies":"Small Slimes","floor":1,"turns":4},{"damage":0,"enemies":"Cultist","floor":2,"turns":4},{"damage":0,"enemies":"2 Louse","floor":3,"turns":3},{"damage":10,"enemies":"Gremlin Gang","floor":4,"turns":5},{"damage":0,"enemies":"Large Slime","floor":5,"turns":4},{"damage":19,"enemies":"Gremlin Nob","floor":7,"turns":5},{"damage":2,"enemies":"Lagavulin","floor":11,"turns":5},{"damage":0,"enemies":"3 Louse","floor":12,"turns":3},{"damage":0,"enemies":"2 Fungi Beasts","floor":13,"turns":2},{"damage":0,"enemies":"Slime Boss","floor":16,"turns":6},{"damage":17,"enemies":"2 Thieves","floor":18,"turns":3},{"damage":3,"enemies":"Shell Parasite","floor":19,"turns":3},{"damage":8,"enemies":"Snake Plant","floor":22,"turns":4},{"damage":3,"enemies":"Book of Stabbing","floor":23,"turns":4},{"damage":12,"enemies":"Slavers","floor":25,"turns":5},{"damage":1,"enemies":"Cultist and Chosen","floor":28,"turns":3},{"damage":5,"enemies":"Centurion and Healer","floor":29,"turns":2},{"damage":0,"enemies":"Gremlin Leader","floor":30,"turns":3},{"damage":3,"enemies":"Champ","floor":33,"turns":4},{"damage":0,"enemies":"Orb Walker","floor":35,"turns":2},{"damage":7,"enemies":"3 Darklings","floor":36,"turns":3},{"damage":26,"enemies":"2 Orb Walkers","floor":38,"turns":5},{"damage":15,"enemies":"4 Shapes","floor":39,"turns":6},{"damage":0,"enemies":"Giant Head","floor":41,"turns":4},{"damage":32,"enemies":"Reptomancer","floor":44,"turns":4},{"damage":22,"enemies":"Jaw Worm Horde","floor":45,"turns":3},{"damage":3,"enemies":"3 Darklings","floor":47,"turns":3},{"damage":11,"enemies":"4 Shapes","floor":48,"turns":4},{"damage":37,"enemies":"Donu and Deca","floor":50,"turns":4}],"seed_played":"-8948311136574707450","potions_obtained":[{"floor":1,"key":"Weak Potion"},{"floor":3,"key":"SkillPotion"},{"floor":5,"key":"Dexterity Potion"},{"floor":12,"key":"DuplicationPotion"},{"floor":22,"key":"Poison Potion"},{"floor":23,"key":"Block Potion"},{"floor":28,"key":"DistilledChaos"},{"floor":33,"key":"Fruit Juice"},{"floor":39,"key":"Poison Potion"},{"floor":44,"key":"SteroidPotion"},{"floor":47,"key":"Dexterity Potion"},{"floor":48,"key":"SpeedPotion"}],"is_trial":false,"path_per_floor":["M","M","M","M","M","R","E","R","T","R","E","M","M","?","R","B",null,"M","M","?","$","M","E","R","E","T","R","M","M","E","$","R","B",null,"M","M","?","?","M","R","E","?","T","E","M","R","M","M","R","B",null],"character_chosen":"THE_SILENT","items_purchased":["Accuracy","Venomology","Weak Potion","Footwork"],"campfire_rested":0,"item_purchase_floors":[21,21,21,31],"current_hp_per_floor":[69,69,69,59,59,59,47,47,47,56,54,54,54,46,58,58,77,60,57,57,57,49,46,61,49,49,64,65,62,64,77,77,74,77,82,75,65,41,43,64,66,66,66,36,16,37,36,27,51,16],"gold":341,"neow_bonus":"BOSS_RELIC","is_daily":false,"chose_seed":false,"campfire_upgraded":10,"win_rate":0.0,"timestamp":1611421297,"path_taken":["M","M","M","M","M","R","E","R","T","R","E","M","M","?","R","BOSS","M","M","?","$","M","E","R","E","T","R","?","M","E","$","R","BOSS","M","M","?","?","M","R","E","?","T","E","M","R","?","M","R","BOSS"],"items_purchased_type":["Card","Card","Potion","Card"],"build_version":"2020-12-22","purchased_purges":2,"victory":true,"max_hp_per_floor":[70,70,70,70,70,70,77,77,77,77,77,77,77,77,77,77,77,77,77,77,77,77,77,77,77,77,77,77,77,77,77,77,77,77,82,82,82,82,82,82,82,82,82,82,82,82,82,82,82,82],"relic_stats":{"counters":[29,110],"Astrolabe":["Infinite Blades","Well Laid Plans","Dodge and Roll"],"Eternal Feather":117,"Bag of Preparation":[44],"Whetstone":["Dagger Spray","Flying Knee"],"Orichalcum":[36],"Question Card":4,"Blood Vial":22,"Lizard Tail":0,"Shuriken":[57],"Mummified Hand":[77],"MealTicket":13,"obtain_stats":[{"Astrolabe":0,"Eternal Feather":9,"Hammer of Thor":0,"Bag of Preparation":11,"energizedSpire:OgreHead":34,"EVO:Axolotl":0,"Seething Fire":0,"Whetstone":30,"Orichalcum":41,"Question Card":43,"Ancient Tea Set":44,"Blood Vial":26,"Lizard Tail":38,"Anvil of the Gods":0,"Shuriken":14,"Mummified Hand":23,"Strawberry":7,"MealTicket":25,"Coffee Dripper":17,"Ring of the Snake":0},{"Astrolabe":0,"Eternal Feather":6,"Hammer of Thor":0,"Bag of Preparation":7,"energizedSpire:OgreHead":19,"EVO:Axolotl":0,"Seething Fire":0,"Whetstone":18,"Orichalcum":24,"Question Card":24,"Ancient Tea Set":25,"Blood Vial":15,"Lizard Tail":22,"Anvil of the Gods":0,"Shuriken":9,"Mummified Hand":14,"Strawberry":6,"MealTicket":15,"Coffee Dripper":10,"Ring of the Snake":0},{"Astrolabe":0,"Eternal Feather":25,"Hammer of Thor":0,"Bag of Preparation":30,"energizedSpire:OgreHead":72,"EVO:Axolotl":0,"Seething Fire":0,"Whetstone":68,"Orichalcum":92,"Question Card":92,"Ancient Tea Set":96,"Blood Vial":60,"Lizard Tail":82,"Anvil of the Gods":0,"Shuriken":35,"Mummified Hand":55,"Strawberry":25,"MealTicket":60,"Coffee Dripper":41,"Ring of the Snake":0}]},"card_choices":[{"not_picked":["Catalyst","Flechettes"],"picked":"Dagger Spray","floor":1},{"not_picked":["Footwork","Backflip"],"picked":"Underhanded Strike","floor":2},{"not_picked":["Outmaneuver","Cloak And Dagger"],"picked":"Deadly Poison","floor":3},{"not_picked":["Quick Slash","Deadly Poison"],"picked":"Blade Dance","floor":4},{"not_picked":["Blade Dance","Underhanded Strike"],"picked":"Acrobatics","floor":5},{"not_picked":["Heel Hook","Underhanded Strike"],"picked":"Accuracy","floor":7},{"not_picked":["Acrobatics","Outmaneuver"],"picked":"Noxious Fumes","floor":11},{"not_picked":["Finisher","Dagger Spray"],"picked":"Corpse Explosion","floor":12},{"not_picked":["Well Laid Plans","PiercingWail"],"picked":"Backflip","floor":13},{"not_picked":["A Thousand Cuts","Doppelganger"],"picked":"Storm of Steel","floor":16},{"not_picked":["PiercingWail","Endless Agony+1"],"picked":"Cloak And Dagger+1","floor":18},{"not_picked":["Dagger Throw+1","Dash"],"picked":"Prepared+1","floor":19},{"not_picked":["Acrobatics+1","Deadly Poison+1"],"picked":"Terror+1","floor":22},{"not_picked":["Masterful Stab","Well Laid Plans","Bouncing Flask"],"picked":"SKIP","floor":23},{"not_picked":["Dash","PiercingWail"],"picked":"Blade Dance","floor":25},{"not_picked":["Skewer","Prepared"],"picked":"Caltrops","floor":28},{"not_picked":["Skewer","Setup"],"picked":"Backflip","floor":29},{"not_picked":["Endless Agony","Prepared"],"picked":"Backflip+1","floor":30},{"not_picked":["Grand Finale","Glass Knife"],"picked":"Adrenaline","floor":33},{"not_picked":["Deflect","Dodge and Roll+1","Slice+1"],"picked":"SKIP","floor":35},{"not_picked":["Predator","Quick Slash+1","Slice"],"picked":"SKIP","floor":36},{"not_picked":["Deadly Poison+1","Sucker Punch+1"],"picked":"Blur","floor":38},{"not_picked":["Prepared+1","Dagger Spray+1"],"picked":"Dagger Throw+1","floor":39},{"not_picked":["Underhanded Strike+1","Blur"],"picked":"Infinite Blades+1","floor":41},{"not_picked":["Riddle With Holes+1","Tools of the Trade","Calculated Gamble+1"],"picked":"Catalyst","floor":44},{"not_picked":["Dagger Throw","Sucker Punch","Backflip"],"picked":"Cloak And Dagger+1","floor":45},{"not_picked":["Dagger Spray","Bouncing Flask+1","Bane"],"picked":"Blade Dance+1","floor":47},{"not_picked":["Outmaneuver+1","Tactician","All Out Attack"],"picked":"PiercingWail","floor":48}],"player_experience":853078,"relics_obtained":[{"floor":7,"key":"Strawberry"},{"floor":9,"key":"Eternal Feather"},{"floor":11,"key":"Bag of Preparation"},{"floor":23,"key":"Mummified Hand"},{"floor":25,"key":"MealTicket"},{"floor":26,"key":"Blood Vial"},{"floor":30,"key":"Whetstone"},{"floor":38,"key":"Lizard Tail"},{"floor":41,"key":"Orichalcum"},{"floor":43,"key":"Question Card"},{"floor":44,"key":"Ancient Tea Set"}],"event_choices":[{"cards_removed":["Strike_G"],"damage_healed":0,"gold_gain":0,"player_choice":"Purged","damage_taken":0,"max_hp_gain":0,"max_hp_loss":0,"event_name":"Purifier","floor":20,"gold_loss":0},{"damage_healed":0,"gold_gain":0,"player_choice":"Embrace Madness","damage_taken":10,"max_hp_gain":0,"max_hp_loss":0,"event_name":"Winding Halls","floor":37,"gold_loss":0,"cards_obtained":["Madness","Madness"]},{"damage_healed":0,"gold_gain":0,"player_choice":"Fight","damage_taken":0,"max_hp_gain":0,"max_hp_loss":0,"event_name":"Mysterious Sphere","floor":38,"gold_loss":0},{"damage_healed":0,"gold_gain":0,"player_choice":"Upgraded","damage_taken":0,"max_hp_gain":0,"max_hp_loss":0,"event_name":"Upgrade Shrine","floor":42,"gold_loss":0,"cards_upgraded":["Storm of Steel"]}],"is_beta":false,"boss_relics":[{"not_picked":["energizedSpire:HighHeels","energizedSpire:HugeHouse"],"picked":"Coffee Dripper"},{"not_picked":["energizedSpire:NeverEndingSparkler","Pandora\u0027s Box"],"picked":"energizedSpire:OgreHead"}],"items_purged_floors":[21,31],"is_endless":false,"potions_floor_spawned":[1,3,5,12,22,23,28,33,36,39,44,47,48],"ascension_level":1}}