{"host":"srk2drlvga69hbot","time":1611398292,"event":{"mods":["BaseMod","Bestiary","Block Reminder","Colored Map","Colored Powertips","Dark Map","DeckTracker","Highlight Path","Minty Spire (QoL Compilation)","Quick Restart","Rare Cards Sparkle","Relic Stats","SuperFastMode","Unceasing Turn Reminder"],"gold_per_floor":[119,44,44,44,44,44,85,104,128,148,148,168,68,87,87,87,87],"floor_reached":16,"language":"ZHS","playtime":460,"items_purged":["Strike_R","Strike_R"],"score":156,"play_id":"4e08aafb-4177-4c73-a9a6-9ba3a736ebf6","local_time":"20210123183812","is_ascension_mode":true,"campfire_choices":[{"data":"Seeing Red","floor":6,"key":"SMITH"},{"data":"Disarm","floor":15,"key":"SMITH"}],"circlet_count":0,"master_deck":["Strike_R","Strike_R+1","Strike_R","Defend_R","Defend_R+1","Defend_R","Defend_R","Bash","Seeing Red+1","Disarm+1","Entrench","Feel No Pain"],"relics":["Burning Blood","NeowsBlessing","Golden Idol","Letter Opener","Omamori"],"acts_visited":["Exordium"],"potions_floor_usage":[16,16],"damage_taken":[{"damage":0,"enemies":"2 Louse","floor":1,"turns":1},{"damage":0,"enemies":"Gremlin Nob","floor":7,"turns":1},{"damage":0,"enemies":"Jaw Worm","floor":8,"turns":1},{"damage":3,"enemies":"Cultist","floor":10,"turns":4},{"damage":2,"enemies":"Blue Slaver","floor":12,"turns":5},{"damage":0,"enemies":"2 Fungi Beasts","floor":14,"turns":3},{"damage":100,"enemies":"Hexaghost","floor":16,"turns":15}],"seed_played":"6009364541548771302","potions_obtained":[{"floor":1,"key":"SteroidPotion"},{"floor":8,"key":"Swift Potion"},{"floor":11,"key":"FairyPotion"},{"floor":11,"key":"FearPotion"}],"is_trial":false,"path_per_floor":["M","$","?","?","?","R","E","M","T","M","?","M","$","M","R","B"],"character_chosen":"IRONCLAD","items_purchased":[],"campfire_rested":0,"item_purchase_floors":[],"current_hp_per_floor":[80,80,80,64,44,44,50,56,56,59,59,63,63,69,69,0,0],"gold":87,"neow_bonus":"THREE_ENEMY_KILL","is_daily":false,"chose_seed":false,"campfire_upgraded":2,"win_rate":0.0,"timestamp":1611398292,"path_taken":["M","$","?","?","?","R","E","?","T","M","?","M","?","M","R","BOSS"],"items_purchased_type":[],"build_version":"2020-12-22","purchased_purges":2,"victory":false,"max_hp_per_floor":[80,80,80,80,80,80,80,80,80,80,80,80,80,80,80,80,80],"relic_stats":{"counters":[7,30],"Golden Idol":24,"Letter Opener":[20],"obtain_stats":[{"NeowsBlessing":0,"Golden Idol":5,"Omamori":9,"Letter Opener":7,"Burning Blood":0},{"NeowsBlessing":0,"Golden Idol":1,"Omamori":3,"Letter Opener":2,"Burning Blood":0},{"NeowsBlessing":0,"Golden Idol":1,"Omamori":3,"Letter Opener":2,"Burning Blood":0}],"Burning Blood":30},"card_choices":[{"not_picked":["Flame Barrier","Clothesline"],"picked":"Seeing Red","floor":1},{"not_picked":["Clothesline","Perfected Strike","Thunderclap"],"picked":"SKIP","floor":7},{"not_picked":["Warcry","Heavy Blade"],"picked":"Disarm","floor":8},{"not_picked":["Sever Soul","Body Slam"],"picked":"Entrench","floor":10},{"not_picked":["Second Wind","Reckless Charge","True Grit"],"picked":"SKIP","floor":12},{"not_picked":["Inflame","Cleave"],"picked":"Feel No Pain","floor":14}],"player_experience":161992,"relics_obtained":[{"floor":7,"key":"Letter Opener"},{"floor":9,"key":"Omamori"}],"event_choices":[{"damage_healed":0,"gold_gain":0,"player_choice":"Leave","damage_taken":0,"max_hp_gain":0,"max_hp_loss":0,"event_name":"The Cleric","floor":3,"gold_loss":0},{"damage_healed":0,"gold_gain":0,"player_choice":"Entered Light","damage_taken":16,"max_hp_gain":0,"max_hp_loss":0,"event_name":"Shining Light","floor":4,"gold_loss":0,"cards_upgraded":["Defend_R","Strike_R"]},{"damage_healed":0,"gold_gain":0,"player_choice":"Take Damage","damage_taken":20,"relics_obtained":["Golden Idol"],"max_hp_gain":0,"max_hp_loss":0,"event_name":"Golden Idol","floor":5,"gold_loss":0},{"damage_healed":0,"gold_gain":0,"player_choice":"Got Potions","damage_taken":0,"max_hp_gain":0,"max_hp_loss":0,"event_name":"Lab","floor":11,"gold_loss":0}],"is_beta":false,"boss_relics":[],"items_purged_floors":[2,13],"is_endless":false,"potions_floor_spawned":[1,8],"killed_by":"Hexaghost","ascension_level":5}}