{"host":"xhd4yuu3rnu1c5xc","time":1611409602,"event":{"mods":["ATMod(°¢èªMod)","Act Like it!","Aspiration","BaseMod","Better Altar","Better Note","Better Sensory Stone","Better Skull","Better Third Choice","Better Vampires","Better-Laid Plans","Conspire","Displayed Cursed Tome","Dota2Spire","Downfall","Emptier Cage","Energized Spire","Gensokyo","GungeonMod","Hubris","Lobotomy","Marisa£¨ìFÓê¡¡Ä§ÀíÉ³£©","Minty Spire (QoL Compilation)","Mirrors Mod","MostiFishMod","Pale of the Ancients","Potion Indicator Mod","Quick Restart","Relic Stats","Reorder Act Four","Replay The Spire","RumiaBox-Â¶Ã×æ«µÄÉñÃØºÐ×Ó","SacredBarkPlus","StSLib","TestMod","The Jungle","Transform Curses","Uncapped","[IsaacMod]ÒÔÈö¼âËþ","vexMod","¡¾¹¦ÄÜMod¡¿»ìãçÖ®»·ÐÞ¸´²¹¶¡","¡¾ÒÅÎï¿¨ÅÆ¡¿REMEMod","óô»ðÖ¸ÄÏ"],"gold_per_floor":[118,118,134,147,147,182,107,139,214,243,64,90,103,103,103,174,174,193,253,267,267,283,283,302,328,351,364,379,408,408,458,458,458,458],"floor_reached":33,"language":"ZHS","playtime":1348,"items_purged":["Strike_R","Strike_R","Strike_R"],"score":830,"play_id":"d4cb871e-4c13-44f7-9935-d2739d334d4d","local_time":"20210123214642","is_ascension_mode":true,"campfire_choices":[{"data":"Barricade","floor":15.0,"key":"SMITH"},{"floor":23,"key":"REST"},{"floor":32,"key":"REST"}],"circlet_count":0,"master_deck":["AscendersBane","Strike_R","Strike_R","Defend_R","Defend_R","Defend_R","Bash","Echo Form","AT_DrawKnifeCut+1","Inflame+1","Barricade+1","REME_ACTH","Abandon+1","Impervious","Shrug It Off","Dark Embrace","Seeing Red+1","AbsoluteMagnitude"],"relics":["Burning Blood","testmod-TestBox","HushsDoor","DaveBox","AT_ATBox","REME_ComplimentaryCards","testmod-Alchemist","MaYiHuaBei","NeowsBlessing","SynthV:TestCard","Centennial Puzzle","Oddly Smooth Stone","Gremlin Horn","GodSword6","Dream Catcher","aspiration:MarisaSkillbook","Blood Vial","conspire:TopHat","Omamori","SharpPlug","Toxic Egg 2","Frozen Egg 2","ReplayTheSpireMod:Lightbulb"],"acts_visited":["Exordium","TheCity"],"potions_floor_usage":[18,22,24,25,29,29,33,33],"damage_taken":[{"damage":0.0,"enemies":"Cultist","floor":1.0,"turns":1.0},{"damage":0.0,"enemies":"2 Louse","floor":3.0,"turns":1.0},{"damage":0.0,"enemies":"Jaw Worm","floor":4.0,"turns":1.0},{"damage":29.0,"enemies":"3 Sentries","floor":6.0,"turns":3.0},{"damage":8.0,"enemies":"Gremlin Nob","floor":8.0,"turns":4.0},{"damage":13.0,"enemies":"3 Sentries","floor":10.0,"turns":4.0},{"damage":17.0,"enemies":"Gremlin Nob","floor":12.0,"turns":3.0},{"damage":16.0,"enemies":"Exordium Thugs","floor":13.0,"turns":4.0},{"damage":0.0,"enemies":"Fading Forest","floor":16.0,"turns":8.0},{"damage":18,"enemies":"Shell Parasite","floor":18,"turns":3},{"damage":9,"enemies":"conspire:FuzzyDice","floor":20,"turns":4},{"damage":2,"enemies":"Centurion and Healer","floor":22,"turns":3},{"damage":0,"enemies":"conspire:HollyBat","floor":24,"turns":5},{"damage":0,"enemies":"conspire:Head Lice","floor":25,"turns":3},{"damage":0,"enemies":"Sentry and Sphere","floor":27,"turns":3},{"damage":3,"enemies":"Chosen and Byrds","floor":28,"turns":4},{"damage":2,"enemies":"Gremlin Leader","floor":29,"turns":4},{"damage":52,"enemies":"Hiden Room Battle","floor":31,"turns":5},{"damage":18,"enemies":"Pondfish","floor":33,"turns":3}],"seed_played":"6576338572531474470","potions_obtained":[{"floor":6.0,"key":"AttackPotion"},{"floor":8.0,"key":"testmod-SpacePotion"},{"floor":13.0,"key":"testmod-TestPotion"},{"floor":16.0,"key":"GamblersBrew"},{"floor":20,"key":"DuplicationPotion"},{"floor":22,"key":"Weak Potion"},{"floor":25,"key":"PowerPotion"},{"floor":31,"key":"Swift Potion"}],"is_trial":false,"path_per_floor":["M","?","M","M","?","E","$","E","T","E","$","E","M","?","R","B",null,"M","?","M","?","M","R","M","E","T","M","M","E","T","?","R","B"],"character_chosen":"IRONCLAD","items_purchased":["Abandon"],"campfire_rested":2,"item_purchase_floors":[11],"current_hp_per_floor":[74,74,75,75,75,52,52,50,50,43,43,32,22,22,22,36,62,50,35,32,10,16,37,45,53,53,61,66,70,70,11,32,16,16],"gold":458,"neow_bonus":"THREE_ENEMY_KILL","is_daily":false,"chose_seed":false,"campfire_upgraded":1,"win_rate":0.0,"timestamp":1611409602,"path_taken":["M","?","M","M","?","E","$","E","T","E","$","E","?","?","R","BOSS","M","?","M","?","M","R","M","E","T","M","M","E","?","?","R","BOSS"],"items_purchased_type":["Card"],"build_version":"2020-12-22","purchased_purges":3,"victory":false,"max_hp_per_floor":[75,75,75,75,75,75,75,75,75,75,75,75,75,75,75,75,70,70,70,70,70,70,70,70,70,70,70,70,70,70,70,70,70,70],"relic_stats":{"Blood Vial":16,"Centennial Puzzle":[29],"Dream Catcher":2,"Gremlin Horn":[22,22],"counters":[19,66],"obtain_stats":[{"MaYiHuaBei":0,"AT_ATBox":0,"DaveBox":0,"Gremlin Horn":9,"SharpPlug":29,"DemoMod:GlassGuonStoneRelic":4,"Burning Blood":0,"conspire:TopHat":25,"Blood Vial":21,"Centennial Puzzle":6,"Dream Catcher":12,"testmod-Alchemist":0,"Toxic Egg 2":30,"KeepersGift":0,"testmod-TestBox":0,"NeowsBlessing":0,"Oddly Smooth Stone":8,"Omamori":26,"Frozen Egg 2":31,"SynthV:TestCard":1,"GodSword6":10,"HushsDoor":0,"ReplayTheSpireMod:Lightbulb":31,"aspiration:MarisaSkillbook":17,"REME_ComplimentaryCards":0},{"MaYiHuaBei":0,"AT_ATBox":0,"DaveBox":0,"Gremlin Horn":5,"SharpPlug":17,"DemoMod:GlassGuonStoneRelic":3,"Burning Blood":0,"conspire:TopHat":14,"Blood Vial":11,"Centennial Puzzle":4,"Dream Catcher":7,"testmod-Alchemist":0,"Toxic Egg 2":17,"KeepersGift":0,"testmod-TestBox":0,"NeowsBlessing":0,"Oddly Smooth Stone":5,"Omamori":14,"Frozen Egg 2":18,"SynthV:TestCard":1,"GodSword6":6,"HushsDoor":0,"ReplayTheSpireMod:Lightbulb":18,"aspiration:MarisaSkillbook":9,"REME_ComplimentaryCards":0},{"MaYiHuaBei":0,"AT_ATBox":0,"DaveBox":0,"Gremlin Horn":10,"SharpPlug":58,"DemoMod:GlassGuonStoneRelic":3,"Burning Blood":0,"conspire:TopHat":47,"Blood Vial":36,"Centennial Puzzle":6,"Dream Catcher":17,"testmod-Alchemist":0,"Toxic Egg 2":58,"KeepersGift":0,"testmod-TestBox":0,"NeowsBlessing":0,"Oddly Smooth Stone":10,"Omamori":47,"Frozen Egg 2":63,"SynthV:TestCard":1,"GodSword6":14,"HushsDoor":0,"ReplayTheSpireMod:Lightbulb":63,"aspiration:MarisaSkillbook":29,"REME_ComplimentaryCards":0}],"Burning Blood":95},"card_choices":[{"not_picked":["Bloodletting","DemoMod:BlackBlade","Perfected Strike"],"picked":"SKIP","floor":1.0},{"not_picked":["Clothesline","Thunderclap","Perfected Strike","Heavy Blade","Power Through"],"picked":"SKIP","floor":3.0},{"not_picked":["Combust","Headbutt","Clothesline","True Grit"],"picked":"Inflame","floor":4.0},{"not_picked":["Life Link","Battle Trance","ReplayTheSpireMod:Corrosion Curse","Bomb"],"picked":"Barricade","floor":6.0},{"not_picked":["Sword Boomerang","Wild Strike","ReplayTheSpireMod:Limb From Limb","Iron Wave","True Grit"],"picked":"SKIP","floor":8.0},{"not_picked":["Feel No Pain","AT_IchimonjiDouble","Armaments","True Grit"],"picked":"REME_ACTH","floor":10.0},{"not_picked":["ReplayTheSpireMod:Stacked","Perfected Strike","Flex","DemoMod:WhiteBlade","AT_BodySlamDance"],"picked":"SKIP","floor":12.0},{"not_picked":["Anger","Power Through","ReplayTheSpireMod:Limb From Limb","MostiFishMod:WingOfPhoenix","Abandon"],"picked":"SKIP","floor":13.0},{"not_picked":["hubris:StunningStrike","MostiFishMod:404NotFound","conspire:HitWhereItHurts","Berserk"],"picked":"Impervious","floor":16.0},{"not_picked":["PowerUp+1","NonDirectionalLaser","6A","Clash","AT_GerminateFire"],"picked":"Shrug It Off","floor":18},{"not_picked":["hubris:ReadiedAction","Thunderclap","SporeBomb","DeepEcoloBomb","GravityBeat","DoubleSpark"],"picked":"SKIP","floor":20},{"not_picked":["6A","Sword Boomerang+1","Pommel Strike","Clothesline","ChargeUpSpray","AT_DrawKnifeCut"],"picked":"SKIP","floor":22},{"not_picked":["Replay:Undeath\u0027s Touch","UnstableBomb","GalacticHalo","Inflame","SporeBomb","DC+1"],"picked":"SKIP","floor":24},{"not_picked":["Robbery","WitchOfGreed","AT_DiedThrough","AT_IchimonjiDouble","Clash"],"picked":"Dark Embrace","floor":25},{"not_picked":["Clothesline","Sever Soul","REME_Scribble","Flex","Clash"],"picked":"Seeing Red+1","floor":27},{"not_picked":["hubris:ReadiedAction","Heavy Blade","IllusionStar","MagicAbsorber","WitchLeyline","Sword Boomerang"],"picked":"SKIP","floor":28},{"not_picked":["WitchOfGreed","EnergyRecoil","Massacre","Heavy Blade","Sever Soul"],"picked":"AbsoluteMagnitude","floor":29}],"player_experience":1956272,"relics_obtained":[{"floor":1.0,"key":"SynthV:TestCard"},{"floor":6.0,"key":"Centennial Puzzle"},{"floor":8.0,"key":"Oddly Smooth Stone"},{"floor":9.0,"key":"Gremlin Horn"},{"floor":10.0,"key":"GodSword6"},{"floor":12.0,"key":"Dream Catcher"},{"floor":25,"key":"conspire:TopHat"},{"floor":26,"key":"Omamori"},{"floor":29,"key":"SharpPlug"},{"floor":30,"key":"Toxic Egg 2"},{"floor":31,"key":"Frozen Egg 2"},{"floor":31,"key":"ReplayTheSpireMod:Lightbulb"}],"event_choices":[{"damage_healed":0,"gold_gain":0,"player_choice":" Vial ","damage_taken":22,"relics_obtained":["Blood Vial"],"max_hp_gain":32,"max_hp_loss":10,"event_name":"betterAltar:BetterAltar","floor":21,"potions_obtained":[],"relics_lost":[],"gold_loss":0},{"damage_healed":0,"gold_gain":0,"player_choice":"Fight","damage_taken":0,"max_hp_gain":0,"max_hp_loss":0,"event_name":"HidenRoomEvent","floor":31,"gold_loss":0}],"is_beta":false,"boss_relics":[{"not_picked":["vexMod:RockOfEvil","aspiration:RunicSpoon"],"picked":"aspiration:MarisaSkillbook"},{"not_picked":[]}],"items_purged_floors":[7,11,17],"is_endless":false,"potions_floor_spawned":[6,8,13,16,20,22,25,31],"killed_by":"Pondfish","ascension_level":20}}