{"host":"kg61lsvem4dxoat8","time":1611421620,"event":{"mods":["BaseMod","Colored Powertips","Minty Spire (QoL Compilation)","Quick Restart","Rare Cards Sparkle","Relic Stats","slay the spire mod where everything is the same but ironclad has a cowboy hat"],"gold_per_floor":[111,186,146,162,176,176,202,80,80,105,121,134,150,162,162,262,262,262,262,262,262,262,262,262,262,262,262,2,2,2,2,2,2,2,2,2,2,2,2,2,2,2,2,2,2,2,2,2,2,2],"floor_reached":51,"language":"ENG","playtime":1692,"items_purged":["Strike_R"],"score":996,"play_id":"025214b5-1f38-4cfb-82b4-6c9ae1bcba85","local_time":"20210124010700","is_ascension_mode":true,"campfire_choices":[{"data":"Carnage","floor":15,"key":"SMITH"},{"data":"Demon Form","floor":23,"key":"SMITH"},{"floor":27,"key":"REST"},{"data":"Twin Strike","floor":32,"key":"SMITH"},{"floor":41,"key":"REST"},{"floor":45,"key":"REST"},{"floor":47,"key":"REST"},{"floor":49,"key":"REST"}],"circlet_count":0,"master_deck":["Strike_R+1","Strike_R+1","Strike_R+1","Defend_R+1","Defend_R+1","Defend_R+1","Defend_R+1","Bash+1","Twin Strike+1","Carnage+1","Flex+1","True Grit+1","Shrug It Off+1","Infernal Blade+1","Disarm+1","Demon Form+1","Sword Boomerang+1","Pummel+1","Uppercut+1","True Grit+1","Shrug It Off+1","Limit Break+1","Heavy Blade+1"],"relics":["Burning Blood","Oddly Smooth Stone","White Beast Statue","Toxic Egg 2","Molten Egg 2","Bird Faced Urn","Ectoplasm","Art of War","Darkstone Periapt","Lantern","Mummified Hand","Blood Vial","Busted Crown","Ginger","Blue Candle","Strawberry","Mark of the Bloom"],"acts_visited":["Exordium","TheCity","TheBeyond"],"potions_floor_usage":[7,7,7,10,12,16,16,16,25,25,33,42,50,50,50],"damage_taken":[{"damage":2,"enemies":"2 Louse","floor":1,"turns":3},{"damage":2,"enemies":"Small Slimes","floor":4,"turns":4},{"damage":0,"enemies":"Cultist","floor":5,"turns":3},{"damage":34,"enemies":"Lagavulin","floor":7,"turns":6},{"damage":50,"enemies":"3 Sentries","floor":10,"turns":8},{"damage":14,"enemies":"Exordium Thugs","floor":11,"turns":5},{"damage":8,"enemies":"Red Slaver","floor":12,"turns":3},{"damage":10,"enemies":"Lots of Slimes","floor":13,"turns":4},{"damage":0,"enemies":"Looter","floor":14,"turns":3},{"damage":18,"enemies":"Slime Boss","floor":16,"turns":8},{"damage":11,"enemies":"Shell Parasite","floor":18,"turns":5},{"damage":0,"enemies":"Chosen","floor":20,"turns":3},{"damage":41,"enemies":"Gremlin Leader","floor":25,"turns":5},{"damage":0,"enemies":"Shelled Parasite and Fungi","floor":29,"turns":3},{"damage":6,"enemies":"Centurion and Healer","floor":30,"turns":5},{"damage":21,"enemies":"Collector","floor":33,"turns":7},{"damage":0,"enemies":"Orb Walker","floor":35,"turns":2},{"damage":13,"enemies":"3 Shapes","floor":38,"turns":6},{"damage":3,"enemies":"3 Darklings","floor":39,"turns":3},{"damage":34,"enemies":"Nemesis","floor":40,"turns":7},{"damage":0,"enemies":"4 Shapes","floor":42,"turns":1},{"damage":31,"enemies":"Writhing Mass","floor":44,"turns":5},{"damage":30,"enemies":"Time Eater","floor":50,"turns":8}],"seed_played":"-8120405747629771695","potions_obtained":[{"floor":3,"key":"SpeedPotion"},{"floor":3,"key":"Dexterity Potion"},{"floor":3,"key":"HeartOfIron"},{"floor":4,"key":"BloodPotion"},{"floor":7,"key":"DuplicationPotion"},{"floor":10,"key":"Weak Potion"},{"floor":11,"key":"Swift Potion"},{"floor":12,"key":"BloodPotion"},{"floor":13,"key":"Swift Potion"},{"floor":14,"key":"SkillPotion"},{"floor":16,"key":"Ancient Potion"},{"floor":18,"key":"DistilledChaos"},{"floor":20,"key":"DistilledChaos"},{"floor":25,"key":"CultistPotion"},{"floor":29,"key":"SmokeBomb"},{"floor":30,"key":"SneckoOil"},{"floor":33,"key":"Dexterity Potion"},{"floor":38,"key":"GamblersBrew"},{"floor":44,"key":"Explosive Potion"}],"is_trial":false,"path_per_floor":["M","?","?","M","M","T","E","$","T","E","M","M","M","M","R","B",null,"M","T","M","?","?","R","?","E","T","R","$","M","M","$","R","B",null,"M","$","?","M","M","E","R","M","T","M","R","?","R","?","R","B",null],"character_chosen":"IRONCLAD","items_purchased":["True Grit+1","Blood Vial","Uppercut+1","True Grit+1"],"campfire_rested":5,"item_purchase_floors":[8,28,28,28],"current_hp_per_floor":[76,65,65,69,75,75,63,63,63,19,11,25,21,27,27,15,64,59,59,65,65,65,65,65,32,32,56,56,66,70,70,70,59,75,80,80,80,73,80,52,76,80,87,64,87,87,87,83,83,53],"gold":2,"neow_bonus":"RANDOM_COMMON_RELIC","is_daily":false,"chose_seed":false,"campfire_upgraded":3,"win_rate":0.0,"timestamp":1611421620,"path_taken":["M","?","?","?","M","?","E","$","T","E","M","M","M","M","R","BOSS","M","?","?","?","?","R","?","E","T","R","$","?","M","?","R","BOSS","M","$","?","?","M","E","R","M","T","M","R","?","R","?","R","BOSS"],"items_purchased_type":["Card","Relic","Card","Card"],"build_version":"2020-12-22","purchased_purges":1,"victory":true,"max_hp_per_floor":[80,80,80,80,80,80,80,80,80,80,80,80,80,80,80,80,80,80,80,80,80,80,80,80,80,80,80,80,80,80,80,80,80,80,80,80,80,80,80,80,80,80,87,87,87,87,87,83,83,83],"relic_stats":{"Darkstone Periapt":0,"Mark of the Bloom":60,"counters":[23,107],"Blue Candle":[0],"Ginger":[3],"Burning Blood":123,"Blood Vial":12,"Busted Crown":10,"Mummified Hand":[10],"Bird Faced Urn":[14],"Ectoplasm":456,"Art of War":[5],"obtain_stats":[{"Darkstone Periapt":21,"Lantern":25,"Mark of the Bloom":46,"Blue Candle":40,"Oddly Smooth Stone":0,"Ginger":37,"Burning Blood":0,"White Beast Statue":6,"Blood Vial":28,"Busted Crown":34,"Mummified Hand":26,"Bird Faced Urn":10,"Strawberry":43,"Molten Egg 2":9,"Ectoplasm":17,"Art of War":19,"Toxic Egg 2":7},{"Darkstone Periapt":12,"Lantern":13,"Mark of the Bloom":22,"Blue Candle":20,"Oddly Smooth Stone":0,"Ginger":17,"Burning Blood":0,"White Beast Statue":3,"Blood Vial":13,"Busted Crown":16,"Mummified Hand":13,"Bird Faced Urn":5,"Strawberry":21,"Molten Egg 2":4,"Ectoplasm":10,"Art of War":11,"Toxic Egg 2":4},{"Darkstone Periapt":55,"Lantern":60,"Mark of the Bloom":99,"Blue Candle":93,"Oddly Smooth Stone":0,"Ginger":77,"Burning Blood":0,"White Beast Statue":10,"Blood Vial":60,"Busted Crown":75,"Mummified Hand":60,"Bird Faced Urn":24,"Strawberry":94,"Molten Egg 2":16,"Ectoplasm":47,"Art of War":52,"Toxic Egg 2":16}]},"card_choices":[{"not_picked":["Wild Strike","Pommel Strike"],"picked":"Twin Strike","floor":1},{"not_picked":["Sword Boomerang","Wild Strike","Sentinel"],"picked":"SKIP","floor":4},{"not_picked":["Entrench","Heavy Blade"],"picked":"Carnage","floor":5},{"not_picked":["Dark Embrace","Iron Wave"],"picked":"Flex+1","floor":7},{"not_picked":["Pommel Strike+1","Flex+1"],"picked":"Shrug It Off+1","floor":10},{"not_picked":["Carnage+1","Sever Soul+1","Barricade"],"picked":"SKIP","floor":11},{"not_picked":["Clothesline+1","Sever Soul+1"],"picked":"Infernal Blade+1","floor":12},{"not_picked":["Twin Strike+1","Pommel Strike+1","Perfected Strike+1"],"picked":"SKIP","floor":13},{"not_picked":["Anger+1","Body Slam+1"],"picked":"Disarm+1","floor":14},{"not_picked":["Bludgeon+1","Barricade"],"picked":"Demon Form","floor":16},{"not_picked":["Sentinel+1","Dual Wield+1","Headbutt+1"],"picked":"SKIP","floor":18},{"not_picked":["Sword Boomerang+1","Intimidate+1","Armaments+1"],"picked":"SKIP","floor":20},{"not_picked":["Double Tap+1","Iron Wave+1"],"picked":"Pummel+1","floor":25},{"not_picked":["Flex+1","Reckless Charge+1","Burning Pact+1"],"picked":"SKIP","floor":29},{"not_picked":["Wild Strike+1","Armaments+1"],"picked":"Shrug It Off+1","floor":30},{"not_picked":["Brutality","Offering+1"],"picked":"Limit Break+1","floor":33},{"not_picked":["Clash+1"],"picked":"SKIP","floor":35},{"not_picked":[],"picked":"Heavy Blade+1","floor":38},{"not_picked":["Searing Blow+1"],"picked":"SKIP","floor":39},{"not_picked":["Hemokinesis+1"],"picked":"SKIP","floor":40},{"not_picked":["Rage+1"],"picked":"SKIP","floor":44}],"player_experience":1390110,"relics_obtained":[{"floor":6,"key":"White Beast Statue"},{"floor":7,"key":"Toxic Egg 2"},{"floor":9,"key":"Molten Egg 2"},{"floor":10,"key":"Bird Faced Urn"},{"floor":19,"key":"Art of War"},{"floor":25,"key":"Lantern"},{"floor":26,"key":"Mummified Hand"},{"floor":40,"key":"Blue Candle"},{"floor":43,"key":"Strawberry"}],"event_choices":[{"damage_healed":0,"gold_gain":75,"player_choice":"Gather Gold","damage_taken":11,"max_hp_gain":0,"max_hp_loss":0,"event_name":"World of Goop","floor":2,"gold_loss":0},{"damage_healed":0,"gold_gain":0,"player_choice":"Bought 3 Potions","damage_taken":0,"max_hp_gain":0,"max_hp_loss":0,"event_name":"The Woman in Blue","floor":3,"gold_loss":0},{"damage_healed":0,"gold_gain":0,"player_choice":"Opened","damage_taken":0,"relics_obtained":["Darkstone Periapt"],"max_hp_gain":0,"max_hp_loss":0,"event_name":"The Mausoleum","floor":21,"gold_loss":0},{"damage_healed":0,"gold_gain":0,"player_choice":"Ignored","damage_taken":0,"max_hp_gain":0,"max_hp_loss":0,"event_name":"Ghosts","floor":22,"gold_loss":0},{"damage_healed":0,"gold_gain":0,"cards_transformed":["Strike_R"],"player_choice":"Transformed","damage_taken":0,"max_hp_gain":0,"max_hp_loss":0,"event_name":"Transmorgrifier","floor":24,"gold_loss":0,"cards_obtained":["Sword Boomerang"]},{"damage_healed":0,"gold_gain":0,"player_choice":"Gave Potion","damage_taken":0,"relics_obtained":["Ginger"],"max_hp_gain":0,"max_hp_loss":0,"event_name":"WeMeetAgain","floor":37,"gold_loss":0},{"damage_healed":0,"gold_gain":0,"player_choice":"Upgrade","damage_taken":0,"relics_obtained":["Mark of the Bloom"],"max_hp_gain":0,"max_hp_loss":0,"event_name":"MindBloom","floor":46,"gold_loss":0,"cards_upgraded":["Strike_R","Strike_R","Strike_R","Defend_R","Defend_R","Defend_R","Defend_R","Bash"]},{"damage_healed":0,"gold_gain":0,"player_choice":"Max HP","damage_taken":0,"max_hp_gain":0,"max_hp_loss":4,"event_name":"Winding Halls","floor":48,"gold_loss":0}],"is_beta":false,"boss_relics":[{"not_picked":["SacredBark","Cursed Key"],"picked":"Ectoplasm"},{"not_picked":["SlaversCollar","Runic Pyramid"],"picked":"Busted Crown"}],"items_purged_floors":[8],"is_endless":false,"potions_floor_spawned":[4,7,10,11,12,13,14,16,18,20,25,29,30,33,35,38,39,40,42,44],"ascension_level":7}}