{"host":"sav7uxregyirlf69","time":1611374648,"event":{"mods":["AchievementEnabler","BaseMod","Colored Map","DeckTracker","Keyboard Shortcuts","Minty Spire (QoL Compilation)","READ ME - Guardian Mod","StSLib","SuperFastMode"],"gold_per_floor":[111,123,137,212,137,137,155,187,187,233,250,266,27,43,43,117,117,128,128,52,72,140,140,140,154,179,179,211,231,262,312,312,312,312],"floor_reached":33,"language":"KOR","playtime":653,"items_purged":["Strike_R"],"score":724,"play_id":"6bb6b247-256a-428d-80c7-fe8d8c044389","local_time":"20210123130408","is_ascension_mode":true,"campfire_choices":[{"data":"Infernal Blade","floor":6,"key":"SMITH"},{"floor":15,"key":"REST"},{"data":"Corruption","floor":23,"key":"SMITH"},{"data":"Dark Embrace","floor":27,"key":"SMITH"},{"data":"Feel No Pain","floor":32,"key":"SMITH"}],"circlet_count":0,"master_deck":["AscendersBane","Strike_R","Strike_R","Strike_R","Defend_R","Defend_R","Defend_R","Defend_R","Bash","Infernal Blade+1","Wild Strike","Feel No Pain","Carnage","Corruption+1","Sentinel","Armaments","Dark Embrace+1","Second Wind","Disarm","Offering","Feel No Pain+1","Evolve+1","Clumsy","Shrug It Off","Pain","Shockwave+1","Burning Pact+1","Rage+1"],"relics":["Burning Blood","Tiny Chest","Shuriken","White Beast Statue","Pen Nib","Cursed Key","Meat on the Bone","Bag of Marbles","Toxic Egg 2","Orichalcum"],"acts_visited":["Exordium","TheCity"],"potions_floor_usage":[8,11,16,16,30,30],"damage_taken":[{"damage":12,"enemies":"Cultist","floor":1,"turns":4},{"damage":8,"enemies":"2 Louse","floor":2,"turns":2},{"damage":16,"enemies":"Jaw Worm","floor":3,"turns":4},{"damage":15,"enemies":"Exordium Wildlife","floor":7,"turns":4},{"damage":11,"enemies":"Gremlin Nob","floor":8,"turns":3},{"damage":9,"enemies":"Red Slaver","floor":11,"turns":3},{"damage":6,"enemies":"Large Slime","floor":12,"turns":7},{"damage":12,"enemies":"2 Fungi Beasts","floor":14,"turns":4},{"damage":0,"enemies":"The Guardian","floor":16,"turns":12},{"damage":22,"enemies":"Shell Parasite","floor":18,"turns":3},{"damage":13,"enemies":"Chosen","floor":21,"turns":5},{"damage":27,"enemies":"Snake Plant","floor":25,"turns":6},{"damage":36,"enemies":"Gremlin Leader","floor":28,"turns":5},{"damage":18,"enemies":"Sentry and Sphere","floor":29,"turns":5},{"damage":31,"enemies":"Slavers","floor":30,"turns":6},{"damage":38,"enemies":"Champ","floor":33,"turns":7}],"seed_played":"-4168738866714298807","potions_obtained":[{"floor":1,"key":"AttackPotion"},{"floor":7,"key":"Fire Potion"},{"floor":11,"key":"AttackPotion"},{"floor":12,"key":"Swift Potion"},{"floor":14,"key":"HeartOfIron"},{"floor":16,"key":"DistilledChaos"},{"floor":18,"key":"Swift Potion"},{"floor":25,"key":"FearPotion"},{"floor":28,"key":"Regen Potion"},{"floor":30,"key":"Regen Potion"}],"is_trial":false,"path_per_floor":["M","M","M","?","?","R","M","E","T","T","M","M","$","M","R","B",null,"M","?","$","M","T","R","?","M","T","R","E","M","E","?","R","B"],"character_chosen":"IRONCLAD","items_purchased":["Dark Embrace","Second Wind","Feel No Pain"],"campfire_rested":1,"item_purchase_floors":[13,13,20],"current_hp_per_floor":[62,60,50,39,39,39,30,25,25,25,22,22,22,16,38,44,67,51,75,75,68,68,68,68,47,47,47,29,29,31,31,31,0,0],"gold":312,"neow_bonus":"RANDOM_COMMON_RELIC","is_daily":false,"chose_seed":false,"campfire_upgraded":4,"win_rate":0.0,"timestamp":1611374648,"path_taken":["M","M","?","?","?","R","M","E","T","?","?","M","$","M","R","BOSS","M","?","$","?","?","R","?","?","T","R","E","M","E","?","R","BOSS"],"items_purchased_type":["Card","Card","Card"],"build_version":"2020-12-22","purchased_purges":1,"victory":false,"max_hp_per_floor":[75,75,75,75,75,75,75,75,75,75,75,75,75,75,75,75,75,75,75,75,75,75,75,75,75,75,75,75,75,75,75,75,75,75],"card_choices":[{"not_picked":["Twin Strike","Pommel Strike"],"picked":"Infernal Blade","floor":1},{"not_picked":["Pommel Strike","Thunderclap"],"picked":"Wild Strike","floor":2},{"not_picked":["Whirlwind","True Grit"],"picked":"Feel No Pain","floor":3},{"not_picked":["Headbutt","Shrug It Off"],"picked":"Carnage","floor":7},{"not_picked":["Pummel","Dropkick"],"picked":"Corruption","floor":8},{"not_picked":["Thunderclap","Twin Strike"],"picked":"Sentinel","floor":11},{"not_picked":["Blood for Blood","Wild Strike"],"picked":"Armaments","floor":12},{"not_picked":["Wild Strike","Intimidate"],"picked":"Disarm","floor":14},{"not_picked":["Fiend Fire","Corruption"],"picked":"Offering","floor":16},{"not_picked":["Rampage","Bloodletting+1","Sword Boomerang"],"picked":"SKIP","floor":18},{"not_picked":["Shrug It Off","Perfected Strike"],"picked":"Evolve+1","floor":21},{"not_picked":["Pommel Strike","Bloodletting"],"picked":"Shrug It Off","floor":25},{"not_picked":["Hemokinesis","Iron Wave"],"picked":"Shockwave+1","floor":28},{"not_picked":["Infernal Blade+1","Inflame"],"picked":"Burning Pact+1","floor":29},{"not_picked":["Rupture+1","Double Tap+1"],"picked":"Rage+1","floor":30}],"player_experience":1362237,"relics_obtained":[{"floor":8,"key":"Shuriken"},{"floor":9,"key":"White Beast Statue"},{"floor":10,"key":"Pen Nib"},{"floor":22,"key":"Meat on the Bone"},{"floor":28,"key":"Toxic Egg 2"},{"floor":30,"key":"Orichalcum"}],"event_choices":[{"damage_healed":0,"gold_gain":75,"player_choice":"Gather Gold","damage_taken":11,"max_hp_gain":0,"max_hp_loss":0,"event_name":"World of Goop","floor":4,"gold_loss":0},{"cards_removed":["Strike_R"],"damage_healed":0,"gold_gain":0,"player_choice":"Card Removal","damage_taken":0,"max_hp_gain":0,"max_hp_loss":0,"event_name":"The Cleric","floor":5,"gold_loss":75},{"damage_healed":24,"gold_gain":0,"player_choice":"Full Heal","damage_taken":0,"max_hp_gain":0,"max_hp_loss":0,"event_name":"Wheel of Change","floor":19,"gold_loss":0},{"damage_healed":0,"gold_gain":0,"player_choice":"Gave Potion","damage_taken":0,"relics_obtained":["Bag of Marbles"],"max_hp_gain":0,"max_hp_loss":0,"event_name":"WeMeetAgain","floor":24,"gold_loss":0},{"damage_healed":0,"gold_gain":50,"player_choice":"Stole From Cult","damage_taken":0,"max_hp_gain":0,"max_hp_loss":0,"event_name":"Nest","floor":31,"gold_loss":0}],"is_beta":false,"boss_relics":[{"not_picked":["Black Star","Coffee Dripper"],"picked":"Cursed Key"}],"items_purged_floors":[13],"is_endless":false,"potions_floor_spawned":[1,7,11,12,14,16,18,21,25,28,29,30],"killed_by":"Champ","ascension_level":20}}