{"host":"nii9k1idymerq4qj","time":1611394117,"event":{"mods":["Act Like it!","BaseMod","Colored Powertips","Gensokyo","Minty Spire (QoL Compilation)","Prisma Mod","Remilia£®¿Ÿ√◊¿Ú—«£©","Replay The Spire","StSLib","Waifu the Spire"],"gold_per_floor":[115,127,52,66,66,99,99,118,188,221,237,237,237,254,254,356,356,371,36,36,50,50,80,80,92,92,92,111,11,42,53,53,153,153,172,188,188],"floor_reached":36,"language":"ZHS","playtime":3369,"items_purged":["PrismaMod:ChloeCommonAttack","PrismaMod:ChloeCommonAttack"],"score":466,"play_id":"16485e03-63f6-4629-9179-ab34f2e6d0c1","local_time":"20210123172837","is_ascension_mode":false,"campfire_choices":[{"data":"PrismaMod:ChloeAnyAttackTrace","floor":7,"key":"SMITH"},{"data":"PrismaMod:ChloeChristmas","floor":13,"key":"SMITH"},{"data":"PrismaMod:ChloeCheapAttackTwo","floor":15,"key":"SMITH"},{"floor":24,"key":"REST"},{"floor":32,"key":"REST"}],"circlet_count":0,"master_deck":["PrismaMod:ChloeCommonAttack","PrismaMod:ChloeCommonAttack","PrismaMod:ChloeCommonDefend","PrismaMod:ChloeCommonDefend","PrismaMod:ChloeCommonDefend","PrismaMod:ChloeCommonDefend","PrismaMod:ChloeCheapAttack+1","PrismaMod:ChloeCheapDefend+1","PrismaMod:ChloeCheapAttackTwo+1","PrismaMod:ChloeRuleBreaker+1","PrismaMod:ChloeAnyAttackTrace+1","PrismaMod:ChloeChristmas+1","PrismaMod:ChloeAnyCommonTrace+1","PrismaMod:ChloeBetterTracePools","PrismaMod:ChloeExhaustThree","PrismaMod:ChloeRitsuka+1","PrismaMod:ChloeExcalibur+1","Injury"],"relics":["PrismaMod:PrismaTraceOn","Replay:Kaleidoscope","Darkstone Periapt","Potion Belt","Busted Crown","Blue Doll","Guide Book","Enchiridion","Prayer Wheel","Replay:Baseball","Simple Rune","ReplayTheSpireMod:Ring of Exchange","Ring of Panic","MealTicket","Replay:Multitool","Astrolabe"],"acts_visited":["Exordium","TheCity","TheBeyond"],"potions_floor_usage":[8,10,23,23,30,33],"damage_taken":[{"damage":0,"enemies":"Jaw Worm","floor":1,"turns":3},{"damage":0,"enemies":"Cultist","floor":2,"turns":4},{"damage":0,"enemies":"2 Louse","floor":4,"turns":3},{"damage":27,"enemies":"Lagavulin","floor":6,"turns":8},{"damage":1,"enemies":"Large Slime","floor":8,"turns":6},{"damage":0,"enemies":"3 Sentries","floor":10,"turns":4},{"damage":0,"enemies":"Red Slaver","floor":11,"turns":3},{"damage":2,"enemies":"Lots of Slimes","floor":14,"turns":3},{"damage":10,"enemies":"Slime Boss","floor":16,"turns":3},{"damage":7,"enemies":"2 Thieves","floor":18,"turns":3},{"damage":6,"enemies":"Spheric Guardian","floor":21,"turns":5},{"damage":22,"enemies":"Gremlin Leader","floor":23,"turns":9},{"damage":1,"enemies":"Snake Plant","floor":25,"turns":3},{"damage":24,"enemies":"Snecko","floor":28,"turns":5},{"damage":48,"enemies":"Slavers","floor":30,"turns":7},{"damage":2,"enemies":"Shelled Parasite and Fungi","floor":31,"turns":3},{"damage":38,"enemies":"Automaton","floor":33,"turns":9},{"damage":9,"enemies":"Orb Walker","floor":35,"turns":3},{"damage":5,"enemies":"3 Shapes","floor":36,"turns":4}],"seed_played":"-8856726554928774238","potions_obtained":[{"floor":1,"key":"LifebloodPotion"},{"floor":2,"key":"FearPotion"},{"floor":6,"key":"Reflective Coating"},{"floor":11,"key":"SpeedPotion"},{"floor":18,"key":"LiquidBronze"},{"floor":28,"key":"Regen Potion"},{"floor":30,"key":"PowerPotion"}],"is_trial":false,"path_per_floor":["M","M","$","M","?","E","R","M","T","E","M","?","R","M","R","B",null,"M","$","?","M","?","E","R","M","T","?","M","$","E","M","R","B",null,"M","M"],"character_chosen":"CHLOE","items_purchased":["Blue Doll","PrismaMod:ChloeBetterTracePools","Guide Book"],"campfire_rested":2,"item_purchase_floors":[19,19,19],"current_hp_per_floor":[82,82,82,82,82,55,55,54,54,54,54,38,38,36,36,26,82,75,75,59,53,53,33,58,57,57,63,41,41,8,11,38,22,96,87,87,87],"gold":188,"neow_bonus":"TEN_PERCENT_HP_BONUS","is_daily":false,"chose_seed":false,"campfire_upgraded":3,"win_rate":0.0,"timestamp":1611394117,"path_taken":["M","M","$","M","?","E","R","?","T","E","M","?","R","M","R","BOSS","M","$","?","M","?","E","R","M","T","?","M","$","E","M","R","BOSS","M","M"],"items_purchased_type":["Relic","Card","Relic"],"build_version":"2020-12-22","purchased_purges":2,"victory":false,"max_hp_per_floor":[82,82,82,82,82,82,82,82,82,82,82,82,82,82,82,82,82,82,82,82,82,82,84,84,84,84,90,90,90,90,90,90,90,96,96,96,96],"card_choices":[{"not_picked":["PrismaMod:ChloeEyeOfTheEuryale","PrismaMod:ChloeDiscardRecovery"],"picked":"PrismaMod:ChloeCheapAttackTwo","floor":1},{"not_picked":["PrismaMod:ChloeCheapDefendTwo","PrismaMod:ChloeUncommonAOEAttack","PrismaMod:ChloeCheapAttackTwo"],"picked":"SKIP","floor":2},{"not_picked":["PrismaMod:ChloeCheapDefendTwo","PrismaMod:ChloeUncommonAOEAttack","PrismaMod:ChloeCheapAttackTwo"],"picked":"SKIP","floor":2},{"not_picked":["PrismaMod:ChloeCheapDefendTwo","PrismaMod:ChloeUncommonAOEAttack","PrismaMod:ChloeCheapAttackTwo"],"picked":"SKIP","floor":2},{"not_picked":["PrismaMod:ChloeChristmas","PrismaMod:ChloeUncommonDefend"],"picked":"PrismaMod:ChloeRuleBreaker","floor":4},{"not_picked":["PrismaMod:ChloeRuleBreaker","PrismaMod:ChloeMaid"],"picked":"PrismaMod:ChloeAnyAttackTrace","floor":6},{"not_picked":["PrismaMod:ChloeCheapAttackTwo","PrismaMod:ChloeCheapDefend","PrismaMod:ChloeDiscardRecovery"],"picked":"SKIP","floor":8},{"not_picked":["PrismaMod:ChloeExhaustOne","PrismaMod:ChloeExcalibur","PrismaMod:ChloeCommonAOEAttack"],"picked":"SKIP","floor":10},{"not_picked":["PrismaMod:ChloeExhaustOne","PrismaMod:ChloeRuleBreaker"],"picked":"PrismaMod:ChloeChristmas","floor":11},{"not_picked":["PrismaMod:ChloeCheapAttack","PrismaMod:ChloeExhaustOne","PrismaMod:ChloeCheapAttackTwo"],"picked":"SKIP","floor":14},{"not_picked":["PrismaMod:ChloeCarnivalAttack","PrismaMod:ChloeReshuffleDiscard"],"picked":"PrismaMod:ChloeAnyCommonTrace","floor":16},{"not_picked":["PrismaMod:ChloeRitsuka"],"picked":"SKIP","floor":18},{"not_picked":["PrismaMod:ChloeExhaustTwo"],"picked":"SKIP","floor":21},{"not_picked":["PrismaMod:ChloeExhaustOne"],"picked":"SKIP","floor":23},{"not_picked":["PrismaMod:ChloeCheapAttackTwo+1"],"picked":"SKIP","floor":25},{"not_picked":["PrismaMod:ChloeRitsuka"],"picked":"SKIP","floor":25},{"not_picked":["PrismaMod:ChloeCheapAttackTwo"],"picked":"SKIP","floor":28},{"not_picked":["PrismaMod:ChloeExcalibur"],"picked":"SKIP","floor":28},{"not_picked":["PrismaMod:ChloeCommonAOEAttack"],"picked":"SKIP","floor":30},{"not_picked":["PrismaMod:ChloeExhaustOne"],"picked":"SKIP","floor":31},{"not_picked":["PrismaMod:ChloeCommonAOEAttack"],"picked":"SKIP","floor":31},{"not_picked":[],"picked":"PrismaMod:ChloeExhaustThree","floor":33},{"not_picked":["PrismaMod:ChloeCheapDefendTwo"],"picked":"SKIP","floor":35},{"not_picked":["PrismaMod:ChloeBetterTracePools+1"],"picked":"SKIP","floor":35},{"not_picked":["PrismaMod:ChloeRhongomyniad+1"],"picked":"SKIP","floor":36},{"not_picked":["PrismaMod:ChloeCaladbolg+1"],"picked":"SKIP","floor":36}],"player_experience":156562,"relics_obtained":[{"floor":6,"key":"Replay:Kaleidoscope"},{"floor":9,"key":"Darkstone Periapt"},{"floor":10,"key":"Potion Belt"},{"floor":20,"key":"Enchiridion"},{"floor":23,"key":"Replay:Baseball"},{"floor":26,"key":"Simple Rune"},{"floor":27,"key":"ReplayTheSpireMod:Ring of Exchange"},{"floor":27,"key":"Ring of Panic"},{"floor":30,"key":"MealTicket"},{"floor":30,"key":"Replay:Multitool"}],"event_choices":[{"damage_healed":0,"gold_gain":0,"player_choice":"Forge","damage_taken":0,"max_hp_gain":0,"max_hp_loss":0,"event_name":"Accursed Blacksmith","floor":5,"gold_loss":0,"cards_upgraded":["PrismaMod:ChloeCheapDefend"]},{"damage_healed":0,"gold_gain":0,"player_choice":"Entered Light","damage_taken":16,"max_hp_gain":0,"max_hp_loss":0,"event_name":"Shining Light","floor":12,"gold_loss":0,"cards_upgraded":["PrismaMod:ChloeCheapAttack","PrismaMod:ChloeCommonAttack"]},{"damage_healed":0,"gold_gain":0,"player_choice":"Obtained Book","damage_taken":16,"max_hp_gain":0,"max_hp_loss":0,"event_name":"Cursed Tome","floor":20,"gold_loss":0}],"is_beta":false,"boss_relics":[{"not_picked":["SacredBark","Sozu"],"picked":"Busted Crown"},{"not_picked":["Tiny House","Frozen Eye"],"picked":"Astrolabe"}],"items_purged_floors":[3,29],"is_endless":false,"potions_floor_spawned":[1,2,6,11,18,28,30],"killed_by":"3 Shapes","ascension_level":0}}