{"host":"ndpbn7fqb3wjbd7p","time":1611361151,"event":{"mods":["AchievementEnabler","Act Like it!","AlwaysNeverKeys","BaseMod","Better Vampires","Block Reminder","Colored Powertips","DeckTracker","Defuse TimeMaze Blight","Friendly Minions","Hallownest","Hermit","Highlight Path","MarisaÅiñ∂âJÅ@ñÇóùçπÅj","Minty Spire (QoL Compilation)","Permanent Neow","Shade Mod","StSLib","SuperFastMode","Synergy Search","The Mystic","Unceasing Turn Reminder","Wandering Minibosses","egg"],"gold_per_floor":[109,109,109,126,51,51,85,85,85,85,114,189,208,220,220,317,317,331,351,370,382,159,188,188,188,188,125,140,140,158,169,169,269,269,283,283,87,107,19,19,34,48,48,48,48],"floor_reached":44,"language":"ENG","playtime":3765,"items_purged":["Defend_MRS","Strike_MRS","Strike_MRS","MasterSpark","Defend_MRS"],"score":523,"play_id":"ac3fa7b8-d9e6-4734-8ed3-3bb3e4b3f5e3","local_time":"20210123011911","is_ascension_mode":true,"campfire_choices":[{"data":"MilkyWay","floor":6,"key":"SMITH"},{"data":"Acceleration","floor":8,"key":"SMITH"},{"data":"SprinkleStarSeal","floor":10,"key":"SMITH"},{"data":"MilkyWay","floor":15,"key":"SMITH"},{"data":"Acceleration","floor":24,"key":"SMITH"},{"data":"PowerUp","floor":29,"key":"SMITH"},{"data":"BlazeAway","floor":32,"key":"SMITH"},{"data":"Purity","floor":40,"key":"SMITH"}],"circlet_count":0,"master_deck":["UpSweep","MilkyWay+1","Acceleration+1","SprinkleStarSeal+1","Parasite","Parasite","Acceleration+1","MilkyWay+1","MagicAbsorber","6A","StarBarrage","MachineGunSpark","PowerUp+1","BlazeAway+1","AbsoluteMagnitude+1","LuminesStrike+1","ShootTheMoon+1","Acceleration+1","Purity+1","PowerUp+1","BlazeAway+1"],"relics":["MiniHakkero","Blood Vial","Regal Pillow","Mummified Hand","ShroomBag","ExperimentalFamiliar","Membership Card","Nunchaku","Pantograph","Astrolabe","TheAbacus","Molten Egg 2"],"acts_visited":["Exordium","TheCity","TheBeyond"],"potions_floor_usage":[7,16,16,23,33,38,44,44,44],"damage_taken":[{"damage":1,"enemies":"Cultist","floor":1,"turns":3},{"damage":4,"enemies":"Small Slimes","floor":4,"turns":3},{"damage":23,"enemies":"Gremlin Nob","floor":7,"turns":4},{"damage":14,"enemies":"The Mushroom Lair","floor":11,"turns":4},{"damage":2,"enemies":"Jaw Worm","floor":13,"turns":2},{"damage":4,"enemies":"2 Fungi Beasts","floor":14,"turns":3},{"damage":14,"enemies":"Slime Boss","floor":16,"turns":6},{"damage":11,"enemies":"3 Byrds","floor":18,"turns":5},{"damage":11,"enemies":"Shell Parasite","floor":19,"turns":8},{"damage":0,"enemies":"Snecko","floor":20,"turns":4},{"damage":4,"enemies":"Centurion and Healer","floor":21,"turns":5},{"damage":27,"enemies":"Slavers","floor":23,"turns":6},{"damage":4,"enemies":"Snake Plant","floor":28,"turns":2},{"damage":1,"enemies":"Sentry and Sphere","floor":30,"turns":3},{"damage":4,"enemies":"Centurion and Healer","floor":31,"turns":5},{"damage":17,"enemies":"Champ","floor":33,"turns":6},{"damage":0,"enemies":"Orb Walker","floor":35,"turns":2},{"damage":0,"enemies":"3 Shapes","floor":38,"turns":3},{"damage":33,"enemies":"Sphere and 2 Shapes","floor":41,"turns":4},{"damage":7,"enemies":"4 Shapes","floor":42,"turns":3},{"damage":98,"enemies":"Transient","floor":44,"turns":5}],"seed_played":"5499408444395384779","potions_obtained":[{"floor":4,"key":"EssenceOfSteel"},{"floor":11,"key":"StarNLove"},{"floor":14,"key":"ShroomBrew"},{"floor":20,"key":"Regen Potion"},{"floor":21,"key":"BottledSpark"},{"floor":30,"key":"PowerPotion"},{"floor":31,"key":"Regen Potion"},{"floor":38,"key":"EssenceOfSteel"},{"floor":41,"key":"AttackPotion"},{"floor":42,"key":"Explosive Potion"}],"is_trial":false,"path_per_floor":["M","?","?","M","$","R","E","R","T","R","?","?","M","M","R","B",null,"M","M","M","M","$","E","R","?","T","$","M","R","M","M","R","B",null,"M","?","$","M","$","R","M","M","T","M"],"character_chosen":"MARISA","items_purchased":["Membership Card","PowerUp","Purity","TheAbacus"],"campfire_rested":0,"item_purchase_floors":[22,22,37,37],"current_hp_per_floor":[74,79,79,76,76,76,55,55,55,55,43,35,39,41,41,33,80,69,64,70,72,72,66,66,66,66,66,68,68,73,75,75,63,80,80,80,80,80,80,80,47,44,44,0,0],"gold":48,"neow_bonus":"RANDOM_COMMON_RELIC","is_daily":false,"chose_seed":false,"campfire_upgraded":8,"win_rate":0.0,"timestamp":1611361151,"path_taken":["M","?","?","?","$","R","E","R","T","R","?","?","M","M","R","BOSS","M","?","M","M","$","E","R","?","T","$","M","R","M","M","R","BOSS","M","?","$","M","?","R","M","M","T","M"],"items_purchased_type":["Relic","Card","Card","Relic"],"build_version":"2020-12-22","purchased_purges":5,"victory":false,"max_hp_per_floor":[75,80,80,80,80,80,80,80,80,80,80,80,80,80,80,80,80,80,80,80,80,80,80,80,80,80,80,80,80,80,80,80,80,80,80,80,80,80,80,80,80,80,80,80,80],"card_choices":[{"not_picked":["MysteriousBeam","WitchOfGreed"],"picked":"MilkyWay","floor":1},{"not_picked":["WitchLeyline","FairyDestructionRay"],"picked":"Acceleration","floor":4},{"not_picked":["FinalSpark","GravityBeat"],"picked":"SprinkleStarSeal","floor":7},{"not_picked":["MysteriousBeam","WitchOfGreed"],"picked":"Acceleration","floor":11},{"not_picked":["DarkSpark","WitchOfGreed","IllusionStar"],"picked":"SKIP","floor":13},{"not_picked":["GalacticHalo","PropBag"],"picked":"MilkyWay","floor":14},{"not_picked":["GrandCross","ShootTheMoon"],"picked":"MagicAbsorber","floor":18},{"not_picked":["RefractionSpark","NonDirectionalLaser"],"picked":"6A","floor":19},{"not_picked":["Acceleration","FairyDestructionRay+1"],"picked":"StarBarrage","floor":20},{"not_picked":["AbsoluteMagnitude","OpenUniverse"],"picked":"MachineGunSpark","floor":21},{"not_picked":["WitchLeyline","MagicAbsorber","GrandCross+1"],"picked":"SKIP","floor":23},{"not_picked":["WitchOfGreed","LuminesStrike","GalacticHalo"],"picked":"SKIP","floor":28},{"not_picked":["GrandCross","DarkSpark"],"picked":"BlazeAway","floor":30},{"not_picked":["OneTimeOff","GalacticHalo","UnstableBomb"],"picked":"SKIP","floor":31},{"not_picked":["Orbital","UnstableBomb","LuminesStrike"],"picked":"SKIP","floor":35},{"not_picked":["AlicesGift+1","DC+1"],"picked":"PowerUp+1","floor":38},{"not_picked":["ShootingEcho+1","GravityBeat+1","SuperPerseids+1"],"picked":"SKIP","floor":41},{"not_picked":["ShootingEcho+1","StarlightTyphoon"],"picked":"BlazeAway+1","floor":42}],"player_experience":1203685,"relics_obtained":[{"floor":7,"key":"Regal Pillow"},{"floor":9,"key":"Mummified Hand"},{"floor":11,"key":"ShroomBag"},{"floor":23,"key":"Nunchaku"},{"floor":26,"key":"Pantograph"},{"floor":43,"key":"Molten Egg 2"}],"event_choices":[{"damage_healed":0,"gold_gain":0,"player_choice":"Donut","damage_taken":0,"max_hp_gain":5,"max_hp_loss":0,"event_name":"Big Fish","floor":2,"gold_loss":0},{"cards_removed":["Strike_MRS"],"damage_healed":0,"gold_gain":0,"player_choice":"Forget","damage_taken":0,"max_hp_gain":0,"max_hp_loss":0,"event_name":"Living Wall","floor":3,"gold_loss":0},{"damage_healed":0,"gold_gain":0,"player_choice":"Fought Mushrooms","damage_taken":0,"max_hp_gain":0,"max_hp_loss":0,"event_name":"Mushrooms_MRS","floor":11,"gold_loss":0},{"damage_healed":0,"gold_gain":75,"player_choice":"Touch","damage_taken":8,"max_hp_gain":0,"max_hp_loss":0,"event_name":"FaceTrader","floor":12,"gold_loss":0},{"damage_healed":0,"gold_gain":0,"player_choice":"Copied","damage_taken":0,"max_hp_gain":0,"max_hp_loss":0,"event_name":"Duplicator","floor":36,"gold_loss":0,"cards_obtained":["Acceleration"]}],"is_beta":false,"boss_relics":[{"not_picked":["Black Star","Ectoplasm"],"picked":"ExperimentalFamiliar"},{"not_picked":["RampagingMagicTools","Busted Crown"],"picked":"Astrolabe"}],"items_purged_floors":[5,22,27,37,39],"is_endless":false,"potions_floor_spawned":[4,11,14,20,21,30,31,38,41,42],"killed_by":"Transient","ascension_level":3}}