{"host":"szp1d6dso4pv7ddl","time":1611369844,"event":{"mods":["AchievementEnabler","Alarm Clock","BaseMod","Bestiary","Block Reminder","Colored Map","Colored Powertips","Curses Come First","Dark Map","Displayed Cursed Tome","Highlight Path","Minty Spire (QoL Compilation)","Permanent Neow","Quick Restart","Relic Sorter","Relic Stats","StSLib","Synergy Search"],"gold_per_floor":[18,18,35,35,53,53,63,95,95,106,106,124,8,8,8,8,8],"floor_reached":16,"language":"ENG","playtime":823,"items_purged":[],"score":189,"play_id":"a20d34c6-ed43-4d63-8f89-9fdf203c15bd","local_time":"20210122184404","is_ascension_mode":true,"campfire_choices":[{"data":"Limit Break","floor":6,"key":"SMITH"},{"floor":15,"key":"REST"}],"circlet_count":0,"master_deck":["AscendersBane","Strike_R","Strike_R","Strike_R","Strike_R","Defend_R","Defend_R","Defend_R","Bash","Rupture","Double Tap+1","Pummel","Limit Break+1","Offering","Heavy Blade","Inflame","Cleave","Battle Trance","Seeing Red","Shrug It Off","Shrug It Off","Flex"],"relics":["Burning Blood","Shovel","Dead Branch"],"acts_visited":["Exordium"],"potions_floor_usage":[7,8,16],"damage_taken":[{"damage":7,"enemies":"Cultist","floor":1,"turns":4},{"damage":10,"enemies":"2 Louse","floor":3,"turns":3},{"damage":14,"enemies":"Jaw Worm","floor":5,"turns":4},{"damage":23,"enemies":"Exordium Thugs","floor":7,"turns":4},{"damage":28,"enemies":"Gremlin Nob","floor":8,"turns":5},{"damage":7,"enemies":"3 Louse","floor":10,"turns":2},{"damage":21,"enemies":"Blue Slaver","floor":12,"turns":3},{"damage":36,"enemies":"Slime Boss","floor":16,"turns":7}],"seed_played":"2834003984986720212","potions_obtained":[{"floor":3,"key":"SkillPotion"},{"floor":5,"key":"Regen Potion"},{"floor":12,"key":"Swift Potion"}],"is_trial":false,"path_per_floor":["M","$","M","?","M","R","M","E","T","M","?","M","$","?","R","B"],"character_chosen":"IRONCLAD","items_purchased":["Shrug It Off","Flex"],"campfire_rested":1,"item_purchase_floors":[13,13],"current_hp_per_floor":[67,67,63,63,55,55,50,28,28,27,27,12,12,12,34,0,0],"gold":8,"neow_bonus":"TRANSFORM_TWO_CARDS","is_daily":false,"chose_seed":false,"campfire_upgraded":1,"win_rate":0.0,"timestamp":1611369844,"path_taken":["M","?","M","?","M","R","?","E","T","M","?","M","?","?","R","BOSS"],"items_purchased_type":["Card","Card"],"build_version":"2020-12-22","purchased_purges":0,"victory":false,"max_hp_per_floor":[75,75,75,75,75,75,75,75,75,75,75,75,75,75,75,75,75],"relic_stats":{"Shovel":0,"counters":[8,32],"Dead Branch":[9],"obtain_stats":[{"Shovel":8,"Dead Branch":9,"Burning Blood":0},{"Shovel":5,"Dead Branch":5,"Burning Blood":0},{"Shovel":20,"Dead Branch":20,"Burning Blood":0}],"Burning Blood":42},"card_choices":[{"not_picked":["Clash","Second Wind"],"picked":"Pummel","floor":1},{"not_picked":["Body Slam","Sword Boomerang"],"picked":"Limit Break","floor":3},{"not_picked":["Wild Strike","Second Wind","Havoc"],"picked":"SKIP","floor":5},{"not_picked":["Warcry","Thunderclap"],"picked":"Cleave","floor":7},{"not_picked":["Fire Breathing","Infernal Blade"],"picked":"Battle Trance","floor":8},{"not_picked":["Headbutt","Berserk"],"picked":"Seeing Red","floor":10},{"not_picked":["Evolve","Cleave"],"picked":"Shrug It Off","floor":12}],"player_experience":1261891,"relics_obtained":[{"floor":8,"key":"Shovel"},{"floor":9,"key":"Dead Branch"}],"event_choices":[{"damage_healed":0,"gold_gain":0,"player_choice":"3 cards matched","damage_taken":0,"max_hp_gain":0,"max_hp_loss":0,"event_name":"Match and Keep!","floor":4,"gold_loss":0,"cards_obtained":["Offering","Heavy Blade","Inflame"]},{"damage_healed":0,"gold_gain":0,"player_choice":"Upgraded","damage_taken":0,"max_hp_gain":0,"max_hp_loss":0,"event_name":"Upgrade Shrine","floor":11,"gold_loss":0,"cards_upgraded":["Double Tap"]},{"damage_healed":0,"gold_gain":0,"player_choice":"Ignored","damage_taken":0,"max_hp_gain":0,"max_hp_loss":0,"event_name":"Liars Game","floor":14,"gold_loss":0}],"is_beta":false,"boss_relics":[],"items_purged_floors":[],"is_endless":false,"potions_floor_spawned":[3,5,12],"killed_by":"Slime Boss","ascension_level":17}}