{"host":"2e5gbsni44p3458r","time":1611390488,"event":{"mods":["BaseMod","Colored Map","Downfall","Hermit","Minty Spire (QoL Compilation)","StSLib","The Cursed"],"gold_per_floor":[99,119,129,140,154,187,187,214,54,71,71,87,87,72,92,92,92,92],"floor_reached":16,"language":"ENG","playtime":765,"items_purged":[],"score":125,"play_id":"02039f51-ee67-4939-9f8e-ce4670204262","local_time":"20210123172808","is_ascension_mode":true,"campfire_choices":[{"floor":1,"key":"RECALL"},{"floor":13,"key":"REST"}],"circlet_count":0,"master_deck":["bronze:Strike","bronze:Strike","bronze:Defend","bronze:Defend","bronze:Defend","bronze:Defend","bronze:Replicate","bronze:Goto","bronze:InfiniteLoop","bronze:WhirlingStrike","bronze:Iterate","bronze:Invalidate","bronze:Repair","bronze:Assembly","bronze:BronzeOrb"],"relics":["bronze:BronzeCore","Oddly Smooth Stone","Letter Opener","Shovel","Medical Kit","FaceOfCleric"],"acts_visited":["Exordium"],"potions_floor_usage":[5,8,10],"damage_taken":[{"damage":1,"enemies":"Cultist","floor":2,"turns":3},{"damage":7,"enemies":"Small Slimes","floor":3,"turns":2},{"damage":7,"enemies":"Jaw Worm","floor":4,"turns":2},{"damage":0,"enemies":"Lots of Slimes","floor":5,"turns":1},{"damage":21,"enemies":"Lagavulin","floor":6,"turns":5},{"damage":24,"enemies":"Gremlin Nob","floor":8,"turns":3},{"damage":0,"enemies":"downfall:FleeingMerchant","floor":9,"turns":4},{"damage":0,"enemies":"Large Slime","floor":10,"turns":4},{"damage":4,"enemies":"Blue Slaver","floor":12,"turns":4},{"damage":4,"enemies":"downfall:FleeingMerchant","floor":14,"turns":4},{"damage":16,"enemies":"Exordium Thugs","floor":15,"turns":4},{"damage":29,"enemies":"SI_SHIV_ARCHETYPE","floor":16,"turns":7}],"seed_played":"-4958496156432295203","potions_obtained":[{"floor":4,"key":"GamblersBrew"},{"floor":6,"key":"ColorlessPotion"},{"floor":8,"key":"SkillPotion"},{"floor":15,"key":"champ:CounterPotion"}],"is_trial":false,"path_per_floor":["R","M","M","M","M","E","T","E","$","M","?","M","R","$","M","B"],"character_chosen":"THE_AUTOMATON","items_purchased":["Medical Kit"],"campfire_rested":1,"item_purchase_floors":[9],"current_hp_per_floor":[63,62,55,48,48,27,27,3,3,3,3,7,26,30,22,0,0,0],"gold":92,"neow_bonus":"TRANSFORM_TWO_CARDS","is_daily":false,"chose_seed":false,"campfire_upgraded":0,"win_rate":0.0,"timestamp":1611390488,"path_taken":["R","M","?","?","M","E","T","E","$","M","?","M","R","?","M","BOSS"],"items_purchased_type":["Relic"],"build_version":"2020-12-22","purchased_purges":0,"victory":false,"max_hp_per_floor":[63,63,63,63,63,63,63,63,63,63,63,64,64,65,66,66,66,66],"card_choices":[{"not_picked":["bronze:BuggyMess","bronze:DelayedGuard","bronze:Refactor"],"picked":"SKIP","floor":2},{"not_picked":["bronze:WhirlingStrike","bronze:BitShift"],"picked":"bronze:Iterate","floor":3},{"not_picked":["bronze:Overheat","bronze:BugBarrage","bronze:Constructor"],"picked":"SKIP","floor":4},{"not_picked":["bronze:MaxOutput","bronze:Return"],"picked":"bronze:Invalidate","floor":5},{"not_picked":["bronze:FindAndReplace","bronze:Overload","bronze:CutThrough"],"picked":"SKIP","floor":6},{"not_picked":["bronze:ItsAFeature","bronze:WhirlingStrike","bronze:DelayedSlice"],"picked":"SKIP","floor":8},{"not_picked":["bronze:CutThrough","bronze:WildBeam","bronze:ItsAFeature"],"picked":"SKIP","floor":9},{"not_picked":["bronze:BuggyMess","bronze:CutThrough"],"picked":"bronze:Repair","floor":10},{"not_picked":["bronze:CutThrough","bronze:HyperBeam","bronze:OilSpill"],"picked":"SKIP","floor":12},{"not_picked":["bronze:Deprecate","bronze:FineTuning"],"picked":"bronze:Assembly","floor":14},{"not_picked":["bronze:ForLoop","bronze:Turbo"],"picked":"bronze:BronzeOrb","floor":15}],"player_experience":754391,"relics_obtained":[{"floor":6,"key":"Oddly Smooth Stone"},{"floor":7,"key":"Letter Opener"},{"floor":8,"key":"Shovel"}],"event_choices":[{"damage_healed":0,"gold_gain":0,"player_choice":"Trade","damage_taken":0,"relics_obtained":["FaceOfCleric"],"max_hp_gain":0,"max_hp_loss":0,"event_name":"FaceTrader","floor":11,"gold_loss":0}],"is_beta":false,"boss_relics":[],"items_purged_floors":[],"is_endless":false,"potions_floor_spawned":[4,6,8,15],"killed_by":"SI_SHIV_ARCHETYPE","ascension_level":2}}