{"host":"fuszjwm6fqgjjp4d","time":1611442731,"event":{"mods":["BaseMod","Bestiary","Colored Map","DeckTracker","Minty Spire (QoL Compilation)","Permanent Neow","Relic Sorter","Relic Stats","StSLib"],"gold_per_floor":[111,129,144,219,104,138,138,166,166,183,183,193,223,243,243,314,314,326,326,345,356,356,356,387,397,422,422,422],"floor_reached":27,"language":"ENG","playtime":811,"items_purged":["Strike_P"],"score":518,"play_id":"2f999c95-3366-44e0-8266-9ee2152d981d","local_time":"20210123165851","is_ascension_mode":true,"campfire_choices":[{"data":"Judgement","floor":7.0,"key":"SMITH"},{"data":"BattleHymn","floor":11.0,"key":"SMITH"},{"floor":15.0,"key":"REST"},{"floor":23.0,"key":"REST"}],"circlet_count":0,"master_deck":["AscendersBane","Strike_P","Strike_P","Strike_P","Defend_P","Defend_P","Defend_P","Defend_P","Eruption","Vigilance","Judgement+1","Perseverance","EmptyBody","CutThroughFate","BattleHymn+1","CutThroughFate","DevaForm","MasterReality","Blasphemy"],"relics":["HolyWater","Regal Pillow","Blue Candle","Dead Branch","Nloth\u0027s Gift","Blood Vial","Anchor"],"acts_visited":["Exordium","TheCity"],"potions_floor_usage":[27,27],"damage_taken":[{"damage":0.0,"enemies":"Cultist","floor":1.0,"turns":2.0},{"damage":5.0,"enemies":"Small Slimes","floor":2.0,"turns":4.0},{"damage":0.0,"enemies":"Jaw Worm","floor":3.0,"turns":4.0},{"damage":0.0,"enemies":"Lagavulin","floor":6.0,"turns":4.0},{"damage":2.0,"enemies":"3 Sentries","floor":8.0,"turns":4.0},{"damage":2.0,"enemies":"2 Fungi Beasts","floor":10.0,"turns":3.0},{"damage":1.0,"enemies":"Red Slaver","floor":12.0,"turns":3.0},{"damage":12.0,"enemies":"Lagavulin","floor":13.0,"turns":6.0},{"damage":8.0,"enemies":"Exordium Thugs","floor":14.0,"turns":3.0},{"damage":21.0,"enemies":"The Guardian","floor":16.0,"turns":9.0},{"damage":0.0,"enemies":"Spheric Guardian","floor":18.0,"turns":3.0},{"damage":14.0,"enemies":"Chosen","floor":20.0,"turns":5.0},{"damage":14.0,"enemies":"Snake Plant","floor":21.0,"turns":4.0},{"damage":38,"enemies":"Gremlin Leader","floor":24,"turns":5},{"damage":11,"enemies":"Snecko","floor":25,"turns":4},{"damage":24,"enemies":"Slavers","floor":27,"turns":3}],"seed_played":"6886867460058877752","potions_obtained":[{"floor":1.0,"key":"Ancient Potion"},{"floor":8.0,"key":"BottledMiracle"},{"floor":13.0,"key":"SkillPotion"},{"floor":14.0,"key":"Block Potion"},{"floor":20.0,"key":"SpeedPotion"},{"floor":25,"key":"Block Potion"}],"is_trial":false,"path_per_floor":["M","M","M","?","$","E","R","E","T","M","R","M","E","M","R","B",null,"M","?","M","M","?","R","E","M","T","E"],"character_chosen":"WATCHER","items_purchased":["BattleHymn"],"campfire_rested":2,"item_purchase_floors":[5],"current_hp_per_floor":[61,56,56,45,45,45,45,43,43,41,41,40,28,20,55,34,60,60,60,46,32,32,67,29,20,20,0,0],"gold":422,"neow_bonus":"ONE_RANDOM_RARE_CARD","is_daily":false,"chose_seed":false,"campfire_upgraded":2,"win_rate":0.0,"timestamp":1611442731,"path_taken":["M","M","?","?","$","E","R","E","T","M","R","M","E","M","R","BOSS","M","?","?","M","?","R","E","M","T","E"],"items_purchased_type":["Card"],"build_version":"2020-12-22","purchased_purges":1,"victory":false,"max_hp_per_floor":[68,68,68,68,68,68,68,68,68,68,68,68,68,68,68,68,68,68,68,68,68,68,68,68,68,68,68,68],"relic_stats":{"Blood Vial":4,"Regal Pillow":30,"counters":[16,66],"Blue Candle":[0],"Dead Branch":[57],"Nloth\u0027s Gift":1,"obtain_stats":[{"Blood Vial":24,"Regal Pillow":6,"Anchor":26,"Happy Flower":9,"Blue Candle":8,"Dead Branch":13,"HolyWater":17,"Nloth\u0027s Gift":19,"PureWater":0},{"Blood Vial":14,"Regal Pillow":4,"Anchor":15,"Happy Flower":5,"Blue Candle":5,"Dead Branch":8,"HolyWater":10,"Nloth\u0027s Gift":11,"PureWater":0},{"Blood Vial":59,"Regal Pillow":14,"Anchor":63,"Happy Flower":18,"Blue Candle":18,"Dead Branch":30,"HolyWater":42,"Nloth\u0027s Gift":45,"PureWater":0}]},"card_choices":[{"not_picked":["Swivel","Worship"],"picked":"Perseverance","floor":1.0},{"not_picked":["Protect","JustLucky"],"picked":"EmptyBody","floor":2.0},{"not_picked":["Halt","BowlingBash"],"picked":"CutThroughFate","floor":3.0},{"not_picked":["EmptyFist","Protect","WaveOfTheHand"],"picked":"SKIP","floor":6.0},{"not_picked":["Perseverance","Halt","EmptyMind"],"picked":"SKIP","floor":8.0},{"not_picked":["Indignation","CutThroughFate","WaveOfTheHand"],"picked":"SKIP","floor":10.0},{"not_picked":["Protect","Devotion"],"picked":"CutThroughFate","floor":12.0},{"not_picked":["BattleHymn","Wireheading","Protect"],"picked":"SKIP","floor":13.0},{"not_picked":["SignatureMove","EmptyMind","Vengeance"],"picked":"SKIP","floor":14.0},{"not_picked":["SignatureMove","EmptyMind","Vengeance"],"picked":"SKIP","floor":14.0},{"not_picked":["Omniscience","Ragnarok"],"picked":"DevaForm","floor":16.0},{"not_picked":["SashWhip","Conclude","Protect"],"picked":"SKIP","floor":18.0},{"not_picked":["WreathOfFlame","Halt+1"],"picked":"MasterReality","floor":20.0},{"not_picked":["JustLucky+1","FlurryOfBlows","ClearTheMind"],"picked":"SKIP","floor":21.0},{"not_picked":["Omniscience","Wallop"],"picked":"Blasphemy","floor":24},{"not_picked":["Prostrate","FlurryOfBlows","ReachHeaven"],"picked":"SKIP","floor":25}],"player_experience":1325234,"relics_obtained":[{"floor":6.0,"key":"Regal Pillow"},{"floor":8.0,"key":"Blue Candle"},{"floor":9.0,"key":"Happy Flower"},{"floor":13.0,"key":"Dead Branch"},{"floor":24,"key":"Blood Vial"},{"floor":26,"key":"Anchor"}],"event_choices":[{"damage_healed":0.0,"max_hp_gain":0.0,"max_hp_loss":0.0,"gold_gain":75.0,"event_name":"World of Goop","player_choice":"Gather Gold","floor":4.0,"gold_loss":0.0,"damage_taken":11.0},{"damage_healed":0.0,"max_hp_gain":0.0,"max_hp_loss":0.0,"gold_gain":0.0,"event_name":"N\u0027loth","player_choice":"Traded Relic","floor":19.0,"relics_lost":["Happy Flower"],"gold_loss":0.0,"damage_taken":0.0,"relics_obtained":["Nloth\u0027s Gift"]},{"damage_healed":0.0,"max_hp_gain":0.0,"max_hp_loss":0.0,"gold_gain":0.0,"event_name":"Cursed Tome","player_choice":"Ignored","floor":22.0,"gold_loss":0.0,"damage_taken":0.0}],"is_beta":false,"boss_relics":[{"not_picked":["Coffee Dripper","Astrolabe"],"picked":"HolyWater"}],"items_purged_floors":[5],"is_endless":false,"potions_floor_spawned":[1,8,13,14,20,25],"killed_by":"Slavers","ascension_level":17}}