{"host":"kpklgwyuz86bov3e","time":1611365921,"event":{"mods":["100% Spire Juice","Act Like it!","Aspiration","BaseMod","Better Third Choice","CCEM","Colored Powertips","Conspire","Energized Spire","GifTheSpireLib","Halation","Hallownest","Highlight Path","Hubris","Jedi Mod","Melee Mod","Minty Spire (QoL Compilation)","Rare Cards Sparkle","Relic Sorter","Relic Stats","Replay The Spire","Shedinja","Spicy Shops","Spikes Relics","StS++","StSLib","Stuff the Spire","The Blue Laboratory","The Poker Player","TheBandit","Waifu the Spire","slay the spire mod where everything is the same but ironclad has a cowboy hat"],"gold_per_floor":[113,31,31,50,65,97,107,125,125,50,50,65,65,79,79,79,79],"floor_reached":16,"language":"ENG","playtime":1754,"items_purged":["meleeMod_Jab"],"score":106,"play_id":"baed7c21-a036-480c-b619-99b86e72a418","local_time":"20210122203841","is_ascension_mode":false,"campfire_choices":[{"data":"meleeMod_Grab","floor":11,"key":"SMITH"},{"floor":13,"key":"REST"},{"data":"meleeMod_DashDance","floor":15,"key":"SMITH"}],"circlet_count":0,"master_deck":["meleeMod_Jab","meleeMod_Jab","meleeMod_Jab","meleeMod_Shield","meleeMod_Shield","meleeMod_Shield","meleeMod_Shield","meleeMod_NeutralAir","meleeMod_BackAir","meleeMod_DashDance+1","Decay","meleeMod_UpTilt","meleeMod_L_Cancel+1","meleeMod_VCancel","meleeMod_Grab+1","meleeMod_Cautious+1"],"relics":["meleeMod_LosersMang0","ZombieTooth","Frozen Egg 2","StSpp:SailorCap"],"acts_visited":["Exordium"],"potions_floor_usage":[6,16],"damage_taken":[{"damage":0,"enemies":"2 Louse","floor":1,"turns":1},{"damage":0,"enemies":"Cultist","floor":2,"turns":3},{"damage":3,"enemies":"Jaw Worm","floor":4,"turns":2},{"damage":11,"enemies":"Large Slime","floor":5,"turns":6},{"damage":29,"enemies":"3 Sentries","floor":6,"turns":7},{"damage":3,"enemies":"Exordium Thugs","floor":7,"turns":5},{"damage":12,"enemies":"Looter","floor":8,"turns":2},{"damage":6,"enemies":"Lots of Slimes","floor":12,"turns":5},{"damage":2,"enemies":"Large Slime","floor":14,"turns":5},{"damage":64,"enemies":"Fading Forest","floor":16,"turns":10}],"seed_played":"-6598041971050408286","potions_obtained":[{"floor":2,"key":"Adrenaline Potion"},{"floor":6,"key":"Block Potion"},{"floor":12,"key":"blueLaboratory:Moonshine"},{"floor":14,"key":"Ancient Potion"}],"is_trial":false,"path_per_floor":["M","M","?","M","M","E","M","M","T","$","R","M","R","M","R","B"],"character_chosen":"FALCON","items_purchased":[],"campfire_rested":1,"item_purchase_floors":[],"current_hp_per_floor":[85,85,85,82,71,42,39,27,27,27,27,21,46,44,44,0,0],"gold":79,"neow_bonus":"ONE_RARE_RELIC","is_daily":false,"chose_seed":false,"campfire_upgraded":2,"win_rate":0.0,"timestamp":1611365921,"path_taken":["M","M","?","?","M","E","M","M","T","?","R","M","R","M","R","BOSS"],"items_purchased_type":[],"build_version":"2020-12-22","purchased_purges":1,"victory":false,"max_hp_per_floor":[85,85,85,85,85,85,85,85,85,85,85,85,85,85,85,85,85],"relic_stats":{"counters":[10,46],"obtain_stats":[{"ZombieTooth":0,"StSpp:SailorCap":9,"meleeMod_TeamBeerMang0":0,"Frozen Egg 2":6,"meleeMod_LosersMang0":16},{"ZombieTooth":0,"StSpp:SailorCap":7,"meleeMod_TeamBeerMang0":0,"Frozen Egg 2":5,"meleeMod_LosersMang0":10},{"ZombieTooth":0,"StSpp:SailorCap":26,"meleeMod_TeamBeerMang0":0,"Frozen Egg 2":19,"meleeMod_LosersMang0":46}]},"card_choices":[{"not_picked":["meleeMod_FalconKick","meleeMod_NeutralAir","meleeMod_UpSmash"],"picked":"SKIP","floor":1},{"not_picked":["meleeMod_SweetSpot","meleeMod_NoDI"],"picked":"meleeMod_DashDance","floor":2},{"not_picked":["meleeMod_FalconDive","meleeMod_WallJump"],"picked":"meleeMod_UpTilt","floor":4},{"not_picked":["meleeMod_DownTilt","meleeMod_FireFlower","meleeMod_Wildfire"],"picked":"SKIP","floor":5},{"not_picked":["meleeMod_SweetSpot","meleeMod_CommandGrab"],"picked":"meleeMod_L_Cancel+1","floor":6},{"not_picked":["meleeMod_WaveLand","meleeMod_ForwardSmash"],"picked":"meleeMod_VCancel","floor":7},{"not_picked":["meleeMod_NeutralAir","meleeMod_TeamAttackOn"],"picked":"meleeMod_Grab","floor":8},{"not_picked":["meleeMod_SoftKnee","meleeMod_DIMixUp"],"picked":"meleeMod_Cautious+1","floor":12},{"not_picked":["meleeMod_RockCrock","meleeMod_RapidJabs","meleeMod_DashDance"],"picked":"SKIP","floor":14}],"player_experience":403100,"relics_obtained":[{"floor":6,"key":"Frozen Egg 2"},{"floor":9,"key":"StSpp:SailorCap"}],"event_choices":[{"damage_healed":0,"gold_gain":0,"player_choice":"Cursed","damage_taken":0,"max_hp_gain":0,"max_hp_loss":0,"event_name":"Wheel of Change","floor":3,"gold_loss":0,"cards_obtained":["Decay"]}],"is_beta":false,"boss_relics":[],"items_purged_floors":[10],"is_endless":false,"potions_floor_spawned":[2,6,12,14],"killed_by":"Fading Forest","ascension_level":0}}