{"host":"n6qxj7a4gnapjcui","time":1611397432,"event":{"mods":["2.2 Compatiblity","AchievementEnabler","BaseMod","Colored Map","Minty Spire (QoL Compilation)"],"gold_per_floor":[118,128,128,140,210,242,262,262,262,292,292,317,335,39,39,136,136,146,295,345,395,410,440,440,147,147,1,29,41,110,126,126,228,228,241,391,455,505,524,524,524],"floor_reached":40,"language":"POL","playtime":2331,"items_purged":["Strike_R"],"score":640,"play_id":"3d7dd70d-c5a2-47e4-90b1-87aeab3b4bed","local_time":"20210123112352","is_ascension_mode":true,"campfire_choices":[{"data":"Clothesline","floor":8.0,"key":"SMITH"},{"data":"Intimidate","floor":11.0,"key":"SMITH"},{"data":"Bloodletting","floor":15.0,"key":"SMITH"},{"data":"Pommel Strike","floor":24.0,"key":"SMITH"},{"data":"Apotheosis","floor":32,"key":"SMITH"}],"circlet_count":0,"master_deck":["Strike_R","Strike_R","Strike_R","Strike_R","Defend_R","Defend_R","Defend_R","Defend_R","Bash","Pommel Strike+1","Shrug It Off","Clothesline+1","Intimidate+1","Hemokinesis","Headbutt","Immolate","Bloodletting+1","Double Tap","Thunderclap","Power Through+1","Apotheosis+1","Shockwave","True Grit+1","Anger+1","Feed"],"relics":["Burning Blood","SsserpentHead","Smiling Mask","Pen Nib","Art of War","Kunai","Sling","Velvet Choker","Eternal Feather","Nunchaku","Anchor","The Courier","Ancient Tea Set","Bottled Flame","Black Star","Self Forming Clay"],"acts_visited":["Exordium","TheCity","TheBeyond"],"potions_floor_usage":[31],"damage_taken":[{"damage":5.0,"enemies":"Small Slimes","floor":1.0,"turns":4.0},{"damage":1.0,"enemies":"Cultist","floor":2.0,"turns":3.0},{"damage":4.0,"enemies":"Jaw Worm","floor":4.0,"turns":5.0},{"damage":2.0,"enemies":"Looter","floor":5.0,"turns":5.0},{"damage":18.0,"enemies":"Gremlin Nob","floor":6.0,"turns":4.0},{"damage":2.0,"enemies":"Blue Slaver","floor":7.0,"turns":5.0},{"damage":20.0,"enemies":"3 Sentries","floor":10.0,"turns":10.0},{"damage":16.0,"enemies":"Lagavulin","floor":12.0,"turns":5.0},{"damage":15.0,"enemies":"Exordium Thugs","floor":13.0,"turns":4.0},{"damage":36.0,"enemies":"Hexaghost","floor":16.0,"turns":9.0},{"damage":5.0,"enemies":"3 Byrds","floor":18.0,"turns":4.0},{"damage":3.0,"enemies":"Chosen","floor":22.0,"turns":4.0},{"damage":35.0,"enemies":"Book of Stabbing","floor":23.0,"turns":6.0},{"damage":0.0,"enemies":"Slavers","floor":28.0,"turns":1.0},{"damage":14.0,"enemies":"Snake Plant","floor":29.0,"turns":2.0},{"damage":0.0,"enemies":"Centurion and Healer","floor":30.0,"turns":3.0},{"damage":0,"enemies":"Chosen and Byrds","floor":31,"turns":4},{"damage":66,"enemies":"Collector","floor":33,"turns":8},{"damage":23,"enemies":"3 Darklings","floor":35,"turns":7},{"damage":4,"enemies":"Orb Walker","floor":37,"turns":3},{"damage":26,"enemies":"Maw","floor":39,"turns":8},{"damage":42,"enemies":"Nemesis","floor":40,"turns":8}],"seed_played":"8792676881743412552","potions_obtained":[{"floor":1.0,"key":"LiquidBronze"},{"floor":4.0,"key":"BlessingOfTheForge"},{"floor":7.0,"key":"SkillPotion"},{"floor":12.0,"key":"LiquidBronze"},{"floor":16.0,"key":"Explosive Potion"},{"floor":22.0,"key":"Regen Potion"},{"floor":28.0,"key":"Energy Potion"},{"floor":30.0,"key":"AttackPotion"},{"floor":35,"key":"ColorlessPotion"},{"floor":39,"key":"AttackPotion"}],"is_trial":false,"path_per_floor":["M","M","?","M","M","E","M","R","T","E","R","E","M","$","R","B",null,"M","?","?","T","M","E","R","$","T","$","E","M","M","M","R","B",null,"M","?","M","T","M","E"],"character_chosen":"IRONCLAD","items_purchased":["SpeedPotion","Sling","Fire Potion","Anchor","Apotheosis","Ancient Tea Set","Shockwave"],"campfire_rested":0,"item_purchase_floors":[14,14,14,25,25,27,27],"current_hp_per_floor":[81,86,86,88,88,76,80,80,80,66,66,56,47,47,47,17,70,71,71,71,71,74,59,71,71,71,71,77,69,75,81,88,28,73,56,56,58,58,38,0,0],"gold":524,"neow_bonus":"TEN_PERCENT_HP_BONUS","is_daily":false,"chose_seed":false,"campfire_upgraded":5,"win_rate":0.0,"timestamp":1611397432,"path_taken":["M","M","?","M","?","E","M","R","T","E","R","E","M","$","R","BOSS","M","?","?","?","M","E","R","?","T","$","E","M","?","M","R","BOSS","M","?","?","?","M","E"],"items_purchased_type":["Potion","Relic","Potion","Relic","Card","Relic","Card"],"build_version":"2020-12-22","purchased_purges":1,"victory":false,"max_hp_per_floor":[88,88,88,88,88,88,88,88,88,88,88,88,88,88,88,88,88,88,88,88,88,88,88,88,88,88,88,88,88,88,88,88,88,88,88,88,88,88,88,88,88],"card_choices":[{"not_picked":["Blood for Blood","Iron Wave"],"picked":"Pommel Strike","floor":1.0},{"not_picked":["Pummel","Pommel Strike"],"picked":"Shrug It Off","floor":2.0},{"not_picked":["Heavy Blade","Corruption"],"picked":"Clothesline","floor":4.0},{"not_picked":["Cleave","Wild Strike"],"picked":"Intimidate","floor":5.0},{"not_picked":["Clothesline","Dual Wield"],"picked":"Hemokinesis","floor":6.0},{"not_picked":["Flame Barrier","Twin Strike"],"picked":"Headbutt","floor":7.0},{"not_picked":["Sword Boomerang","Thunderclap"],"picked":"Immolate","floor":10.0},{"not_picked":["Clash","Headbutt","Wild Strike"],"picked":"SKIP","floor":12.0},{"not_picked":["Headbutt","Cleave"],"picked":"Bloodletting","floor":13.0},{"not_picked":["Fiend Fire","Demon Form"],"picked":"Double Tap","floor":16.0},{"not_picked":["Fire Breathing","Clash"],"picked":"Thunderclap","floor":18.0},{"not_picked":["Headbutt","Havoc"],"picked":"Power Through+1","floor":22.0},{"not_picked":["Sever Soul","Pommel Strike","Limit Break"],"picked":"SKIP","floor":23.0},{"not_picked":["Body Slam","Headbutt","Second Wind"],"picked":"SKIP","floor":28.0},{"not_picked":["Evolve","Burning Pact"],"picked":"True Grit+1","floor":29.0},{"not_picked":["Armaments","Sword Boomerang"],"picked":"Anger+1","floor":30.0},{"not_picked":["Double Tap","Anger","Sword Boomerang+1"],"picked":"SKIP","floor":31},{"not_picked":["Immolate","Barricade"],"picked":"Feed","floor":33},{"not_picked":["Clothesline","Pommel Strike+1","Thunderclap"],"picked":"SKIP","floor":35},{"not_picked":["True Grit","Shrug It Off","Pommel Strike+1"],"picked":"SKIP","floor":37},{"not_picked":["Headbutt","Clash+1","Iron Wave"],"picked":"SKIP","floor":39}],"player_experience":299085,"relics_obtained":[{"floor":6.0,"key":"Smiling Mask"},{"floor":9.0,"key":"Pen Nib"},{"floor":10.0,"key":"Art of War"},{"floor":12.0,"key":"Kunai"},{"floor":21.0,"key":"Eternal Feather"},{"floor":23.0,"key":"Nunchaku"},{"floor":26.0,"key":"The Courier"},{"floor":28.0,"key":"Bottled Flame"},{"floor":38,"key":"Self Forming Clay"}],"event_choices":[{"damage_healed":0.0,"max_hp_gain":0.0,"max_hp_loss":0.0,"gold_gain":0.0,"event_name":"FaceTrader","player_choice":"Trade","floor":3.0,"gold_loss":0.0,"damage_taken":0.0,"relics_obtained":["SsserpentHead"]},{"damage_healed":0.0,"max_hp_gain":0.0,"max_hp_loss":0.0,"gold_gain":99.0,"event_name":"Nest","player_choice":"Stole From Cult","floor":19.0,"gold_loss":0.0,"damage_taken":0.0},{"damage_healed":0.0,"max_hp_gain":0.0,"max_hp_loss":0.0,"gold_gain":0.0,"event_name":"Vampires","player_choice":"Ignored","floor":20.0,"gold_loss":0.0,"damage_taken":0.0},{"damage_healed":0,"gold_gain":100,"player_choice":"Pray","damage_taken":0,"max_hp_gain":0,"max_hp_loss":0,"event_name":"Golden Shrine","floor":36,"gold_loss":0}],"is_beta":false,"boss_relics":[{"not_picked":["Fusion Hammer","Snecko Eye"],"picked":"Velvet Choker"},{"not_picked":["Empty Cage","SlaversCollar"],"picked":"Black Star"}],"items_purged_floors":[14],"is_endless":false,"potions_floor_spawned":[1,4,7,12,16,22,28,30,35,39],"killed_by":"Nemesis","ascension_level":6}}