{"host":"fworv1gvvajf3x0f","time":1611412034,"event":{"mods":["AchievementEnabler","Aspiration","BaseMod","Better Match","Better Note","Better Sensory Stone","Better Third Choice","Better Vampires","Better-Laid Plans","BetterRewards","Colored Map","Colored Powertips","Displayed Cursed Tome","Energized Spire","Good Game Mod","Highlight Path","Infinite Spire","Minty Spire (QoL Compilation)","Poor People Problems","Relic Stats","Replay The Spire","Spicy Shops","StSLib"],"gold_per_floor":[110,30,43,58,77,77,87,87,87,99,119,119,130,44,44,141,141,155,155,173,173,173,204,224,238,238,238,248,248,259,273,273,371,421,433,190,208,218,218,218,251,23,23,58,105,105,105,138,138,138,138,138,67,99,99],"floor_reached":56,"language":"ZHS","playtime":6788,"items_purged":["ReplayTheSpireMod:Splinters","Blasphemy","Vigilance","Replay:BluntJabs"],"score":1734,"play_id":"35524336-07fd-45f3-8497-11f28325b558","local_time":"20210123222714","is_ascension_mode":true,"campfire_choices":[{"data":"Eruption","floor":6.0,"key":"SMITH"},{"data":"Study","floor":8.0,"key":"SMITH"},{"data":"Vault","floor":12.0,"key":"SMITH"},{"floor":15.0,"key":"DIG"},{"data":"Machine Learning","floor":27.0,"key":"SMITH"},{"floor":29.0,"key":"REST"},{"data":"infinitespire:Collect","floor":32.0,"key":"SMITH"},{"floor":40.0,"key":"RECALL"},{"data":"infinitespire:Execution","floor":49,"key":"SMITH"},{"data":"Study","floor":52,"key":"SMITH"}],"circlet_count":0,"master_deck":["Machine Learning+1","Study+1","EmptyBody","Replay:Hum","ClearTheMind+1","Vault+1","Purity","infinitespire:Collect+1","PathToVictory","Study+1","Sanctity","Replay:Battleflow","PathToVictory","infinitespire:Collect+1","Study+1","FlurryOfBlows+1","infinitespire:Execution+1","MentalFortress"],"relics":["PureWater","REME:ComplimentaryCards","ReplayTheSpireMod:CursedCoin","aspiration:Lifesprig","Meat on the Bone","Oddly Smooth Stone","aspiration:RandomNobGenerator","aspiration:RitualStick","aspiration:Headhunter","energizedSpire:CrystalSphere","Pet Ghost","Tiny House","Damaru","Replay:PocketPolymizer","Sundial","Replay:Ringing Soul","CaptainsWheel","Singing Bowl","ReplayTheSpireMod:TigerMarble","aspiration:SeaSaltIceCream","Empty Cage"],"acts_visited":["Exordium","TheCity","TheBeyond","TheEnding"],"potions_floor_usage":[],"damage_taken":[{"damage":0.0,"enemies":"Cultist","floor":1.0,"turns":3.0},{"damage":4.0,"enemies":"Jaw Worm","floor":3.0,"turns":5.0},{"damage":2.0,"enemies":"Small Slimes","floor":4.0,"turns":4.0},{"damage":44.0,"enemies":"Exordium Thugs","floor":5.0,"turns":8.0},{"damage":16.0,"enemies":"3 Louse","floor":7.0,"turns":5.0},{"damage":1.0,"enemies":"2 Fungi Beasts","floor":10.0,"turns":2.0},{"damage":5.0,"enemies":"Large Slime","floor":11.0,"turns":5.0},{"damage":3.0,"enemies":"Looter","floor":13.0,"turns":3.0},{"damage":14.0,"enemies":"Slime Boss","floor":16.0,"turns":10.0},{"damage":6.0,"enemies":"Chosen","floor":18.0,"turns":5.0},{"damage":0.0,"enemies":"Spheric Guardian","floor":20.0,"turns":3.0},{"damage":3.0,"enemies":"Replay:Snechameleon","floor":23.0,"turns":4.0},{"damage":0.0,"enemies":"Cultist and Chosen","floor":24.0,"turns":2.0},{"damage":0.0,"enemies":"Centurion and Healer","floor":25.0,"turns":4.0},{"damage":36.0,"enemies":"Shelled Parasite and Fungi","floor":28.0,"turns":4.0},{"damage":11.0,"enemies":"Sentry and Sphere","floor":30.0,"turns":4.0},{"damage":0.0,"enemies":"Snake Plant","floor":31.0,"turns":2.0},{"damage":20.0,"enemies":"Automaton","floor":33.0,"turns":4.0},{"damage":4.0,"enemies":"3 Shapes","floor":35.0,"turns":3.0},{"damage":0.0,"enemies":"Orb Walker","floor":37.0,"turns":2.0},{"damage":2.0,"enemies":"Spire Growth","floor":38.0,"turns":3.0},{"damage":0.0,"enemies":"Nemesis","floor":41.0,"turns":2.0},{"damage":0.0,"enemies":"Giant Head","floor":44.0,"turns":2.0},{"damage":0.0,"enemies":"2 Orb Walkers","floor":45.0,"turns":2.0},{"damage":3,"enemies":"R_Hoarder","floor":48,"turns":4},{"damage":12,"enemies":"Donu and Deca","floor":50,"turns":3},{"damage":1,"enemies":"Shield and Spear","floor":54,"turns":2},{"damage":13,"enemies":"The Heart","floor":55,"turns":4}],"seed_played":"-6773301578916806560","potions_obtained":[{"floor":3.0,"key":"GamblersBrew"},{"floor":4.0,"key":"EssenceOfSteel"},{"floor":5.0,"key":"Cursed Concoction"},{"floor":7.0,"key":"Block Potion"},{"floor":20.0,"key":"SkillPotion"},{"floor":24.0,"key":"Fire Potion"},{"floor":25.0,"key":"Ancient Potion"},{"floor":31.0,"key":"PowerPotion"},{"floor":34.0,"key":"BottledMiracle"}],"is_trial":false,"path_per_floor":["M","$","M","M","M","R","M","R","T","M","M","R","M","$","R_BF","B",null,"M","?","M","?","AVR","E","M","M","T","R","M","R","M","M","R","B",null,"M","$","M","M","?","R","E","$","T","E","?","AVR","?","E","R","B",null,"R","$","E","B",null],"character_chosen":"WATCHER","items_purchased":["Study","EmptyBody","ReplayTheSpireMod:CursedCoin","aspiration:Lifesprig","Purity","Damaru","Replay:BluntJabs","Study","MentalFortress"],"campfire_rested":1,"item_purchase_floors":[0,0,2,2,14,36,42,42,53],"current_hp_per_floor":[72,72,68,66,22,22,6,6,6,17,24,24,33,33,33,31,72,66,52,52,52,52,49,49,49,49,49,25,46,47,47,47,39,77,73,73,73,71,71,71,71,71,71,74,74,74,57,60,60,48,85,85,88,89,76],"gold":99,"neow_bonus":"","is_daily":false,"chose_seed":false,"campfire_upgraded":7,"win_rate":0.0,"timestamp":1611412034,"path_taken":["M","$","M","M","M","R","M","R","T","M","M","R","M","$","R_BF","BOSS","M","?","M","?","AVR","E","M","M","T","R","M","R","M","M","R","BOSS","M","$","M","M","?","R","E","?","T","E","?","AVR","?","E","R","BOSS","R","$","E","BOSS"],"items_purchased_type":["Card","Card","Relic","Relic","Card","Relic","Card","Card","Card"],"build_version":"2020-12-22","purchased_purges":4,"victory":true,"max_hp_per_floor":[72,72,72,72,72,72,72,72,72,72,72,72,72,72,72,72,72,72,72,72,72,72,72,72,72,72,72,72,72,72,72,72,72,77,77,77,77,77,77,77,77,77,77,80,80,80,83,85,85,85,85,85,88,90,90],"relic_stats":{"Singing Bowl":4,"counters":[216,875],"Sundial":[54],"obtain_stats":[{"Golden Egg":31,"energizedSpire:UnstableMolecules":34,"Vampiric Spirits":29,"energizedSpire:CrystalSphere":22,"Whetstone":6,"Ginger":26,"Boot":40,"aspiration:RitualStick":19,"Ring of Searing":11,"Old Coin":6,"Blood Vial":8,"Replay:Ringing Soul":44,"aspiration:PoetsPen":51,"aspiration:BabyByrd":7,"Sundial":43,"MealTicket":13,"infinitespire:Golems Mask":7,"Fusion Hammer":17,"HandDrill":0,"Kunai":31,"aspiration:Headhunter":22,"Pear":54,"Counterbalance":5,"Blue Candle":17,"Velvet Choker":34,"Pen Nib":20,"Replay:Ancient Bell":17,"infinitespire:Magic Flask":10,"Akabeko":29,"aspiration:FrozenJewel":47,"Snecko Scales":29,"infinitespire:Lychee Nut":0,"infinitespire:Broken Mirror":13,"ReplayTheSpireMod:Ring of Collecting":12,"Bird Faced Urn":0,"Snecko Eye":34,"Pandora\u0027s Box":17,"CultistMask":14,"Unceasing Top":0,"energizedSpire:PogoStick":34,"Lantern":9,"aspiration:Lifesprig":2,"Singing Bowl":46,"King of Hearts":0,"Smiling Mask":7,"Burning Blood":0,"Pet Ghost":9,"Ring of Peace":20,"aspiration:AnachronicSnailShell":46,"Replay:Lucky Slots":24,"WingedGreaves":40,"energizedSpire:HugeHouse":17,"aspiration:FutureDiary":26,"Ring of Panic":11,"Ring of the Snake":0,"NeowsBlessing":0,"Self Forming Clay":9,"Golden Idol":3,"Damaru":36,"betterThird:NestCultRelic":21,"PreservedInsect":23,"aspiration:RandomNobGenerator":17,"infinitespire:Lucky Rock":20,"MawBank":9,"Ornamental Fan":54,"betterThird:SlimedRelic":4,"Orrery":53,"Art of War":7,"Garlic":12,"Bottled Lightning":26,"Champion Belt":42,"ReplayTheSpireMod:Ring of Challenge":26,"ReplayTheSpireMod:Lightbulb":36,"Toy Ornithopter":28,"infinitespire:Midas Blood":9,"Divine Protection":28,"Calipers":26,"Tiny House":34,"CeramicFish":47,"Vajra":9,"Lizard Tail":9,"Honey Jar":17,"aspiration:ArtOfWarUpgrade":10,"Ring of Hypnosis":12,"Happy Flower":53,"ReplayTheSpireMod:CursedCoin":10,"Dead Branch":27,"Oddly Smooth Stone":15,"aspiration:SeaSaltIceCream":26,"Letter Opener":30,"Replay:Baseball":14,"Shuriken":9,"Bronze Scales":42,"Molten Egg 2":7,"Simple Rune":43,"Onion Ring":46,"infinitespire:EmpoweringShard":19,"ReplayTheSpireMod:TigerMarble":17,"Grinning Jar":0,"Pocketwatch":0,"Meat on the Bone":9,"ReplayFunnel":53,"ReplayTheSpireMod:Ring of Exchange":22,"Snecko Heart":17,"Replay:PocketPolymizer":17,"aspiration:TomeofQuesting":0,"Incense Burner":36,"Empty Cage":17,"PrismaticShard":27,"ReplayTheSpireMod:EnergyBall":27,"Replay:Bandana":10,"energizedSpire:CursedPentagram":17,"Chameleon Ring":23,"Mummified Hand":53,"Pantograph":5,"Tiny Chest":0,"infinitespire:Chaos":0,"Cracked Core":0,"Gremlin Food":36,"energizedSpire:RedRose":17,"aspiration:FetidBarrel":46,"infinitespire:CursedDice":42,"Guide Book":36,"Quantum Egg":2,"infinitespire:EmptyRelic":0,"Odd Mushroom":8,"Orichalcum":0,"Medical Kit":11,"White Beast Statue":0,"Mercury Hourglass":23,"Strange Spoon":31,"REME:ComplimentaryCards":0,"CaptainsWheel":45,"aspiration:WatcherSkillbook":34,"infinitespire:Satchel":12,"Bag of Marbles":41,"Membership Card":0,"PureWater":0,"FossilizedHelix":20},{"Golden Egg":119,"energizedSpire:UnstableMolecules":146,"Vampiric Spirits":35,"energizedSpire:CrystalSphere":199,"Whetstone":57,"Ginger":142,"Boot":148,"aspiration:RitualStick":62,"Ring of Searing":82,"Old Coin":132,"Blood Vial":133,"Replay:Ringing Soul":211,"aspiration:PoetsPen":46,"aspiration:BabyByrd":67,"Sundial":210,"MealTicket":26,"infinitespire:Golems Mask":81,"Fusion Hammer":112,"HandDrill":64,"Kunai":145,"aspiration:Headhunter":199,"Pear":155,"Counterbalance":131,"Blue Candle":186,"Velvet Choker":94,"Pen Nib":187,"Replay:Ancient Bell":186,"infinitespire:Magic Flask":23,"Akabeko":13,"aspiration:FrozenJewel":44,"Snecko Scales":35,"infinitespire:Lychee Nut":156,"infinitespire:Broken Mirror":173,"ReplayTheSpireMod:Ring of Collecting":6,"Bird Faced Urn":53,"Snecko Eye":120,"Pandora\u0027s Box":73,"CultistMask":6,"Unceasing Top":18,"energizedSpire:PogoStick":14,"Lantern":159,"aspiration:Lifesprig":189,"Singing Bowl":212,"King of Hearts":104,"Smiling Mask":23,"Burning Blood":0,"Pet Ghost":133,"Ring of Peace":9,"aspiration:AnachronicSnailShell":126,"Replay:Lucky Slots":77,"WingedGreaves":97,"energizedSpire:HugeHouse":61,"aspiration:FutureDiary":12,"Ring of Panic":82,"Ring of the Snake":0,"NeowsBlessing":0,"Self Forming Clay":53,"Golden Idol":166,"Damaru":207,"betterThird:NestCultRelic":76,"PreservedInsect":88,"aspiration:RandomNobGenerator":197,"infinitespire:Lucky Rock":9,"MawBank":169,"Ornamental Fan":103,"betterThird:SlimedRelic":131,"Orrery":154,"Art of War":53,"Garlic":83,"Bottled Lightning":90,"Champion Belt":98,"ReplayTheSpireMod:Ring of Challenge":12,"ReplayTheSpireMod:Lightbulb":95,"Toy Ornithopter":117,"infinitespire:Midas Blood":23,"Divine Protection":13,"Calipers":33,"Tiny House":206,"CeramicFish":152,"Vajra":107,"Lizard Tail":5,"Honey Jar":137,"aspiration:ArtOfWarUpgrade":53,"Ring of Hypnosis":6,"Happy Flower":154,"ReplayTheSpireMod:CursedCoin":23,"Dead Branch":143,"Oddly Smooth Stone":196,"aspiration:SeaSaltIceCream":12,"Letter Opener":92,"Replay:Baseball":162,"Shuriken":81,"Bronze Scales":149,"Molten Egg 2":4,"Simple Rune":124,"Onion Ring":126,"infinitespire:EmpoweringShard":113,"ReplayTheSpireMod:TigerMarble":186,"Grinning Jar":18,"Pocketwatch":47,"Meat on the Bone":193,"ReplayFunnel":102,"ReplayTheSpireMod:Ring of Exchange":30,"Snecko Heart":85,"Replay:PocketPolymizer":186,"aspiration:TomeofQuesting":156,"Incense Burner":39,"Empty Cage":7,"PrismaticShard":12,"ReplayTheSpireMod:EnergyBall":90,"Replay:Bandana":23,"energizedSpire:CursedPentagram":28,"Chameleon Ring":31,"Mummified Hand":154,"Pantograph":167,"Tiny Chest":178,"infinitespire:Chaos":53,"Cracked Core":0,"Gremlin Food":39,"energizedSpire:RedRose":175,"aspiration:FetidBarrel":100,"infinitespire:CursedDice":124,"Guide Book":39,"Quantum Egg":130,"infinitespire:EmptyRelic":53,"Odd Mushroom":68,"Orichalcum":104,"Medical Kit":58,"White Beast Statue":53,"Mercury Hourglass":11,"Strange Spoon":13,"REME:ComplimentaryCards":0,"CaptainsWheel":212,"aspiration:WatcherSkillbook":38,"infinitespire:Satchel":110,"Bag of Marbles":42,"Membership Card":18,"PureWater":53,"FossilizedHelix":138},{"Golden Egg":525,"energizedSpire:UnstableMolecules":633,"Vampiric Spirits":170,"energizedSpire:CrystalSphere":824,"Whetstone":242,"Ginger":617,"Boot":641,"aspiration:RitualStick":272,"Ring of Searing":346,"Old Coin":582,"Blood Vial":585,"Replay:Ringing Soul":860,"aspiration:PoetsPen":208,"aspiration:BabyByrd":291,"Sundial":858,"MealTicket":124,"infinitespire:Golems Mask":344,"Fusion Hammer":482,"HandDrill":280,"Kunai":626,"aspiration:Headhunter":824,"Pear":664,"Counterbalance":579,"Blue Candle":764,"Velvet Choker":389,"Pen Nib":768,"Replay:Ancient Bell":764,"infinitespire:Magic Flask":112,"Akabeko":55,"aspiration:FrozenJewel":199,"Snecko Scales":170,"infinitespire:Lychee Nut":665,"infinitespire:Broken Mirror":718,"ReplayTheSpireMod:Ring of Collecting":18,"Bird Faced Urn":233,"Snecko Eye":533,"Pandora\u0027s Box":318,"CultistMask":18,"Unceasing Top":95,"energizedSpire:PogoStick":66,"Lantern":671,"aspiration:Lifesprig":774,"Singing Bowl":862,"King of Hearts":435,"Smiling Mask":112,"Burning Blood":0,"Pet Ghost":585,"Ring of Peace":38,"aspiration:AnachronicSnailShell":561,"Replay:Lucky Slots":332,"WingedGreaves":399,"energizedSpire:HugeHouse":265,"aspiration:FutureDiary":49,"Ring of Panic":346,"Ring of the Snake":0,"NeowsBlessing":0,"Self Forming Clay":233,"Golden Idol":691,"Damaru":851,"betterThird:NestCultRelic":327,"PreservedInsect":371,"aspiration:RandomNobGenerator":816,"infinitespire:Lucky Rock":38,"MawBank":701,"Ornamental Fan":428,"betterThird:SlimedRelic":579,"Orrery":662,"Art of War":233,"Garlic":349,"Bottled Lightning":376,"Champion Belt":403,"ReplayTheSpireMod:Ring of Challenge":49,"ReplayTheSpireMod:Lightbulb":391,"Toy Ornithopter":514,"infinitespire:Midas Blood":112,"Divine Protection":55,"Calipers":160,"Tiny House":848,"CeramicFish":655,"Vajra":447,"Lizard Tail":16,"Honey Jar":598,"aspiration:ArtOfWarUpgrade":233,"Ring of Hypnosis":18,"Happy Flower":662,"ReplayTheSpireMod:CursedCoin":112,"Dead Branch":621,"Oddly Smooth Stone":806,"aspiration:SeaSaltIceCream":49,"Letter Opener":381,"Replay:Baseball":676,"Shuriken":344,"Bronze Scales":645,"Molten Egg 2":11,"Simple Rune":551,"Onion Ring":561,"infinitespire:EmpoweringShard":489,"ReplayTheSpireMod:TigerMarble":764,"Grinning Jar":95,"Pocketwatch":209,"Meat on the Bone":796,"ReplayFunnel":422,"ReplayTheSpireMod:Ring of Exchange":147,"Snecko Heart":361,"Replay:PocketPolymizer":764,"aspiration:TomeofQuesting":665,"Incense Burner":184,"Empty Cage":29,"PrismaticShard":49,"ReplayTheSpireMod:EnergyBall":376,"Replay:Bandana":112,"energizedSpire:CursedPentagram":138,"Chameleon Ring":153,"Mummified Hand":662,"Pantograph":695,"Tiny Chest":740,"infinitespire:Chaos":233,"Cracked Core":0,"Gremlin Food":184,"energizedSpire:RedRose":731,"aspiration:FetidBarrel":413,"infinitespire:CursedDice":551,"Guide Book":184,"Quantum Egg":577,"infinitespire:EmptyRelic":233,"Odd Mushroom":295,"Orichalcum":435,"Medical Kit":247,"White Beast Statue":233,"Mercury Hourglass":46,"Strange Spoon":55,"REME:ComplimentaryCards":0,"CaptainsWheel":862,"aspiration:WatcherSkillbook":181,"infinitespire:Satchel":465,"Bag of Marbles":193,"Membership Card":95,"PureWater":233,"FossilizedHelix":601}],"aspiration:RitualStick":[4],"Meat on the Bone":84},"card_choices":[{"not_picked":["ThirdEye","FollowUp","PathToVictory"],"picked":"SKIP","floor":1.0},{"not_picked":["EmptyFist","Replay:ManipulateFuture"],"picked":"Replay:Hum","floor":3.0},{"not_picked":["Protect","BowlingBash"],"picked":"ClearTheMind","floor":4.0},{"not_picked":["WaveOfTheHand","Replay:AtTheReady","Replay:Vibes"],"picked":"SKIP","floor":5.0},{"not_picked":["CrushJoints","ThirdEye","Crescendo"],"picked":"SKIP","floor":7.0},{"not_picked":["Evaluate","FollowUp","DeceiveReality"],"picked":"SKIP","floor":10.0},{"not_picked":["Vengeance","SashWhip"],"picked":"Vault","floor":11.0},{"not_picked":["Protect","Replay:AtTheReady","CutThroughFate"],"picked":"SKIP","floor":13.0},{"not_picked":["Ragnarok","Vault"],"picked":"Blasphemy","floor":16.0},{"not_picked":["JustLucky","FlyingSleeves","CrushJoints+1"],"picked":"SKIP","floor":18.0},{"not_picked":["WindmillStrike","Swivel+1","FlyingSleeves"],"picked":"SKIP","floor":20.0},{"not_picked":["EmptyBody","Wireheading"],"picked":"EmptyFist","floor":23.0},{"not_picked":["Evaluate","Replay:AtTheReady+1"],"picked":"PathToVictory","floor":24.0},{"not_picked":["EmptyBody+1","Judgement"],"picked":"Study+1","floor":25.0},{"not_picked":["WaveOfTheHand","Halt","Protect"],"picked":"SKIP","floor":28.0},{"not_picked":["WreathOfFlame+1","Replay:ManipulateFuture","Evaluate"],"picked":"SKIP","floor":30.0},{"not_picked":["FlyingSleeves","Evaluate+1"],"picked":"Sanctity","floor":31.0},{"not_picked":["FearNoEvil","EmptyBody+1"],"picked":"Replay:Battleflow","floor":34.0},{"not_picked":["ThirdEye+1","FlyingSleeves+1","SashWhip+1"],"picked":"SKIP","floor":35.0},{"not_picked":["Indignation","Replay:ManipulateFuture+1"],"picked":"PathToVictory","floor":37.0},{"not_picked":["CutThroughFate+1","Evaluate","Tantrum"],"picked":"SKIP","floor":38.0},{"not_picked":["EmptyFist","LessonLearned","CarveReality+1"],"picked":"SKIP","floor":41.0},{"not_picked":["DeceiveReality+1","ClearTheMind"],"picked":"FlurryOfBlows+1","floor":44.0},{"not_picked":["infinitespire:Gouge","infinitespire:Starlight"],"picked":"infinitespire:Execution","floor":47},{"not_picked":["ThirdEye","Conclude","CutThroughFate"],"picked":"Singing Bowl","floor":48},{"not_picked":["Wallop+1","Replay:BluntJabs","Consecrate"],"picked":"Singing Bowl","floor":54}],"player_experience":299429,"relics_obtained":[{"floor":9.0,"key":"Meat on the Bone"},{"floor":15.0,"key":"Oddly Smooth Stone"},{"floor":23.0,"key":"Pet Ghost"},{"floor":41.0,"key":"Replay:PocketPolymizer"},{"floor":43.0,"key":"Sundial"},{"floor":44.0,"key":"Replay:Ringing Soul"},{"floor":45,"key":"CaptainsWheel"},{"floor":48,"key":"ReplayTheSpireMod:TigerMarble"},{"floor":54,"key":"aspiration:SeaSaltIceCream"}],"event_choices":[{"damage_healed":0.0,"max_hp_gain":0.0,"max_hp_loss":8.0,"gold_gain":0.0,"event_name":"betterThird:BetterWriting","player_choice":"Materialism","floor":21.0,"gold_loss":0.0,"damage_taken":0.0},{"damage_healed":0.0,"max_hp_gain":0.0,"max_hp_loss":0.0,"gold_gain":0.0,"event_name":"Duplicator","player_choice":"Copied","floor":39.0,"gold_loss":0.0,"damage_taken":0.0,"cards_obtained":["infinitespire:Collect"]},{"damage_healed":0.0,"max_hp_gain":0.0,"max_hp_loss":0.0,"gold_gain":0.0,"event_name":"Mysterious Sphere","player_choice":"Fight","floor":45.0,"gold_loss":0.0,"damage_taken":0.0}],"is_beta":false,"boss_relics":[{"not_picked":["Replay:Drink Me","Pandora\u0027s Box"],"picked":"aspiration:RandomNobGenerator"},{"not_picked":["Honey Jar","aspiration:RunicSpoon"],"picked":"Tiny House"}],"items_purged_floors":[2,36,42,46],"is_endless":false,"potions_floor_spawned":[3,4,5,7,13,20,24,25,31,41,44,45,54],"ascension_level":2}}