{"host":"tfascwgynrmsv7c9","time":1611430443,"event":{"mods":["Act Like it!","BaseMod","Hallownest","Highlight Path","Minty Spire (QoL Compilation)","StSLib","The Bug Knight"],"gold_per_floor":[110,110,110,110,73,105,117,141,153,178,209,234,274,211,223,333,395,425,437,449,725,725,725,739,754,754,807,827,133,133,192,192,288,288,307,307,207,227,11,11,43,203,228,128,139,151,2,2,2,2],"floor_reached":51,"language":"ENG","playtime":14325,"items_purged":["Doubt","Hallownest:curseDreamersLament"],"score":790,"play_id":"715e08c5-b706-4b91-8ca0-ca76a9ba7671","local_time":"20210123203403","is_ascension_mode":true,"campfire_choices":[{"data":"HollowMod:SoulSplash","floor":15,"key":"SMITH"},{"data":"HollowMod:SlysStrikes","floor":23,"key":"SMITH"},{"data":"Discovery","floor":32,"key":"SMITH"},{"data":"Apotheosis","floor":40,"key":"SMITH"},{"data":"HollowMod:MonarchWings","floor":49,"key":"SMITH"}],"circlet_count":0,"master_deck":["HollowMod:NailStrikeStart","HollowMod:NailStrikeStart","HollowMod:NailStrikeStart","HollowMod:NailStrikeStart","HollowMod:QuickDashStart","HollowMod:QuickDashStart","HollowMod:QuickDashStart","HollowMod:QuickDashStart","HollowMod:FocusHealStart","HollowMod:PogoStrike","Injury","HollowMod:MonarchWings+1","HollowMod:HowlingWraiths","HollowMod:MonarchWings+1","HollowMod:AwokenDreamNail","HollowMod:DashSlash","HollowMod:DashSlash","HollowMod:SoulSplash+1","Hallownest:skillGreenpathMap","HollowMod:SlysStrikes+1","HollowMod:CloakDash","HollowMod:SoulStrike+1","HollowMod:SiblingsSouls","HollowMod:SiblingsSouls","HollowMod:ChannelNail","Discovery+1","HollowMod:BaldurShell","HollowMod:ZotesMagnificence","HollowMod:SlysStrikes","HollowMod:theNailsmith","HollowMod:InfectedCysts+1","HollowMod:MylasSalvation","HollowMod:MonarchWings+1","Apotheosis+1","HollowMod:DungDefenderAura","HollowMod:VengefulSpirit+1","HollowMod:DesolateDive+1","HollowMod:MylasSalvation","Hallownest:curseDreamersLament"],"relics":["HollowMod:VesselMask","Calipers","Hallownest:TeacherSealRelic","HollowMod:LumaflyLanternRelic","Nunchaku","Mercury Hourglass","Tiny House","Letter Opener","WarpedTongs","Pantograph","Ornamental Fan","HollowMod:MillibellesNoteRelic","Toolbox","Potion Belt","Cursed Key","Molten Egg 2","Bottled Lightning","Hallownest:GodTamersBeastRelic","Vajra","DollysMirror","Hallownest:BeastSealRelic"],"acts_visited":["Hallownest:Greenpath","Hallownest:CityofTears","Hallownest:KingdomsEdge"],"potions_floor_usage":[13,33,35,46,50],"damage_taken":[{"damage":0,"enemies":"Hallownest:2_Baldur","floor":1,"turns":3},{"damage":25,"enemies":"Hallownest:eliteMossKnight","floor":6,"turns":10},{"damage":3,"enemies":"Hallownest:2_Tiktiks_and_1_Crawlid","floor":8,"turns":5},{"damage":0,"enemies":"Hallownest:monsterHuskWarrior","floor":10,"turns":5},{"damage":0,"enemies":"Hallownest:monsterMossCharger","floor":11,"turns":7},{"damage":13,"enemies":"Hallownest:MossCreep_and_Mosskin","floor":12,"turns":6},{"damage":6,"enemies":"Hallownest:eliteCrystalGuardian","floor":13,"turns":8},{"damage":32,"enemies":"Hallownest:BossBrokenVessel","floor":16,"turns":10},{"damage":2,"enemies":"Hallownest:2_Mistakes","floor":18,"turns":4},{"damage":9,"enemies":"Hallownest:Guard_and_Sentry","floor":24,"turns":5},{"damage":14,"enemies":"Hallownest:Master_and_Novice","floor":25,"turns":5},{"damage":2,"enemies":"Hallownest:monsterShrumalOgre","floor":28,"turns":7},{"damage":12,"enemies":"Hallownest:Glutton_and_Coward","floor":31,"turns":3},{"damage":20,"enemies":"Hallownest:BossGrimm","floor":33,"turns":10},{"damage":0,"enemies":"Hallownest:2_Littles","floor":35,"turns":5},{"damage":16,"enemies":"Hallownest:Shield_Heavy","floor":38,"turns":3},{"damage":24,"enemies":"Hallownest:eliteHiveKnight","floor":41,"turns":8},{"damage":8,"enemies":"Hallownest:eliteHiveKnight","floor":42,"turns":3},{"damage":0,"enemies":"Hallownest:eliteHiveKnight","floor":42,"turns":8},{"damage":14,"enemies":"Hallownest:eliteHiveKnight","floor":42,"turns":5},{"damage":0,"enemies":"Hallownest:eliteHiveKnight","floor":42,"turns":2},{"damage":0,"enemies":"Hallownest:2_Wandering_and_1_Horned","floor":45,"turns":4},{"damage":0,"enemies":"Hallownest:2_Great","floor":46,"turns":1},{"damage":44,"enemies":"Hallownest:BossHollowKnight","floor":50,"turns":10}],"seed_played":"4048865895282967270","potions_obtained":[{"floor":8,"key":"Block Potion"},{"floor":10,"key":"SmokeBomb"},{"floor":17,"key":"Swift Potion"},{"floor":28,"key":"Weak Potion"},{"floor":33,"key":"Block Potion"},{"floor":45,"key":"Block Potion"}],"is_trial":false,"path_per_floor":["M","?","?","?","$","E","T","M","T","M","M","M","E","?","R","B",null,"M","?","?","?","T","R","M","M","T","T","M","$","?","M","R","B",null,"M","?","?","M","$","R","E","?","T","$","M","M","$","?","R","B",null],"character_chosen":"THE_BUGKNIGHT","items_purchased":["HollowMod:MonarchWings","Discovery","HollowMod:BaldurShell","Toolbox","HollowMod:ZotesMagnificence","Potion Belt","Apotheosis","HollowMod:DungDefenderAura","DollysMirror"],"campfire_rested":0,"item_purchase_floors":[5,29,29,29,29,29,39,39,47],"current_hp_per_floor":[75,75,75,75,75,58,58,61,61,67,75,62,66,66,66,34,80,78,78,78,78,78,78,75,61,61,61,75,75,75,69,69,65,80,80,80,80,64,64,64,56,60,60,60,60,60,60,60,60,45],"gold":2,"neow_bonus":"ONE_RARE_RELIC","is_daily":false,"chose_seed":false,"campfire_upgraded":5,"win_rate":0.0,"timestamp":1611430443,"path_taken":["M","?","?","?","$","E","?","M","T","?","?","M","E","?","R","BOSS","M","?","?","?","?","R","M","?","T","?","?","$","?","M","R","BOSS","M","?","?","M","$","R","E","?","T","?","?","M","$","?","R","BOSS"],"items_purchased_type":["Card","Card","Card","Relic","Card","Relic","Card","Card","Relic"],"build_version":"2020-12-22","purchased_purges":2,"victory":true,"max_hp_per_floor":[75,75,75,75,75,75,75,75,75,75,75,75,75,75,75,75,80,80,80,80,80,80,80,80,80,80,80,80,80,80,80,80,80,80,80,80,80,80,80,80,80,80,80,80,80,80,80,80,80,80],"card_choices":[{"not_picked":["HollowMod:BlackTendrils","HollowMod:TaintedHusks","HollowMod:MawleksShell"],"picked":"SKIP","floor":1},{"not_picked":["HollowMod:CornifersMapStart","HollowMod:QuirrelsAssistance"],"picked":"HollowMod:HowlingWraiths","floor":6},{"not_picked":["HollowMod:QuirrelsAssistance","HollowMod:InfectedCysts"],"picked":"HollowMod:MonarchWings","floor":8},{"not_picked":["HollowMod:VengefulVoid","HollowMod:CycloneSlash"],"picked":"HollowMod:AwokenDreamNail","floor":10},{"not_picked":["HollowMod:DescendingDark","HollowMod:NewJinnsSoul"],"picked":"HollowMod:DashSlash","floor":11},{"not_picked":["HollowMod:HowlingWraiths","HollowMod:DescendingDark"],"picked":"HollowMod:DashSlash","floor":12},{"not_picked":["HollowMod:WraithStrike","HollowMod:SoulMaster"],"picked":"HollowMod:SoulSplash","floor":13},{"not_picked":["HollowMod:LordofShades","HollowMod:ElderbugsWisdom"],"picked":"HollowMod:SlysStrikes","floor":16},{"not_picked":["HollowMod:ShadowDash","HollowMod:HowlingWraiths"],"picked":"HollowMod:CloakDash","floor":17},{"not_picked":["HollowMod:NewGlowingWomb","HollowMod:SoulSplash"],"picked":"HollowMod:SoulStrike+1","floor":18},{"not_picked":["HollowMod:AbyssShriek","HollowMod:InfectedAttack"],"picked":"HollowMod:SiblingsSouls","floor":24},{"not_picked":["HollowMod:ChannelNail","HollowMod:InfectedCysts"],"picked":"HollowMod:SiblingsSouls","floor":25},{"not_picked":["HollowMod:TaintedHusks","HollowMod:WraithStrike"],"picked":"HollowMod:ChannelNail","floor":28},{"not_picked":["HollowMod:GreatSlash","HollowMod:SharpenedShadows+1"],"picked":"HollowMod:SlysStrikes","floor":31},{"not_picked":["HollowMod:LordofShades","HollowMod:SoulMaster"],"picked":"HollowMod:theNailsmith","floor":33},{"not_picked":["HollowMod:InfectedAttack+1","HollowMod:TaintedHusks+1"],"picked":"HollowMod:InfectedCysts+1","floor":35},{"not_picked":["HollowMod:TaintedHusks","HollowMod:SoulStrike+1"],"picked":"HollowMod:MonarchWings+1","floor":38},{"not_picked":["HollowMod:DungDefenderAura","HollowMod:CoiledNail+1"],"picked":"HollowMod:VengefulSpirit+1","floor":41},{"not_picked":["HollowMod:CycloneSlash+1","HollowMod:InfectionAssault+1","HollowMod:DoubleDash"],"picked":"SKIP","floor":45},{"not_picked":["HollowMod:NewLittleFool+1","HollowMod:CycloneSlash+1"],"picked":"HollowMod:DesolateDive+1","floor":46}],"player_experience":71798,"relics_obtained":[{"floor":6,"key":"MawBank"},{"floor":7,"key":"HollowMod:LumaflyLanternRelic"},{"floor":9,"key":"Nunchaku"},{"floor":13,"key":"Mercury Hourglass"},{"floor":22,"key":"Pantograph"},{"floor":26,"key":"Ornamental Fan"},{"floor":27,"key":"HollowMod:MillibellesNoteRelic"},{"floor":41,"key":"Bottled Lightning"},{"floor":43,"key":"Vajra"}],"event_choices":[],"is_beta":false,"boss_relics":[{"not_picked":["Runic Pyramid","SacredBark"],"picked":"Tiny House"},{"not_picked":["Empty Cage","Calling Bell"],"picked":"Cursed Key"}],"items_purged_floors":[29,44],"is_endless":false,"potions_floor_spawned":[8,10,11,25,28,33,42,42,42,45],"ascension_level":1}}