{"host":"ockkdcgl3b18tfz9","time":1611419966,"event":{"mods":["2.2 Compatiblity","BaseMod","Better Skull","Better Third Choice","BetterRewards","Hermit","Minty Spire (QoL Compilation)","Quick Restart","Replay The Spire","Spicy Shops","StSLib","SuperFastMode","The Jungle"],"gold_per_floor":[115,128,138,213,213,213,229,229,229,229,258,40,51,51,51,124,124,142,159,174,184,18,48,48,48,48],"floor_reached":25,"language":"ENG","playtime":619,"items_purged":["Strike_G"],"score":390,"play_id":"4637975c-403d-4186-9d25-ef81e1b40dec","local_time":"20210123233926","is_ascension_mode":true,"campfire_choices":[{"data":"Noxious Fumes","floor":6,"key":"SMITH"},{"data":"Calculated Gamble","floor":8,"key":"SMITH"},{"floor":15,"key":"REST"},{"floor":24,"key":"REST"}],"circlet_count":0,"master_deck":["AscendersBane","Strike_G","Strike_G+1","Strike_G","Strike_G","Defend_G","Defend_G","Defend_G","Defend_G","Defend_G","Survivor+1","Neutralize","Noxious Fumes+1","Calculated Gamble+1","PiercingWail","Blade Dance","Dagger Spray","Noxious Fumes","Escape Plan","Sucker Punch","Adrenaline","Writhe","Bane","Dagger Spray","Replay:Poison Smokescreen","Dash","Bullet Time","Hidden Blade+1","Slice","Deadly Poison","Blade Dance","Accuracy","PiercingWail"],"relics":["Ring of the Snake","NeowsBlessing","Prayer Wheel","ReplayTheSpireMod:TigerMarble","Membership Card","Mirror","Replay:Ancient Bell","Omamori","Kunai","Turnip","Divine Protection","Replay:Arrowhead","Smiling Mask"],"acts_visited":["Exordium","TheCity"],"potions_floor_usage":[11,11,16,16,21,23],"damage_taken":[{"damage":0,"enemies":"Cultist","floor":1,"turns":1},{"damage":0,"enemies":"Jaw Worm","floor":2,"turns":1},{"damage":0,"enemies":"Small Slimes","floor":3,"turns":1},{"damage":0,"enemies":"2 Fungi Beasts","floor":7,"turns":4},{"damage":14,"enemies":"Lagavulin","floor":11,"turns":6},{"damage":10,"enemies":"Gremlin Gang","floor":13,"turns":4},{"damage":22,"enemies":"The Guardian","floor":16,"turns":7},{"damage":15,"enemies":"Chosen","floor":18,"turns":5},{"damage":0,"enemies":"3 Byrds","floor":19,"turns":4},{"damage":11,"enemies":"Sentry and Sphere","floor":20,"turns":5},{"damage":19,"enemies":"3 Cultists","floor":21,"turns":6},{"damage":2,"enemies":"Gremlin Leader","floor":23,"turns":6},{"damage":23,"enemies":"Cultist and Chosen","floor":25,"turns":7}],"seed_played":"-2609296014311797876","potions_obtained":[{"floor":1,"key":"LiquidBronze"},{"floor":7,"key":"Block Potion"},{"floor":11,"key":"Energy Potion"},{"floor":14,"key":"PowerPotion"},{"floor":18,"key":"Adrenaline Potion"},{"floor":21,"key":"PowerPotion"}],"is_trial":false,"path_per_floor":["M","M","M","?","T","R","M","R","T","?","E","$","M","?","R","B",null,"M","M","M","M","$","E","R","M"],"character_chosen":"THE_SILENT","items_purchased":["Membership Card","Mirror","Divine Protection","Blade Dance","Replay:Arrowhead","Accuracy"],"campfire_rested":2,"item_purchase_floors":[12,12,22,22,22,22],"current_hp_per_floor":[59,59,59,48,48,48,48,48,48,28,14,14,4,4,23,1,50,35,35,24,5,5,3,22,0,0],"gold":48,"neow_bonus":"THREE_ENEMY_KILL","is_daily":false,"chose_seed":false,"campfire_upgraded":2,"win_rate":0.0,"timestamp":1611419966,"path_taken":["M","M","?","?","?","R","M","R","T","?","E","$","M","?","R","BOSS","M","M","?","M","$","E","R","M"],"items_purchased_type":["Relic","Relic","Relic","Card","Relic","Card"],"build_version":"2020-12-22","purchased_purges":1,"victory":false,"max_hp_per_floor":[66,66,66,66,66,66,66,66,66,66,66,66,66,66,66,66,66,66,66,66,66,66,66,66,66,66],"card_choices":[{"not_picked":["Acrobatics","Deflect"],"picked":"Noxious Fumes","floor":1},{"not_picked":["Hidden Blade","Acrobatics"],"picked":"Calculated Gamble","floor":2},{"not_picked":["Bane","Atom Bomb"],"picked":"PiercingWail","floor":3},{"not_picked":["Dodge and Roll","Sucker Punch"],"picked":"Blade Dance","floor":7},{"not_picked":["Replay:Poison Smokescreen","Infinite Blades"],"picked":"Dagger Spray","floor":7},{"not_picked":["Glass Knife","Cloak And Dagger"],"picked":"Noxious Fumes","floor":11},{"not_picked":["Heel Hook","Dodge and Roll"],"picked":"Escape Plan","floor":13},{"not_picked":["Flying Knee","Escape Plan"],"picked":"Sucker Punch","floor":13},{"not_picked":["Storm of Steel","Die Die Die"],"picked":"Adrenaline","floor":16},{"not_picked":["Parasite","ReplayTheSpireMod:Faulty Equipment"],"picked":"Clumsy","floor":17},{"not_picked":["Parasite","ReplayTheSpireMod:Restless Dread"],"picked":"Decay","floor":17},{"not_picked":["Doubt","Overencumbered"],"picked":"Writhe","floor":17},{"not_picked":["Quick Slash","Acrobatics"],"picked":"Bane","floor":18},{"not_picked":["Dodge and Roll","Heel Hook"],"picked":"Dagger Spray","floor":18},{"not_picked":["Quick Slash","ReplayTheSpireMod:Tripwire"],"picked":"Replay:Poison Smokescreen","floor":19},{"not_picked":["ReplayTheSpireMod:Exploit Weakness","Dagger Throw"],"picked":"Dash","floor":19},{"not_picked":["Outmaneuver","Blade Dance+1"],"picked":"Bullet Time","floor":20},{"not_picked":["Well Laid Plans","Dagger Throw"],"picked":"Hidden Blade+1","floor":20},{"not_picked":["ReplayTheSpireMod:The Works","Acrobatics"],"picked":"Slice","floor":21},{"not_picked":["Dagger Throw","Hidden Blade"],"picked":"Deadly Poison","floor":21},{"not_picked":["Replay:Poison Smokescreen","Prepared"],"picked":"PiercingWail","floor":23}],"player_experience":313448,"relics_obtained":[{"floor":5,"key":"Prayer Wheel"},{"floor":11,"key":"ReplayTheSpireMod:TigerMarble"},{"floor":23,"key":"Smiling Mask"}],"event_choices":[{"damage_healed":0,"gold_gain":75,"player_choice":"Gold","damage_taken":11,"max_hp_gain":0,"max_hp_loss":0,"event_name":"betterThird:BetterGoop","floor":4,"gold_loss":0},{"damage_healed":48,"gold_gain":0,"player_choice":"Upgrade","damage_taken":20,"max_hp_gain":0,"max_hp_loss":66,"event_name":"betterThird:BetterShining","floor":10,"gold_loss":0,"cards_upgraded":["Strike_G","Survivor"]},{"damage_healed":0,"gold_gain":0,"player_choice":"Got Potions","damage_taken":0,"max_hp_gain":0,"max_hp_loss":0,"event_name":"Lab","floor":14,"gold_loss":0}],"is_beta":false,"boss_relics":[{"not_picked":["Ring of the Serpent","Cursed Key"],"picked":"Replay:Ancient Bell"},{"not_picked":["Boot","Grinning Jar"],"picked":"Omamori"},{"not_picked":["White Beast Statue","Toxic Egg 2"],"picked":"Kunai"},{"not_picked":["Thread and Needle","Old Coin"],"picked":"Turnip"}],"items_purged_floors":[22],"is_endless":false,"potions_floor_spawned":[1,7,11,18,21],"killed_by":"Cultist and Chosen","ascension_level":15}}