{"host":"TheShotgunBoss","time":1611427374,"event":{"mods":["AchievementEnabler","Always Whale","Aspiration","BaseMod","Beaked The Cultist","Colored Map","Colored Powertips","Colorless Booster Pack","Conspire","Downfall","Energized Spire","FetchMod","GifTheSpireLib","Halation","Hubris","Infinite Spire","Jedi Mod","Minty Spire (QoL Compilation)","Poor People Problems","Quick Restart","RNG!","Relic Sorter","SacredBarkPlus","Shop Mod","Spikes Relics","StSLib","Stuff the Spire","The Blue Laboratory","The Construct","Uncapped","Unceasing Turn Reminder","everything is the same but u backflip on backflip","vexMod","??????REMEMod"],"gold_per_floor":[99,110,129,149,149,177,202,236,236,253,78,78,78,108,127,231,231,131,145,155,155,175,190,264,297,313,313,346,346,346,366,383,480,480,480,491,491,491,491,521,521,521],"floor_reached":40,"language":"ENG","playtime":2011,"items_purged":["Pain","Slimebound:Strike_Slimebound+1"],"score":495,"play_id":"a4fe4e2b-e27f-4abf-a92c-1a6ac772bb2d","local_time":"20210123134254","is_ascension_mode":true,"campfire_choices":[{"data":"Slimebound:Split","floor":1,"key":"SMITH"},{"floor":13,"key":"REST"},{"data":"Slimebound:Darklings","floor":18,"key":"SMITH"},{"data":"Slimebound:GoopSpray","floor":27,"key":"SMITH"},{"floor":35,"key":"RECALL"}],"circlet_count":0,"master_deck":["Slimebound:Strike_Slimebound+1","Slimebound:Tackle","Slimebound:Defend_Slimebound","Slimebound:Defend_Slimebound","Slimebound:Defend_Slimebound","Slimebound:Defend_Slimebound","Slimebound:Split+1","Slimebound:CorrosiveSpit","Slimebound:MinionMaster","Slimebound:LeadByExample","Slimebound:SplitMire","Slimebound:SplitAcid","Slimebound:Darklings+1","Slimebound:LevelUp","Slimebound:GoopSpray+1","Slimebound:MinionMaster","Slimebound:PressTheAttack","Slimebound:SlimeBarrage","Slimebound:LivingWall","Slimebound:Repurpose+1","Slimebound:SelfFormingGoo"],"relics":["Slimebound:AbsorbEndCombat","REME_ComplimentaryCards","Akabeko","conspire:BottledYoYo","Happy Flower","Whetstone","WarpedTongs","aspiration:BabyByrd","vexMod:FocusSash","Sandwich","downfall:HeartBlessingGreen","SpikesRelics:ToyHorsey","vexMod:PlasmaPancake","halation:Trompette","jedi:hotpepper","aspiration:ChemicalBlood","REME_LowDesire","Bag of Preparation","Omamori"],"acts_visited":["Exordium","TheCity","TheBeyond"],"potions_floor_usage":[40,40,40,40],"damage_taken":[{"damage":5,"enemies":"Small Slimes","floor":2,"turns":3},{"damage":5,"enemies":"Jaw Worm","floor":3,"turns":6},{"damage":1,"enemies":"Cultist","floor":4,"turns":4},{"damage":15,"enemies":"Lagavulin","floor":6,"turns":6},{"damage":29,"enemies":"3 Sentries","floor":8,"turns":9},{"damage":4,"enemies":"3 Louse","floor":10,"turns":2},{"damage":14,"enemies":"downfall:FleeingMerchant","floor":11,"turns":4},{"damage":2,"enemies":"Lagavulin","floor":14,"turns":6},{"damage":10,"enemies":"Exordium Thugs","floor":15,"turns":3},{"damage":24,"enemies":"WA_ARCHETYPE_RETAIN","floor":16,"turns":8},{"damage":15,"enemies":"3 Byrds","floor":19,"turns":3},{"damage":3,"enemies":"Shell Parasite","floor":20,"turns":4},{"damage":17,"enemies":"Sentry and Sphere","floor":22,"turns":4},{"damage":13,"enemies":"Shelled Parasite and Fungi","floor":23,"turns":4},{"damage":4,"enemies":"conspire:SneckoGhost","floor":25,"turns":5},{"damage":13,"enemies":"3 Cultists","floor":26,"turns":3},{"damage":0,"enemies":"conspire:Head Lice","floor":28,"turns":5},{"damage":15,"enemies":"conspire:HollyBat","floor":31,"turns":4},{"damage":11,"enemies":"Shelled Parasite and Fungi","floor":32,"turns":5},{"damage":22,"enemies":"SI_MIRROR_ARCHETYPE","floor":33,"turns":8},{"damage":6,"enemies":"3 Darklings","floor":36,"turns":3},{"damage":62,"enemies":"Nemesis","floor":40,"turns":6}],"seed_played":"2124595497535695019","potions_obtained":[{"floor":2,"key":"blueLaboratory:TrueEctoplasm"},{"floor":6,"key":"EntropicBrew"},{"floor":10,"key":"Block Potion"}],"is_trial":false,"path_per_floor":["R","M","M","M","?","E","T","E","?","M","$","?","R","E","M","B",null,"R","M","M","?","M","M","T","E","M","R","E","?","?","M","M","B",null,"R","M","?","?","AVR","E"],"character_chosen":"SLIMEBOUND","items_purchased":["Slimebound:LevelUp","Slimebound:GoopSpray"],"campfire_rested":1,"item_purchase_floors":[11,11],"current_hp_per_floor":[65,60,63,64,61,54,54,27,27,23,13,13,32,34,28,12,65,65,65,64,64,48,39,39,49,40,40,48,48,48,50,47,33,53,53,51,51,51,51,0,0,0],"gold":521,"neow_bonus":"ONE_RANDOM_RARE_CARD","is_daily":false,"chose_seed":false,"campfire_upgraded":3,"win_rate":0.0,"timestamp":1611427374,"path_taken":["R","M","M","M","?","E","T","E","?","?","$","?","R","E","M","BOSS","R","M","M","?","?","M","T","E","M","R","E","?","?","?","M","BOSS","R","M","?","?","AVR","E"],"items_purchased_type":["Card","Card"],"build_version":"2020-12-18","purchased_purges":2,"victory":false,"max_hp_per_floor":[65,65,65,65,65,65,65,65,65,65,65,65,65,65,65,65,65,65,65,65,65,65,65,65,71,71,71,71,71,71,71,71,71,53,53,53,53,53,53,53,53,53],"card_choices":[{"not_picked":["Slimebound:SplitAcid","Slimebound:GoopTackle"],"picked":"Slimebound:LeadByExample","floor":2},{"not_picked":["Slimebound:PressTheAttack","Slimebound:GoopTackle"],"picked":"Slimebound:SplitMire","floor":3},{"not_picked":["Slimebound:Recycling","Slimebound:FinishingTackle"],"picked":"Slimebound:SplitAcid","floor":4},{"not_picked":["Slimebound:RollThrough","Slimebound:ComboTackle","Slimebound:Schlurp"],"picked":"SKIP","floor":6},{"not_picked":["Slimebound:LivingWall","Slimebound:ItLooksTasty"],"picked":"Slimebound:Darklings","floor":8},{"not_picked":["Slimebound:SplitSpecialist","Slimebound:BestDefense","Slimebound:SplitAcid"],"picked":"SKIP","floor":10},{"not_picked":["Slimebound:Schlurp","Slimebound:ItLooksTasty","Slimebound:HungryTackle"],"picked":"SKIP","floor":11},{"not_picked":["Slimebound:FlameTackle","Slimebound:SplitBruiser","Slimebound:ViciousTackle"],"picked":"SKIP","floor":14},{"not_picked":["Slimebound:Schlurp","Slimebound:Prepare","Slimebound:FinishingTackle"],"picked":"SKIP","floor":15},{"not_picked":["Slimebound:Darklings","Slimebound:OozeBath"],"picked":"Slimebound:MinionMaster","floor":16},{"not_picked":["Slimebound:HungryTackle","Slimebound:ComboTackle"],"picked":"Slimebound:PressTheAttack","floor":19},{"not_picked":["Slimebound:Prepare","Slimebound:RejuvenatingLick","Slimebound:LeechEnergy"],"picked":"SKIP","floor":20},{"not_picked":["Slimebound:ServeAndProtect","Slimebound:TongueLash","Slimebound:FinishingTackle+1"],"picked":"SKIP","floor":22},{"not_picked":["Slimebound:Replication","Slimebound:GoopTackle","Slimebound:LeechingTouch+1"],"picked":"SKIP","floor":23},{"not_picked":["Slimebound:SamplingLick+1","Slimebound:AcidTongue"],"picked":"Slimebound:SlimeBarrage","floor":25},{"not_picked":["Slimebound:ItLooksTasty","Slimebound:ViciousTackle","Slimebound:LeechingTouch"],"picked":"SKIP","floor":26},{"not_picked":["Slimebound:Dissolve","Slimebound:SplitMire","Slimebound:ForwardTackle"],"picked":"SKIP","floor":28},{"not_picked":["Slimebound:SlimeBrawl","Slimebound:LivingWall+1"],"picked":"Slimebound:Repurpose+1","floor":31},{"not_picked":["Slimebound:LeechingTouch","Slimebound:Nibble+1","Slimebound:Schlurp"],"picked":"SKIP","floor":32},{"not_picked":["Slimebound:Teamwork","Slimebound:MassRepurpose"],"picked":"Slimebound:SelfFormingGoo","floor":33},{"not_picked":["Slimebound:ComboTackle","Slimebound:SplitLeeching","Slimebound:FinishingTackle+1"],"picked":"SKIP","floor":36}],"player_experience":302311,"relics_obtained":[{"floor":6,"key":"conspire:BottledYoYo"},{"floor":7,"key":"Happy Flower"},{"floor":8,"key":"Whetstone"},{"floor":14,"key":"vexMod:FocusSash"},{"floor":24,"key":"SpikesRelics:ToyHorsey"},{"floor":25,"key":"vexMod:PlasmaPancake"},{"floor":28,"key":"halation:Trompette"},{"floor":39,"key":"Bag of Preparation"},{"floor":39,"key":"Omamori"}],"event_choices":[{"damage_healed":0,"gold_gain":0,"player_choice":"Success","damage_taken":3,"relics_obtained":["Akabeko"],"max_hp_gain":0,"max_hp_loss":0,"event_name":"Scrap Ooze","floor":5,"gold_loss":0},{"damage_healed":0,"gold_gain":0,"player_choice":"Rummage","damage_taken":0,"relics_obtained":["WarpedTongs"],"max_hp_gain":0,"max_hp_loss":0,"event_name":"Accursed Blacksmith","floor":9,"gold_loss":0,"cards_obtained":["Pain"]},{"damage_healed":0,"gold_gain":0,"player_choice":"Ignored","damage_taken":0,"max_hp_gain":0,"max_hp_loss":0,"event_name":"Vampires","floor":29,"gold_loss":0},{"damage_healed":0,"gold_gain":0,"player_choice":"Read","damage_taken":0,"max_hp_gain":0,"max_hp_loss":0,"event_name":"The Library","floor":30,"gold_loss":0,"cards_obtained":["Slimebound:LivingWall"]}],"is_beta":true,"boss_relics":[{"not_picked":["halation:CatFaceCupcake","energizedSpire:OgreHead"],"picked":"Sandwich"},{"not_picked":["hubris:Backtick","Pandora\u0027s Box"],"picked":"jedi:hotpepper"}],"items_purged_floors":[11,39],"is_endless":false,"potions_floor_spawned":[2,6,10,15,16,22,23,25,31],"killed_by":"Nemesis","ascension_level":1}}