{"host":"rb2p2z6v6vieend5","time":1611430711,"event":{"mods":["BaseMod","Block Reminder","Colored Map","DeckTracker","Highlight Path","Minty Spire (QoL Compilation)","Random Character Button","Relic Stats"],"gold_per_floor":[112,187,204,154,164,191,191,226,277,57,72,72,72,72,72,195,195,209,209,209,209,209,209,230,230,256,7,7,7,7,42,42,173,173,188,188,204,54,54,54,117,117,117,117,43,59,118,15,15,15],"floor_reached":51,"language":"ENG","playtime":2753,"items_purged":["Strike_P","Strike_P","Defend_P"],"score":663,"play_id":"b39ed0be-624e-4b70-adc5-e7807d9aa0c0","local_time":"20210123203831","is_ascension_mode":false,"campfire_choices":[{"data":"Perseverance","floor":7,"key":"SMITH"},{"data":"Nirvana","floor":12,"key":"SMITH"},{"floor":15,"key":"REST"},{"data":"Study","floor":23,"key":"SMITH"},{"data":"Vault","floor":25,"key":"SMITH"},{"data":"PathToVictory","floor":28,"key":"SMITH"},{"floor":32,"key":"REST"},{"data":"Enlightenment","floor":40,"key":"SMITH"},{"data":"PathToVictory","floor":42,"key":"SMITH"},{"data":"Vigilance","floor":44,"key":"SMITH"},{"floor":49,"key":"REST"}],"circlet_count":0,"master_deck":["Strike_P+1","Defend_P","Defend_P","Eruption+1","Vigilance+1","PathToVictory+1","ThirdEye","PathToVictory+1","Perseverance+1","Nirvana+1","Vault+1","Study+1","Prostrate","PathToVictory+1","Enlightenment+1","Deep Breath"],"relics":["PureWater","InkBottle","Potion Belt","Whetstone","Melange","Golden Idol","Omamori","Runic Pyramid","Bronze Scales","Happy Flower","Necronomicon","WingedGreaves","SacredBark","Ginger","The Courier"],"acts_visited":["Exordium","TheCity","TheBeyond"],"potions_floor_usage":[16,47,47,50,50,50],"damage_taken":[{"damage":0,"enemies":"2 Louse","floor":1,"turns":2},{"damage":5,"enemies":"Small Slimes","floor":3,"turns":3},{"damage":0,"enemies":"Jaw Worm","floor":5,"turns":4},{"damage":11,"enemies":"Lagavulin","floor":6,"turns":5},{"damage":16,"enemies":"Gremlin Nob","floor":8,"turns":3},{"damage":8,"enemies":"Lots of Slimes","floor":11,"turns":6},{"damage":2,"enemies":"The Guardian","floor":16,"turns":10},{"damage":14,"enemies":"3 Byrds","floor":18,"turns":5},{"damage":2,"enemies":"Spheric Guardian","floor":24,"turns":5},{"damage":4,"enemies":"Book of Stabbing","floor":31,"turns":5},{"damage":40,"enemies":"Collector","floor":33,"turns":5},{"damage":0,"enemies":"3 Shapes","floor":35,"turns":5},{"damage":0,"enemies":"Orb Walker","floor":37,"turns":3},{"damage":0,"enemies":"Mind Bloom Boss Battle","floor":41,"turns":5},{"damage":11,"enemies":"Spire Growth","floor":46,"turns":4},{"damage":14,"enemies":"2 Orb Walkers","floor":47,"turns":5},{"damage":19,"enemies":"Awakened One","floor":50,"turns":8}],"seed_played":"-1666908570952199281","potions_obtained":[{"floor":3,"key":"SkillPotion"},{"floor":8,"key":"SteroidPotion"},{"floor":18,"key":"Fire Potion"},{"floor":33,"key":"Block Potion"},{"floor":35,"key":"BottledMiracle"},{"floor":41,"key":"SneckoOil"},{"floor":47,"key":"Energy Potion"}],"is_trial":false,"path_per_floor":["M","?","M","?","M","E","R","E","T","$","M","R","?","?","R","B",null,"M","?","?","?","?","R","M","R","T","$","R","?","?","E","R","B",null,"M","?","M","$","?","R","?","R","T","R","$","M","?","$","R","B",null],"character_chosen":"WATCHER","items_purchased":["Melange","Happy Flower","PathToVictory","Deep Breath","LiquidMemories","Explosive Potion"],"campfire_rested":3,"item_purchase_floors":[10,27,38,45,48,48],"current_hp_per_floor":[72,61,56,56,56,45,45,29,29,29,21,21,21,9,30,28,72,58,58,58,58,58,58,56,56,56,56,56,40,40,36,57,17,72,72,72,72,72,72,72,72,72,72,72,72,61,47,47,68,49],"gold":15,"neow_bonus":"REMOVE_CARD","is_daily":false,"chose_seed":false,"campfire_upgraded":8,"win_rate":0.0,"timestamp":1611430711,"path_taken":["M","?","M","?","M","E","R","E","T","$","M","R","?","?","R","BOSS","M","?","?","?","?","R","?","R","T","?","R","?","?","E","R","BOSS","M","?","M","$","?","R","?","R","T","R","$","M","?","?","R","BOSS"],"items_purchased_type":["Relic","Relic","Card","Card","Potion","Potion"],"build_version":"2020-12-22","purchased_purges":3,"victory":true,"max_hp_per_floor":[72,72,72,72,72,72,72,72,72,72,72,72,72,72,72,72,72,72,72,72,72,72,72,72,72,72,72,72,72,72,72,72,72,72,72,72,72,72,72,72,72,72,72,72,72,72,72,72,72,72],"relic_stats":{"Happy Flower":[13],"counters":[17,83],"Golden Idol":123,"Bronze Scales":[90],"Melange":[104],"Necronomicon":[0],"Whetstone":["Strike_P","Eruption"],"Ginger":[0],"obtain_stats":[{"Potion Belt":8,"Happy Flower":27,"Golden Idol":13,"SacredBark":34,"Melange":10,"The Courier":43,"Omamori":14,"Whetstone":9,"Ginger":41,"Bronze Scales":26,"WingedGreaves":31,"Necronomicon":29,"PureWater":0,"InkBottle":6,"Runic Pyramid":17},{"Potion Belt":5,"Happy Flower":9,"Golden Idol":6,"SacredBark":11,"Melange":5,"The Courier":14,"Omamori":6,"Whetstone":5,"Ginger":14,"Bronze Scales":9,"WingedGreaves":10,"Necronomicon":9,"PureWater":0,"InkBottle":4,"Runic Pyramid":7},{"Potion Belt":17,"Happy Flower":43,"Golden Idol":23,"SacredBark":53,"Melange":17,"The Courier":66,"Omamori":23,"Whetstone":17,"Ginger":66,"Bronze Scales":43,"WingedGreaves":48,"Necronomicon":43,"PureWater":0,"InkBottle":14,"Runic Pyramid":33}],"InkBottle":[27]},"card_choices":[{"not_picked":["Crescendo","ThirdEye"],"picked":"PathToVictory","floor":1},{"not_picked":["SashWhip","SandsOfTime"],"picked":"ThirdEye","floor":3},{"not_picked":["FlyingSleeves","Consecrate"],"picked":"PathToVictory","floor":5},{"not_picked":["BattleHymn","FollowUp"],"picked":"Perseverance","floor":6},{"not_picked":["ClearTheMind","Scrawl"],"picked":"Nirvana","floor":8},{"not_picked":["Halt","Indignation","Worship"],"picked":"SKIP","floor":11},{"not_picked":["Devotion","Judgement"],"picked":"Vault","floor":16},{"not_picked":["CutThroughFate","Meditate"],"picked":"Study","floor":18},{"not_picked":["WreathOfFlame","FearNoEvil","FlyingSleeves"],"picked":"SKIP","floor":24},{"not_picked":["ReachHeaven","EmptyMind","CarveReality"],"picked":"SKIP","floor":31},{"not_picked":["FollowUp","Sanctity","InnerPeace"],"picked":"SKIP","floor":35},{"not_picked":["Wallop","BowlingBash","WaveOfTheHand+1"],"picked":"SKIP","floor":37},{"not_picked":["Flash of Steel","PanicButton"],"picked":"Enlightenment","floor":39},{"not_picked":["PathToVictory+1","ClearTheMind","CrushJoints"],"picked":"SKIP","floor":46}],"player_experience":595402,"relics_obtained":[{"floor":6,"key":"InkBottle"},{"floor":8,"key":"Potion Belt"},{"floor":9,"key":"Whetstone"},{"floor":26,"key":"Bronze Scales"},{"floor":29,"key":"Necronomicon"},{"floor":31,"key":"WingedGreaves"},{"floor":41,"key":"Ginger"},{"floor":43,"key":"The Courier"}],"event_choices":[{"damage_healed":0,"gold_gain":75,"player_choice":"Gather Gold","damage_taken":11,"max_hp_gain":0,"max_hp_loss":0,"event_name":"World of Goop","floor":2,"gold_loss":0},{"cards_removed":["Strike_P"],"damage_healed":0,"gold_gain":0,"player_choice":"Card Removal","damage_taken":0,"max_hp_gain":0,"max_hp_loss":0,"event_name":"The Cleric","floor":4,"gold_loss":50},{"damage_healed":0,"gold_gain":0,"player_choice":"Take Wound","damage_taken":0,"relics_obtained":["Golden Idol"],"max_hp_gain":0,"max_hp_loss":0,"event_name":"Golden Idol","floor":13,"gold_loss":0,"cards_obtained":["Injury"]},{"damage_healed":0,"gold_gain":0,"player_choice":"Success","damage_taken":12,"relics_obtained":["Omamori"],"max_hp_gain":0,"max_hp_loss":0,"event_name":"Scrap Ooze","floor":14,"gold_loss":0},{"damage_healed":0,"gold_gain":0,"player_choice":"Ignored","damage_taken":0,"max_hp_gain":0,"max_hp_loss":0,"event_name":"Vampires","floor":19,"gold_loss":0},{"cards_removed":["Injury"],"damage_healed":0,"gold_gain":0,"player_choice":"Elegance","damage_taken":0,"max_hp_gain":0,"max_hp_loss":0,"event_name":"Back to Basics","floor":20,"gold_loss":0},{"damage_healed":0,"gold_gain":0,"player_choice":"Ignored","damage_taken":0,"max_hp_gain":0,"max_hp_loss":0,"event_name":"Ghosts","floor":21,"gold_loss":0},{"damage_healed":0,"gold_gain":0,"player_choice":"Read","damage_taken":0,"max_hp_gain":0,"max_hp_loss":0,"event_name":"The Library","floor":22,"gold_loss":0,"cards_obtained":["Prostrate"]},{"damage_healed":0,"gold_gain":0,"player_choice":"Obtained Book","damage_taken":16,"max_hp_gain":0,"max_hp_loss":0,"event_name":"Cursed Tome","floor":29,"gold_loss":0},{"damage_healed":0,"gold_gain":0,"player_choice":"Forge","damage_taken":0,"max_hp_gain":0,"max_hp_loss":0,"event_name":"Accursed Blacksmith","floor":30,"gold_loss":0,"cards_upgraded":["PathToVictory"]},{"damage_healed":0,"gold_gain":0,"player_choice":"Ignored","damage_taken":0,"max_hp_gain":0,"max_hp_loss":0,"event_name":"Tomb of Lord Red Mask","floor":36,"gold_loss":0},{"damage_healed":0,"gold_gain":0,"player_choice":"Memory 1","damage_taken":0,"max_hp_gain":0,"max_hp_loss":0,"event_name":"SensoryStone","floor":39,"gold_loss":0},{"damage_healed":0,"gold_gain":0,"player_choice":"Fight","damage_taken":0,"max_hp_gain":0,"max_hp_loss":0,"event_name":"MindBloom","floor":41,"gold_loss":0},{"damage_healed":0,"gold_gain":0,"player_choice":"Fight","damage_taken":0,"max_hp_gain":0,"max_hp_loss":0,"event_name":"Mysterious Sphere","floor":47,"gold_loss":0}],"is_beta":false,"boss_relics":[{"not_picked":["Ectoplasm","Empty Cage"],"picked":"Runic Pyramid"},{"not_picked":["VioletLotus","Velvet Choker"],"picked":"SacredBark"}],"items_purged_floors":[10,27,38],"is_endless":false,"potions_floor_spawned":[3,8,18,33,35,41,47],"ascension_level":0}}