{"host":"xkyjkr020mio9edy","time":1611388367,"event":{"mods":["AchievementEnabler","BaseMod","Clockwork Mod","Colored Map","Colored Powertips","Downfall","Glutton Mod","Gold Saver","Minty Spire (QoL Compilation)","Quick Restart","Shade Mod","StSLib","The Cursed","The Necromancer","TheHeartMod"],"gold_per_floor":[51300,51300,51300,50515,50526,50526,50557,50601,50601,50616,50632,50657,50699,50711,50711,50840,50840,50850,50910,50924,50924,49965,49965,49965],"floor_reached":23,"language":"ENG","playtime":927,"items_purged":[],"score":243,"play_id":"96562a19-1d94-415e-912c-bf44addbc364","local_time":"20210123025247","is_ascension_mode":false,"campfire_choices":[{"floor":6,"key":"RECALL"},{"data":"Summon_Lich","floor":15,"key":"SMITH"}],"circlet_count":0,"master_deck":["Strike_W","Strike_W","Strike_W","Strike_W","Defend_W","Defend_W","Defend_W","Negative_Energy_Arrows","Bone_Wall+1","Toxic_Smoke_Screen","Survivor","Bone_Armor","Summon_Lich","HandOfGreed+1","Negative_Energy_Shield","Negative_Energy_Burst+1","Shackles_Of_Pain","Summon_Lich+1","Summon_Undead_Army","Consume_Illness","Negative_Energy_Mist","Bone_Armor","Bones_to_Steel","Skeleton_Dragon","Life_Drain+1","Death_Knell+1","Shade_Step+1","downfall:Bewildered","Summon_Lich","Negative_Energy_Shield","Good Instincts","HandOfGreed+1","Finger_Of_Death+1","Bone_Bullets+1","Corrupt"],"relics":["Vampire_Amulet","NeowsBlessing","Nunchaku","Molten Egg 2","PreservedInsect","Matryoshka","Anchor","sneckomod:SneckoTalon","Red Mask","sneckomod:BabySnecko","Strawberry","StoneCalendar"],"acts_visited":["Exordium","TheCity"],"potions_floor_usage":[20],"damage_taken":[{"damage":0,"enemies":"Small Slimes","floor":1,"turns":1},{"damage":0,"enemies":"2 Louse","floor":5,"turns":1},{"damage":0,"enemies":"Lagavulin","floor":7,"turns":3},{"damage":3,"enemies":"Cultist","floor":8,"turns":4},{"damage":16,"enemies":"Exordium Wildlife","floor":10,"turns":4},{"damage":17,"enemies":"Lots of Slimes","floor":11,"turns":3},{"damage":3,"enemies":"Looter","floor":13,"turns":3},{"damage":0,"enemies":"Blue Slaver","floor":14,"turns":3},{"damage":36,"enemies":"Slime Boss","floor":16,"turns":9},{"damage":4,"enemies":"3 Byrds","floor":18,"turns":4},{"damage":42,"enemies":"Masked Bandits","floor":19,"turns":5},{"damage":22,"enemies":"Shell Parasite","floor":20,"turns":6},{"damage":34,"enemies":"Gremlin Leader","floor":23,"turns":2}],"seed_played":"7862569370614236277","potions_obtained":[{"floor":5,"key":"SkillPotion"},{"floor":7,"key":"SteroidPotion"},{"floor":11,"key":"Explosive Potion"}],"is_trial":false,"path_per_floor":["M","?","?","$","M","R","E","M","T","M","M","T","M","M","R","B",null,"M","?","M","?","$","E"],"character_chosen":"NECROMANCER","items_purchased":["Nunchaku","Molten Egg 2","Bone_Armor","Summon_Lich","HandOfGreed+1","Negative_Energy_Shield","Negative_Energy_Burst+1","Strawberry","StoneCalendar","Summon_Lich","Negative_Energy_Shield","Good Instincts","HandOfGreed+1","Finger_Of_Death+1","Bone_Bullets+1","Corrupt"],"campfire_rested":0,"item_purchase_floors":[4,4,4,4,4,4,4,22,22,22,22,22,22,22,22,22],"current_hp_per_floor":[75,75,75,75,75,75,75,74,74,62,55,55,54,56,56,28,75,75,37,23,23,30,0,0],"gold":49965,"neow_bonus":"THREE_ENEMY_KILL","is_daily":false,"chose_seed":false,"campfire_upgraded":1,"win_rate":0.0,"timestamp":1611388367,"path_taken":["M","?","?","$","M","R","E","M","T","?","M","?","?","M","R","BOSS","M","?","M","?","$","E"],"items_purchased_type":["Relic","Relic","Card","Card","Card","Card","Card","Relic","Relic","Card","Card","Card","Card","Card","Card","Card"],"build_version":"2020-12-22","purchased_purges":0,"victory":false,"max_hp_per_floor":[75,75,75,75,75,75,75,75,75,75,75,75,75,75,75,75,75,75,75,75,75,82,82,82],"card_choices":[{"not_picked":["Bones_to_Steel","Blood_Whip"],"picked":"Toxic_Smoke_Screen","floor":1},{"not_picked":["Death_Coil+1","Epidemic"],"picked":"Shackles_Of_Pain","floor":5},{"not_picked":["Exploit+1","Acid_Javelin+1"],"picked":"Summon_Lich","floor":7},{"not_picked":["Thousand_Bone_Knives+1","Shade_Step"],"picked":"Summon_Undead_Army","floor":8},{"not_picked":["Necromantic_Selection","Negative_Energy_Shield"],"picked":"Consume_Illness","floor":10},{"not_picked":["Blood_Wake+1","Shackles_Of_Pain"],"picked":"Negative_Energy_Mist","floor":11},{"not_picked":["Shackles_Of_Pain","Bone_Shift"],"picked":"Bone_Armor","floor":13},{"not_picked":["Toxic_Smoke_Screen","Blood_Wake+1"],"picked":"Bones_to_Steel","floor":14},{"not_picked":["Requiem+1","Cloudkill"],"picked":"Skeleton_Dragon","floor":16},{"not_picked":["Necromantic_Selection","Negative_Energy_Mist"],"picked":"Life_Drain+1","floor":18},{"not_picked":["Negative_Energy_Javelin+1","Toxic_Smoke_Screen+1"],"picked":"Death_Knell+1","floor":19},{"not_picked":["Consume_Illness","Bones_to_Steel+1"],"picked":"Shade_Step+1","floor":20}],"player_experience":126323,"relics_obtained":[{"floor":7,"key":"PreservedInsect"},{"floor":9,"key":"Matryoshka"},{"floor":12,"key":"Anchor"},{"floor":19,"key":"Red Mask"}],"event_choices":[{"damage_healed":0,"gold_gain":0,"player_choice":"Grow","damage_taken":0,"max_hp_gain":0,"max_hp_loss":0,"event_name":"Living Wall","floor":2,"gold_loss":0,"cards_upgraded":["Bone_Wall"]},{"cards_removed":["Defend_W"],"damage_healed":0,"gold_gain":0,"player_choice":"Took Card","damage_taken":0,"max_hp_gain":0,"max_hp_loss":0,"event_name":"NoteForYourself","floor":3,"gold_loss":0,"cards_obtained":["Survivor"]},{"damage_healed":0,"gold_gain":0,"player_choice":"Fought Bandits","damage_taken":0,"max_hp_gain":0,"max_hp_loss":0,"event_name":"Masked Bandits","floor":19,"gold_loss":0}],"is_beta":false,"boss_relics":[{"not_picked":["Tiny House","Runic Pyramid"],"picked":"sneckomod:SneckoTalon"}],"items_purged_floors":[],"is_endless":false,"potions_floor_spawned":[5,7,11,13,16,18],"killed_by":"Gremlin Leader","ascension_level":0}}