{"host":"gn96mxb33x5p409u","time":1611405283,"event":{"mods":["2.2 Compatiblity","AchievementEnabler","Act Like it!","BaseMod","Colored Powertips","Downfall","Hubris","Infinite Spire","Jorbs\u0027s Wanderer Trilogy","Minty Spire (QoL Compilation)","Replay The Spire","StSLib","The Animator","The Jungle"],"gold_per_floor":[99,114,131,131,131,145,145,180,80,92,117,117,23,42,62,158,158,158,168,188,200,200,200,227,237,255,255,255,255],"floor_reached":27,"language":"ENG","playtime":2403,"items_purged":[],"score":227,"play_id":"c5bc048b-dd88-4d0a-a012-6a4646466822","local_time":"20210123143443","is_ascension_mode":false,"campfire_choices":[{"data":"champ:Taunt","floor":1,"key":"SMITH"},{"data":"champ:StrikeOfGenius","floor":9,"key":"SMITH"},{"floor":12,"key":"REST"}],"circlet_count":0,"master_deck":["champ:Strike","champ:Strike","champ:Strike","champ:Defend","champ:Defend","champ:Defend","champ:Defend","champ:Execute","champ:Taunt+1","champ:VampiricStrike","champ:GutPunch","champ:Backstep","champ:SetATrap","champ:StrikeOfGenius+1","champ:TripleStrike","champ:GladiatorStyle","champ:StanceDance","champ:BringItOn+1","champ:GladiatorForm","champ:BerserkersShout+1","champ:FaceSlap+1","hubris:Despair","champ:TornadoPunch+1"],"relics":["champ:ChampionCrown","infinitespire:BottledMercury","Blood Vial","downfall:HeartBlessingBlue","champ:FightingForDummies","Cursed Key","hubris:BottledHeart","Art of War"],"acts_visited":["Exordium","TheCity"],"potions_floor_usage":[8,13,16,27,27],"damage_taken":[{"damage":13,"enemies":"Jaw Worm","floor":2,"turns":3},{"damage":16,"enemies":"Cultist","floor":3,"turns":3},{"damage":10,"enemies":"2 Louse","floor":6,"turns":3},{"damage":29,"enemies":"3 Sentries","floor":8,"turns":8},{"damage":25,"enemies":"Large Slime","floor":10,"turns":4},{"damage":46,"enemies":"Replay:BlueRogue","floor":11,"turns":8},{"damage":9,"enemies":"downfall:FleeingMerchant","floor":13,"turns":4},{"damage":7,"enemies":"Blue Slaver","floor":14,"turns":2},{"damage":22,"enemies":"Gremlin Gang","floor":15,"turns":4},{"damage":42,"enemies":"SI_SHIV_ARCHETYPE","floor":16,"turns":5},{"damage":18,"enemies":"3 Byrds","floor":19,"turns":4},{"damage":25,"enemies":"Spheric Guardian","floor":20,"turns":3},{"damage":20,"enemies":"Snake Plant","floor":21,"turns":4},{"damage":0,"enemies":"Centurion and Healer","floor":25,"turns":5},{"damage":0,"enemies":"Chosen and Byrds","floor":26,"turns":4},{"damage":6,"enemies":"Nightmare","floor":27,"turns":10}],"seed_played":"5214939169723114019","potions_obtained":[{"floor":2,"key":"AttackPotion"},{"floor":8,"key":"Fire Potion"},{"floor":14,"key":"Fire Potion"},{"floor":19,"key":"AttackPotion"},{"floor":21,"key":"ColorlessPotion"},{"floor":22,"key":"CultistPotion"}],"is_trial":false,"path_per_floor":["R","M","M","?","T","M","T","E","R","M","E","R","$","M","M","B",null,"R","M","M","M","?","?","T","M","M","NM"],"character_chosen":"THE_CHAMP","items_purchased":["champ:GladiatorStyle"],"campfire_rested":1,"item_purchase_floors":[13],"current_hp_per_floor":[90,87,81,81,81,81,81,72,82,84,60,90,88,83,73,58,100,100,82,79,71,71,1,1,1,1,0,0,0],"gold":255,"neow_bonus":"ONE_RANDOM_RARE_CARD","is_daily":false,"chose_seed":false,"campfire_upgraded":2,"win_rate":0.0,"timestamp":1611405283,"path_taken":["R","M","M","?","?","M","T","E","R","?","E","R","$","M","M","BOSS","R","M","M","M","?","?","T","M","M","NM"],"items_purchased_type":["Card"],"build_version":"2020-12-22","purchased_purges":0,"victory":false,"max_hp_per_floor":[90,90,90,90,90,90,90,90,100,100,100,100,100,100,100,100,100,100,100,100,100,100,1,1,1,1,1,1,1],"card_choices":[{"not_picked":["champ:CalledShot","champ:Lariat"],"picked":"champ:GutPunch","floor":2},{"not_picked":["champ:Lariat","champ:BladeFlurry"],"picked":"champ:Backstep","floor":3},{"not_picked":["champ:PreciseThrust","champ:Endure"],"picked":"champ:SetATrap","floor":6},{"not_picked":["champ:FlashCut","champ:BringItOn"],"picked":"champ:StrikeOfGenius","floor":8},{"not_picked":["champ:Haymaker","champ:Circumvent","champ:Shatter"],"picked":"SKIP","floor":10},{"not_picked":["champ:PreemptiveStrike","champ:Circumvent"],"picked":"champ:TripleStrike","floor":11},{"not_picked":["champ:Backstep","champ:RisingSlash","champ:Circumvent"],"picked":"SKIP","floor":13},{"not_picked":["champ:BladeFlurry","champ:ArenaPreparation"],"picked":"champ:StanceDance","floor":14},{"not_picked":["champ:BladeFlurry","champ:FlashCut"],"picked":"champ:BringItOn","floor":15},{"not_picked":["champ:IgnorePain","champ:ShieldThrow"],"picked":"champ:GladiatorForm","floor":16},{"not_picked":["champ:Lariat","champ:Circumvent+1"],"picked":"champ:BerserkersShout+1","floor":19},{"not_picked":["champ:SkillfulDodge","champ:FocusedBerserking","champ:RapidStrikes"],"picked":"SKIP","floor":20},{"not_picked":["champ:Haymaker+1","champ:DeathBlow"],"picked":"champ:FaceSlap+1","floor":21},{"not_picked":["champ:DefensiveShout","champ:Encircle"],"picked":"champ:TornadoPunch+1","floor":25},{"not_picked":["champ:Haymaker","champ:Improvising","champ:TornadoPunch"],"picked":"SKIP","floor":26}],"player_experience":516857,"relics_obtained":[{"floor":7,"key":"infinitespire:BottledMercury"},{"floor":8,"key":"Blood Vial"},{"floor":11,"key":"champ:FightingForDummies"},{"floor":24,"key":"Art of War"}],"event_choices":[],"is_beta":false,"boss_relics":[{"not_picked":["infinitespire:Cupcake","hubris:VirtuousBlindfold"],"picked":"Cursed Key"}],"items_purged_floors":[],"is_endless":false,"potions_floor_spawned":[2,8,14,19,21,26],"killed_by":"Nightmare","ascension_level":0}}