{"host":"9xv6exvwmlpefxuw","time":1611383066,"event":{"mods":["ATMod(阿瑾Mod)","AchievementEnabler","Act Like it!","Aspiration","BaseMod","Chen","Colored Powertips","Conspire","Downfall","Friendly Minions","Gensokyo","GifTheSpireLib","KinomotoSakuraMod(木之本樱)","Koishi","KomeijiMod","Marisa（F雨　魔理沙）","Minty Spire (QoL Compilation)","Pale of the Ancients","Rare Cards Sparkle","Reimu（博丽灵梦）","Remilia_Scarlet Moed（蕾米莉亚・斯卡雷特）3.3.5","Remilia（蕾米莉亚）","RumiaBox-露米娅的神秘盒子","StSLib","The Administrix","The Animator","The Blackbeard","The Mystic","The Servant 0.9.4","WarShipGirlsR/战舰少女R mod","Yakumo Yukari mod","Youmu（魂魄妖梦）","Yuyuko","【功能Mod】混沌之环修复补丁","【功能Mod】聪明的最终Boss"],"gold_per_floor":[114,127,127,142,158,158,158,188,213,213,213],"floor_reached":10,"language":"ZHS","playtime":538,"items_purged":[],"score":68,"play_id":"d68923f1-44f8-4ada-ba87-5255789e68ea","local_time":"20210123142426","is_ascension_mode":false,"campfire_choices":[{"floor":6,"key":"RECALL"}],"circlet_count":0,"master_deck":["Strike_R","Strike_R","Strike_R","Strike_R","Strike_R","Defend_R","Defend_R","Defend_R","Defend_R","Bash","Battle Trance","Dropkick","Heavy Blade","Iron Wave","Pummel"],"relics":["Burning Blood","AT_ATBox","AddBug","SecretRecord","SecretRecord"],"acts_visited":["Exordium"],"potions_floor_usage":[10,10],"damage_taken":[{"damage":7,"enemies":"2 Louse","floor":1,"turns":3},{"damage":9,"enemies":"Cultist","floor":2,"turns":4},{"damage":6,"enemies":"Jaw Worm","floor":4,"turns":3},{"damage":15,"enemies":"3 Louse","floor":5,"turns":5},{"damage":67,"enemies":"Lagavulin","floor":8,"turns":11},{"damage":20,"enemies":"3 Sentries","floor":10,"turns":6}],"seed_played":"-5608499816348772798","potions_obtained":[{"floor":1,"key":"EssenceOfSteel"},{"floor":8,"key":"BlessingOfTheForge"}],"is_trial":false,"path_per_floor":["M","M","?","M","M","R","?","E","T","E"],"character_chosen":"IRONCLAD","items_purchased":[],"campfire_rested":0,"item_purchase_floors":[],"current_hp_per_floor":[87,84,84,84,75,75,75,14,14,0,0],"gold":213,"neow_bonus":"TEN_PERCENT_HP_BONUS","is_daily":false,"chose_seed":false,"campfire_upgraded":0,"win_rate":0.0,"timestamp":1611383066,"path_taken":["M","M","?","M","M","R","?","E","T","E"],"items_purchased_type":[],"build_version":"2020-12-22","purchased_purges":0,"victory":false,"max_hp_per_floor":[88,88,88,88,88,88,88,88,88,88,88],"card_choices":[{"not_picked":["AT_IchimonjiDouble","Second Wind"],"picked":"Battle Trance","floor":1},{"not_picked":["AT_IchimonjiDouble","Sword Boomerang"],"picked":"Dropkick","floor":2},{"not_picked":["Clash","Burning Pact"],"picked":"Iron Wave","floor":4},{"not_picked":["Perfected Strike","Cleave"],"picked":"Heavy Blade","floor":5},{"not_picked":["Whirlwind","Berserk"],"picked":"Pummel","floor":8}],"player_experience":6130,"relics_obtained":[{"floor":1,"key":"AddBug"},{"floor":2,"key":"SecretRecord"},{"floor":8,"key":"Whetstone"}],"event_choices":[{"cards_removed":["Iron Wave"],"damage_healed":0,"gold_gain":0,"player_choice":"Took Card","damage_taken":0,"max_hp_gain":0,"max_hp_loss":0,"event_name":"NoteForYourself","floor":7,"gold_loss":0,"cards_obtained":["Iron Wave"]}],"is_beta":false,"boss_relics":[],"items_purged_floors":[],"is_endless":false,"potions_floor_spawned":[1,8],"killed_by":"3 Sentries","ascension_level":0}}