{"host":"srk2drlvga69hbot","time":1611430362,"event":{"mods":["BaseMod","Bestiary","Block Reminder","Colored Map","Colored Powertips","Dark Map","DeckTracker","Highlight Path","Minty Spire (QoL Compilation)","Quick Restart","Rare Cards Sparkle","Relic Stats","SuperFastMode","Unceasing Turn Reminder"],"gold_per_floor":[109,128,53,53,0,0,31,31,31,66,66,87,100,113,113,239,239,257,271,48,147,62,62,98,98,178,178,303,339,339,94,94,94,94],"floor_reached":33,"language":"ZHS","playtime":1746,"items_purged":["Strike_G","Strike_G"],"score":338,"play_id":"ecf45002-a588-43c3-baa2-df96d422fd5c","local_time":"20210124033242","is_ascension_mode":true,"campfire_choices":[{"data":"Neutralize","floor":6.0,"key":"SMITH"},{"data":"Underhanded Strike","floor":8.0,"key":"SMITH"},{"floor":15.0,"key":"REST"},{"data":"Tactician","floor":23.0,"key":"SMITH"},{"data":"Setup","floor":27.0,"key":"SMITH"},{"floor":32.0,"key":"REST"}],"circlet_count":0,"master_deck":["Strike_G","Strike_G","Strike_G","Defend_G","Defend_G","Defend_G","Defend_G","Survivor","Neutralize+1","Backflip","Underhanded Strike+1","Poisoned Stab","Acrobatics","Eviscerate","Terror","Tactician+1","Adrenaline","Setup+1","Escape Plan","Underhanded Strike+1"],"relics":["Ring of the Snake","NeowsBlessing","Bottled Flame","Bird Faced Urn","Happy Flower","Golden Idol","Sozu","Blood Vial","Juzu Bracelet","Red Mask","Pantograph","Gambling Chip","Mummified Hand","Ancient Tea Set","Dead Branch","Oddly Smooth Stone"],"acts_visited":["Exordium","TheCity"],"potions_floor_usage":[33,33],"damage_taken":[{"damage":0.0,"enemies":"Cultist","floor":1.0,"turns":1.0},{"damage":0.0,"enemies":"Small Slimes","floor":2.0,"turns":1.0},{"damage":0.0,"enemies":"3 Sentries","floor":7.0,"turns":1.0},{"damage":20.0,"enemies":"Lagavulin","floor":10.0,"turns":5.0},{"damage":9.0,"enemies":"Jaw Worm","floor":12.0,"turns":3.0},{"damage":0.0,"enemies":"Large Slime","floor":13.0,"turns":3.0},{"damage":0.0,"enemies":"2 Fungi Beasts","floor":14.0,"turns":2.0},{"damage":19.0,"enemies":"Hexaghost","floor":16.0,"turns":8.0},{"damage":2.0,"enemies":"Chosen","floor":18.0,"turns":4.0},{"damage":3.0,"enemies":"3 Byrds","floor":19.0,"turns":5.0},{"damage":5.0,"enemies":"Masked Bandits","floor":24.0,"turns":5.0},{"damage":0.0,"enemies":"Colosseum Slavers","floor":28.0,"turns":4.0},{"damage":2.0,"enemies":"Colosseum Nobs","floor":28.0,"turns":5.0},{"damage":25.0,"enemies":"Book of Stabbing","floor":29.0,"turns":4.0},{"damage":75,"enemies":"Automaton","floor":33,"turns":12}],"seed_played":"8248616648595041077","potions_obtained":[{"floor":2.0,"key":"EssenceOfSteel"},{"floor":10.0,"key":"Explosive Potion"},{"floor":14.0,"key":"PowerPotion"},{"floor":16.0,"key":"Regen Potion"}],"is_trial":false,"path_per_floor":["M","M","$","?","$","R","E","R","T","E","?","M","M","M","R","B",null,"M","M","$","?","?","R","?","?","T","R","?","E","T","$","R","B"],"character_chosen":"THE_SILENT","items_purchased":["Acrobatics","Escape Plan","Blood Vial","Oddly Smooth Stone"],"campfire_rested":2,"item_purchase_floors":[5,20,20,31],"current_hp_per_floor":[70,70,70,70,70,70,70,70,70,50,50,41,41,41,60,41,65,63,60,60,60,60,60,59,59,59,59,61,38,38,38,57,5,5],"gold":94,"neow_bonus":"THREE_ENEMY_KILL","is_daily":false,"chose_seed":false,"campfire_upgraded":4,"win_rate":0.0,"timestamp":1611430362,"path_taken":["M","M","$","?","?","R","E","R","T","E","?","?","M","M","R","BOSS","M","M","$","?","?","R","?","?","T","R","?","E","?","?","R","BOSS"],"items_purchased_type":["Card","Card","Relic","Relic"],"build_version":"2020-12-22","purchased_purges":2,"victory":false,"max_hp_per_floor":[70,70,70,70,70,70,70,70,70,70,65,65,65,65,65,65,65,65,65,65,65,65,65,65,65,65,65,65,65,65,65,65,65,65],"relic_stats":{"Happy Flower":[18],"counters":[15,63],"Golden Idol":81,"Dead Branch":[3],"Juzu Bracelet":1,"Sozu":2,"Blood Vial":8,"Mummified Hand":[1],"Bird Faced Urn":[2],"Pantograph":8,"Gambling Chip":[9],"obtain_stats":[{"NeowsBlessing":0,"Happy Flower":10,"Golden Idol":11,"Dead Branch":30,"Oddly Smooth Stone":31,"Juzu Bracelet":22,"Ancient Tea Set":29,"Sozu":17,"Blood Vial":20,"Bottled Flame":7,"Mummified Hand":28,"Bird Faced Urn":9,"Pantograph":26,"Gambling Chip":28,"Red Mask":24,"Ring of the Snake":0},{"NeowsBlessing":0,"Happy Flower":4,"Golden Idol":4,"Dead Branch":14,"Oddly Smooth Stone":14,"Juzu Bracelet":10,"Ancient Tea Set":14,"Sozu":8,"Blood Vial":10,"Bottled Flame":3,"Mummified Hand":13,"Bird Faced Urn":3,"Pantograph":11,"Gambling Chip":13,"Red Mask":11,"Ring of the Snake":0},{"NeowsBlessing":0,"Happy Flower":8,"Golden Idol":8,"Dead Branch":51,"Oddly Smooth Stone":51,"Juzu Bracelet":33,"Ancient Tea Set":51,"Sozu":24,"Blood Vial":33,"Bottled Flame":3,"Mummified Hand":47,"Bird Faced Urn":3,"Pantograph":38,"Gambling Chip":47,"Red Mask":38,"Ring of the Snake":0}],"Ring of the Snake":[30]},"card_choices":[{"not_picked":["Cloak And Dagger","Prepared"],"picked":"Backflip","floor":1.0},{"not_picked":["Bane","Outmaneuver"],"picked":"Underhanded Strike","floor":2.0},{"not_picked":["Poisoned Stab","Adrenaline"],"picked":"Eviscerate","floor":7.0},{"not_picked":["Cloak And Dagger","Slice","Endless Agony"],"picked":"SKIP","floor":10.0},{"not_picked":["Dagger Spray","Well Laid Plans"],"picked":"Terror","floor":12.0},{"not_picked":["Outmaneuver","Footwork","Deadly Poison"],"picked":"SKIP","floor":13.0},{"not_picked":["Finisher","Cloak And Dagger"],"picked":"Tactician","floor":14.0},{"not_picked":["Glass Knife","Night Terror"],"picked":"Adrenaline","floor":16.0},{"not_picked":["Catalyst","Bane"],"picked":"Setup","floor":18.0},{"not_picked":["Masterful Stab","Outmaneuver+1","PiercingWail+1"],"picked":"SKIP","floor":19.0},{"not_picked":["Deflect","Dodge and Roll","Well Laid Plans"],"picked":"SKIP","floor":29.0}],"player_experience":189669,"relics_obtained":[{"floor":7.0,"key":"Bottled Flame"},{"floor":9.0,"key":"Bird Faced Urn"},{"floor":10.0,"key":"Happy Flower"},{"floor":24.0,"key":"Red Mask"},{"floor":26.0,"key":"Pantograph"},{"floor":28.0,"key":"Gambling Chip"},{"floor":28.0,"key":"Mummified Hand"},{"floor":29.0,"key":"Ancient Tea Set"},{"floor":30.0,"key":"Dead Branch"}],"event_choices":[{"damage_healed":0.0,"max_hp_gain":0.0,"max_hp_loss":0.0,"gold_gain":0.0,"cards_transformed":["Defend_G"],"event_name":"Transmorgrifier","player_choice":"Transformed","floor":4.0,"gold_loss":0.0,"damage_taken":0.0,"cards_obtained":["Poisoned Stab"]},{"damage_healed":0.0,"max_hp_gain":0.0,"max_hp_loss":5.0,"gold_gain":0.0,"event_name":"Golden Idol","player_choice":"Lose Max HP","floor":11.0,"gold_loss":0.0,"damage_taken":0.0,"relics_obtained":["Golden Idol"]},{"damage_healed":0.0,"max_hp_gain":0.0,"max_hp_loss":0.0,"gold_gain":99.0,"event_name":"Nest","player_choice":"Stole From Cult","floor":21.0,"gold_loss":0.0,"damage_taken":0.0},{"damage_healed":0.0,"max_hp_gain":0.0,"max_hp_loss":0.0,"gold_gain":0.0,"event_name":"Addict","player_choice":"Obtained Relic","floor":22.0,"gold_loss":85.0,"damage_taken":0.0,"relics_obtained":["Juzu Bracelet"]},{"damage_healed":0.0,"max_hp_gain":0.0,"max_hp_loss":0.0,"gold_gain":0.0,"event_name":"Masked Bandits","player_choice":"Fought Bandits","floor":24.0,"gold_loss":0.0,"damage_taken":0.0},{"damage_healed":0.0,"max_hp_gain":0.0,"max_hp_loss":0.0,"gold_gain":0.0,"event_name":"Duplicator","player_choice":"Copied","floor":25.0,"gold_loss":0.0,"damage_taken":0.0,"cards_obtained":["Underhanded Strike"]},{"damage_healed":0.0,"max_hp_gain":0.0,"max_hp_loss":0.0,"gold_gain":0.0,"event_name":"Colosseum","player_choice":"Fight","floor":28.0,"gold_loss":0.0,"damage_taken":0.0},{"damage_healed":0.0,"max_hp_gain":0.0,"max_hp_loss":0.0,"gold_gain":0.0,"event_name":"Colosseum","player_choice":"Fought Nobs","floor":28.0,"gold_loss":0.0,"damage_taken":0.0}],"is_beta":false,"boss_relics":[{"not_picked":["Philosopher\u0027s Stone","Fusion Hammer"],"picked":"Sozu"}],"items_purged_floors":[3,31],"is_endless":false,"potions_floor_spawned":[2,10,14,16,18,28],"killed_by":"Automaton","ascension_level":3}}