{"host":"hszimsrtxxc2k25w","time":1611442835,"event":{"mods":["AchievementEnabler","BaseMod","Colored Map","DeckTracker","Minty Spire (QoL Compilation)","Rare Cards Sparkle","SuperFastMode"],"gold_per_floor":[156,56,56,91,126,126,177,189,214,252,252,252],"floor_reached":11,"language":"KOR","playtime":213,"items_purged":["Strike_R"],"score":150,"play_id":"b45e4dff-017a-475e-a525-3efc3c01c058","local_time":"20210124080035","is_ascension_mode":true,"campfire_choices":[{"data":"Armaments","floor":6,"key":"SMITH"}],"circlet_count":0,"master_deck":["AscendersBane","Strike_R","Strike_R","Strike_R","Strike_R","Defend_R","Defend_R","Defend_R","Defend_R","Bash","HandOfGreed","Battle Trance","Armaments+1","Feel No Pain","Immolate","Second Wind"],"relics":["Burning Blood","Juzu Bracelet","Strawberry"],"acts_visited":["Exordium"],"potions_floor_usage":[7],"damage_taken":[{"damage":11,"enemies":"Small Slimes","floor":1,"turns":4},{"damage":4,"enemies":"Jaw Worm","floor":4,"turns":4},{"damage":0,"enemies":"Cultist","floor":5,"turns":2},{"damage":47,"enemies":"Gremlin Nob","floor":7,"turns":5},{"damage":7,"enemies":"Large Slime","floor":8,"turns":4},{"damage":16,"enemies":"Blue Slaver","floor":10,"turns":5},{"damage":24,"enemies":"3 Sentries","floor":11,"turns":2}],"seed_played":"3940346003827905099","potions_obtained":[{"floor":4,"key":"AttackPotion"},{"floor":8,"key":"LiquidBronze"},{"floor":10,"key":"Block Potion"}],"is_trial":false,"path_per_floor":["M","$","?","M","M","R","E","M","T","M","E"],"character_chosen":"IRONCLAD","items_purchased":["Armaments"],"campfire_rested":0,"item_purchase_floors":[2],"current_hp_per_floor":[63,63,63,65,68,68,27,26,33,23,0,0],"gold":252,"neow_bonus":"RANDOM_COLORLESS_2","is_daily":false,"chose_seed":false,"campfire_upgraded":1,"win_rate":0.0,"timestamp":1611442835,"path_taken":["M","$","?","M","M","R","E","M","T","M","E"],"items_purchased_type":["Card"],"build_version":"2020-12-22","purchased_purges":1,"victory":false,"max_hp_per_floor":[68,68,68,68,68,68,68,68,75,75,75,75],"card_choices":[{"not_picked":["Transmutation","Thinking Ahead"],"picked":"HandOfGreed","floor":0},{"not_picked":["True Grit","Armaments"],"picked":"Battle Trance","floor":1},{"not_picked":["Armaments","Infernal Blade"],"picked":"Feel No Pain","floor":4},{"not_picked":["Warcry","Spot Weakness","Heavy Blade"],"picked":"SKIP","floor":5},{"not_picked":["Clothesline","Body Slam"],"picked":"Immolate","floor":7},{"not_picked":["Carnage","Heavy Blade","Rampage"],"picked":"SKIP","floor":8},{"not_picked":["Havoc","Sword Boomerang"],"picked":"Second Wind","floor":10}],"player_experience":638177,"relics_obtained":[{"floor":7,"key":"Juzu Bracelet"},{"floor":9,"key":"Strawberry"}],"event_choices":[{"damage_healed":0,"gold_gain":0,"player_choice":"Ignored","damage_taken":0,"max_hp_gain":0,"max_hp_loss":0,"event_name":"Liars Game","floor":3,"gold_loss":0}],"is_beta":false,"boss_relics":[],"items_purged_floors":[2],"is_endless":false,"potions_floor_spawned":[4,8,10],"killed_by":"3 Sentries","ascension_level":20}}