{"host":"bxn2em57qlx5u4i0","time":1611370157,"event":{"mods":["BaseMod","Colored Map","Colored Powertips","Highlight Path","Minty Spire (QoL Compilation)","Random Character Button","Relic Sorter","Relic Stats","StSLib","SuperFastMode"],"gold_per_floor":[219,53,53,130,150,175,175,175,201,201,227,55,55,67,67,140,140,110,110,137,31,45,45,63,92,146,146,165,180,41,60,60,136,136,149,149,30,49,21,21,34,63,63,95,95,95,95,113,113,113,113,113,113,36,67,67,67],"floor_reached":56,"language":"ENG","playtime":2871,"items_purged":["Strike_G"],"score":1862,"play_id":"6f2c1405-0201-461d-8be0-ad5d2d5ee02b","local_time":"20210122214917","is_ascension_mode":true,"campfire_choices":[{"data":"Noxious Fumes","floor":8.0,"key":"SMITH"},{"data":"Crippling Poison","floor":10.0,"key":"SMITH"},{"floor":13.0,"key":"REST"},{"data":"Leg Sweep","floor":15.0,"key":"SMITH"},{"data":"Catalyst","floor":23.0,"key":"SMITH"},{"data":"After Image","floor":27.0,"key":"SMITH"},{"floor":32.0,"key":"REST"},{"data":"Footwork","floor":40.0,"key":"SMITH"},{"floor":46.0,"key":"RECALL"},{"data":"Concentrate","floor":49.0,"key":"SMITH"},{"data":"Reflex","floor":53,"key":"SMITH"}],"circlet_count":0,"master_deck":["AscendersBane","Strike_G","Strike_G","Defend_G","Defend_G","Defend_G","Defend_G","Defend_G+1","Survivor+1","Neutralize","Leg Sweep+1","Noxious Fumes+1","Crippling Poison+1","Poisoned Stab","After Image+1","Catalyst+1","Backflip","Dodge and Roll+1","Blur","Footwork+1","Finesse","Concentrate+1","Venomology","Reflex+1","Backflip+1","Dagger Throw","Backflip+1","Flying Knee","Reflex","Blur","Footwork+1"],"relics":["Ring of the Snake","Darkstone Periapt","Tingsha","Potion Belt","War Paint","Toy Ornithopter","Medical Kit","SacredBark","Oddly Smooth Stone","Mercury Hourglass","Snecko Eye","Lantern","Meat on the Bone","Ancient Tea Set","HornCleat"],"acts_visited":["Exordium","TheCity","TheBeyond","TheEnding"],"potions_floor_usage":[51,51,56,56],"damage_taken":[{"damage":1.0,"enemies":"Cultist","floor":1.0,"turns":5.0},{"damage":6.0,"enemies":"Jaw Worm","floor":5.0,"turns":7.0},{"damage":16.0,"enemies":"3 Sentries","floor":6.0,"turns":10.0},{"damage":12.0,"enemies":"Lagavulin","floor":11.0,"turns":6.0},{"damage":0.0,"enemies":"Small Slimes","floor":14.0,"turns":4.0},{"damage":7.0,"enemies":"The Guardian","floor":16.0,"turns":10.0},{"damage":17.0,"enemies":"2 Thieves","floor":18.0,"turns":5.0},{"damage":6.0,"enemies":"Chosen","floor":22.0,"turns":4.0},{"damage":6.0,"enemies":"Centurion and Healer","floor":24.0,"turns":11.0},{"damage":9.0,"enemies":"Slavers","floor":25.0,"turns":8.0},{"damage":14.0,"enemies":"Snake Plant","floor":28.0,"turns":5.0},{"damage":1.0,"enemies":"Shelled Parasite and Fungi","floor":29.0,"turns":5.0},{"damage":33.0,"enemies":"Cultist and Chosen","floor":31.0,"turns":6.0},{"damage":14.0,"enemies":"Collector","floor":33.0,"turns":10.0},{"damage":0.0,"enemies":"3 Darklings","floor":35.0,"turns":5.0},{"damage":3.0,"enemies":"3 Shapes","floor":38.0,"turns":4.0},{"damage":7.0,"enemies":"3 Darklings","floor":41.0,"turns":6.0},{"damage":38.0,"enemies":"Reptomancer","floor":42.0,"turns":9.0},{"damage":0.0,"enemies":"Giant Head","floor":44.0,"turns":9.0},{"damage":0.0,"enemies":"Maw","floor":48.0,"turns":9.0},{"damage":54.0,"enemies":"Time Eater","floor":50.0,"turns":16.0},{"damage":30,"enemies":"Awakened One","floor":51,"turns":26},{"damage":24,"enemies":"Shield and Spear","floor":55,"turns":9},{"damage":53,"enemies":"The Heart","floor":56,"turns":9}],"seed_played":"-3973001907307739505","potions_obtained":[{"floor":5.0,"key":"Dexterity Potion"},{"floor":11.0,"key":"LiquidBronze"},{"floor":14.0,"key":"AttackPotion"},{"floor":18.0,"key":"Dexterity Potion"},{"floor":28.0,"key":"DistilledChaos"},{"floor":31.0,"key":"Explosive Potion"},{"floor":33.0,"key":"PowerPotion"},{"floor":41.0,"key":"GamblersBrew"},{"floor":42.0,"key":"EssenceOfSteel"},{"floor":48.0,"key":"Swift Potion"},{"floor":55,"key":"SmokeBomb"}],"is_trial":false,"path_per_floor":["M","$","?","T","M","E","?","R","T","R","E","$","R","M","R","B",null,"M","?","T","$","M","R","M","E","T","R","M","M","$","M","R","B",null,"M","?","$","M","$","R","M","E","T","E","?","R","?","M","R","B","B",null,"R","$","E","B"],"character_chosen":"THE_SILENT","items_purchased":["Noxious Fumes","Crippling Poison","Medical Kit","EntropicBrew","Footwork","Finesse","Reflex","Dagger Throw","Blur"],"campfire_rested":2,"item_purchase_floors":[2,2,12,21,30,30,37,39,54],"current_hp_per_floor":[58,58,51,51,45,29,18,18,18,18,6,6,25,25,25,23,55,43,43,43,43,52,52,46,47,47,47,33,37,37,4,23,19,54,54,54,54,51,51,51,49,31,31,43,33,33,33,45,45,23,15,53,53,53,41,0,0],"gold":67,"neow_bonus":"HUNDRED_GOLD","is_daily":false,"chose_seed":false,"campfire_upgraded":8,"win_rate":0.0,"timestamp":1611370157,"path_taken":["M","$","?","?","M","E","?","R","T","R","E","$","R","M","R","BOSS","M","?","?","$","M","R","M","E","T","R","M","M","$","M","R","BOSS","M","?","$","?","$","R","M","E","T","E","?","R","?","?","R","BOSS","BOSS","R","$","E","BOSS"],"items_purchased_type":["Card","Card","Relic","Potion","Card","Card","Card","Card","Card"],"build_version":"2020-12-22","purchased_purges":1,"victory":false,"max_hp_per_floor":[66,66,66,66,66,66,66,66,66,66,66,66,66,66,66,66,66,66,66,66,66,66,66,66,66,66,66,66,66,66,66,66,66,66,66,66,66,66,66,66,66,66,66,66,66,66,66,66,66,66,66,66,66,66,66,66,66],"relic_stats":{"Darkstone Periapt":0,"counters":[24,198],"Snecko Eye":[217,212,220,213],"Tingsha":[401],"War Paint":["Survivor","Defend_G"],"Medical Kit":[34],"obtain_stats":[{"Darkstone Periapt":4,"Potion Belt":7,"Lantern":42,"SacredBark":17,"Oddly Smooth Stone":20,"Tingsha":6,"War Paint":9,"Medical Kit":12,"Ancient Tea Set":44,"Mercury Hourglass":25,"HornCleat":55,"Snecko Eye":34,"Toy Ornithopter":11,"Ring of the Snake":0,"Meat on the Bone":43},{"Darkstone Periapt":1,"Potion Belt":3,"Lantern":18,"SacredBark":6,"Oddly Smooth Stone":7,"Tingsha":3,"War Paint":3,"Medical Kit":4,"Ancient Tea Set":19,"Mercury Hourglass":10,"HornCleat":23,"Snecko Eye":14,"Toy Ornithopter":4,"Ring of the Snake":0,"Meat on the Bone":18},{"Darkstone Periapt":5,"Potion Belt":22,"Lantern":120,"SacredBark":42,"Oddly Smooth Stone":47,"Tingsha":22,"War Paint":22,"Medical Kit":28,"Ancient Tea Set":129,"Mercury Hourglass":70,"HornCleat":189,"Snecko Eye":96,"Toy Ornithopter":28,"Ring of the Snake":0,"Meat on the Bone":120}],"Toy Ornithopter":115,"Ring of the Snake":[48],"Mercury Hourglass":[533],"Meat on the Bone":60},"card_choices":[{"not_picked":["Backflip","Quick Slash"],"picked":"Leg Sweep","floor":1.0},{"not_picked":["Terror","Dodge and Roll"],"picked":"Poisoned Stab","floor":5.0},{"not_picked":["Poisoned Stab","Phantasmal Killer","Bane"],"picked":"SKIP","floor":6.0},{"not_picked":["Concentrate","Flechettes","Heel Hook"],"picked":"SKIP","floor":11.0},{"not_picked":["Acrobatics","Outmaneuver","Dagger Spray"],"picked":"SKIP","floor":14.0},{"not_picked":["Acrobatics","Outmaneuver","Dagger Spray"],"picked":"SKIP","floor":14.0},{"not_picked":["Grand Finale","Glass Knife"],"picked":"After Image","floor":16.0},{"not_picked":["Accuracy","Slice"],"picked":"Catalyst","floor":18.0},{"not_picked":["Quick Slash","Bane","Terror"],"picked":"SKIP","floor":22.0},{"not_picked":["Unload","Blade Dance"],"picked":"Dodge and Roll+1","floor":24.0},{"not_picked":["Poisoned Stab+1","Acrobatics","Leg Sweep"],"picked":"SKIP","floor":25.0},{"not_picked":["Poisoned Stab","Choke","All Out Attack"],"picked":"SKIP","floor":28.0},{"not_picked":["Infinite Blades","Blade Dance"],"picked":"Blur","floor":29.0},{"not_picked":["Acrobatics+1","Die Die Die"],"picked":"Concentrate","floor":31.0},{"not_picked":["Tools of the Trade","Doppelganger"],"picked":"Venomology","floor":33.0},{"not_picked":["Quick Slash+1","Flying Knee","Skewer+1"],"picked":"SKIP","floor":35.0},{"not_picked":["Dodge and Roll+1","Dagger Throw"],"picked":"Backflip+1","floor":38.0},{"not_picked":["Setup","Escape Plan+1","Sucker Punch"],"picked":"SKIP","floor":41.0},{"not_picked":["Dodge and Roll","Underhanded Strike+1","Cloak And Dagger"],"picked":"SKIP","floor":42.0},{"not_picked":["Quick Slash","Poisoned Stab"],"picked":"Backflip+1","floor":44.0},{"not_picked":["Blade Dance+1","Deflect"],"picked":"Reflex","floor":48.0},{"not_picked":["Prepared","Dagger Spray"],"picked":"Footwork+1","floor":55}],"player_experience":2910005,"relics_obtained":[{"floor":4.0,"key":"Darkstone Periapt"},{"floor":6.0,"key":"Tingsha"},{"floor":9.0,"key":"War Paint"},{"floor":11.0,"key":"Toy Ornithopter"},{"floor":20.0,"key":"Oddly Smooth Stone"},{"floor":25.0,"key":"Mercury Hourglass"},{"floor":42.0,"key":"Lantern"},{"floor":43.0,"key":"Meat on the Bone"},{"floor":44.0,"key":"Ancient Tea Set"},{"floor":55,"key":"HornCleat"}],"event_choices":[{"cards_removed":["Strike_G"],"damage_healed":0.0,"max_hp_gain":0.0,"max_hp_loss":0.0,"gold_gain":0.0,"event_name":"Golden Wing","player_choice":"Card Removal","floor":3.0,"gold_loss":0.0,"damage_taken":7.0},{"damage_healed":0.0,"max_hp_gain":0.0,"max_hp_loss":0.0,"gold_gain":0.0,"event_name":"Scrap Ooze","player_choice":"Success","floor":7.0,"gold_loss":0.0,"damage_taken":11.0,"relics_obtained":["Potion Belt"]},{"damage_healed":0.0,"max_hp_gain":0.0,"max_hp_loss":0.0,"gold_gain":0.0,"event_name":"The Library","player_choice":"Read","floor":19.0,"gold_loss":0.0,"damage_taken":0.0,"cards_obtained":["Backflip"]},{"damage_healed":0.0,"max_hp_gain":0.0,"max_hp_loss":0.0,"gold_gain":0.0,"event_name":"SecretPortal","player_choice":"Ignored","floor":36.0,"gold_loss":0.0,"damage_taken":0.0},{"damage_healed":0.0,"max_hp_gain":0.0,"max_hp_loss":0.0,"gold_gain":0.0,"event_name":"SensoryStone","player_choice":"Memory 3","floor":45.0,"gold_loss":0.0,"damage_taken":10.0},{"damage_healed":0.0,"max_hp_gain":0.0,"max_hp_loss":0.0,"gold_gain":0.0,"cards_transformed":["Strike_G"],"event_name":"Transmorgrifier","player_choice":"Transformed","floor":47.0,"gold_loss":0.0,"damage_taken":0.0,"cards_obtained":["Flying Knee"]}],"is_beta":false,"boss_relics":[{"not_picked":["HoveringKite","Ectoplasm"],"picked":"SacredBark"},{"not_picked":["Astrolabe","Calling Bell"],"picked":"Snecko Eye"}],"items_purged_floors":[37],"is_endless":false,"potions_floor_spawned":[5,11,14,18,28,31,33,41,42,48,55],"killed_by":"The Heart","ascension_level":20}}