{"host":"sian7qp8a9pc9xwd","time":1611414833,"event":{"mods":["BaseMod","Minty Spire (QoL Compilation)","StSLib","SuperFastMode"],"gold_per_floor":[111,111,62,62,62,88,99,132,180,255,255,272,113,188,188,285,285,298,160,146,146,157,157,191,205,205,205,205],"floor_reached":27,"language":"ENG","playtime":809,"items_purged":["Strike_R","Strike_R"],"score":396,"play_id":"70c3b8d9-2443-4815-a602-a032c45d594a","local_time":"20210123101353","is_ascension_mode":true,"campfire_choices":[{"data":"Wild Strike","floor":11,"key":"SMITH"},{"floor":15,"key":"REST"},{"data":"Evolve","floor":23,"key":"SMITH"}],"circlet_count":0,"master_deck":["AscendersBane","Strike_R","Strike_R","Strike_R","Defend_R","Defend_R","Defend_R","Bash","Shrug It Off","Wild Strike","Wild Strike+1","Ghostly Armor","Blind","Fire Breathing","Seeing Red","Evolve+1","Fire Breathing"],"relics":["Black Blood","NeowsBlessing","Pen Nib","Du-Vu Doll","Nunchaku","Kunai","Happy Flower"],"acts_visited":["Exordium","TheCity"],"potions_floor_usage":[16,20,24,27],"damage_taken":[{"damage":0.0,"enemies":"Cultist","floor":1.0,"turns":1.0},{"damage":0.0,"enemies":"Gremlin Nob","floor":6.0,"turns":1.0},{"damage":0.0,"enemies":"Jaw Worm","floor":7.0,"turns":1.0},{"damage":44.0,"enemies":"3 Sentries","floor":8.0,"turns":7.0},{"damage":2,"enemies":"2 Louse","floor":12,"turns":3},{"damage":43,"enemies":"The Guardian","floor":16,"turns":11},{"damage":32,"enemies":"3 Byrds","floor":18,"turns":8},{"damage":9,"enemies":"2 Thieves","floor":20,"turns":4},{"damage":12,"enemies":"Cultist and Chosen","floor":22,"turns":6},{"damage":52,"enemies":"Book of Stabbing","floor":24,"turns":6},{"damage":24,"enemies":"Sentry and Sphere","floor":25,"turns":4},{"damage":19,"enemies":"Slavers","floor":27,"turns":3}],"seed_played":"8581989593076489221","potions_obtained":[{"floor":1.0,"key":"AttackPotion"},{"floor":6.0,"key":"Block Potion"},{"floor":18,"key":"Block Potion"},{"floor":20,"key":"PowerPotion"},{"floor":25,"key":"Block Potion"}],"is_trial":false,"path_per_floor":["M","?","$","?","$","E","M","E","T","?","R","M","$","?","R","B",null,"M","$","M","?","M","R","E","M","T","E"],"character_chosen":"IRONCLAD","items_purchased":["Wild Strike","Blind","Seeing Red"],"campfire_rested":1,"item_purchase_floors":[3,13,19],"current_hp_per_floor":[78,71,71,71,71,77,80,42,42,34,34,38,38,27,51,14,64,44,44,47,90,90,90,50,38,38,19,19],"gold":205,"neow_bonus":"THREE_ENEMY_KILL","is_daily":false,"chose_seed":false,"campfire_upgraded":2,"win_rate":0.0,"timestamp":1611414833,"path_taken":["M","?","$","?","?","E","?","E","T","?","R","?","$","?","R","BOSS","M","$","M","?","?","R","E","M","T","E"],"items_purchased_type":["Card","Card","Card"],"build_version":"2020-12-22","purchased_purges":2,"victory":false,"max_hp_per_floor":[80,80,80,80,80,80,80,80,80,80,80,80,80,80,80,80,80,80,80,80,90,90,90,90,90,90,90,90],"card_choices":[{"not_picked":["Armaments","Dark Embrace"],"picked":"Shrug It Off","floor":1.0},{"not_picked":["Flex","Carnage"],"picked":"Wild Strike","floor":6.0},{"not_picked":["Heavy Blade","Sever Soul"],"picked":"Ghostly Armor","floor":7.0},{"not_picked":["Shrug It Off","Combust"],"picked":"Fiend Fire","floor":8.0},{"not_picked":["Flex","Entrench","Uppercut"],"picked":"SKIP","floor":12},{"not_picked":["Combust","Warcry"],"picked":"Fire Breathing","floor":18},{"not_picked":["Rupture+1","Havoc"],"picked":"Evolve","floor":20},{"not_picked":["Havoc","Flex","Perfected Strike"],"picked":"SKIP","floor":22},{"not_picked":["Havoc+1","Clash"],"picked":"Fire Breathing","floor":24},{"not_picked":["Flex","Heavy Blade+1","Carnage+1"],"picked":"SKIP","floor":25}],"player_experience":765602,"relics_obtained":[{"floor":6.0,"key":"Pen Nib"},{"floor":8.0,"key":"Du-Vu Doll"},{"floor":9.0,"key":"Nunchaku"},{"floor":24,"key":"Kunai"},{"floor":26,"key":"Happy Flower"}],"event_choices":[{"cards_removed":["Defend_R"],"damage_healed":0.0,"max_hp_gain":0.0,"max_hp_loss":0.0,"gold_gain":0.0,"event_name":"Golden Wing","player_choice":"Card Removal","floor":2.0,"gold_loss":0.0,"damage_taken":7.0},{"damage_healed":0.0,"max_hp_gain":0.0,"max_hp_loss":0.0,"gold_gain":0.0,"event_name":"Scrap Ooze","player_choice":"Fled","floor":4.0,"gold_loss":0.0,"damage_taken":0.0},{"damage_healed":0,"gold_gain":75,"player_choice":"Touch","damage_taken":8,"max_hp_gain":0,"max_hp_loss":0,"event_name":"FaceTrader","floor":10,"gold_loss":0},{"damage_healed":0,"gold_gain":75,"player_choice":"Gather Gold","damage_taken":11,"max_hp_gain":0,"max_hp_loss":0,"event_name":"World of Goop","floor":14,"gold_loss":0},{"cards_removed":["Fiend Fire"],"damage_healed":33,"gold_gain":0,"player_choice":"Offered Rare","damage_taken":0,"max_hp_gain":10,"max_hp_loss":0,"event_name":"Bonfire Elementals","floor":21,"gold_loss":0}],"is_beta":false,"boss_relics":[{"not_picked":["Runic Pyramid","Tiny House"],"picked":"Black Blood"}],"items_purged_floors":[13,19],"is_endless":false,"potions_floor_spawned":[1,6,18,20,25],"killed_by":"Slavers","ascension_level":10}}