{"host":"37ccm3d17clopct7","time":1611391495,"event":{"mods":["BaseMod","Lobotomy","Minty Spire (QoL Compilation)","READ ME - Snecko Mod","StSLib","The Bug Knight","The Cursed","The Hierophant","The Runesmith"],"gold_per_floor":[274,284,284,302,322,353,353,363,363,363,373,373,373,387,387,486,486,426,440,142,152,163,163,194,194,194,194,194,214,46,61,61,158,158,178,189,201,45,64,64,64],"floor_reached":40,"language":"KOR","playtime":2755,"items_purged":["Runesmith:Strike_RS","Runesmith:Strike_RS"],"score":412,"play_id":"2203d715-c86c-4df4-a241-8851f62e29dd","local_time":"20210123174455","is_ascension_mode":false,"campfire_choices":[{"floor":7,"key":"REST"},{"data":"Runesmith:CraftFirestone","floor":10,"key":"SMITH"},{"floor":12,"key":"REST"},{"data":"Runesmith:Grindstone","floor":15,"key":"SMITH"},{"floor":23,"key":"REST"},{"floor":25,"key":"REST"},{"floor":32,"key":"REST"}],"circlet_count":0,"master_deck":["Runesmith:CraftFirestone+1","Runesmith:Fortify","Runesmith:CraftProtectio","Runesmith:HeatedChisel","Runesmith:GoWithTheFlow","Runesmith:EarthShield","Runesmith:HammerThrow","Runesmith:EarthShield","Runesmith:Terraform","Runesmith:Grindstone+1","Runesmith:Duplicate","Runesmith:CraftMagma+1","Runesmith:Permafrost","Runesmith:CraftIncendium+1","Runesmith:Prism+1","Runesmith:StaticCage","Runesmith:Grindstone+1","Runesmith:LithiumIon+1","Runesmith:BackupBattery+1","Runesmith:Supernova+1","Runesmith:Overpower+1","Runesmith:CraftIndustria+1","Runesmith:RunicBlueprint+1","Runesmith:PerfectChisel"],"relics":["Runesmith:BrokenRuby","Kunai","Meat on the Bone","Empty Cage","Blood Vial","HollowMod:StagPassRelic","Bird Faced Urn","Astrolabe","TheAbacus"],"acts_visited":["Exordium","TheCity","TheBeyond"],"potions_floor_usage":[16,33,33,40,40],"damage_taken":[{"damage":10,"enemies":"Small Slimes","floor":1,"turns":3},{"damage":0,"enemies":"Cultist","floor":2,"turns":5},{"damage":0,"enemies":"2 Louse","floor":4,"turns":4},{"damage":0,"enemies":"2 Fungi Beasts","floor":5,"turns":4},{"damage":12,"enemies":"Lagavulin","floor":6,"turns":9},{"damage":10,"enemies":"Looter","floor":8,"turns":3},{"damage":0,"enemies":"Exordium Thugs","floor":11,"turns":5},{"damage":0,"enemies":"Exordium Wildlife","floor":14,"turns":6},{"damage":16,"enemies":"Hexaghost","floor":16,"turns":10},{"damage":15,"enemies":"2 Thieves","floor":18,"turns":4},{"damage":3,"enemies":"Cultist and Chosen","floor":19,"turns":7},{"damage":35,"enemies":"Chosen and Byrds","floor":21,"turns":9},{"damage":4,"enemies":"Centurion and Healer","floor":22,"turns":10},{"damage":50,"enemies":"Slavers","floor":24,"turns":9},{"damage":11,"enemies":"Sentry and Sphere","floor":29,"turns":10},{"damage":14,"enemies":"Cultist and Chosen","floor":31,"turns":9},{"damage":24,"enemies":"Collector","floor":33,"turns":9},{"damage":0,"enemies":"3 Shapes","floor":35,"turns":6},{"damage":20,"enemies":"Orb Walker","floor":36,"turns":6},{"damage":0,"enemies":"Maw","floor":37,"turns":9},{"damage":43,"enemies":"Transient","floor":39,"turns":5},{"damage":44,"enemies":"Reptomancer","floor":40,"turns":2}],"seed_played":"1059037176308065395","potions_obtained":[{"floor":4,"key":"EssenceOfSteel"},{"floor":11,"key":"LiquidBronze"},{"floor":16,"key":"SneckoOil"},{"floor":19,"key":"PowerPotion"},{"floor":22,"key":"ColorlessPotion"},{"floor":29,"key":"EssenceOfSteel"},{"floor":35,"key":"LiquidMemories"},{"floor":36,"key":"SteroidPotion"}],"is_trial":false,"path_per_floor":["M","M","?","M","M","E","R","M","T","R","M","R","?","M","R","B",null,"M","M","$","M","M","R","E","R","T","?","?","M","$","M","R","B",null,"M","M","M","$","M","E"],"character_chosen":"RUNESMITH_CLASS","items_purchased":["Runesmith:CraftIncendium","Blood Vial","Runesmith:LithiumIon","TheAbacus"],"campfire_rested":5,"item_purchase_floors":[20,20,30,38],"current_hp_per_floor":[60,60,60,60,60,48,69,59,59,59,59,70,70,70,70,54,70,55,52,52,31,41,62,26,47,47,47,47,38,38,40,61,45,70,70,52,58,58,33,0,0],"gold":64,"neow_bonus":"","is_daily":false,"chose_seed":false,"campfire_upgraded":2,"win_rate":0.0,"timestamp":1611391495,"path_taken":["M","M","?","?","M","E","R","M","T","R","M","R","?","M","R","BOSS","M","M","$","M","M","R","E","R","T","?","?","?","$","M","R","BOSS","M","M","M","$","M","E"],"items_purchased_type":["Card","Relic","Card","Relic"],"build_version":"2020-12-22","purchased_purges":2,"victory":false,"max_hp_per_floor":[70,70,70,70,70,70,70,70,70,70,70,70,70,70,70,70,70,70,70,70,70,70,70,70,70,70,70,70,70,70,70,70,70,70,70,70,70,70,70,70,70],"card_choices":[{"not_picked":["Runesmith:DoubleUp","Runesmith:EnergizedChisel"],"picked":"Runesmith:CraftProtectio","floor":1},{"not_picked":["Runesmith:Grindstone","Runesmith:StaticCage"],"picked":"Runesmith:HeatedChisel","floor":2},{"not_picked":["Runesmith:CraftProtectio","Runesmith:ElementalConversion"],"picked":"Runesmith:GoWithTheFlow","floor":4},{"not_picked":["Runesmith:PoweredAnvil","Runesmith:Repurpose"],"picked":"Runesmith:EarthShield","floor":5},{"not_picked":["Runesmith:Accelerate","Runesmith:MakeshiftArmor"],"picked":"Runesmith:HammerThrow","floor":6},{"not_picked":["Runesmith:HeatedChisel","Runesmith:ShiftingStrike"],"picked":"Runesmith:EarthShield","floor":8},{"not_picked":["Runesmith:GrandSlam","Runesmith:PoweredAnvil"],"picked":"Runesmith:Terraform","floor":11},{"not_picked":["Runesmith:HeatExchange","Runesmith:HammerThrow"],"picked":"Runesmith:Grindstone","floor":14},{"not_picked":["Runesmith:CraftPrismatica","Runesmith:CraftMedicinae"],"picked":"Runesmith:Duplicate","floor":16},{"not_picked":["Runesmith:Overpower+1","Runesmith:UnstableHammer"],"picked":"Runesmith:CraftMagma+1","floor":18},{"not_picked":["Runesmith:CraftProtectio","Runesmith:NegativeSpace+1"],"picked":"Runesmith:Permafrost","floor":19},{"not_picked":["Runesmith:MakeshiftArmor","Runesmith:EarthShield+1","Runesmith:Malloc"],"picked":"SKIP","floor":21},{"not_picked":["Runesmith:BackupBattery","Runesmith:HeatedChisel"],"picked":"Runesmith:Prism+1","floor":22},{"not_picked":["Runesmith:Repurpose","Runesmith:Terraform"],"picked":"Runesmith:StaticCage","floor":24},{"not_picked":["Runesmith:EnergizedChisel","Runesmith:Overpower+1"],"picked":"Runesmith:Grindstone+1","floor":29},{"not_picked":["Runesmith:HeatExchange","Runesmith:GoWithTheFlow"],"picked":"Runesmith:BackupBattery+1","floor":31},{"not_picked":["Runesmith:FieryHammer+1","Runesmith:StaticCage","Runesmith:BackupBattery+1"],"picked":"SKIP","floor":35},{"not_picked":["Runesmith:CraftSpiculum","Runesmith:EnergizedChisel","Runesmith:CraftReservo"],"picked":"SKIP","floor":36},{"not_picked":["Runesmith:Grindstone","Runesmith:NegativeSpace+1"],"picked":"Runesmith:RunicBlueprint+1","floor":37},{"not_picked":["Runesmith:Overpower+1","Runesmith:Grindstone+1"],"picked":"Runesmith:PerfectChisel","floor":39}],"player_experience":91839,"relics_obtained":[{"floor":6,"key":"Kunai"},{"floor":9,"key":"Meat on the Bone"},{"floor":24,"key":"HollowMod:StagPassRelic"},{"floor":26,"key":"Bird Faced Urn"}],"event_choices":[{"cards_removed":["Runesmith:Defend_RS"],"damage_healed":0,"gold_gain":0,"player_choice":"Offered Basic","damage_taken":0,"max_hp_gain":0,"max_hp_loss":0,"event_name":"Bonfire Elementals","floor":3,"gold_loss":0},{"damage_healed":0,"gold_gain":0,"player_choice":"Ignored","damage_taken":0,"max_hp_gain":0,"max_hp_loss":0,"event_name":"Liars Game","floor":13,"gold_loss":0},{"damage_healed":0,"gold_gain":0,"player_choice":"Ignored","damage_taken":0,"max_hp_gain":0,"max_hp_loss":0,"event_name":"Vampires","floor":27,"gold_loss":0},{"damage_healed":0,"gold_gain":0,"player_choice":"Forge","damage_taken":0,"max_hp_gain":0,"max_hp_loss":0,"event_name":"Accursed Blacksmith","floor":28,"gold_loss":0,"cards_upgraded":["Runesmith:CraftIncendium"]}],"is_beta":false,"boss_relics":[{"not_picked":["Runesmith:CoreCrystal","Coffee Dripper"],"picked":"Empty Cage"},{"not_picked":["SlaversCollar","Fusion Hammer"],"picked":"Astrolabe"}],"items_purged_floors":[20,30],"is_endless":false,"potions_floor_spawned":[4,11,16,19,22,29,31,35,36],"killed_by":"Reptomancer","ascension_level":0}}