{"host":"w619eve9eoxeplmy","time":1611391911,"event":{"mods":["Aspiration","BaseMod","Marisa????????","Minty Spire (QoL Compilation)","Replay The Spire","StSLib","Waifu the Spire","Youmu??????","vexMod"],"gold_per_floor":[116,116,116,4,22,22,38,38,62,62,22,22,22,42,42,191,191,230,249,249,348,362,362,382,382,405,9,9,9,9,32,32,177,177,202,202,302,323,348,348,392,417,441,441,441,441],"floor_reached":45,"language":"ENG","playtime":1818,"items_purged":[],"score":524,"play_id":"7e42628e-97a3-421a-b4d0-49ff02629ddd","local_time":"20210123025151","is_ascension_mode":true,"campfire_choices":[{"floor":6,"key":"REST"},{"data":"DragonMeteor","floor":8,"key":"SMITH"},{"data":"BlazeAway","floor":10,"key":"SMITH"},{"data":"PropBag","floor":13,"key":"SMITH"},{"floor":23,"key":"REST"},{"floor":25,"key":"REST"},{"data":"Orbital","floor":30,"key":"SMITH"},{"data":"MeteoricShower","floor":32,"key":"SMITH"},{"floor":40,"key":"REST"},{"floor":44,"key":"REST"}],"circlet_count":0,"master_deck":["Strike_MRS","Strike_MRS","Strike_MRS+1","Strike_MRS","Defend_MRS","Defend_MRS","Defend_MRS","Defend_MRS","MasterSpark","UpSweep","BigCrunch+1","DarkMatter+1","Injury","EventHorizon+1","BlazeAway+1","DragonMeteor+1","WitchOfGreed","PropBag+1","WitchLeyline","BlazingStar+1","SporeBomb","MeteoricShower+1","Hallucinations","GalacticHalo","PowerUp+1","Orbital+1","OortCloud+1","DeepEcoloBomb+1","MillisecondPulsars+1","6A+1","Writhe","ChargingUp+1","Acceleration","PropBag+1","DC+1"],"relics":["MiniHakkero","Golden Idol","Vajra","Snack Pack","vexMod:BigBerry","Potion Belt","Pet Ghost","Replay:WaspNest","vexMod:ImprovementManual","aspiration:ChemicalBlood","Gremlin Horn","Blue Candle"],"acts_visited":["Exordium","TheCity","TheBeyond"],"potions_floor_usage":[18,33,33,33,38,38,42,42],"damage_taken":[{"damage":1,"enemies":"Jaw Worm","floor":1,"turns":3},{"damage":9,"enemies":"2 Louse","floor":5,"turns":3},{"damage":8,"enemies":"Small Slimes","floor":7,"turns":2},{"damage":7,"enemies":"Blue Slaver","floor":14,"turns":3},{"damage":47,"enemies":"Fading Forest","floor":16,"turns":11},{"damage":17,"enemies":"Shell Parasite","floor":18,"turns":5},{"damage":10,"enemies":"Chosen","floor":19,"turns":2},{"damage":42,"enemies":"Snake Plant","floor":22,"turns":3},{"damage":12,"enemies":"Centurion and Healer","floor":24,"turns":3},{"damage":12,"enemies":"Sentry and Sphere","floor":31,"turns":3},{"damage":53,"enemies":"Champ","floor":33,"turns":8},{"damage":8,"enemies":"Orb Walker","floor":35,"turns":3},{"damage":31,"enemies":"3 Darklings","floor":38,"turns":4},{"damage":58,"enemies":"Spire Growth","floor":39,"turns":4},{"damage":34,"enemies":"Transient","floor":41,"turns":5},{"damage":24,"enemies":"Jaw Worm Horde","floor":42,"turns":5},{"damage":55,"enemies":"Writhing Mass","floor":45,"turns":4}],"seed_played":"2178953440698424950","potions_obtained":[{"floor":1,"key":"Doom Potion"},{"floor":16,"key":"Swift Potion"},{"floor":18,"key":"LiquidMemories"},{"floor":18,"key":"SteroidPotion"},{"floor":22,"key":"Weak Potion"},{"floor":33,"key":"Adrenaline Potion"},{"floor":35,"key":"Adrenaline Potion"},{"floor":39,"key":"Swift Potion"},{"floor":41,"key":"SkillPotion"}],"is_trial":false,"path_per_floor":["M","?","?","$","M","R","M","R","T","R","$","T","R","M","R","B",null,"M","M","?","?","M","R","M","R","T","$","?","$","R","M","R","B",null,"M","?","?","M","M","R","M","M","T","R","M"],"character_chosen":"MARISA","items_purchased":["EventHorizon","BlazeAway","PropBag","Replay:WaspNest","Orbital","OortCloud"],"campfire_rested":5,"item_purchase_floors":[4,4,11,27,27,27],"current_hp_per_floor":[74,59,59,59,50,72,64,64,64,64,64,64,64,57,75,44,105,88,80,80,80,38,69,57,88,88,88,88,88,88,80,80,33,105,97,105,105,78,22,53,25,15,15,46,0,0],"gold":441,"neow_bonus":"ONE_RANDOM_RARE_CARD","is_daily":false,"chose_seed":false,"campfire_upgraded":5,"win_rate":0.0,"timestamp":1611391911,"path_taken":["M","?","?","?","M","R","M","R","T","R","$","?","R","M","R","BOSS","M","M","?","?","M","R","M","R","T","$","?","?","R","M","R","BOSS","M","?","?","M","M","R","?","M","T","R","M"],"items_purchased_type":["Card","Card","Card","Relic","Card","Card"],"build_version":"2020-12-22","purchased_purges":0,"victory":false,"max_hp_per_floor":[75,75,75,75,75,75,75,75,75,75,75,75,75,75,75,75,105,105,105,105,105,105,105,105,105,105,105,105,105,105,105,105,105,105,105,105,105,105,105,105,105,105,105,105,105,105],"card_choices":[{"not_picked":["WitchLeyline","GrandCross"],"picked":"DarkMatter","floor":1},{"not_picked":["Acceleration","OrrerysSun"],"picked":"DragonMeteor","floor":5},{"not_picked":["MysteriousBeam","ChargeUpSpray"],"picked":"WitchOfGreed","floor":7},{"not_picked":["OneTimeOff","SporeBomb"],"picked":"WitchLeyline","floor":14},{"not_picked":["JA","StarDustReverie"],"picked":"BlazingStar","floor":16},{"not_picked":["Singularity","6A+1"],"picked":"SporeBomb","floor":18},{"not_picked":["LuminesStrike","UnstableBomb"],"picked":"MeteoricShower","floor":19},{"not_picked":["MilkyWay","StarBarrage"],"picked":"GalacticHalo","floor":22},{"not_picked":["UnstableBomb","DoubleSpark"],"picked":"PowerUp","floor":24},{"not_picked":["MysteriousBeam","Occultation"],"picked":"DeepEcoloBomb+1","floor":31},{"not_picked":["CasketOfStar","ManaRampage"],"picked":"MillisecondPulsars","floor":33},{"not_picked":["EventHorizon+1","MilkyWay+1"],"picked":"6A+1","floor":35},{"not_picked":["DeepEcoloBomb","AlicesGift"],"picked":"ChargingUp+1","floor":38},{"not_picked":["PulseMagic","ChargeUpSpray"],"picked":"Acceleration","floor":39},{"not_picked":["DoubleSpark+1","EarthLightRay"],"picked":"PropBag+1","floor":41},{"not_picked":["SprinkleStarSeal","UnstableBomb+1"],"picked":"DC+1","floor":42}],"player_experience":345036,"relics_obtained":[{"floor":9,"key":"Vajra"},{"floor":12,"key":"Snack Pack"},{"floor":26,"key":"Pet Ghost"},{"floor":43,"key":"aspiration:ChemicalBlood"}],"event_choices":[{"damage_healed":0,"gold_gain":0,"player_choice":"Entered Light","damage_taken":15,"max_hp_gain":0,"max_hp_loss":0,"event_name":"Shining Light","floor":2,"gold_loss":0,"cards_upgraded":["Strike_MRS","BigCrunch"]},{"damage_healed":0,"gold_gain":0,"player_choice":"Take Wound","damage_taken":0,"relics_obtained":["Golden Idol"],"max_hp_gain":0,"max_hp_loss":0,"event_name":"Golden Idol","floor":3,"gold_loss":0,"cards_obtained":["Injury"]},{"damage_healed":0,"gold_gain":99,"player_choice":"Stole From Cult","damage_taken":0,"max_hp_gain":0,"max_hp_loss":0,"event_name":"Nest","floor":21,"gold_loss":0},{"damage_healed":0,"gold_gain":0,"player_choice":"Ignored","damage_taken":0,"max_hp_gain":0,"max_hp_loss":0,"event_name":"Cursed Tome","floor":28,"gold_loss":0},{"damage_healed":26,"gold_gain":0,"player_choice":"Writhe","damage_taken":0,"max_hp_gain":0,"max_hp_loss":0,"event_name":"Winding Halls","floor":36,"gold_loss":0,"cards_obtained":["Writhe"]},{"damage_healed":0,"gold_gain":100,"player_choice":"Pray","damage_taken":0,"max_hp_gain":0,"max_hp_loss":0,"event_name":"Golden Shrine","floor":37,"gold_loss":0}],"is_beta":false,"boss_relics":[{"not_picked":["vexMod:EndlessSickness","ReplayTheSpireMod:DimensionalGlitch"],"picked":"vexMod:BigBerry"},{"not_picked":["ExperimentalFamiliar","Astrolabe"],"picked":"vexMod:ImprovementManual"}],"items_purged_floors":[],"is_endless":false,"potions_floor_spawned":[1,18,22,33,35,39],"killed_by":"Writhing Mass","ascension_level":1}}