{"host":"f76kcizrccta30ww","time":1611406931,"event":{"mods":["Act Like it!","Aspiration","BaseMod","Gensokyo","Marisa（F雨　魔理沙）","Minty Spire (QoL Compilation)","Pale of the Ancients","Replay The Spire","Shop Mod","StSLib","TestMod","vexMod"],"gold_per_floor":[111,128,128,8,25,25,56,56,80,80,480,532,546,559,559,655,655,674,24,24,42,42,68,86,86,163,177,177,202,302,322,322,421,421,437,437,483,483,137,167,177,28,52,52,52,66,66,79,79,79],"floor_reached":51,"language":"ZHS","playtime":2359,"items_purged":["Hallucinations"],"score":913,"play_id":"43b288ac-6bab-46b5-ab67-cc7ea8895103","local_time":"20210123210211","is_ascension_mode":false,"campfire_choices":[{"data":"Envenom","floor":10,"key":"SMITH"},{"data":"Neutralize","floor":15,"key":"SMITH"},{"floor":25,"key":"REST"},{"floor":32,"key":"REST"},{"data":"Calculated Gamble","floor":44,"key":"SMITH"},{"data":"After Image","floor":49,"key":"SMITH"}],"circlet_count":0,"master_deck":["Strike_G","Strike_G","Strike_G+1","Defend_G","Defend_G+1","Defend_G","Defend_G","Survivor","Neutralize+1","Dagger Spray","Dagger Throw","Noxious Fumes","Tactician","Heel Hook","Envenom+1","Poisoned Stab","Bane","Tools of the Trade","Finisher+1","Noxious Fumes","Calculated Gamble+1","Bouncing Flask+1","Bane+1","Underhanded Strike","Tactician+1","ReplayTheSpireMod:Scrap Shanks+1","Hidden Blade","After Image+1","Catalyst","Crippling Poison+1","Prepared","Prepared+1","Slice","Escape Plan+1","Blade Dance+1"],"relics":["Ring of the Snake","testmod-BouquetWithThorns","PureWater","aspiration:DSix","ReplayTheSpireMod:Ring of Collecting","Ring of Fury","Lantern","Ring of Peace","Pet Ghost","MerchantsRug","Snake Skull","Oddly Smooth Stone","vexMod:GhostlyGear","Nloth\u0027s Gift","Tingsha","vexMod:FocusSash","Bottled Flame","aspiration:RitualStick","vexMod:PlasmaPancake","SacredBark","Byrd Skull","testmod-IntensifyImprint","Toxic Egg 2","Juzu Bracelet","PreservedInsect","aspiration:HiddenCompartment"],"acts_visited":["Exordium","TheCity","TheBeyond"],"potions_floor_usage":[16,16,16,24,29,31,33,37,48,50],"damage_taken":[{"damage":1,"enemies":"Jaw Worm","floor":1,"turns":4},{"damage":0,"enemies":"Cultist","floor":2,"turns":4},{"damage":0,"enemies":"2 Louse","floor":5,"turns":3},{"damage":10,"enemies":"3 Sentries","floor":7,"turns":5},{"damage":0,"enemies":"2 Fungi Beasts","floor":13,"turns":3},{"damage":0,"enemies":"Large Slime","floor":14,"turns":5},{"damage":9,"enemies":"Fading Forest","floor":16,"turns":11},{"damage":17,"enemies":"Spheric Guardian","floor":18,"turns":4},{"damage":2,"enemies":"3 Byrds","floor":21,"turns":3},{"damage":29,"enemies":"Slavers","floor":23,"turns":3},{"damage":4,"enemies":"Shelled Parasite and Fungi","floor":24,"turns":3},{"damage":3,"enemies":"Cultist and Chosen","floor":27,"turns":4},{"damage":12,"enemies":"Gremlin Leader","floor":29,"turns":4},{"damage":0,"enemies":"Sentry and Sphere","floor":31,"turns":3},{"damage":0,"enemies":"Champ","floor":33,"turns":7},{"damage":0,"enemies":"Orb Walker","floor":35,"turns":2},{"damage":13,"enemies":"2 Orb Walkers","floor":37,"turns":4},{"damage":0,"enemies":"Reptomancer","floor":40,"turns":2},{"damage":0,"enemies":"3 Shapes","floor":41,"turns":2},{"damage":0,"enemies":"Jaw Worm Horde","floor":46,"turns":1},{"damage":0,"enemies":"Maw","floor":48,"turns":4},{"damage":11,"enemies":"Awakened One","floor":50,"turns":5}],"seed_played":"1944561138147464077","potions_obtained":[{"floor":2,"key":"SteroidPotion"},{"floor":5,"key":"Regen Potion"},{"floor":14,"key":"Strength Potion"},{"floor":16,"key":"testmod-TestPotion"},{"floor":24,"key":"CunningPotion"},{"floor":29,"key":"Block Potion"},{"floor":31,"key":"Weak Potion"},{"floor":33,"key":"ColorlessPotion"},{"floor":35,"key":"Swift Potion"},{"floor":40,"key":"LiquidMemories"},{"floor":48,"key":"Explosive Potion"}],"is_trial":false,"path_per_floor":["M","M","?","$","M","?","E","?","T","R","?","T","M","M","R","B",null,"M","$","?","M","?","E","M","R","T","M","?","E","?","M","R","B",null,"M","?","?","?","$","E","M","$","T","R","$","M","?","M","R","B",null],"character_chosen":"THE_SILENT","items_purchased":["Noxious Fumes","Tactician","MerchantsRug","Snake Skull","Oddly Smooth Stone","vexMod:GhostlyGear","Noxious Fumes","Calculated Gamble","testmod-IntensifyImprint","Prepared","Juzu Bracelet"],"campfire_rested":2,"item_purchase_floors":[4,4,19,19,19,19,19,19,39,39,42],"current_hp_per_floor":[69,69,69,69,69,55,45,45,45,45,45,45,45,45,45,51,70,53,53,53,51,51,22,18,39,39,36,22,16,16,16,38,38,76,76,76,63,63,63,63,63,63,63,63,63,63,63,63,63,52],"gold":79,"neow_bonus":"NOSTALGIA","is_daily":false,"chose_seed":false,"campfire_upgraded":4,"win_rate":0.0,"timestamp":1611406931,"path_taken":["M","M","?","?","M","?","E","?","T","R","?","?","M","M","R","BOSS","M","$","?","M","?","E","M","R","T","?","?","E","?","?","R","BOSS","M","?","?","?","$","E","?","$","T","R","?","M","?","M","R","BOSS"],"items_purchased_type":["Card","Card","Relic","Relic","Relic","Relic","Card","Card","Relic","Card","Relic"],"build_version":"2020-12-22","purchased_purges":1,"victory":true,"max_hp_per_floor":[70,70,70,70,70,70,70,70,70,70,70,70,70,70,70,70,70,70,70,70,70,70,70,70,70,70,70,70,76,76,76,76,76,76,76,76,76,76,76,76,76,76,76,76,76,76,76,76,76,76],"card_choices":[{"not_picked":["Catalyst","Skewer"],"picked":"Dagger Spray","floor":1},{"not_picked":["Deflect","Draining Mist"],"picked":"Dagger Throw","floor":2},{"not_picked":["ReplayTheSpireMod:Speed Training","Bane"],"picked":"Heel Hook","floor":5},{"not_picked":["Sucker Punch","Riddle With Holes"],"picked":"Envenom","floor":7},{"not_picked":["PiercingWail","Outmaneuver"],"picked":"Poisoned Stab","floor":13},{"not_picked":["Dagger Throw","ReplayTheSpireMod:Speed Training"],"picked":"Bane","floor":14},{"not_picked":["Wraith Form v2","Bullet Time"],"picked":"Tools of the Trade","floor":16},{"not_picked":["Sucker Punch+1","Quick Slash"],"picked":"Finisher+1","floor":18},{"not_picked":["Riddle With Holes+1","Dagger Spray+1"],"picked":"Bouncing Flask+1","floor":21},{"not_picked":["Replay:Bag of Tricks","Die Die Die"],"picked":"Bane+1","floor":23},{"not_picked":["Masterful Stab","Replay:Poison Smokescreen+1"],"picked":"Underhanded Strike","floor":24},{"not_picked":["Backstab+1","Blur"],"picked":"Tactician+1","floor":27},{"not_picked":["Replay:Poison Smokescreen","Deflect"],"picked":"ReplayTheSpireMod:Scrap Shanks+1","floor":29},{"not_picked":["Underhanded Strike","Well Laid Plans"],"picked":"Hidden Blade","floor":31},{"not_picked":["ReplayTheSpireMod:Necrosis","Replay:Bag of Tricks"],"picked":"After Image","floor":33},{"not_picked":["PiercingWail","ReplayTheSpireMod:Speed Training"],"picked":"Catalyst","floor":35},{"not_picked":["Deadly Poison","Poisoned Stab+1"],"picked":"Crippling Poison+1","floor":37},{"not_picked":["Dagger Spray","Dodge and Roll+1"],"picked":"Prepared+1","floor":40},{"not_picked":["Fluid Movement","Well Laid Plans"],"picked":"Slice","floor":41},{"not_picked":["Poisoned Stab+1","Hidden Blade+1"],"picked":"Escape Plan+1","floor":46},{"not_picked":["Slice+1","Endless Agony+1"],"picked":"Blade Dance+1","floor":48}],"player_experience":4601,"relics_obtained":[{"floor":7,"key":"aspiration:DSix"},{"floor":8,"key":"ReplayTheSpireMod:Ring of Collecting"},{"floor":8,"key":"Ring of Fury"},{"floor":9,"key":"Lantern"},{"floor":9,"key":"Ring of Peace"},{"floor":12,"key":"Pet Ghost"},{"floor":23,"key":"Tingsha"},{"floor":26,"key":"vexMod:FocusSash"},{"floor":26,"key":"Bottled Flame"},{"floor":29,"key":"vexMod:PlasmaPancake"},{"floor":37,"key":"Byrd Skull"},{"floor":40,"key":"Toxic Egg 2"},{"floor":43,"key":"PreservedInsect"},{"floor":43,"key":"aspiration:HiddenCompartment"}],"event_choices":[{"cards_removed":["Strike_G"],"damage_healed":0,"gold_gain":0,"player_choice":"Card Removal","damage_taken":0,"max_hp_gain":0,"max_hp_loss":0,"event_name":"Wheel of Change","floor":3,"gold_loss":0},{"damage_healed":0,"gold_gain":0,"player_choice":"Entered Light","damage_taken":14,"max_hp_gain":0,"max_hp_loss":0,"event_name":"Shining Light","floor":6,"gold_loss":0,"cards_upgraded":["Defend_G","Strike_G"]},{"damage_healed":0,"gold_gain":400,"player_choice":"Sell","damage_taken":0,"max_hp_gain":0,"max_hp_loss":0,"event_name":"恩洛斯的盘子","floor":11,"relics_lost":["testmod-TestBox"],"gold_loss":0},{"damage_healed":0,"gold_gain":0,"player_choice":"Inject Mutagens","damage_taken":0,"relics_obtained":["MutagenicStrength"],"max_hp_gain":0,"max_hp_loss":0,"event_name":"Drug Dealer","floor":20,"gold_loss":0},{"damage_healed":0,"gold_gain":0,"player_choice":"Traded Relic","damage_taken":0,"relics_obtained":["Nloth\u0027s Gift"],"max_hp_gain":0,"max_hp_loss":0,"event_name":"N\u0027loth","floor":22,"relics_lost":["MutagenicStrength"],"gold_loss":0},{"damage_healed":0,"gold_gain":100,"player_choice":"Pray","damage_taken":0,"max_hp_gain":0,"max_hp_loss":0,"event_name":"Golden Shrine","floor":30,"gold_loss":0},{"cards_removed":["Defend_G"],"damage_healed":0,"gold_gain":0,"player_choice":"Removed Skill","damage_taken":0,"max_hp_gain":0,"max_hp_loss":0,"event_name":"Falling","floor":36,"gold_loss":0},{"damage_healed":0,"gold_gain":0,"player_choice":"Fight","damage_taken":0,"max_hp_gain":0,"max_hp_loss":0,"event_name":"Mysterious Sphere","floor":37,"gold_loss":0},{"cards_removed":["Strike_G"],"damage_healed":0,"gold_gain":0,"player_choice":"Purged","damage_taken":0,"max_hp_gain":0,"max_hp_loss":0,"event_name":"Purifier","floor":38,"gold_loss":0},{"damage_healed":0,"gold_gain":0,"player_choice":"Swap Relic","damage_taken":0,"relics_obtained":["Cracked Core"],"max_hp_gain":0,"max_hp_loss":0,"event_name":"给自己的盒子","floor":47,"relics_lost":["Cracked Core"],"gold_loss":0}],"is_beta":false,"boss_relics":[{"not_picked":["testmod-IncinerationGenerator","Snecko Scales"],"picked":"testmod-StringDisintegrator"},{"not_picked":["Replay:Ancient Bell","aspiration:RunicSpoon"],"picked":"SacredBark"}],"items_purged_floors":[19],"is_endless":false,"potions_floor_spawned":[2,5,14,16,24,29,31,33,35,40,48],"ascension_level":0}}