{"host":"ao4lxi9bhtts409i","time":1611369684,"event":{"mods":["AchievementEnabler","BaseMod","Colored Map","Colored Powertips","Minty Spire (QoL Compilation)","SuperFastMode"],"gold_per_floor":[119,130,149,167,185,213,213,213,238,238,123,163,186,245,245,358,358,371,51,70,82,97,97,14,14,68,68,106,126,145,162,162,162,162],"floor_reached":33,"language":"ENG","playtime":1683,"items_purged":["Strike_R","Strike_R"],"score":417,"play_id":"01492dcf-bd76-4b3e-a08e-2b7db1ea5dc2","local_time":"20210123034124","is_ascension_mode":true,"campfire_choices":[{"floor":8,"key":"REST"},{"data":"True Grit","floor":10,"key":"SMITH"},{"data":"Armaments","floor":15,"key":"SMITH"},{"floor":23,"key":"REST"},{"floor":32,"key":"REST"}],"circlet_count":0,"master_deck":["Strike_R","Strike_R","Strike_R","Defend_R","Defend_R","Defend_R","Defend_R","Bash","Feed","Rampage","Cleave","Ghostly Armor","True Grit+1","Warcry","Immolate","Shrug It Off","Intimidate","Armaments+1","Offering","Evolve","Entrench+1","Bandage Up","Double Tap","Dual Wield"],"relics":["Bottled Flame","Ancient Tea Set","CeramicFish","Bag of Marbles","Paper Frog","Busted Crown","Medical Kit","Smiling Mask","Nloth\u0027s Gift","Gremlin Horn"],"acts_visited":["Exordium","TheCity"],"potions_floor_usage":[6,12,21,30,33],"damage_taken":[{"damage":11,"enemies":"Small Slimes","floor":1,"turns":7},{"damage":4,"enemies":"Jaw Worm","floor":2,"turns":3},{"damage":1,"enemies":"Cultist","floor":3,"turns":4},{"damage":11,"enemies":"Blue Slaver","floor":4,"turns":7},{"damage":4,"enemies":"Red Slaver","floor":5,"turns":6},{"damage":32,"enemies":"Gremlin Nob","floor":6,"turns":4},{"damage":1,"enemies":"Lagavulin","floor":12,"turns":6},{"damage":1,"enemies":"Looter","floor":13,"turns":2},{"damage":10,"enemies":"3 Sentries","floor":14,"turns":5},{"damage":62,"enemies":"Slime Boss","floor":16,"turns":15},{"damage":39,"enemies":"Chosen","floor":18,"turns":5},{"damage":43,"enemies":"Spheric Guardian","floor":20,"turns":8},{"damage":12,"enemies":"Snecko","floor":21,"turns":8},{"damage":41,"enemies":"Snake Plant","floor":22,"turns":6},{"damage":6,"enemies":"Slavers","floor":28,"turns":2},{"damage":18,"enemies":"3 Cultists","floor":29,"turns":4},{"damage":10,"enemies":"Centurion and Healer","floor":30,"turns":5},{"damage":33,"enemies":"Snecko","floor":31,"turns":4},{"damage":97,"enemies":"Champ","floor":33,"turns":10}],"seed_played":"-3253516919443817475","potions_obtained":[{"floor":1,"key":"Strength Potion"},{"floor":4,"key":"BlessingOfTheForge"},{"floor":12,"key":"SmokeBomb"},{"floor":18,"key":"BlessingOfTheForge"},{"floor":20,"key":"Block Potion"},{"floor":28,"key":"Fruit Juice"}],"is_trial":false,"path_per_floor":["M","M","M","M","M","E","?","R","T","R","$","E","M","?","R","B",null,"M","$","M","M","M","R","$","?","T","?","E","M","M","M","R","B"],"character_chosen":"IRONCLAD","items_purchased":["Shrug It Off","Medical Kit","Evolve","Bandage Up"],"campfire_rested":3,"item_purchase_floors":[11,19,19,24],"current_hp_per_floor":[78,83,89,87,92,69,44,73,73,73,73,81,89,89,89,37,112,82,82,49,46,11,47,47,87,87,87,88,77,79,50,90,0,0],"gold":162,"neow_bonus":"ONE_RANDOM_RARE_CARD","is_daily":false,"chose_seed":false,"campfire_upgraded":2,"win_rate":0.0,"timestamp":1611369684,"path_taken":["M","M","M","M","M","E","?","R","T","R","$","E","M","?","R","BOSS","M","$","M","M","M","R","$","?","T","?","E","M","M","?","R","BOSS"],"items_purchased_type":["Card","Relic","Card","Card"],"build_version":"2020-12-22","purchased_purges":2,"victory":false,"max_hp_per_floor":[83,86,89,92,95,98,98,98,98,98,98,101,104,108,108,112,112,115,115,119,122,122,122,122,122,122,122,125,128,136,136,136,136,136],"card_choices":[{"not_picked":["Entrench","Clash"],"picked":"Rampage","floor":1},{"not_picked":["Heavy Blade","Infernal Blade"],"picked":"Cleave","floor":2},{"not_picked":["Fire Breathing","Perfected Strike"],"picked":"Ghostly Armor","floor":3},{"not_picked":["Dark Embrace","Headbutt"],"picked":"True Grit","floor":4},{"not_picked":["Perfected Strike","Power Through"],"picked":"Warcry","floor":5},{"not_picked":["Blood for Blood","Perfected Strike"],"picked":"Immolate","floor":6},{"not_picked":["Clash","Sword Boomerang"],"picked":"Intimidate","floor":12},{"not_picked":["Iron Wave","Sword Boomerang"],"picked":"Armaments","floor":13},{"not_picked":["Impervious","Feed"],"picked":"Offering","floor":16},{"not_picked":["Anger"],"picked":"SKIP","floor":18},{"not_picked":[],"picked":"Entrench+1","floor":20},{"not_picked":["Anger+1"],"picked":"SKIP","floor":21},{"not_picked":["True Grit"],"picked":"SKIP","floor":22},{"not_picked":[],"picked":"Double Tap","floor":28},{"not_picked":["Flex+1"],"picked":"SKIP","floor":29},{"not_picked":[],"picked":"Dual Wield","floor":30},{"not_picked":["Anger"],"picked":"SKIP","floor":31}],"player_experience":248054,"relics_obtained":[{"floor":6,"key":"Bottled Flame"},{"floor":9,"key":"CeramicFish"},{"floor":12,"key":"Bag of Marbles"},{"floor":14,"key":"Paper Frog"},{"floor":26,"key":"Smiling Mask"},{"floor":28,"key":"Gremlin Horn"}],"event_choices":[{"damage_healed":0,"gold_gain":0,"player_choice":"Success","damage_taken":25,"relics_obtained":["Ancient Tea Set"],"max_hp_gain":0,"max_hp_loss":0,"event_name":"Scrap Ooze","floor":7,"gold_loss":0},{"damage_healed":0,"gold_gain":0,"player_choice":"Searched \u00272\u0027 times","damage_taken":0,"max_hp_gain":0,"max_hp_loss":0,"event_name":"Dead Adventurer","floor":14,"gold_loss":0},{"damage_healed":40,"gold_gain":0,"player_choice":"Heal","damage_taken":0,"max_hp_gain":0,"max_hp_loss":0,"event_name":"The Library","floor":25,"gold_loss":0},{"damage_healed":0,"gold_gain":0,"player_choice":"Traded Relic","damage_taken":0,"relics_obtained":["Nloth\u0027s Gift"],"max_hp_gain":0,"max_hp_loss":0,"event_name":"N\u0027loth","floor":27,"relics_lost":["Burning Blood"],"gold_loss":0}],"is_beta":false,"boss_relics":[{"not_picked":["Calling Bell","SacredBark"],"picked":"Busted Crown"}],"items_purged_floors":[11,19],"is_endless":false,"potions_floor_spawned":[1,4,12,18,20,28],"killed_by":"Champ","ascension_level":4}}