{"host":"mg6qqnp83j5r6p2r","time":1611365727,"event":{"mods":["BaseMod","Colored Map","Colored Powertips","Highlight Path","Minty Spire (QoL Compilation)","Rare Cards Sparkle","Relic Sorter","Relic Stats","StSLib"],"gold_per_floor":[116,66,66,16,27,27,44,78,78,107,119,119,134,144,144,244,244,264,275,200,214,67,96,96,122,122,133,133,148,148,148,148,244,244,260,278,22,70,86,120,120,120,120,170,182,182,197,211,211,211,211,211,61,89,89,89],"floor_reached":55,"language":"ENG","playtime":3137,"items_purged":["Strike_R","Armaments+1"],"score":794,"play_id":"8a3e81d8-884d-4002-89fd-28ffa50e0b08","local_time":"20210122193527","is_ascension_mode":true,"campfire_choices":[{"data":"Iron Wave","floor":6,"key":"SMITH"},{"floor":15,"key":"RECALL"},{"floor":24,"key":"REST"},{"data":"Uppercut","floor":28,"key":"SMITH"},{"data":"True Grit","floor":30,"key":"SMITH"},{"data":"Juggernaut","floor":32,"key":"SMITH"},{"floor":42,"key":"REST"},{"data":"Seeing Red","floor":46,"key":"SMITH"},{"data":"Offering","floor":49,"key":"SMITH"},{"data":"Bash","floor":52,"key":"SMITH"}],"circlet_count":0,"master_deck":["Strike_R","Strike_R","Defend_R+1","Defend_R","Defend_R","Bash+1","Uppercut+1","Iron Wave+1","Body Slam+1","Shrug It Off+1","Juggernaut+1","Cleave+1","Shrug It Off","Immolate+1","CurseOfTheBell","Carnage+1","Cleave+1","Body Slam+1","Shrug It Off+1","True Grit+1","Burning Pact","Seeing Red+1","Spot Weakness","Dropkick+1","Offering+1","Shrug It Off+1","Pommel Strike+1","Rampage+1","True Grit+1","Body Slam+1"],"relics":["Burning Blood","NeowsBlessing","Molten Egg 2","StoneCalendar","Eternal Feather","Dream Catcher","Calling Bell","Toy Ornithopter","Darkstone Periapt","Pocketwatch","War Paint","Lantern","Bag of Preparation","Mark of Pain","Mercury Hourglass","Mango","Regal Pillow","Lizard Tail","Orichalcum"],"acts_visited":["Exordium","TheCity","TheBeyond","TheEnding"],"potions_floor_usage":[10,11,16,25,38,39,50,54,55,55],"damage_taken":[{"damage":0,"enemies":"2 Louse","floor":1,"turns":1},{"damage":0,"enemies":"Small Slimes","floor":5,"turns":1},{"damage":0,"enemies":"Jaw Worm","floor":7,"turns":1},{"damage":9,"enemies":"Gremlin Nob","floor":8,"turns":4},{"damage":15,"enemies":"Lagavulin","floor":10,"turns":6},{"damage":7,"enemies":"Exordium Wildlife","floor":11,"turns":4},{"damage":6,"enemies":"3 Louse","floor":13,"turns":3},{"damage":1,"enemies":"Exordium Thugs","floor":14,"turns":4},{"damage":48,"enemies":"Slime Boss","floor":16,"turns":7},{"damage":11,"enemies":"Spheric Guardian","floor":18,"turns":4},{"damage":6,"enemies":"Chosen","floor":19,"turns":4},{"damage":24,"enemies":"Snecko","floor":21,"turns":4},{"damage":46,"enemies":"Book of Stabbing","floor":23,"turns":5},{"damage":13,"enemies":"Slavers","floor":25,"turns":5},{"damage":0,"enemies":"Sentry and Sphere","floor":27,"turns":2},{"damage":13,"enemies":"Snake Plant","floor":29,"turns":3},{"damage":58,"enemies":"Automaton","floor":33,"turns":9},{"damage":6,"enemies":"3 Shapes","floor":35,"turns":2},{"damage":33,"enemies":"3 Darklings","floor":36,"turns":5},{"damage":47,"enemies":"2 Orb Walkers","floor":38,"turns":4},{"damage":0,"enemies":"4 Shapes","floor":39,"turns":3},{"damage":24,"enemies":"Reptomancer","floor":40,"turns":5},{"damage":2,"enemies":"Mind Bloom Boss Battle","floor":44,"turns":5},{"damage":47,"enemies":"Maw","floor":45,"turns":6},{"damage":6,"enemies":"Jaw Worm Horde","floor":47,"turns":2},{"damage":7,"enemies":"4 Shapes","floor":48,"turns":3},{"damage":80,"enemies":"Donu and Deca","floor":50,"turns":9},{"damage":84,"enemies":"Shield and Spear","floor":54,"turns":7},{"damage":146,"enemies":"The Heart","floor":55,"turns":6}],"seed_played":"-4770307117352716922","potions_obtained":[{"floor":7,"key":"Block Potion"},{"floor":10,"key":"FearPotion"},{"floor":14,"key":"Explosive Potion"},{"floor":19,"key":"EssenceOfSteel"},{"floor":23,"key":"Energy Potion"},{"floor":33,"key":"CultistPotion"},{"floor":35,"key":"CultistPotion"},{"floor":38,"key":"Fire Potion"},{"floor":44,"key":"BloodPotion"}],"is_trial":false,"path_per_floor":["M","$","?","?","M","R","M","E","T","E","M","?","M","M","R","B",null,"M","M","$","M","$","E","R","E","T","M","R","M","R","?","R","B",null,"M","M","$","?","M","E","?","R","T","?","M","R","M","M","R","B",null,"R","$","E","B"],"character_chosen":"IRONCLAD","items_purchased":["Iron Wave","War Paint","Mercury Hourglass","SpeedPotion"],"campfire_rested":2,"item_purchase_floors":[2,22,37,53],"current_hp_per_floor":[80,80,55,55,61,61,67,64,64,55,54,54,54,59,68,26,80,75,75,75,57,57,17,53,51,51,57,69,62,74,74,80,28,80,80,53,53,31,42,24,24,82,82,86,45,63,63,62,80,29,94,94,94,21,0,0],"gold":89,"neow_bonus":"THREE_ENEMY_KILL","is_daily":false,"chose_seed":false,"campfire_upgraded":7,"win_rate":0.0,"timestamp":1611365727,"path_taken":["M","$","?","?","M","R","M","E","T","E","M","?","M","M","R","BOSS","M","M","$","M","$","E","R","E","T","M","R","M","R","?","R","BOSS","M","M","$","?","M","E","?","R","T","?","M","R","M","M","R","BOSS","R","$","E","BOSS"],"items_purchased_type":["Card","Relic","Relic","Potion"],"build_version":"2020-12-22","purchased_purges":2,"victory":false,"max_hp_per_floor":[80,80,80,80,80,80,80,80,80,80,80,80,80,80,80,80,80,80,80,80,80,80,80,80,80,80,80,80,80,80,80,80,80,80,80,80,80,94,94,94,94,94,94,94,94,94,94,94,94,94,94,94,94,94,94,94],"relic_stats":{"Darkstone Periapt":0,"Regal Pillow":15,"counters":[29,124],"StoneCalendar":[179],"Eternal Feather":102,"Bag of Preparation":[30],"War Paint":["Defend_R","Shrug It Off"],"Orichalcum":[6],"Burning Blood":162,"Mercury Hourglass":[204],"Dream Catcher":2,"Lizard Tail":47,"obtain_stats":[{"Darkstone Periapt":17,"Lantern":23,"Regal Pillow":40,"NeowsBlessing":0,"StoneCalendar":8,"Eternal Feather":9,"Mango":38,"Bag of Preparation":26,"War Paint":22,"Orichalcum":54,"Burning Blood":0,"Mercury Hourglass":37,"Calling Bell":17,"Dream Catcher":10,"Lizard Tail":44,"Molten Egg 2":3,"Mark of Pain":34,"Toy Ornithopter":17,"Pocketwatch":17},{"Darkstone Periapt":9,"Lantern":13,"Regal Pillow":22,"NeowsBlessing":0,"StoneCalendar":4,"Eternal Feather":4,"Mango":20,"Bag of Preparation":14,"War Paint":12,"Orichalcum":28,"Burning Blood":0,"Mercury Hourglass":19,"Calling Bell":9,"Dream Catcher":5,"Lizard Tail":23,"Molten Egg 2":1,"Mark of Pain":17,"Toy Ornithopter":9,"Pocketwatch":9},{"Darkstone Periapt":31,"Lantern":48,"Regal Pillow":86,"NeowsBlessing":0,"StoneCalendar":7,"Eternal Feather":7,"Mango":78,"Bag of Preparation":53,"War Paint":43,"Orichalcum":118,"Burning Blood":0,"Mercury Hourglass":74,"Calling Bell":31,"Dream Catcher":13,"Lizard Tail":91,"Molten Egg 2":1,"Mark of Pain":67,"Toy Ornithopter":31,"Pocketwatch":31}],"Toy Ornithopter":30,"Pocketwatch":[105]},"card_choices":[{"not_picked":["Flex","Heavy Blade"],"picked":"Uppercut","floor":1},{"not_picked":["Thunderclap+1","Heavy Blade+1"],"picked":"Body Slam+1","floor":5},{"not_picked":["Flex","Clash+1"],"picked":"Shrug It Off","floor":7},{"not_picked":["Fire Breathing","Clash+1","Sword Boomerang+1"],"picked":"SKIP","floor":8},{"not_picked":["Anger+1","Perfected Strike+1"],"picked":"Juggernaut","floor":10},{"not_picked":["Shrug It Off","Uppercut+1"],"picked":"Cleave+1","floor":11},{"not_picked":["Burning Pact","Heavy Blade+1","Thunderclap+1"],"picked":"SKIP","floor":13},{"not_picked":["Pommel Strike+1","Warcry"],"picked":"Shrug It Off","floor":14},{"not_picked":["Double Tap","Exhume"],"picked":"Immolate+1","floor":16},{"not_picked":["Shrug It Off","Clash+1"],"picked":"Carnage+1","floor":18},{"not_picked":["Havoc","Clothesline+1"],"picked":"Cleave+1","floor":19},{"not_picked":["Flex","Thunderclap+1"],"picked":"Body Slam+1","floor":21},{"not_picked":["Twin Strike+1","Flex+1"],"picked":"Shrug It Off+1","floor":23},{"not_picked":["Clash+1","Corruption"],"picked":"True Grit","floor":24},{"not_picked":["Thunderclap+1","Offering","Power Through+1"],"picked":"SKIP","floor":25},{"not_picked":["Thunderclap+1","Wild Strike+1"],"picked":"Burning Pact","floor":27},{"not_picked":["Flex","Hemokinesis+1"],"picked":"Seeing Red","floor":29},{"not_picked":["Limit Break","Brutality"],"picked":"Offering","floor":33},{"not_picked":["Twin Strike+1","Infernal Blade"],"picked":"Shrug It Off+1","floor":35},{"not_picked":["Battle Trance","Rage","Headbutt+1"],"picked":"SKIP","floor":36},{"not_picked":["Pummel+1","Inflame"],"picked":"Pommel Strike+1","floor":38},{"not_picked":["Blood for Blood+1","Fire Breathing"],"picked":"Armaments+1","floor":39},{"not_picked":["Clothesline+1","Hemokinesis+1"],"picked":"Juggernaut","floor":40},{"not_picked":["Battle Trance","Flex"],"picked":"Rampage+1","floor":42},{"not_picked":["Clothesline+1","Iron Wave+1"],"picked":"True Grit+1","floor":44},{"not_picked":["Second Wind","Bloodletting","Armaments"],"picked":"SKIP","floor":45},{"not_picked":["Wild Strike+1","Rage+1"],"picked":"Body Slam+1","floor":47},{"not_picked":["Spot Weakness","Blood for Blood+1","Uppercut+1"],"picked":"SKIP","floor":48},{"not_picked":["Warcry","Heavy Blade+1","Clash+1"],"picked":"SKIP","floor":54}],"player_experience":204017,"relics_obtained":[{"floor":8,"key":"StoneCalendar"},{"floor":9,"key":"Eternal Feather"},{"floor":10,"key":"Dream Catcher"},{"floor":17,"key":"Toy Ornithopter"},{"floor":17,"key":"Darkstone Periapt"},{"floor":17,"key":"Pocketwatch"},{"floor":23,"key":"Lantern"},{"floor":26,"key":"Bag of Preparation"},{"floor":38,"key":"Mango"},{"floor":40,"key":"Regal Pillow"},{"floor":44,"key":"Lizard Tail"},{"floor":54,"key":"Orichalcum"}],"event_choices":[{"damage_healed":0,"gold_gain":0,"player_choice":"Success","damage_taken":25,"relics_obtained":["Molten Egg 2"],"max_hp_gain":0,"max_hp_loss":0,"event_name":"Scrap Ooze","floor":3,"gold_loss":0},{"cards_removed":["Strike_R"],"damage_healed":0,"gold_gain":0,"player_choice":"Card Removal","damage_taken":0,"max_hp_gain":0,"max_hp_loss":0,"event_name":"The Cleric","floor":4,"gold_loss":50},{"damage_healed":0,"gold_gain":0,"player_choice":"Ignored","damage_taken":0,"max_hp_gain":0,"max_hp_loss":0,"event_name":"Liars Game","floor":12,"gold_loss":0},{"damage_healed":0,"gold_gain":0,"cards_transformed":["Strike_R","Defend_R"],"player_choice":"Became Test Subject","damage_taken":0,"max_hp_gain":0,"max_hp_loss":0,"event_name":"Drug Dealer","floor":31,"gold_loss":0,"cards_obtained":["Spot Weakness","Dropkick"]},{"damage_healed":0,"gold_gain":0,"player_choice":"Fight","damage_taken":0,"max_hp_gain":0,"max_hp_loss":0,"event_name":"Mysterious Sphere","floor":38,"gold_loss":0},{"cards_removed":["Juggernaut"],"damage_healed":0,"gold_gain":0,"player_choice":"Removed Power","damage_taken":0,"max_hp_gain":0,"max_hp_loss":0,"event_name":"Falling","floor":41,"gold_loss":0},{"damage_healed":0,"gold_gain":0,"player_choice":"Fight","damage_taken":0,"max_hp_gain":0,"max_hp_loss":0,"event_name":"MindBloom","floor":44,"gold_loss":0}],"is_beta":false,"boss_relics":[{"not_picked":["Black Star","SacredBark"],"picked":"Calling Bell"},{"not_picked":["SlaversCollar","Snecko Eye"],"picked":"Mark of Pain"}],"items_purged_floors":[20,53],"is_endless":false,"potions_floor_spawned":[7,10,14,19,23,33,35,36,38,44,47],"killed_by":"The Heart","ascension_level":2}}