{"host":"qsusua7l529r8z9k","time":1611381576,"event":{"mods":["Aspiration","BaseMod","Minty Spire (QoL Compilation)","Spicy Shops","StSLib"],"gold_per_floor":[114,132,57,57,57,88,88,108,186,31,58,74,74,74,74,151,151,167,193,133,133],"floor_reached":20,"language":"ZHS","playtime":722,"items_purged":["Strike_B"],"score":359,"play_id":"701ecbd3-9936-4c8c-b99e-c69987b4a508","local_time":"20210123135936","is_ascension_mode":true,"campfire_choices":[{"data":"Dualcast","floor":7.0,"key":"SMITH"},{"data":"Zap","floor":13,"key":"SMITH"},{"data":"Echo Form","floor":15,"key":"SMITH"}],"circlet_count":0,"master_deck":["AscendersBane","Strike_B","Strike_B","Strike_B","Defend_B","Defend_B","Defend_B","Defend_B","Zap+1","Dualcast+1","Cold Snap","Chaos+1","Ball Lightning","Echo Form+1","Coolheaded+1","Turbo+1","aspiration:Polymerization+1","Steam+1","Fission+1","Blizzard","Redo+1"],"relics":["Cracked Core","NeowsBlessing","Toxic Egg 2","Mummified Hand","Orrery","Bottled Lightning","Regal Pillow","aspiration:Stellarator","Red Mask"],"acts_visited":["Exordium","TheCity"],"potions_floor_usage":[11,19,20],"damage_taken":[{"damage":0.0,"enemies":"Small Slimes","floor":1.0,"turns":1.0},{"damage":0.0,"enemies":"Cultist","floor":2.0,"turns":1.0},{"damage":0.0,"enemies":"Lagavulin","floor":6.0,"turns":1.0},{"damage":0.0,"enemies":"Jaw Worm","floor":8.0,"turns":1.0},{"damage":8,"enemies":"3 Sentries","floor":11,"turns":5},{"damage":8,"enemies":"3 Louse","floor":12,"turns":4},{"damage":36,"enemies":"Hexaghost","floor":16,"turns":14},{"damage":5,"enemies":"Spheric Guardian","floor":18,"turns":5},{"damage":41,"enemies":"Masked Bandits","floor":19,"turns":6},{"damage":14,"enemies":"2 Thieves","floor":20,"turns":2}],"seed_played":"8312030018007959611","potions_obtained":[{"floor":2.0,"key":"SteroidPotion"},{"floor":8.0,"key":"Energy Potion"},{"floor":16,"key":"Energy Potion"},{"floor":18,"key":"SneckoOil"}],"is_trial":false,"path_per_floor":["M","M","$","?","$","E","R","M","T","$","E","M","R","?","R","B",null,"M","?","M"],"character_chosen":"DEFECT","items_purchased":["Orrery"],"campfire_rested":0,"item_purchase_floors":[10],"current_hp_per_floor":[64,64,64,71,71,71,71,71,71,71,63,55,55,55,55,19,58,53,12,0,0],"gold":133,"neow_bonus":"THREE_ENEMY_KILL","is_daily":false,"chose_seed":false,"campfire_upgraded":3,"win_rate":0.0,"timestamp":1611381576,"path_taken":["M","M","$","?","?","E","R","M","T","$","E","M","R","?","R","BOSS","M","?","M"],"items_purchased_type":["Relic"],"build_version":"2020-12-22","purchased_purges":1,"victory":false,"max_hp_per_floor":[71,71,71,71,71,71,71,71,71,71,71,71,71,71,71,71,71,71,71,71,71],"card_choices":[{"not_picked":["Sweeping Beam","Redo"],"picked":"Barrage","floor":1.0},{"not_picked":["Redo","Sweeping Beam","Multi-Cast"],"picked":"SKIP","floor":2.0},{"not_picked":["Streamline","Barrage"],"picked":"Cold Snap","floor":6.0},{"not_picked":["Fusion+1","FTL"],"picked":"Chaos+1","floor":8.0},{"not_picked":["Self Repair","Stack+1"],"picked":"Ball Lightning","floor":10},{"not_picked":["Aggregate+1","Fusion+1"],"picked":"Echo Form","floor":10},{"not_picked":["Ball Lightning","Static Discharge"],"picked":"Coolheaded+1","floor":10},{"not_picked":["Streamline","Sunder"],"picked":"Turbo+1","floor":10},{"not_picked":["Sunder","Streamline"],"picked":"aspiration:Polymerization+1","floor":10},{"not_picked":["Scrape","Rebound","Ball Lightning"],"picked":"SKIP","floor":11},{"not_picked":["Barrage","Auto Shields+1"],"picked":"Steam+1","floor":12},{"not_picked":["Machine Learning","Core Surge"],"picked":"Fission+1","floor":16},{"not_picked":["Ball Lightning","Compile Driver"],"picked":"Blizzard","floor":18},{"not_picked":["FTL","Gash"],"picked":"Redo+1","floor":19}],"player_experience":469224,"relics_obtained":[{"floor":6.0,"key":"Toxic Egg 2"},{"floor":9.0,"key":"Mummified Hand"},{"floor":11,"key":"Bottled Lightning"},{"floor":19,"key":"Red Mask"}],"event_choices":[{"damage_healed":7.0,"max_hp_gain":0.0,"max_hp_loss":0.0,"gold_gain":0.0,"event_name":"Wheel of Change","player_choice":"Full Heal","floor":4.0,"gold_loss":0.0,"damage_taken":0.0},{"cards_removed":["Barrage"],"damage_healed":0,"gold_gain":0,"player_choice":"Gave Card","damage_taken":0,"relics_obtained":["Regal Pillow"],"max_hp_gain":0,"max_hp_loss":0,"event_name":"WeMeetAgain","floor":14,"gold_loss":0},{"damage_healed":0,"gold_gain":0,"player_choice":"Fought Bandits","damage_taken":0,"max_hp_gain":0,"max_hp_loss":0,"event_name":"Masked Bandits","floor":19,"gold_loss":0}],"is_beta":false,"boss_relics":[{"not_picked":["aspiration:SilentSkillbook","Black Star"],"picked":"aspiration:Stellarator"}],"items_purged_floors":[3],"is_endless":false,"potions_floor_spawned":[2,8,16,18],"killed_by":"2 Thieves","ascension_level":15}}