{"host":"vyjryxuuuxkt43k4","time":1611409641,"event":{"mods":["AchievementEnabler","BaseMod","Colored Map","DeckTracker","Keyboard Shortcuts","Minty Spire (QoL Compilation)","Permanent Neow","Quick Restart","StSLib","SuperFastMode","everything is the same but u backflip on backflip"],"gold_per_floor":[111,286,160,179,179,179,207,207,207,235,235,262,279,5,5,100,100,115,115,133,133,58,58,58],"floor_reached":23,"language":"KOR","playtime":947,"items_purged":["Doubt","Strike_B"],"score":277,"play_id":"41bd7142-53d5-4124-8edc-9f33f9748782","local_time":"20210123224721","is_ascension_mode":true,"campfire_choices":[{"data":"Dualcast","floor":6.0,"key":"SMITH"},{"data":"Coolheaded","floor":8.0,"key":"SMITH"},{"data":"Zap","floor":11.0,"key":"SMITH"},{"data":"Chill","floor":15.0,"key":"SMITH"}],"circlet_count":0,"master_deck":["Defend_B","Defend_B","Defend_B","Defend_B","Zap+1","Dualcast+1","Core Surge","Conserve Battery","BootSequence","Coolheaded+1","Auto Shields","Electrodynamics","Chill+1","Consume","Rebound","Seek","Hologram","Conserve Battery+1","Necronomicurse"],"relics":["Cracked Core","Symbiotic Virus","Pen Nib","Strawberry","InkBottle","Art of War","Lee\u0027s Waffle","Black Star","Necronomicon"],"acts_visited":["Exordium","TheCity"],"potions_floor_usage":[23,23,23,23],"damage_taken":[{"damage":0.0,"enemies":"Jaw Worm","floor":1.0,"turns":3.0},{"damage":0.0,"enemies":"Small Slimes","floor":4.0,"turns":4.0},{"damage":9.0,"enemies":"3 Sentries","floor":7.0,"turns":6.0},{"damage":16.0,"enemies":"Lagavulin","floor":10.0,"turns":6.0},{"damage":11.0,"enemies":"Gremlin Nob","floor":12.0,"turns":4.0},{"damage":0.0,"enemies":"Cultist","floor":13.0,"turns":2.0},{"damage":17.0,"enemies":"The Guardian","floor":16.0,"turns":11.0},{"damage":0.0,"enemies":"Chosen","floor":18.0,"turns":4.0},{"damage":7.0,"enemies":"Spheric Guardian","floor":20.0,"turns":4.0},{"damage":75,"enemies":"Gremlin Leader","floor":23,"turns":8}],"seed_played":"-6754269494102550138","potions_obtained":[{"floor":4.0,"key":"EntropicBrew"},{"floor":7.0,"key":"AttackPotion"}],"is_trial":false,"path_per_floor":["M","?","$","M","T","R","E","R","T","E","R","E","M","$","R","B",null,"M","?","M","?","?","E"],"character_chosen":"DEFECT","items_purchased":["BlessingOfTheForge","Lee\u0027s Waffle","Rebound"],"campfire_rested":0,"item_purchase_floors":[3,14,14],"current_hp_per_floor":[50,50,50,50,50,50,41,41,48,32,32,21,21,89,89,72,85,85,85,78,62,62,0,0],"gold":58,"neow_bonus":"TRANSFORM_TWO_CARDS","is_daily":false,"chose_seed":false,"campfire_upgraded":4,"win_rate":0.0,"timestamp":1611409641,"path_taken":["M","?","?","M","?","R","E","R","T","E","R","E","M","?","R","BOSS","M","?","M","?","?","E"],"items_purchased_type":["Potion","Relic","Card"],"build_version":"2020-12-22","purchased_purges":2,"victory":false,"max_hp_per_floor":[75,75,75,75,75,75,75,75,82,82,82,82,82,89,89,89,89,89,89,89,89,89,89,89],"card_choices":[{"not_picked":["Leap","Conserve Battery"],"picked":"BootSequence","floor":1.0},{"not_picked":["Turbo","Double Energy"],"picked":"Coolheaded","floor":4.0},{"not_picked":["Stack","Steam"],"picked":"Auto Shields","floor":7.0},{"not_picked":["Barrage","Hologram"],"picked":"Electrodynamics","floor":10.0},{"not_picked":["Streamline","Undo"],"picked":"Chill","floor":12.0},{"not_picked":["Steam","Barrage"],"picked":"Consume","floor":13.0},{"not_picked":["Amplify","Multi-Cast"],"picked":"Seek","floor":16.0},{"not_picked":["Redo","Stack"],"picked":"Hologram","floor":18.0},{"not_picked":["Rebound","Undo"],"picked":"Conserve Battery+1","floor":20.0}],"player_experience":268540,"relics_obtained":[{"floor":5.0,"key":"Symbiotic Virus"},{"floor":7.0,"key":"Pen Nib"},{"floor":9.0,"key":"Strawberry"},{"floor":10.0,"key":"InkBottle"},{"floor":12.0,"key":"Art of War"},{"floor":21.0,"key":"Necronomicon"}],"event_choices":[{"damage_healed":0.0,"max_hp_gain":0.0,"max_hp_loss":0.0,"gold_gain":175.0,"event_name":"Liars Game","player_choice":"AGREE","floor":2.0,"gold_loss":0.0,"damage_taken":0.0,"cards_obtained":["Doubt"]},{"damage_healed":0.0,"max_hp_gain":0.0,"max_hp_loss":0.0,"gold_gain":0.0,"event_name":"Ghosts","player_choice":"Ignored","floor":19.0,"gold_loss":0.0,"damage_taken":0.0},{"damage_healed":0.0,"max_hp_gain":0.0,"max_hp_loss":0.0,"gold_gain":0.0,"event_name":"Cursed Tome","player_choice":"Obtained Book","floor":21.0,"gold_loss":0.0,"damage_taken":16.0},{"cards_removed":["Strike_B"],"damage_healed":0.0,"max_hp_gain":0.0,"max_hp_loss":0.0,"gold_gain":0.0,"event_name":"Beggar","player_choice":"Gave Gold","floor":22.0,"gold_loss":75.0,"damage_taken":0.0}],"is_beta":false,"boss_relics":[{"not_picked":["SacredBark","Fusion Hammer"],"picked":"Black Star"}],"items_purged_floors":[3,14],"is_endless":false,"potions_floor_spawned":[4,7,12],"killed_by":"Gremlin Leader","ascension_level":7}}