{"host":"tjq6rykv202u6iqx","time":1611440293,"event":{"mods":["AchievementEnabler","BaseMod","Minty Spire (QoL Compilation)","Rare Cards Sparkle","Relic Stats"],"gold_per_floor":[110,125,200,211,231,231,258,258,337,372,372,412,412,471,471,548,548,563,563,575,185,223,223,255,170,182,223,235,276,326,376,388,476,488,539,106,144,194,233,233,233,298,298,348,412,152,212,262,262,262,262,262],"floor_reached":51,"language":"ENG","playtime":12477,"items_purged":["Defend_P+1"],"score":1905,"play_id":"b17ea139-0ce4-4e59-840f-4c09fd40588b","local_time":"20210123161813","is_ascension_mode":true,"campfire_choices":[{"data":"FlyingSleeves","floor":6.0,"key":"SMITH"},{"data":"WheelKick","floor":8.0,"key":"SMITH"},{"data":"Eruption","floor":11.0,"key":"SMITH"},{"data":"TalkToTheHand","floor":15.0,"key":"SMITH"},{"data":"Vault","floor":23,"key":"SMITH"},{"floor":32,"key":"REST"},{"data":"Wish","floor":40,"key":"SMITH"},{"floor":49,"key":"RECALL"}],"circlet_count":0,"master_deck":["AscendersBane","Strike_P+1","Strike_P+1","Strike_P+1","Defend_P+1","Eruption+1","Vigilance","FlyingSleeves+1","EmptyBody","ThirdEye","Wireheading","WheelKick+1","Wish+1","TalkToTheHand+1","Vault+1","Tantrum","Consecrate","Trip","EmptyMind+1","TalkToTheHand","Scrawl","TalkToTheHand","Dark Shackles"],"relics":["SlaversCollar","Pocketwatch","Gremlin Horn","Nunchaku","Blue Candle","Empty Cage","Pen Nib","PreservedInsect","MawBank","Gambling Chip","MealTicket","Pear","Philosopher\u0027s Stone","TeardropLocket","TheAbacus","CloakClasp","Singing Bowl","White Beast Statue","Regal Pillow","Oddly Smooth Stone","Frozen Egg 2"],"acts_visited":["Exordium","TheCity","TheBeyond"],"potions_floor_usage":[24,30,31,31,45,48],"damage_taken":[{"damage":0.0,"enemies":"Small Slimes","floor":1.0,"turns":5.0},{"damage":7.0,"enemies":"Jaw Worm","floor":2.0,"turns":6.0},{"damage":4.0,"enemies":"Cultist","floor":4.0,"turns":5.0},{"damage":4.0,"enemies":"Looter","floor":5.0,"turns":3.0},{"damage":9.0,"enemies":"3 Sentries","floor":7.0,"turns":10.0},{"damage":4.0,"enemies":"Gremlin Nob","floor":10.0,"turns":3.0},{"damage":4.0,"enemies":"3 Louse","floor":12.0,"turns":7.0},{"damage":4.0,"enemies":"Lagavulin","floor":14.0,"turns":7.0},{"damage":0.0,"enemies":"The Guardian","floor":16.0,"turns":9.0},{"damage":21.0,"enemies":"2 Thieves","floor":18.0,"turns":4.0},{"damage":13,"enemies":"Spheric Guardian","floor":20,"turns":6},{"damage":0,"enemies":"Snecko","floor":22,"turns":3},{"damage":0,"enemies":"Gremlin Leader","floor":24,"turns":1},{"damage":0,"enemies":"Book of Stabbing","floor":27,"turns":3},{"damage":0,"enemies":"Gremlin Leader","floor":29,"turns":4},{"damage":8,"enemies":"Snake Plant","floor":30,"turns":4},{"damage":19,"enemies":"Shelled Parasite and Fungi","floor":31,"turns":7},{"damage":2,"enemies":"Champ","floor":33,"turns":6},{"damage":2,"enemies":"3 Darklings","floor":35,"turns":5},{"damage":0,"enemies":"Orb Walker","floor":37,"turns":3},{"damage":0,"enemies":"Mind Bloom Boss Battle","floor":38,"turns":3},{"damage":0,"enemies":"Jaw Worm Horde","floor":39,"turns":3},{"damage":0,"enemies":"Giant Head","floor":42,"turns":5},{"damage":2,"enemies":"4 Shapes","floor":44,"turns":6},{"damage":5,"enemies":"Nemesis","floor":45,"turns":6},{"damage":0,"enemies":"Reptomancer","floor":47,"turns":3},{"damage":0,"enemies":"Transient","floor":48,"turns":7},{"damage":16,"enemies":"Awakened One","floor":50,"turns":10},{"damage":74,"enemies":"Donu and Deca","floor":51,"turns":11}],"seed_played":"-2103658317644430051","potions_obtained":[{"floor":5.0,"key":"ColorlessPotion"},{"floor":10.0,"key":"Swift Potion"},{"floor":16.0,"key":"Dexterity Potion"},{"floor":18.0,"key":"EntropicBrew"},{"floor":20,"key":"SteroidPotion"},{"floor":29,"key":"Explosive Potion"},{"floor":33,"key":"GamblersBrew"},{"floor":44,"key":"Weak Potion"},{"floor":45,"key":"SneckoOil"},{"floor":47,"key":"Strength Potion"},{"floor":48,"key":"Ambrosia"}],"is_trial":false,"path_per_floor":["M","M","?","M","M","R","E","R","T","E","R","M","?","E","R","B",null,"M","?","M","$","M","R","E","?","T","E","?","E","M","M","R","B",null,"M","$","M","?","M","R","?","E","T","M","E","$","E","M","R","B","B"],"character_chosen":"WATCHER","items_purchased":["Pen Nib","Consecrate","Trip","TeardropLocket","TheAbacus","Oddly Smooth Stone","Dark Shackles"],"campfire_rested":1,"item_purchase_floors":[21,21,21,36,36,46,46],"current_hp_per_floor":[61,54,43,39,35,35,26,26,26,22,22,18,68,64,64,64,67,46,46,33,33,33,33,33,33,33,33,33,43,35,16,39,37,68,66,78,78,78,78,78,78,78,78,76,71,78,80,82,82,66,0,0],"gold":262,"neow_bonus":"BOSS_RELIC","is_daily":false,"chose_seed":false,"campfire_upgraded":6,"win_rate":0.0,"timestamp":1611440293,"path_taken":["M","M","?","M","M","R","E","R","T","E","R","M","?","E","R","BOSS","M","?","M","$","M","R","E","?","T","E","?","E","?","M","R","BOSS","M","$","M","?","M","R","?","E","T","M","E","$","E","M","R","BOSS","BOSS"],"items_purchased_type":["Relic","Card","Card","Relic","Relic","Relic","Card"],"build_version":"2020-12-22","purchased_purges":1,"victory":false,"max_hp_per_floor":[68,68,68,68,68,68,68,68,68,68,68,68,68,68,68,68,68,68,68,68,68,68,68,68,68,68,68,68,78,78,78,78,78,78,78,78,78,78,78,78,78,78,78,78,78,78,80,82,82,82,82,82],"relic_stats":{"Regal Pillow":0,"Gremlin Horn":[27,27],"Singing Bowl":4,"counters":[29,155],"Blue Candle":[0],"Pen Nib":[21],"PreservedInsect":332,"CloakClasp":[146],"MawBank":132,"Nunchaku":[26],"TheAbacus":[132],"Gambling Chip":[42],"MealTicket":19,"obtain_stats":[{"Regal Pillow":45,"Pear":29,"Gremlin Horn":9,"Singing Bowl":41,"Blue Candle":14,"Oddly Smooth Stone":46,"Pen Nib":21,"PreservedInsect":24,"CloakClasp":38,"TeardropLocket":36,"Frozen Egg 2":47,"Empty Cage":17,"MawBank":25,"White Beast Statue":42,"SlaversCollar":0,"Nunchaku":10,"TheAbacus":36,"Gambling Chip":26,"MealTicket":27,"Philosopher\u0027s Stone":34,"PureWater":0,"Pocketwatch":7},{"Regal Pillow":25,"Pear":15,"Gremlin Horn":5,"Singing Bowl":22,"Blue Candle":8,"Oddly Smooth Stone":25,"Pen Nib":11,"PreservedInsect":13,"CloakClasp":21,"TeardropLocket":19,"Frozen Egg 2":26,"Empty Cage":9,"MawBank":13,"White Beast Statue":23,"SlaversCollar":0,"Nunchaku":6,"TheAbacus":19,"Gambling Chip":13,"MealTicket":14,"Philosopher\u0027s Stone":18,"PureWater":0,"Pocketwatch":5},{"Regal Pillow":124,"Pear":76,"Gremlin Horn":29,"Singing Bowl":107,"Blue Candle":46,"Oddly Smooth Stone":124,"Pen Nib":65,"PreservedInsect":69,"CloakClasp":104,"TeardropLocket":98,"Frozen Egg 2":127,"Empty Cage":55,"MawBank":69,"White Beast Statue":112,"SlaversCollar":0,"Nunchaku":32,"TheAbacus":98,"Gambling Chip":69,"MealTicket":72,"Philosopher\u0027s Stone":93,"PureWater":0,"Pocketwatch":29}],"Pocketwatch":[180]},"card_choices":[{"not_picked":["Protect","PathToVictory"],"picked":"FlyingSleeves","floor":1.0},{"not_picked":["Establishment","Evaluate"],"picked":"EmptyBody","floor":2.0},{"not_picked":["Wireheading","Evaluate"],"picked":"ThirdEye","floor":4.0},{"not_picked":["Evaluate","Collect"],"picked":"Wireheading","floor":5.0},{"not_picked":["Wireheading","JustLucky"],"picked":"WheelKick","floor":7.0},{"not_picked":["Evaluate","EmptyFist"],"picked":"Wish","floor":10.0},{"not_picked":["Evaluate","Crescendo"],"picked":"TalkToTheHand","floor":12.0},{"not_picked":["PathToVictory","SignatureMove","FlyingSleeves"],"picked":"SKIP","floor":14.0},{"not_picked":["Scrawl","MasterReality"],"picked":"Vault","floor":16.0},{"not_picked":["Worship","WaveOfTheHand"],"picked":"Tantrum","floor":18.0},{"not_picked":["CutThroughFate","Evaluate","Worship"],"picked":"SKIP","floor":20},{"not_picked":["Evaluate","Crescendo","DevaForm"],"picked":"SKIP","floor":22},{"not_picked":["FlyingSleeves","BattleHymn","Fasting2"],"picked":"SKIP","floor":24},{"not_picked":["ReachHeaven","Scrawl"],"picked":"EmptyMind+1","floor":27},{"not_picked":["ThirdEye","CrushJoints+1","EmptyBody+1"],"picked":"SKIP","floor":29},{"not_picked":["Protect","Pray","Prostrate+1"],"picked":"SKIP","floor":30},{"not_picked":["Evaluate","CutThroughFate","MentalFortress"],"picked":"SKIP","floor":31},{"not_picked":["JustLucky","Halt","Crescendo"],"picked":"SKIP","floor":35},{"not_picked":["Halt","Protect","Evaluate+1"],"picked":"SKIP","floor":37},{"not_picked":["SashWhip","ThirdEye","WheelKick"],"picked":"SKIP","floor":39},{"not_picked":["ForeignInfluence+1","Fasting2"],"picked":"TalkToTheHand","floor":42},{"not_picked":["ClearTheMind","CrushJoints"],"picked":"Scrawl","floor":44},{"not_picked":["Tantrum","Collect"],"picked":"TalkToTheHand","floor":45},{"not_picked":["MentalFortress+1","BowlingBash","Prostrate"],"picked":"Singing Bowl","floor":47},{"not_picked":["ThirdEye","SashWhip","CutThroughFate"],"picked":"Singing Bowl","floor":48}],"player_experience":873323,"relics_obtained":[{"floor":7.0,"key":"Pocketwatch"},{"floor":9.0,"key":"Gremlin Horn"},{"floor":10.0,"key":"Nunchaku"},{"floor":14.0,"key":"Blue Candle"},{"floor":24,"key":"PreservedInsect"},{"floor":26,"key":"Gambling Chip"},{"floor":27,"key":"MealTicket"},{"floor":29,"key":"Pear"},{"floor":38,"key":"CloakClasp"},{"floor":42,"key":"White Beast Statue"},{"floor":45,"key":"Regal Pillow"},{"floor":47,"key":"Frozen Egg 2"}],"event_choices":[{"damage_healed":0.0,"max_hp_gain":0.0,"max_hp_loss":0.0,"gold_gain":75.0,"event_name":"World of Goop","player_choice":"Gather Gold","floor":3.0,"gold_loss":0.0,"damage_taken":11.0},{"damage_healed":50.0,"max_hp_gain":0.0,"max_hp_loss":0.0,"gold_gain":0.0,"event_name":"Wheel of Change","player_choice":"Full Heal","floor":13.0,"gold_loss":0.0,"damage_taken":0.0},{"damage_healed":0.0,"max_hp_gain":0.0,"max_hp_loss":0.0,"gold_gain":0.0,"event_name":"Back to Basics","player_choice":"Simplicity","floor":19.0,"gold_loss":0.0,"damage_taken":0.0,"cards_upgraded":["Strike_P","Strike_P","Strike_P","Defend_P","Defend_P","Defend_P"]},{"damage_healed":0,"gold_gain":0,"player_choice":"Obtained Relic","damage_taken":0,"relics_obtained":["MawBank"],"max_hp_gain":0,"max_hp_loss":0,"event_name":"Addict","floor":25,"gold_loss":85},{"cards_removed":["Defend_P"],"damage_healed":0,"gold_gain":0,"player_choice":"Offered Basic","damage_taken":0,"max_hp_gain":0,"max_hp_loss":0,"event_name":"Bonfire Elementals","floor":28,"gold_loss":0},{"damage_healed":0,"gold_gain":0,"player_choice":"Fight","damage_taken":0,"max_hp_gain":0,"max_hp_loss":0,"event_name":"MindBloom","floor":38,"gold_loss":0},{"damage_healed":0,"gold_gain":0,"player_choice":"Gave Potion","damage_taken":0,"relics_obtained":["Singing Bowl"],"max_hp_gain":0,"max_hp_loss":0,"event_name":"WeMeetAgain","floor":41,"gold_loss":0}],"is_beta":false,"boss_relics":[{"not_picked":["SacredBark","Cursed Key"],"picked":"Empty Cage"},{"not_picked":["Pandora\u0027s Box","Runic Dome"],"picked":"Philosopher\u0027s Stone"}],"items_purged_floors":[21],"is_endless":false,"potions_floor_spawned":[5,10,16,18,20,29,33,38,39,44,45,47,48],"killed_by":"Donu and Deca","ascension_level":20}}