{"host":"1tl36azeqm6yhdgj","time":1611440566,"event":{"mods":["AchievementEnabler","BaseMod","Minty Spire (QoL Compilation)","StSLib","The IronCluck","everything is the same but u backflip on backflip"],"gold_per_floor":[111,186,186,186,202,230,230,262,288,313,313,331,362,374,374,452,452,471,471,746,757,757,757],"floor_reached":22,"language":"ENG","playtime":795,"items_purged":[],"score":474,"play_id":"9b0a25dc-fde8-4ea2-839e-08a615bdcd9a","local_time":"20210123172246","is_ascension_mode":true,"campfire_choices":[{"data":"Cleave","floor":7.0,"key":"SMITH"},{"floor":11.0,"key":"REST"},{"data":"Rampage","floor":15.0,"key":"SMITH"}],"circlet_count":0,"master_deck":["AscendersBane","Strike_R+1","Strike_R+1","Defend_R","Defend_R","Defend_R","Defend_R","Bash","Headbutt","Pummel","Cleave+1","Rage","Intimidate","Offering","Rampage+1","Battle Trance","Double Tap","Regret","Carnage"],"relics":["Burning Blood","NeowsBlessing","Ancient Tea Set","Dead Branch","Pen Nib","Pantograph","Blood Vial","Empty Cage"],"acts_visited":["Exordium","TheCity"],"potions_floor_usage":[],"damage_taken":[{"damage":0.0,"enemies":"Small Slimes","floor":1.0,"turns":2.0},{"damage":0.0,"enemies":"2 Louse","floor":5.0,"turns":2.0},{"damage":0.0,"enemies":"Lagavulin","floor":6.0,"turns":1.0},{"damage":8.0,"enemies":"Gremlin Nob","floor":8.0,"turns":3.0},{"damage":33.0,"enemies":"Lagavulin","floor":10.0,"turns":8.0},{"damage":2.0,"enemies":"Jaw Worm","floor":12.0,"turns":3.0},{"damage":19.0,"enemies":"3 Sentries","floor":13.0,"turns":7.0},{"damage":21.0,"enemies":"Large Slime","floor":14.0,"turns":5.0},{"damage":49.0,"enemies":"The Guardian","floor":16.0,"turns":12.0},{"damage":24.0,"enemies":"Chosen","floor":18.0,"turns":4.0},{"damage":15.0,"enemies":"Shell Parasite","floor":21.0,"turns":2.0},{"damage":39,"enemies":"Shelled Parasite and Fungi","floor":22,"turns":3}],"seed_played":"5975193721830968164","potions_obtained":[{"floor":1.0,"key":"Fire Potion"},{"floor":5.0,"key":"FearPotion"},{"floor":12.0,"key":"BlessingOfTheForge"},{"floor":16.0,"key":"Fire Potion"},{"floor":18.0,"key":"Weak Potion"}],"is_trial":false,"path_per_floor":["M","?","?","?","M","E","R","E","T","E","R","M","E","M","R","B",null,"M","?","?","M","M"],"character_chosen":"IRONCLAD","items_purchased":[],"campfire_rested":1,"item_purchase_floors":[],"current_hp_per_floor":[74,63,40,40,46,52,52,50,50,23,45,49,36,23,23,7,58,42,42,42,35,0,0],"gold":757,"neow_bonus":"THREE_ENEMY_KILL","is_daily":false,"chose_seed":false,"campfire_upgraded":2,"win_rate":0.0,"timestamp":1611440566,"path_taken":["M","?","?","?","M","E","R","E","T","E","R","M","E","M","R","BOSS","M","?","?","M","?"],"items_purchased_type":[],"build_version":"2020-12-22","purchased_purges":0,"victory":false,"max_hp_per_floor":[75,75,75,75,75,75,75,75,75,75,75,75,75,75,75,75,75,75,75,75,75,75,75],"card_choices":[{"not_picked":["Entrench","Dark Embrace"],"picked":"Headbutt","floor":1.0},{"not_picked":["Hemokinesis","Infernal Blade"],"picked":"Cleave","floor":5.0},{"not_picked":["Pommel Strike","Anger"],"picked":"Rage","floor":6.0},{"not_picked":["Sword Boomerang","Havoc"],"picked":"Intimidate","floor":8.0},{"not_picked":["Flex","Warcry"],"picked":"Offering","floor":10.0},{"not_picked":["Combust","Pommel Strike","Perfected Strike"],"picked":"SKIP","floor":12.0},{"not_picked":["Brutality","Wild Strike"],"picked":"Rampage","floor":13.0},{"not_picked":["Entrench","Wild Strike"],"picked":"Battle Trance","floor":14.0},{"not_picked":["Reaper","Barricade"],"picked":"Double Tap","floor":16.0},{"not_picked":["Headbutt","Sword Boomerang","True Grit"],"picked":"SKIP","floor":18.0},{"not_picked":["Whirlwind","Twin Strike"],"picked":"Carnage","floor":21.0}],"player_experience":2023902,"relics_obtained":[{"floor":6.0,"key":"Ancient Tea Set"},{"floor":8.0,"key":"Dead Branch"},{"floor":9.0,"key":"Pen Nib"},{"floor":10.0,"key":"Pantograph"},{"floor":13.0,"key":"Blood Vial"}],"event_choices":[{"damage_healed":0.0,"max_hp_gain":0.0,"max_hp_loss":0.0,"gold_gain":75.0,"event_name":"World of Goop","player_choice":"Gather Gold","floor":2.0,"gold_loss":0.0,"damage_taken":11.0},{"damage_healed":0.0,"max_hp_gain":0.0,"max_hp_loss":0.0,"gold_gain":0.0,"event_name":"Shining Light","player_choice":"Entered Light","floor":3.0,"gold_loss":0.0,"damage_taken":23.0,"cards_upgraded":["Strike_R","Strike_R"]},{"damage_healed":0.0,"max_hp_gain":0.0,"max_hp_loss":0.0,"gold_gain":0.0,"cards_transformed":["Strike_R"],"event_name":"Living Wall","player_choice":"Change","floor":4.0,"gold_loss":0.0,"damage_taken":0.0,"cards_obtained":["Pummel"]},{"damage_healed":0.0,"max_hp_gain":0.0,"max_hp_loss":0.0,"gold_gain":0.0,"event_name":"Ghosts","player_choice":"Ignored","floor":19.0,"gold_loss":0.0,"damage_taken":0.0},{"damage_healed":0.0,"max_hp_gain":0.0,"max_hp_loss":0.0,"gold_gain":275.0,"event_name":"Golden Shrine","player_choice":"Desecrate","floor":20.0,"gold_loss":0.0,"damage_taken":0.0,"cards_obtained":["Regret"]}],"is_beta":false,"boss_relics":[{"not_picked":["Pandora\u0027s Box","Tiny House"],"picked":"Empty Cage"}],"items_purged_floors":[],"is_endless":false,"potions_floor_spawned":[1,5,12,16,18],"killed_by":"Shelled Parasite and Fungi","ascension_level":20}}