{"host":"3c27c697js19kaoo","time":1611394467,"event":{"mods":["ATMod(°¢èªMod)","Aspiration","BaseMod","CapriCore","Dota2Spire","Hermit","Minty Spire (QoL Compilation)","Quick Restart","Replay The Spire","Robot Space Explorer","Spicy Shops","StSLib","The Alterego","The Cursed","The Marked","The Runesmith","The Servant 0.9.4","vexMod","¡¾¹¦ÄÜMod¡¿»ìãçÖ®»·ÐÞ¸´²¹¶¡","¡¾ÒÅÎï¿¨ÅÆ¡¿REMEMod"],"gold_per_floor":[117,32,32,42,55,85,85,97,151,6,6,81,95,114,114,216,216,236,246,246,261,280,305,305,352,352,55,76,76,97,138,138,247,247,269,332,332,358,57,57,106,131,154,179,211,238,18,44,44,82],"floor_reached":51,"language":"ZHS","playtime":2677,"items_purged":["Decay"],"score":843,"play_id":"bd9bad56-580a-4cb2-b0bf-89d0e33f9faf","local_time":"20210123173427","is_ascension_mode":false,"campfire_choices":[{"data":"theMarked:SoldierOfQuellstein","floor":7.0,"key":"SMITH"},{"data":"theMarked:ComboAttacks","floor":11.0,"key":"SMITH"},{"floor":24.0,"key":"REST"},{"floor":32.0,"key":"REST"},{"data":"theMarked:Defy","floor":40,"key":"SMITH"},{"floor":49,"key":"REST"}],"circlet_count":0,"master_deck":["theMarked:Strike","theMarked:Strike","theMarked:Strike+1","theMarked:Strike","theMarked:Strike","theMarked:Defend","theMarked:Defend","theMarked:Defend+1","theMarked:SoldierOfQuellstein+1","AT_Desolate","REME_ProfessionalPlagiarism+1","theMarked:Improvise+1","theMarked:RogueSparks","theMarked:EmpowerWeapon","theMarked:ComboAttacks+1","theMarked:SwordAndMagic+1","theMarked:Defy+1","theMarked:SwordAndMagic+1","theMarked:ElementalBlade","theMarked:Levitate+1","theMarked:Static","theMarked:BindingBlade","Madness","Madness","theMarked:SoldierForm","theMarked:Panic","theMarked:MysticalArsenal"],"relics":["theMarked:ArtifactOfAir","REME_ComplimentaryCards","NeowsBlessing","ReplayTheSpireMod:CursedCoin","AT_RedNoBalance","Lantern","War Paint","AT_TrinityForce","Nloth\u0027s Gift","Replay:Bandana","Divine Protection","Dota2Spire:PowerTreads","Guide Book","Gremlin Food","aspiration:HiddenCompartment","vexMod:BigBerry","Du-Vu Doll","vexMod:PlasmaPancake","Bottled Lightning","Blood Vial"],"acts_visited":["Exordium","TheCity","TheBeyond"],"potions_floor_usage":[33,50],"damage_taken":[{"damage":0.0,"enemies":"Small Slimes","floor":1.0,"turns":1.0},{"damage":0.0,"enemies":"Cultist","floor":4.0,"turns":1.0},{"damage":0.0,"enemies":"2 Louse","floor":5.0,"turns":1.0},{"damage":35.0,"enemies":"Lagavulin","floor":6.0,"turns":5.0},{"damage":12.0,"enemies":"2 Fungi Beasts","floor":8.0,"turns":3.0},{"damage":4.0,"enemies":"Red Slaver","floor":13.0,"turns":2.0},{"damage":0.0,"enemies":"Large Slime","floor":14.0,"turns":4.0},{"damage":24.0,"enemies":"Hexaghost","floor":16.0,"turns":5.0},{"damage":1.0,"enemies":"Shell Parasite","floor":18.0,"turns":2.0},{"damage":5.0,"enemies":"3 Byrds","floor":19.0,"turns":2.0},{"damage":6.0,"enemies":"Centurion and Healer","floor":21.0,"turns":2.0},{"damage":0.0,"enemies":"Shelled Parasite and Fungi","floor":22.0,"turns":1.0},{"damage":18.0,"enemies":"Book of Stabbing","floor":23.0,"turns":3.0},{"damage":14.0,"enemies":"Slavers","floor":25.0,"turns":2.0},{"damage":0.0,"enemies":"Snecko","floor":28.0,"turns":2.0},{"damage":0.0,"enemies":"Cultist and Chosen","floor":30.0,"turns":3.0},{"damage":4.0,"enemies":"Book of Stabbing","floor":31.0,"turns":2.0},{"damage":24,"enemies":"Collector","floor":33,"turns":4},{"damage":0,"enemies":"Orb Walker","floor":35,"turns":2},{"damage":39,"enemies":"2 Orb Walkers","floor":36,"turns":4},{"damage":3,"enemies":"3 Darklings","floor":38,"turns":4},{"damage":26,"enemies":"Giant Head","floor":41,"turns":6},{"damage":0,"enemies":"Maw","floor":42,"turns":4},{"damage":4,"enemies":"Sphere and 2 Shapes","floor":44,"turns":4},{"damage":2,"enemies":"Spire Growth","floor":45,"turns":3},{"damage":0,"enemies":"Transient","floor":46,"turns":5},{"damage":7,"enemies":"Jaw Worm Horde","floor":48,"turns":3},{"damage":39,"enemies":"Awakened One","floor":50,"turns":4}],"seed_played":"9038276741187657837","potions_obtained":[{"floor":1.0,"key":"Weak Potion"},{"floor":14.0,"key":"Energy Potion"},{"floor":16.0,"key":"Explosive Potion"},{"floor":18.0,"key":"theMarked:SummonPotion"},{"floor":19.0,"key":"LiquidBronze"},{"floor":28.0,"key":"Explosive Potion"},{"floor":33,"key":"Energy Potion"},{"floor":48,"key":"AttackPotion"}],"is_trial":false,"path_per_floor":["M","$","?","M","M","E","R","M","T","$","R","?","M","M","R","B",null,"M","M","?","M","M","E","R","E","T","$","M","?","M","E","R","B",null,"M","?","?","M","$","R","E","M","T","M","M","M","$","M","R","B",null],"character_chosen":"THE_DEFAULT","items_purchased":["ReplayTheSpireMod:CursedCoin","theMarked:RogueSparks","theMarked:EmpowerWeapon","War Paint","Guide Book","Gremlin Food","vexMod:PlasmaPancake","theMarked:Panic","theMarked:MysticalArsenal"],"campfire_rested":3,"item_purchase_floors":[2,2,2,10,27,27,39,47,47],"current_hp_per_floor":[70,70,70,70,70,35,35,23,23,23,23,12,31,35,56,11,70,34,29,29,23,23,5,26,16,16,16,16,23,23,19,40,16,100,100,61,48,45,51,51,25,25,25,23,23,25,25,20,51,14],"gold":82,"neow_bonus":"THREE_ENEMY_KILL","is_daily":false,"chose_seed":false,"campfire_upgraded":3,"win_rate":0.0,"timestamp":1611394467,"path_taken":["M","$","?","M","?","E","R","M","T","?","R","?","M","M","R","BOSS","M","M","?","?","M","E","R","E","T","$","M","?","M","E","R","BOSS","M","?","?","M","$","R","E","M","T","M","M","M","$","M","R","BOSS"],"items_purchased_type":["Relic","Card","Card","Relic","Relic","Relic","Relic","Card","Card"],"build_version":"2020-12-22","purchased_purges":1,"victory":true,"max_hp_per_floor":[70,70,70,70,70,70,70,70,70,70,70,70,70,70,70,70,70,70,70,70,70,70,70,70,70,70,70,70,70,70,70,70,70,100,100,100,100,100,106,106,106,106,106,106,106,106,106,106,106,106],"card_choices":[{"not_picked":["theMarked:CreepingChasm","theMarked:Polarize"],"picked":"theMarked:Improvise","floor":1.0},{"not_picked":["theMarked:Frustration","theMarked:WastefulAttack","theMarked:Improvise"],"picked":"SKIP","floor":4.0},{"not_picked":["theMarked:WastefulDefense","theMarked:SwordAndMagic"],"picked":"theMarked:ComboAttacks","floor":5.0},{"not_picked":["theMarked:ElectricStrings","theMarked:KeepCalmAndFightOn","theMarked:TunnelVision"],"picked":"SKIP","floor":6.0},{"not_picked":["theMarked:Reabsorb","theMarked:Polarize","theMarked:EmpowerWeapon"],"picked":"SKIP","floor":8.0},{"not_picked":["theMarked:KeepCalmAndFightOn","theMarked:Improvise"],"picked":"theMarked:SwordAndMagic","floor":13.0},{"not_picked":["theMarked:Static","theMarked:Improvise","theMarked:RepellingDischarge"],"picked":"SKIP","floor":14.0},{"not_picked":["theMarked:SummonStrength","theMarked:TakeOffHeels"],"picked":"theMarked:Defy","floor":16.0},{"not_picked":["theMarked:HeightenedSenses","theMarked:ElectricStrings"],"picked":"theMarked:SwordAndMagic","floor":18.0},{"not_picked":["theMarked:RepellingDischarge","theMarked:Aftermath"],"picked":"theMarked:ElementalBlade","floor":19.0},{"not_picked":["theMarked:RepellingDischarge","theMarked:Improvise","theMarked:ResourceFulStrike"],"picked":"SKIP","floor":21.0},{"not_picked":["theMarked:HeightenedSenses","theMarked:ResourceFulStrike"],"picked":"theMarked:Levitate","floor":22.0},{"not_picked":["theMarked:BanishingWave+1","theMarked:Improvise","theMarked:EnhanceMovement"],"picked":"SKIP","floor":23.0},{"not_picked":["theMarked:Frustration","theMarked:Levitate"],"picked":"theMarked:Static","floor":25.0},{"not_picked":["theMarked:Opportunist","theMarked:Aftermath","theMarked:SelfDefenseTraining"],"picked":"SKIP","floor":28.0},{"not_picked":["theMarked:RepellingDischarge+1","theMarked:BanishingStrike+1","theMarked:Convert"],"picked":"SKIP","floor":30.0},{"not_picked":["theMarked:Static","theMarked:TakeOffHeels","theMarked:ContemptForTheProud"],"picked":"SKIP","floor":31.0},{"not_picked":["theMarked:SuspiciousRaven","theMarked:Levitate"],"picked":"theMarked:BindingBlade","floor":33},{"not_picked":["theMarked:Parkour","theMarked:WardOff+1","theMarked:Frustration+1"],"picked":"SKIP","floor":35},{"not_picked":["theMarked:EmpowerWeapon+1","theMarked:GodGivenPower","theMarked:HeightenedSenses"],"picked":"SKIP","floor":38},{"not_picked":["theMarked:BindingBlade","theMarked:Static+1"],"picked":"theMarked:SoldierForm","floor":41},{"not_picked":["theMarked:ElementalBlade+1","theMarked:SoldierForm","theMarked:UnarmedFury"],"picked":"SKIP","floor":42},{"not_picked":["theMarked:Frustration","theMarked:Standoff+1","theMarked:Parkour+1"],"picked":"SKIP","floor":44},{"not_picked":["theMarked:Electrify","theMarked:EmpowerWeapon","theMarked:DeterminationOfTheMarked"],"picked":"SKIP","floor":45},{"not_picked":["theMarked:BanishingStrike","theMarked:SwordAndMagic+1","theMarked:WardOff+1"],"picked":"SKIP","floor":46},{"not_picked":["theMarked:Challenge","theMarked:Aftermath","theMarked:SoldierForm"],"picked":"SKIP","floor":48}],"player_experience":216145,"relics_obtained":[{"floor":6.0,"key":"AT_SilverBalance"},{"floor":9.0,"key":"Lantern"},{"floor":23.0,"key":"Replay:Bandana"},{"floor":25.0,"key":"Divine Protection"},{"floor":26.0,"key":"Dota2Spire:PowerTreads"},{"floor":31.0,"key":"aspiration:HiddenCompartment"},{"floor":36,"key":"Du-Vu Doll"},{"floor":41,"key":"Bottled Lightning"},{"floor":43,"key":"Blood Vial"}],"event_choices":[{"cards_removed":["theMarked:Defend"],"damage_healed":0.0,"max_hp_gain":0.0,"max_hp_loss":0.0,"gold_gain":0.0,"event_name":"Wheel of Change","player_choice":"Card Removal","floor":3.0,"gold_loss":0.0,"damage_taken":0.0},{"damage_healed":0.0,"max_hp_gain":0.0,"max_hp_loss":0.0,"gold_gain":75.0,"event_name":"World of Goop","player_choice":"Gather Gold","floor":12.0,"gold_loss":0.0,"damage_taken":11.0},{"damage_healed":0.0,"max_hp_gain":0.0,"max_hp_loss":0.0,"gold_gain":0.0,"event_name":"N\u0027loth","player_choice":"Traded Relic","floor":20.0,"relics_lost":["AT_ATBox"],"gold_loss":0.0,"damage_taken":0.0,"relics_obtained":["Nloth\u0027s Gift"]},{"damage_healed":0,"gold_gain":0,"player_choice":"Fight","damage_taken":0,"max_hp_gain":0,"max_hp_loss":0,"event_name":"Mysterious Sphere","floor":36,"gold_loss":0},{"damage_healed":0,"gold_gain":0,"player_choice":"Embrace Madness","damage_taken":13,"max_hp_gain":0,"max_hp_loss":0,"event_name":"Winding Halls","floor":37,"gold_loss":0,"cards_obtained":["Madness","Madness"]}],"is_beta":false,"boss_relics":[{"not_picked":["aspiration:IroncladSkillbook","Replay:Drink Me"],"picked":"AT_TrinityForce"},{"not_picked":["vexMod:CursedCompass","Astrolabe"],"picked":"vexMod:BigBerry"}],"items_purged_floors":[2],"is_endless":false,"potions_floor_spawned":[1,14,16,18,19,28,30,33,35,38,45,48],"ascension_level":0}}