{"host":"J","time":1611404733,"event":{"mods":["AchievementEnabler","BaseMod","Block Reminder","Highlight Path","Minty Spire (QoL Compilation)","Permanent Neow","Quick Restart","Relic Stats"],"gold_per_floor":[118,132,132,151,151,151,185,39,39,39,49,49,49,75,75,75,75],"floor_reached":16,"language":"ENG","playtime":906,"items_purged":[],"score":157,"play_id":"bfb93c42-bda9-4842-b5ab-9c7f3be29ce2","local_time":"20210123132533","is_ascension_mode":true,"campfire_choices":[{"data":"Consume","floor":6,"key":"SMITH"},{"data":"Fission","floor":10,"key":"SMITH"},{"data":"Static Discharge","floor":12,"key":"SMITH"},{"floor":15,"key":"REST"}],"circlet_count":0,"master_deck":["Strike_B","Strike_B+1","Strike_B+1","Strike_B","Defend_B","Defend_B","Defend_B","Defend_B","Zap","Dualcast","Consume+1","Double Energy","Ball Lightning","Sweeping Beam","Capacitor","Fission+1","Static Discharge+1"],"relics":["Cracked Core","Pen Nib","White Beast Statue","Mercury Hourglass"],"acts_visited":["Exordium"],"potions_floor_usage":[16,16],"damage_taken":[{"damage":7,"enemies":"2 Louse","floor":1,"turns":3},{"damage":7,"enemies":"Jaw Worm","floor":2,"turns":4},{"damage":1,"enemies":"Cultist","floor":4,"turns":3},{"damage":10,"enemies":"Gremlin Nob","floor":7,"turns":3},{"damage":0,"enemies":"Exordium Thugs","floor":11,"turns":4},{"damage":30,"enemies":"3 Sentries","floor":14,"turns":4},{"damage":27,"enemies":"The Guardian","floor":16,"turns":5}],"seed_played":"5700022412094898341","potions_obtained":[{"floor":4,"key":"DistilledChaos"},{"floor":11,"key":"CultistPotion"},{"floor":14,"key":"SkillPotion"}],"is_trial":false,"path_per_floor":["M","M","?","M","?","R","E","$","T","R","M","R","$","E","R","B"],"character_chosen":"DEFECT","items_purchased":["Capacitor","Fission"],"campfire_rested":1,"item_purchase_floors":[8,8],"current_hp_per_floor":[61,54,39,38,43,43,33,33,33,33,33,33,33,3,27,0,0],"gold":75,"neow_bonus":"THREE_CARDS","is_daily":false,"chose_seed":false,"campfire_upgraded":3,"win_rate":0.0,"timestamp":1611404733,"path_taken":["M","M","?","M","?","R","E","?","T","R","M","R","?","E","R","BOSS"],"items_purchased_type":["Card","Card"],"build_version":"2020-12-18","purchased_purges":0,"victory":false,"max_hp_per_floor":[75,75,75,75,80,80,80,80,80,80,80,80,80,80,80,80,80],"relic_stats":{"counters":[7,26],"Pen Nib":[2],"obtain_stats":[{"Pen Nib":7,"Cracked Core":0,"White Beast Statue":9,"Mercury Hourglass":14},{"Pen Nib":4,"Cracked Core":0,"White Beast Statue":4,"Mercury Hourglass":6},{"Pen Nib":13,"Cracked Core":0,"White Beast Statue":13,"Mercury Hourglass":21}],"Mercury Hourglass":[12]},"card_choices":[{"not_picked":["Aggregate","Stack"],"picked":"Consume","floor":0},{"not_picked":["Streamline","Rebound"],"picked":"Double Energy","floor":1},{"not_picked":["Stack","Streamline","Turbo"],"picked":"SKIP","floor":2},{"not_picked":["Cold Snap","Sweeping Beam"],"picked":"Ball Lightning","floor":4},{"not_picked":["Coolheaded","Melter"],"picked":"Sweeping Beam","floor":7},{"not_picked":["Sweeping Beam","Force Field"],"picked":"Static Discharge","floor":11},{"not_picked":["Turbo","Reinforced Body","Hologram"],"picked":"SKIP","floor":14}],"player_experience":172150,"relics_obtained":[{"floor":7,"key":"Pen Nib"},{"floor":9,"key":"White Beast Statue"},{"floor":14,"key":"Mercury Hourglass"}],"event_choices":[{"damage_healed":0,"gold_gain":0,"player_choice":"Entered Light","damage_taken":15,"max_hp_gain":0,"max_hp_loss":0,"event_name":"Shining Light","floor":3,"gold_loss":0,"cards_upgraded":["Strike_B","Strike_B"]},{"damage_healed":0,"gold_gain":0,"player_choice":"Donut","damage_taken":0,"max_hp_gain":5,"max_hp_loss":0,"event_name":"Big Fish","floor":5,"gold_loss":0}],"is_beta":true,"boss_relics":[],"items_purged_floors":[],"is_endless":false,"potions_floor_spawned":[4,11,14],"killed_by":"The Guardian","ascension_level":9}}