{"host":"o6rpelx2jpc8yies","time":1611368878,"event":{"mods":["BaseMod","Downfall","Minty Spire (QoL Compilation)","StSLib"],"gold_per_floor":[99,37,37,55,65,99,99,99,99,116,16,35,70,81,91,195,195,195,211,96,116,136,121,121,135,35,20,53,53,53,86,98,199,199,99,118,134,152,152,165,215,231,231,264,260,260,276,308,324,324,324,324],"floor_reached":50,"language":"ENG","playtime":3340,"items_purged":["bronze:Strike","bronze:Defend"],"score":718,"play_id":"7aef2e00-0c70-47d5-b503-f53d0f6764a1","local_time":"20210122192758","is_ascension_mode":true,"campfire_choices":[{"data":"bronze:Replicate","floor":1.0,"key":"SMITH"},{"data":"1","floor":8.0,"key":"LIFT"},{"floor":11.0,"key":"REST"},{"floor":18.0,"key":"RECALL"},{"floor":26.0,"key":"REST"},{"floor":30.0,"key":"REST"},{"data":"2","floor":35.0,"key":"LIFT"},{"floor":43,"key":"REST"}],"circlet_count":0,"master_deck":["bronze:Strike","bronze:Defend","bronze:Replicate+1","bronze:Goto","bronze:FineTuning","bronze:Constructor","bronze:DelayedSlice","bronze:InfiniteLoop","bronze:Optimize","bronze:Terminator","bronze:ItsAFeature","bronze:Repulsor","bronze:Branch","bronze:Repair","bronze:AlphaBuild","bronze:BronzeOrb+1","bronze:WhirlingStrike+1","bronze:DelayedGuard","bronze:Iterate","bronze:ChosenStrike","bronze:Shield","bronze:Constructor","bronze:Shell","bronze:Safeguard","bronze:WhirlingStrike","bronze:Separator+1","bronze:FindAndReplace","bronze:Separator+1","bronze:Virus","bronze:BronzeArmor+1","bronze:MaxOutput","Apotheosis","Panache","bronze:MaxOutput+1"],"relics":["bronze:BronzeCore","TungstenRod","Girya","downfall:HeartBlessingGreen","hexamod:BolsterEngine","sneckomod:SneckoTalon","downfall:HeartBlessingBlue","Sundial","Darkstone Periapt","bronze:ElectromagneticCoil","downfall:HeartBlessingRed","The Courier","Omamori","Smiling Mask","bronze:SilverBullet"],"acts_visited":["Exordium","TheCity","TheBeyond"],"potions_floor_usage":[40,48,50],"damage_taken":[{"damage":0.0,"enemies":"downfall:FleeingMerchant","floor":2.0,"turns":4.0},{"damage":3.0,"enemies":"Jaw Worm","floor":4.0,"turns":4.0},{"damage":0.0,"enemies":"Cultist","floor":5.0,"turns":2.0},{"damage":48.0,"enemies":"Gremlin Nob","floor":6.0,"turns":5.0},{"damage":0.0,"enemies":"Small Slimes","floor":10.0,"turns":2.0},{"damage":0.0,"enemies":"Blue Slaver","floor":12.0,"turns":3.0},{"damage":0.0,"enemies":"3 Sentries","floor":13.0,"turns":3.0},{"damage":3.0,"enemies":"3 Louse","floor":14.0,"turns":3.0},{"damage":0.0,"enemies":"Gremlin Gang","floor":15.0,"turns":4.0},{"damage":32.0,"enemies":"SI_SHIV_ARCHETYPE","floor":16.0,"turns":9.0},{"damage":22.0,"enemies":"Shell Parasite","floor":19.0,"turns":6.0},{"damage":0.0,"enemies":"downfall:FleeingMerchant","floor":20.0,"turns":4.0},{"damage":0.0,"enemies":"Spheric Guardian","floor":21.0,"turns":2.0},{"damage":20.0,"enemies":"Snake Plant","floor":22.0,"turns":5.0},{"damage":15.0,"enemies":"downfall:FleeingMerchant","floor":23.0,"turns":4.0},{"damage":38.0,"enemies":"Snecko","floor":25.0,"turns":7.0},{"damage":0.0,"enemies":"downfall:FleeingMerchant","floor":27.0,"turns":4.0},{"damage":44.0,"enemies":"Gremlin Leader","floor":28.0,"turns":8.0},{"damage":5.0,"enemies":"Book of Stabbing","floor":31.0,"turns":5.0},{"damage":5.0,"enemies":"Sentry and Sphere","floor":32.0,"turns":6.0},{"damage":28.0,"enemies":"DF_ARCHETYPE_CLAW","floor":33.0,"turns":9.0},{"damage":0.0,"enemies":"3 Darklings","floor":36.0,"turns":7.0},{"damage":0.0,"enemies":"3 Shapes","floor":37.0,"turns":3.0},{"damage":66,"enemies":"Transient","floor":38,"turns":5},{"damage":21,"enemies":"Spire Growth","floor":40,"turns":3},{"damage":0,"enemies":"Sphere and 2 Shapes","floor":42,"turns":3},{"damage":74,"enemies":"Reptomancer","floor":44,"turns":7},{"damage":0,"enemies":"downfall:FleeingMerchant","floor":45,"turns":2},{"damage":36,"enemies":"Transient","floor":47,"turns":5},{"damage":16,"enemies":"Giant Head","floor":48,"turns":7},{"damage":8,"enemies":"4 Shapes","floor":49,"turns":2},{"damage":70,"enemies":"WA_ARCHETYPE_DIVINITY","floor":50,"turns":3}],"seed_played":"-6425866018785493452","potions_obtained":[{"floor":4.0,"key":"PowerPotion"},{"floor":6.0,"key":"BlessingOfTheForge"},{"floor":14.0,"key":"Explosive Potion"},{"floor":15.0,"key":"hexamod:SoulburnPotion"},{"floor":22.0,"key":"SteroidPotion"},{"floor":28.0,"key":"LiquidBronze"},{"floor":31.0,"key":"bronze:CleanCodePotion"},{"floor":38,"key":"SkillPotion"},{"floor":42,"key":"FairyPotion"},{"floor":44,"key":"SteroidPotion"},{"floor":47,"key":"Regen Potion"},{"floor":49,"key":"SkillPotion"}],"is_trial":false,"path_per_floor":["R","$","?","M","M","E","T","R","?","M","R","M","E","M","M","B",null,"R","M","$","M","M","$","T","M","R","$","E","?","R","E","M","B",null,"R","M","M","M","?","M","T","M","R","E","$","?","M","E","M","B"],"character_chosen":"THE_AUTOMATON","items_purchased":["bronze:Constructor","bronze:DelayedGuard","bronze:MaxOutput","Apotheosis","Panache"],"campfire_rested":4,"item_purchase_floors":[2,20,45,45,45],"current_hp_per_floor":[77,77,77,74,74,26,26,26,26,26,49,49,49,46,46,21,77,77,55,66,73,60,45,45,18,54,54,17,17,43,48,50,29,87,87,87,87,28,28,14,14,21,47,33,40,40,14,23,15,0,0,0],"gold":324,"neow_bonus":"TEN_PERCENT_HP_BONUS","is_daily":false,"chose_seed":false,"campfire_upgraded":1,"win_rate":0.0,"timestamp":1611368878,"path_taken":["R","$","?","M","?","E","T","R","?","M","R","M","E","M","M","BOSS","R","M","$","M","M","$","T","M","R","$","E","?","R","E","M","BOSS","R","M","M","M","?","M","T","?","R","E","$","?","M","E","M","BOSS"],"items_purchased_type":["Card","Card","Card","Card","Card"],"build_version":"2020-12-22","purchased_purges":2,"victory":false,"max_hp_per_floor":[77,77,77,77,77,77,77,77,77,77,77,77,77,77,77,77,77,77,77,77,77,77,77,77,77,87,87,87,87,87,87,87,87,87,87,87,87,87,87,87,87,87,87,87,87,87,87,87,87,87,87,87],"card_choices":[{"not_picked":["bronze:Repair","bronze:Invalidate"],"picked":"bronze:FineTuning","floor":2.0},{"not_picked":["bronze:OilSpill","bronze:FineTuning"],"picked":"bronze:DelayedSlice","floor":4.0},{"not_picked":["bronze:Iterate","bronze:Deprecate"],"picked":"bronze:InfiniteLoop","floor":5.0},{"not_picked":["bronze:OilSpill","bronze:BuggyMess"],"picked":"bronze:Optimize","floor":6.0},{"not_picked":["bronze:CutThrough","bronze:Allocate"],"picked":"bronze:Terminator","floor":10.0},{"not_picked":["bronze:Flail","bronze:Optimize"],"picked":"bronze:ItsAFeature","floor":12.0},{"not_picked":["bronze:BronzeOrb","bronze:Invalidate"],"picked":"bronze:Repulsor","floor":13.0},{"not_picked":["bronze:WildBeam","bronze:Boost"],"picked":"bronze:Branch","floor":14.0},{"not_picked":["bronze:ShipIt","bronze:Shield"],"picked":"bronze:Repair","floor":15.0},{"not_picked":["bronze:BurnOut","bronze:InfiniteLoop"],"picked":"bronze:AlphaBuild","floor":16.0},{"not_picked":["bronze:DigitalCarnage","bronze:Shield"],"picked":"bronze:BronzeOrb+1","floor":19.0},{"not_picked":["bronze:DelayedSlice+1","bronze:ClassDefault+1"],"picked":"bronze:WhirlingStrike+1","floor":20.0},{"not_picked":["bronze:InfiniteBeams+1","bronze:Break"],"picked":"bronze:Iterate","floor":21.0},{"not_picked":["bronze:CloningBeam","bronze:OilSpill+1"],"picked":"bronze:ChosenStrike","floor":22.0},{"not_picked":["bronze:ShipIt","bronze:Frontload"],"picked":"bronze:Shield","floor":23.0},{"not_picked":["bronze:Terminator","bronze:Philosophize"],"picked":"bronze:Constructor","floor":25.0},{"not_picked":["bronze:Shield","bronze:OilSpill"],"picked":"bronze:Shell","floor":27.0},{"not_picked":["bronze:Branch","bronze:Iterate+1","bronze:Safeguard"],"picked":"SKIP","floor":28.0},{"not_picked":["bronze:DarkDash","bronze:Shield"],"picked":"bronze:Separator+1","floor":31.0},{"not_picked":["bronze:Allocate+1","bronze:WildBeam","bronze:Repulsor"],"picked":"SKIP","floor":32.0},{"not_picked":["bronze:HardenedForm","bronze:Format"],"picked":"bronze:FindAndReplace","floor":33.0},{"not_picked":["bronze:Frontload+1","bronze:Invalidate+1"],"picked":"bronze:Separator+1","floor":36.0},{"not_picked":["bronze:Frontload","bronze:WildBeam","bronze:CutThrough+1"],"picked":"SKIP","floor":37},{"not_picked":["bronze:Fortify","bronze:Shield+1"],"picked":"bronze:Virus","floor":38},{"not_picked":["bronze:Constructor+1","bronze:BitShift","bronze:Branch"],"picked":"SKIP","floor":40},{"not_picked":["bronze:Terminator+1","bronze:WildBeam","bronze:Shield"],"picked":"SKIP","floor":42},{"not_picked":["bronze:DelayedGuard","bronze:Backtrace","bronze:Terminator"],"picked":"SKIP","floor":44},{"not_picked":["bronze:Safeguard","bronze:BronzeOrb"],"picked":"bronze:BronzeArmor+1","floor":45},{"not_picked":["bronze:BuggyMess+1","bronze:Branch+1"],"picked":"bronze:MaxOutput+1","floor":47},{"not_picked":["bronze:Separator","bronze:WildBeam","bronze:BurnOut"],"picked":"SKIP","floor":48},{"not_picked":["bronze:Separator+1","bronze:Constructor","bronze:Invalidate"],"picked":"SKIP","floor":49}],"player_experience":1816536,"relics_obtained":[{"floor":6.0,"key":"TungstenRod"},{"floor":7.0,"key":"Girya"},{"floor":13.0,"key":"hexamod:BolsterEngine"},{"floor":28.0,"key":"Sundial"},{"floor":31.0,"key":"Darkstone Periapt"},{"floor":39,"key":"The Courier"},{"floor":41,"key":"Omamori"},{"floor":44,"key":"Smiling Mask"},{"floor":48,"key":"bronze:SilverBullet"}],"event_choices":[{"cards_removed":["bronze:Defend"],"damage_healed":0.0,"max_hp_gain":0.0,"max_hp_loss":0.0,"gold_gain":0.0,"event_name":"Bonfire Elementals","player_choice":"Offered Basic","floor":3.0,"gold_loss":0.0,"damage_taken":0.0},{"cards_removed":["bronze:Strike"],"damage_healed":0.0,"max_hp_gain":0.0,"max_hp_loss":0.0,"gold_gain":0.0,"event_name":"The Cleric","player_choice":"Card Removal","floor":9.0,"gold_loss":0.0,"damage_taken":0.0},{"damage_healed":0.0,"max_hp_gain":0.0,"max_hp_loss":0.0,"gold_gain":0.0,"cards_transformed":["bronze:Strike","bronze:Defend"],"event_name":"Drug Dealer","player_choice":"Became Test Subject","floor":29.0,"gold_loss":0.0,"damage_taken":0.0,"cards_obtained":["bronze:Safeguard","bronze:WhirlingStrike"]},{"damage_healed":0,"gold_gain":0,"player_choice":"Relic","damage_taken":0,"max_hp_gain":0,"max_hp_loss":0,"event_name":"Wheel of Change","floor":39,"gold_loss":0}],"is_beta":false,"boss_relics":[{"not_picked":["Black Star","expansioncontent:StudyCardRelic"],"picked":"sneckomod:SneckoTalon"},{"not_picked":["SlaversCollar","Sozu"],"picked":"bronze:ElectromagneticCoil"}],"items_purged_floors":[20,45],"is_endless":false,"potions_floor_spawned":[4,6,14,15,19,22,28,31,38,42,44,47,49],"killed_by":"WA_ARCHETYPE_DIVINITY","ascension_level":3}}