{"host":"gy6agq70t5jd8xfl","time":1611373707,"event":{"mods":["Aspiration","BaseMod","BetterRewards","Block Reminder","Colored Map","Colored Powertips","Conspire","Downfall","Energized Spire","Friendly Minions","GifTheSpireLib","Halation","Hermit","Hubris","Infinite Spire","Mad Scientist","Marked Mod","Minty Spire (QoL Compilation)","Permanent Neow","Quick Restart","Relic Stats","Replay The Spire","Robot Space Explorer","Shop Mod","Spicy Shops","StSLib","Stuff the Spire","The Animator","The Cursed","The Disciple","The Servant 0.9.4","vexMod"],"gold_per_floor":[99,116,136,136,153,153,179,179,221,239,9,9,9,24,35,35,35,35],"floor_reached":16,"language":"ENG","playtime":780,"items_purged":["bronze:Strike"],"score":92,"play_id":"05bd8b43-b70b-44b3-a91e-df9d567d9f88","local_time":"20210122224827","is_ascension_mode":false,"campfire_choices":[{"data":"bronze:HardenedForm","floor":1,"key":"SMITH"},{"data":"bronze:Goto","floor":6,"key":"SMITH"},{"data":"bronze:SpaghettiCode","floor":13,"key":"SMITH"}],"circlet_count":0,"master_deck":["bronze:Strike","bronze:Strike","bronze:Defend","bronze:Defend","bronze:Defend","bronze:Defend","bronze:Replicate","bronze:Goto+1","bronze:HardenedForm+1","bronze:WhirlingStrike","bronze:WhirlingStrike","bronze:ClassDefault","bronze:SpaghettiCode+1","bronze:ChildClass"],"relics":["bronze:BronzeCore","ReplayTheSpireMod:Lightbulb","vexMod:BarristanHead","MerchantsRug","hubris:Towel"],"acts_visited":["Exordium"],"potions_floor_usage":[],"damage_taken":[{"damage":1,"enemies":"Cultist","floor":2,"turns":4},{"damage":8,"enemies":"Jaw Worm","floor":3,"turns":3},{"damage":0,"enemies":"Small Slimes","floor":5,"turns":1},{"damage":22,"enemies":"conspire:MimicChest","floor":9,"turns":7},{"damage":12,"enemies":"Blue Slaver","floor":10,"turns":3},{"damage":5,"enemies":"downfall:FleeingMerchant","floor":11,"turns":4},{"damage":0,"enemies":"2 Fungi Beasts","floor":14,"turns":2},{"damage":1,"enemies":"3 Louse","floor":15,"turns":2},{"damage":30,"enemies":"SI_SHIV_ARCHETYPE","floor":16,"turns":10}],"seed_played":"6882411129635682000","potions_obtained":[{"floor":3,"key":"Swift Potion"},{"floor":14,"key":"sneckomod:MuddlingPotion"}],"is_trial":false,"path_per_floor":["R","M","M","?","M","R","T","?","?","M","$","?","R","M","M","B"],"character_chosen":"THE_AUTOMATON","items_purchased":["MerchantsRug"],"campfire_rested":0,"item_purchase_floors":[11],"current_hp_per_floor":[70,69,61,61,61,61,61,61,39,27,22,22,22,22,21,0,0,0],"gold":35,"neow_bonus":"ONE_RANDOM_RARE_CARD","is_daily":false,"chose_seed":false,"campfire_upgraded":3,"win_rate":0.0,"timestamp":1611373707,"path_taken":["R","M","?","?","?","R","T","?","?","M","?","?","R","?","M","BOSS"],"items_purchased_type":["Relic"],"build_version":"2020-12-22","purchased_purges":1,"victory":false,"max_hp_per_floor":[70,70,70,70,70,70,70,70,70,70,70,70,70,70,70,70,70,70],"relic_stats":{"counters":[9,36],"obtain_stats":[{"MerchantsRug":11,"bronze:BronzeCore":0,"vexMod:BarristanHead":9,"hubris:Towel":12,"ReplayTheSpireMod:Lightbulb":7},{"MerchantsRug":6,"bronze:BronzeCore":0,"vexMod:BarristanHead":4,"hubris:Towel":6,"ReplayTheSpireMod:Lightbulb":3},{"MerchantsRug":22,"bronze:BronzeCore":0,"vexMod:BarristanHead":15,"hubris:Towel":22,"ReplayTheSpireMod:Lightbulb":8}]},"card_choices":[{"not_picked":["bronze:Frontload","bronze:NullPointer"],"picked":"bronze:WhirlingStrike","floor":2},{"not_picked":["bronze:DarkDash","bronze:ItsAFeature"],"picked":"bronze:WhirlingStrike","floor":3},{"not_picked":["bronze:ChosenStrike","bronze:Flail"],"picked":"bronze:ClassDefault","floor":5},{"not_picked":["bronze:BitShift","bronze:Philosophize"],"picked":"bronze:SpaghettiCode","floor":10},{"not_picked":["bronze:Overheat","bronze:Frontload"],"picked":"bronze:ChildClass","floor":11},{"not_picked":["bronze:Philosophize","bronze:WildBeam","bronze:BitShift"],"picked":"SKIP","floor":14},{"not_picked":["bronze:CutThrough","bronze:Safeguard","bronze:DelayedSlice"],"picked":"SKIP","floor":15}],"player_experience":604950,"relics_obtained":[{"floor":7,"key":"ReplayTheSpireMod:Lightbulb"},{"floor":9,"key":"vexMod:BarristanHead"}],"event_choices":[{"cards_removed":["bronze:Strike"],"damage_healed":0,"gold_gain":0,"player_choice":"Offered Basic","damage_taken":0,"max_hp_gain":0,"max_hp_loss":0,"event_name":"Bonfire Elementals","floor":4,"gold_loss":0},{"damage_healed":0,"gold_gain":0,"player_choice":"Leave","damage_taken":0,"max_hp_gain":0,"max_hp_loss":0,"event_name":"conspire:Investor","floor":8,"gold_loss":0}],"is_beta":false,"boss_relics":[],"items_purged_floors":[11],"is_endless":false,"potions_floor_spawned":[3,14],"killed_by":"SI_SHIV_ARCHETYPE","ascension_level":0}}