{"host":"ftc0tgnuzn0d2s6e","time":1611411970,"event":{"mods":["Act Like it!","Arknights The Spire","Ascension Reborn","BaseMod","CapriCore","Colored Powertips","Conspire","Downfall","Gensokyo","GifTheSpireLib","KinomotoSakuraMod(木之本樱)","Lobotomy","LobotomyExtend","Marisa（F雨　魔理沙）","Minty Spire (QoL Compilation)","MostiFishMod","Quick Restart","Reimu（博丽灵梦）","Replay The Spire","Shop Mod","StSLib","TestMod","The Administrix","The Animator","The Immortal","The Jungle","The Servant 0.9.4","vexMod"],"gold_per_floor":[118,118,118,137,151,151,151,186,186,2,12,12,22,551,551,649,649,666,666,691,691,691,722,722,753,804,838,381,391,391,84,84,186,186,203,113,125,125,139,374,374,409,463,497,506,537,327,327,327,327,327],"floor_reached":52,"language":"ZHS","playtime":2131,"items_purged":["ats:Strike V+1"],"score":1130,"play_id":"dfb05b2f-af56-4f05-ac38-90e995135ace","local_time":"20210123222610","daily_mods":["Heirloom","Flight"],"is_ascension_mode":true,"campfire_choices":[{"data":"ats:Closed Bolt Burst Fire","floor":6.0,"key":"SMITH"},{"data":"ats:Echo Reverb","floor":15.0,"key":"SMITH"},{"data":"ats:Calcification","floor":32.0,"key":"SMITH"},{"data":"ats:Shadow Assault","floor":41,"key":"SMITH"},{"data":"ats:Ignite","floor":49,"key":"SMITH"}],"circlet_count":0,"master_deck":["ats:Strike C","ats:Strike G","ats:Armor Crushing Shot+1","ats:Defend","ats:Defend","ats:Emotion Absorption+1","ats:Closed Bolt Burst Fire+1","ats:Ignite+1","ats:Echo Reverb+1","ats:Assault Order","ats:Roar Of Ursus+1","ats:Support Order+1","ats:Song Of Battle+1","ats:True Silver Slash+1","ats:Calcification+1","ats:Blood Oath+1","ats:Apocalypse","ats:Shadow Assault+1","Gensokyo:CustomPotion","ats:True Silver Slash+1","ats:Song Of Battle"],"relics":["ats:Sanity","testmod-TestBox","DaveBox","ShadowXiaoBlade","testmod-EnergyCheck","testmod-Maize","SynthV:TestCard","LetterFromLob","HonorFeather","MagicBullet_r","ats:Originium","ats:Bonebreaker","Iron Hammer","Toy Ornithopter","testmod-CasingShield","sneckomod:BlankCard","Potion Belt","StrikeDummy","Simple Rune","Strawberry","ats:Military Tradition","MerchantsRug","Technique","Empty Cage","PreservedInsect","Turnip","InkBottle","Vajra","vexMod:FocusSash","CeramicFish","Boot","Guide Book"],"acts_visited":["Exordium","Gensokyo:Gensokyo","Gensokyo:Gensokyoer"],"potions_floor_usage":[],"damage_taken":[{"damage":0.0,"enemies":"Gensokyo:Python","floor":1.0,"turns":2.0},{"damage":0.0,"enemies":"Gensokyo:Gryphon","floor":4.0,"turns":2.0},{"damage":0.0,"enemies":"Gensokyo:3_Fairies","floor":5.0,"turns":2.0},{"damage":55.0,"enemies":"Gensokyo:Aya","floor":7.0,"turns":2.0},{"damage":0.0,"enemies":"Gensokyo:Aya","floor":8.0,"turns":1.0},{"damage":0.0,"enemies":"Gensokyo:VengefulSpirit","floor":11.0,"turns":2.0},{"damage":1.0,"enemies":"Gensokyo:3_Kodama","floor":13.0,"turns":3.0},{"damage":24.0,"enemies":"Gensokyo:Cirno","floor":14.0,"turns":7.0},{"damage":0.0,"enemies":"Gensokyo:Reimu","floor":16.0,"turns":3.0},{"damage":10.0,"enemies":"Gensokyo:3_Dogs","floor":18.0,"turns":3.0},{"damage":43.0,"enemies":"conspire:MimicChest","floor":20.0,"turns":4.0},{"damage":0.0,"enemies":"Gensokyo:Reisen","floor":23.0,"turns":4.0},{"damage":0.0,"enemies":"Gensokyo:Tenshi","floor":25.0,"turns":2.0},{"damage":4.0,"enemies":"Gensokyo:Koishi","floor":27.0,"turns":3.0},{"damage":10.0,"enemies":"Gensokyo:AngelMirror","floor":29.0,"turns":2.0},{"damage":38.0,"enemies":"Gensokyo:Kaguya","floor":33.0,"turns":9.0},{"damage":9.0,"enemies":"Gensokyo:3_Bats","floor":35.0,"turns":2.0},{"damage":21,"enemies":"Gensokyo:AncientGuardian","floor":37,"turns":1},{"damage":0,"enemies":"Gensokyo:Sharpion","floor":39,"turns":2},{"damage":25,"enemies":"Gensokyo:Marisa","floor":40,"turns":3},{"damage":1,"enemies":"Gensokyo:Doremy","floor":42,"turns":2},{"damage":0,"enemies":"Gensokyo:Marisa","floor":44,"turns":2},{"damage":6,"enemies":"Gensokyo:Kasen","floor":46,"turns":1},{"damage":6,"enemies":"Gensokyo:Yuyuko","floor":50,"turns":4}],"seed_played":"-5263910016218060712","potions_obtained":[{"floor":1.0,"key":"conspire:TimeTravelPotion"},{"floor":5.0,"key":"AttackPotion"},{"floor":8.0,"key":"FearPotion"},{"floor":11.0,"key":"EssenceOfSteel"},{"floor":40,"key":"Cursed Concoction"},{"floor":46,"key":"GamblersBrew"}],"is_trial":true,"path_per_floor":["M","?","?","M","M","R","E","E","T","COS","M","?","M","E","R","B",null,"M","?","?","T","?","E","?","E","T","E","$","M","?","COS","R","B",null,"M","?","M","COS","M","E","R","E","T","E","?","E","$","?","R","B",null,null],"character_chosen":"DOCTOR_CLASS","items_purchased":["ats:Military Tradition","MerchantsRug","Guide Book","ats:Song Of Battle"],"campfire_rested":0,"item_purchase_floors":[28,28,47,47],"current_hp_per_floor":[72,79,79,79,79,79,79,79,79,79,79,72,71,57,79,79,79,74,74,36,36,36,41,41,41,41,49,49,49,63,63,79,79,79,70,70,61,61,72,54,79,78,78,79,79,76,76,76,79,79,79],"gold":327,"neow_bonus":"","is_daily":false,"chose_seed":false,"campfire_upgraded":5,"win_rate":0.0,"timestamp":1611411970,"path_taken":["M","?","?","M","?","R","E","E","T","COS","M","?","M","E","R","BOSS","M","?","?","?","?","E","?","E","T","E","$","?","?","COS","R","BOSS","M","?","?","COS","M","E","R","E","T","E","?","E","$","?","R","BOSS"],"items_purchased_type":["Relic","Relic","Relic","Card"],"build_version":"2020-12-22","purchased_purges":1,"victory":true,"max_hp_per_floor":[72,79,79,79,79,79,79,79,79,79,79,79,79,79,79,79,79,79,79,79,79,72,72,72,72,72,79,79,79,79,79,79,79,79,79,79,79,79,79,79,79,79,79,79,79,79,79,79,79,79,79],"card_choices":[{"not_picked":["ats:Shadow Raid","ats:Flexible Camouflage"],"picked":"ats:Closed Bolt Burst Fire","floor":1.0},{"not_picked":["ats:Assault Order","ats:Red Shift","ats:Automatic Cover","ats:Thermite Blade"],"picked":"ats:Ignite","floor":4.0},{"not_picked":["ats:Assault Order","ats:Ignite","ats:Explosion Area Strengthen","ats:Thorns","ats:Leaping Hammer"],"picked":"SKIP","floor":5.0},{"not_picked":["ats:Beaten Up","ats:Ignite","ats:Thorns","ats:Charging Defense"],"picked":"ats:Echo Reverb","floor":8.0},{"not_picked":["ats:Consecutive Shot Auto","ats:Powerful Strike","ats:Counter Healing Mode","ats:Chain Hook","ats:Steam Pump"],"picked":"SKIP","floor":11.0},{"not_picked":["ats:Revitalization","ats:Shell Defense","ats:Healing Strengthening","ats:Assault Order"],"picked":"ats:Apocalypse","floor":13.0},{"not_picked":["ats:Demon Strength","ats:Hook Shot","ats:Poison Spread","ats:LN2 Cannon"],"picked":"ats:Assault Order","floor":14.0},{"not_picked":["ats:Disruption Kick","ats:Fractured Body","ats:Wolf Pack","ats:Nebulous Foxfire"],"picked":"ats:Roar Of Ursus","floor":16.0},{"not_picked":["ats:Flame Of Heaven","ats:Automatic Cover","ats:Closed Bolt Burst Fire","ats:Cat Scratch"],"picked":"ats:Support Order+1","floor":18.0},{"not_picked":["ats:Magnetic Hammer","ats:Rapid Magazine","ats:Apocalypse+1","ats:LN2 Cannon+1"],"picked":"ats:Song Of Battle","floor":20.0},{"not_picked":["ats:Consecutive Shot Auto","ats:Support Order+1","ats:Mental Burst+1","ats:Healing Strengthening+1"],"picked":"ats:True Silver Slash","floor":23.0},{"not_picked":["ats:Leaping Hammer","ats:Revitalization","ats:Song Of Battle","ats:Mental Burst"],"picked":"ats:Calcification","floor":25.0},{"not_picked":["ats:Thorns+1","ats:Directed Diagnosis","ats:Closed Bolt Burst Fire","ats:Serious Mode"],"picked":"ats:Blood Oath+1","floor":27.0},{"not_picked":["ats:Support Order","ats:Curse Doll","ats:Powerful Strike+1","ats:Demon Strength"],"picked":"ats:Apocalypse","floor":29.0},{"not_picked":["ats:True Silver Slash","ats:Dogmatic Field","ats:Calcification","ats:Rat Pack"],"picked":"ats:Shadow Assault","floor":33.0},{"not_picked":["ats:Sashimi Platter+1","ats:Ignite+1","ats:Hammer On","ats:Shell Defense","ats:Closed Bolt Burst Fire"],"picked":"SKIP","floor":35.0},{"not_picked":["ats:Steam Pump+1","ats:Blood Oath+1","ats:Rapid Magazine","ats:Revitalization+1","ats:Poison Spread+1"],"picked":"SKIP","floor":37},{"not_picked":["ats:Mental Burst+1","ats:Apocalypse","ats:Leaping Hammer+1","ats:Shell Defense","ats:Consecutive Shot Auto"],"picked":"SKIP","floor":39},{"not_picked":["ats:Support Order","ats:Mental Burst+1","ats:Cat Scratch+1","ats:Poison Spread+1","ats:Echo Reverb"],"picked":"SKIP","floor":40},{"not_picked":["ats:Overload+1","ats:Childhood Dance+1","ats:Shell Defense+1","ats:Rapid Magazine","ats:Apocalypse"],"picked":"SKIP","floor":42},{"not_picked":["ats:Automatic Cover","ats:Ignite+1","ats:Poison Spread","ats:Steam Pump"],"picked":"ats:True Silver Slash","floor":44},{"not_picked":["ats:True Silver Slash","ats:Hammer On","ats:Rapid Magazine","ats:Childhood Dance+1","ats:Hook Shot+1"],"picked":"SKIP","floor":46},{"not_picked":["ats:True Silver Slash","ats:Hammer On","ats:Rapid Magazine","ats:Childhood Dance+1","ats:Hook Shot+1"],"picked":"SKIP","floor":46}],"player_experience":181793,"relics_obtained":[{"floor":1.0,"key":"SynthV:TestCard"},{"floor":1.0,"key":"LetterFromLob"},{"floor":8.0,"key":"ats:Originium"},{"floor":8.0,"key":"ats:Bonebreaker"},{"floor":9.0,"key":"Iron Hammer"},{"floor":14.0,"key":"ats:Originium"},{"floor":14.0,"key":"ats:Hidden Killer"},{"floor":20.0,"key":"Replay:Bottled Flurry"},{"floor":21.0,"key":"sneckomod:BlankCard"},{"floor":23.0,"key":"ats:Originium"},{"floor":23.0,"key":"Potion Belt"},{"floor":25.0,"key":"ats:Originium"},{"floor":25.0,"key":"StrikeDummy"},{"floor":26.0,"key":"Simple Rune"},{"floor":27.0,"key":"Strawberry"},{"floor":40,"key":"PreservedInsect"},{"floor":42,"key":"InkBottle"},{"floor":43,"key":"Vajra"},{"floor":44,"key":"CeramicFish"},{"floor":46,"key":"Boot"}],"event_choices":[{"damage_healed":0.0,"max_hp_gain":0.0,"max_hp_loss":0.0,"gold_gain":0.0,"event_name":"给自己的盒子","player_choice":"Ignored","floor":3.0,"gold_loss":0.0,"damage_taken":0.0}],"is_beta":false,"boss_relics":[{"not_picked":["vexMod:RockOfEvil","BloodWine","PatriotShield"]},{"not_picked":["conspire:SeveredTorchhead","vexMod:CursedCompass"],"picked":"Empty Cage"}],"items_purged_floors":[28],"is_endless":false,"potions_floor_spawned":[1,5,8,11,13,18,27,29,35,40,46],"ascension_level":0}}