{"host":"gtz8yj9lxpmw991i","time":1611412391,"event":{"mods":["AchievementEnabler","Act Like it!","Aspiration","BaseMod","Colored Map","Colored Powertips","Dota2Spire","Friendly Minions","Gensokyo","GifTheSpireLib","Hallownest","Hermit","Highlight Path","KinomotoSakuraMod(木之本樱)","Koishi","Lobotomy","LobotomyExtend","Marisa（F雨　魔理沙）","Minty Spire (QoL Compilation)","Quick Restart","Rare Cards Sparkle","Relic Stats","Remilia（蕾米莉亚）","Replay The Spire","RumiaBox-露米娅的神秘盒子","Spicy Shops","StSLib","The Administrix","The Animator","The Blackbeard","The Bug Knight","The Cursed","The Hierophant","The Marked","The Mystic","The Runesmith","The Servant 0.9.4","Yakumo Yukari mod","Youmu（魂魄妖梦）","Yuyuko","vexMod","【功能Mod】混沌之环修复补丁","【功能Mod】聪明的最终Boss","【遗物卡牌】REMEMod"],"gold_per_floor":[118,128,142,160,179,179,179],"floor_reached":6,"language":"ZHS","playtime":522,"items_purged":[],"score":40,"play_id":"aa039f19-d74f-4062-97a0-ccf10aa3ecee","local_time":"20210123223311","is_ascension_mode":false,"campfire_choices":[],"circlet_count":0,"master_deck":["hermit:Strike_Hermit","hermit:Strike_Hermit","hermit:Strike_Hermit","hermit:Strike_Hermit","hermit:Defend_Hermit","hermit:Defend_Hermit","hermit:Defend_Hermit","hermit:Defend_Hermit","hermit:Snapshot","hermit:Covet","GoldRush","hermit:Dive","hermit:Misfire","hermit:Roulette","hermit:Determination","hermit:Maintenance","hermit:Shortfuse"],"relics":["hermit:Momento","REME_ComplimentaryCards","SSSystem","AddBug","SecretRecord","Baka","SecretRecord"],"acts_visited":["Exordium"],"potions_floor_usage":[5],"damage_taken":[{"damage":0,"enemies":"Cultist","floor":1,"turns":2},{"damage":0,"enemies":"Jaw Worm","floor":2,"turns":2},{"damage":0,"enemies":"2 Louse","floor":3,"turns":2},{"damage":1,"enemies":"2 Fungi Beasts","floor":4,"turns":3},{"damage":12,"enemies":"Looter","floor":5,"turns":3},{"damage":32,"enemies":"HollowMod:MossKnight","floor":6,"turns":7}],"seed_played":"7472003536337214760","potions_obtained":[{"floor":2,"key":"Adrenaline Potion"},{"floor":3,"key":"BlessingOfTheForge"}],"is_trial":false,"path_per_floor":["M","M","M","M","M","E"],"character_chosen":"HERMIT","items_purchased":[],"campfire_rested":0,"item_purchase_floors":[],"current_hp_per_floor":[75,75,75,74,62,30,30],"gold":179,"neow_bonus":"RANDOM_COMMON_RELIC","is_daily":false,"chose_seed":false,"campfire_upgraded":0,"win_rate":0.0,"timestamp":1611412391,"path_taken":["M","M","?","M","M","E"],"items_purchased_type":[],"build_version":"2020-12-22","purchased_purges":0,"victory":false,"max_hp_per_floor":[75,75,75,75,75,75,75],"relic_stats":{"counters":[6,19],"obtain_stats":[{"SSSystem":0,"AddBug":1,"SecretRecord":1,"Baka":1,"hermit:Momento":0,"REME_ComplimentaryCards":0},{"SSSystem":0,"AddBug":1,"SecretRecord":1,"Baka":1,"hermit:Momento":0,"REME_ComplimentaryCards":0},{"SSSystem":0,"AddBug":2,"SecretRecord":2,"Baka":2,"hermit:Momento":0,"REME_ComplimentaryCards":0}]},"card_choices":[{"not_picked":["hermit:Glare","hermit:BodyArmor"],"picked":"hermit:Dive","floor":1},{"not_picked":["hermit:BodyArmor","hermit:Gestalt"],"picked":"hermit:Misfire","floor":2},{"not_picked":["hermit:Glare","hermit:BodyArmor"],"picked":"hermit:Roulette","floor":3},{"not_picked":["hermit:Horror","hermit:Vantage"],"picked":"hermit:Determination","floor":4},{"not_picked":["hermit:HoleUp","hermit:SprayPray"],"picked":"hermit:Maintenance","floor":5}],"player_experience":58619,"relics_obtained":[{"floor":1,"key":"AddBug"},{"floor":1,"key":"Baka"},{"floor":1,"key":"LetterFromLob"},{"floor":2,"key":"Torii"},{"floor":2,"key":"Torii"},{"floor":2,"key":"LetterFromLob"},{"floor":3,"key":"SecretRecord"},{"floor":3,"key":"LetterFromLob"},{"floor":4,"key":"LetterFromLob"}],"event_choices":[],"is_beta":false,"boss_relics":[],"items_purged_floors":[],"is_endless":false,"potions_floor_spawned":[2,3],"killed_by":"HollowMod:MossKnight","ascension_level":0}}