{"host":"aqym1xxr3lb31d9m","time":1611430826,"event":{"mods":["BaseMod","Block Reminder","Colored Map","Colored Powertips","DeckTracker","Highlight Path","Minty Spire (QoL Compilation)","Quick Restart","Random Character Button","StSLib","SuperFastMode","UnlockEverythingMod"],"gold_per_floor":[19,19,42,61,61,61,84,122,149,63,86,129,54,79,79,170,170,184,184,156,166,177,177,177,177],"floor_reached":24,"language":"JPN","playtime":1950,"items_purged":[],"score":416,"play_id":"6506f369-efb4-4a84-922a-a27b90958c54","local_time":"20210124044026","is_ascension_mode":true,"campfire_choices":[{"data":"Bash","floor":6,"key":"SMITH"},{"data":"Demon Form","floor":15,"key":"SMITH"},{"data":"Double Tap","floor":23,"key":"SMITH"}],"circlet_count":0,"master_deck":["AscendersBane","Strike_R","Strike_R","Strike_R","Strike_R","Strike_R","Defend_R","Defend_R","Defend_R","Defend_R","Bash+1","Twin Strike","Anger","Pommel Strike","Spot Weakness","Demon Form+1","Reaper","Evolve","Double Tap+1","Battle Trance","Shrug It Off","Offering","Heavy Blade","Shrug It Off","True Grit"],"relics":["Burning Blood","Bloody Idol","MealTicket","Oddly Smooth Stone","Omamori","Mark of Pain"],"acts_visited":["Exordium","TheCity"],"potions_floor_usage":[8,8,21,22],"damage_taken":[{"damage":7,"enemies":"Small Slimes","floor":1,"turns":5},{"damage":9,"enemies":"2 Louse","floor":3,"turns":2},{"damage":0,"enemies":"Cultist","floor":4,"turns":3},{"damage":8,"enemies":"Blue Slaver","floor":7,"turns":2},{"damage":14,"enemies":"3 Sentries","floor":8,"turns":6},{"damage":11,"enemies":"2 Fungi Beasts","floor":11,"turns":4},{"damage":56,"enemies":"Gremlin Nob","floor":12,"turns":5},{"damage":22,"enemies":"Exordium Wildlife","floor":14,"turns":4},{"damage":29,"enemies":"Slime Boss","floor":16,"turns":8},{"damage":17,"enemies":"Spheric Guardian","floor":18,"turns":3},{"damage":23,"enemies":"3 Byrds","floor":21,"turns":5},{"damage":38,"enemies":"Snake Plant","floor":22,"turns":5},{"damage":51,"enemies":"Slavers","floor":24,"turns":3}],"seed_played":"815234021869833401","potions_obtained":[{"floor":1,"key":"Energy Potion"},{"floor":3,"key":"BlessingOfTheForge"},{"floor":12,"key":"Weak Potion"},{"floor":18,"key":"ColorlessPotion"},{"floor":21,"key":"BlessingOfTheForge"}],"is_trial":false,"path_per_floor":["M","?","M","M","?","R","M","E","T","$","M","E","$","M","R","B",null,"M","?","$","M","M","R","E"],"character_chosen":"IRONCLAD","items_purchased":["Reaper","Battle Trance","Shrug It Off"],"campfire_rested":0,"item_purchase_floors":[10,13,20],"current_hp_per_floor":[81,50,47,53,53,53,51,43,43,58,72,26,41,41,41,18,71,60,60,75,63,43,43,0,0],"gold":177,"neow_bonus":"TWENTY_PERCENT_HP_BONUS","is_daily":false,"chose_seed":false,"campfire_upgraded":3,"win_rate":0.0,"timestamp":1611430826,"path_taken":["M","?","M","M","?","R","M","E","T","$","M","E","$","M","R","BOSS","M","?","$","M","M","R","E"],"items_purchased_type":["Card","Card","Card"],"build_version":"2020-12-22","purchased_purges":0,"victory":false,"max_hp_per_floor":[89,89,89,89,89,89,89,89,89,89,89,89,89,89,89,89,89,89,89,89,89,89,89,89,89],"card_choices":[{"not_picked":["Burning Pact","Flex"],"picked":"Twin Strike","floor":1},{"not_picked":["Headbutt","Armaments"],"picked":"Anger","floor":3},{"not_picked":["Headbutt","Sentinel"],"picked":"Pommel Strike","floor":4},{"not_picked":["Sentinel","Anger"],"picked":"Spot Weakness","floor":7},{"not_picked":["Shrug It Off","Iron Wave"],"picked":"Demon Form","floor":8},{"not_picked":["Iron Wave","Flex"],"picked":"Evolve","floor":11},{"not_picked":["Cleave","Clothesline"],"picked":"Double Tap","floor":12},{"not_picked":["Hemokinesis","Anger"],"picked":"Shrug It Off","floor":14},{"not_picked":["Exhume","Brutality"],"picked":"Offering","floor":16},{"not_picked":["Thunderclap","Iron Wave"],"picked":"Heavy Blade","floor":18},{"not_picked":["Clothesline","Iron Wave","Perfected Strike"],"picked":"SKIP","floor":21},{"not_picked":["Headbutt","Sentinel"],"picked":"True Grit","floor":22}],"player_experience":3992057,"relics_obtained":[{"floor":8,"key":"MealTicket"},{"floor":9,"key":"Oddly Smooth Stone"},{"floor":12,"key":"Omamori"}],"event_choices":[{"damage_healed":0,"gold_gain":0,"player_choice":"Take Damage","damage_taken":31,"relics_obtained":["Golden Idol"],"max_hp_gain":0,"max_hp_loss":0,"event_name":"Golden Idol","floor":2,"gold_loss":0},{"damage_healed":0,"gold_gain":0,"player_choice":"Ignored","damage_taken":0,"max_hp_gain":0,"max_hp_loss":0,"event_name":"Shining Light","floor":5,"gold_loss":0},{"damage_healed":0,"gold_gain":0,"player_choice":"Gave Idol","damage_taken":0,"relics_obtained":["Bloody Idol"],"max_hp_gain":0,"max_hp_loss":0,"event_name":"Forgotten Altar","floor":19,"relics_lost":["Golden Idol"],"gold_loss":0}],"is_beta":false,"boss_relics":[{"not_picked":["Sozu","Fusion Hammer"],"picked":"Mark of Pain"}],"items_purged_floors":[],"is_endless":false,"potions_floor_spawned":[1,3,12,18,21],"killed_by":"Slavers","ascension_level":20}}