{"host":"5s7sm4h73jkd9266","time":1611345632,"event":{"mods":["AchievementEnabler","Bartender","BaseMod","Better Vampires","BetterRewards","Colored Map","Colored Powertips","Conspire","Downfall","Energized Spire","Hermit","Hubris","Magitek Elite","Minty Spire (QoL Compilation)","Potion Indicator Mod","Rare Cards Sparkle","Shop Mod","StSLib","The Blue Laboratory","The Necromancer","The Witch","Virulent Crown","everything is the same but u backflip on backflip","slay the spire mod where everything is the same but ironclad has a cowboy hat","vexMod"],"gold_per_floor":[116,116,116,0,20,20,20,32,32,47,47,72,90,102,102,202,202,219,235,195,25,45,45,0,38,62,77,106,124,138,138,138,240,240,257,257,257,257,257,257,273,291,291,304,118,132,34,48,48,48,48,48,7,41,41,41],"floor_reached":55,"language":"ENG","playtime":3359,"items_purged":[],"score":943,"play_id":"6cbcbfc0-9748-44de-ab2b-666d5260b0a6","local_time":"20210122150032","is_ascension_mode":false,"campfire_choices":[{"floor":6.0,"key":"RECALL"},{"floor":11.0,"key":"REST"},{"floor":15.0,"key":"REST"},{"floor":23.0,"key":"REST"},{"floor":32.0,"key":"REST"},{"floor":40,"key":"REST"},{"floor":49,"key":"REST"},{"data":"Echo Form","floor":52,"key":"SMITH"}],"circlet_count":0,"master_deck":["Strike_B","Strike_B","Strike_B","Strike_B","Defend_B","Defend_B","Defend_B","Defend_B","Zap","Dualcast","Panacea","conspire:Banana+1","Hologram","Ball Lightning","Ball Lightning","Echo Form+1","Conserve Battery","Zap","Dramatic Entrance","Chill","White Noise","Conserve Battery","Leap","Stack","Electrodynamics+1","Steam+1","White Noise+1","Magnetism+1","FTL+1","Gash","Sweeping Beam","Loop+1","Aggregate","Stack+1","Echo Form+1","Coolheaded","Madness","Madness","Leap","Defragment+1","Rainbow","Static Discharge+1","Capacitor+1","Leap","Tempest+1","Storm+1","Leap"],"relics":["Cracked Core","Toolbox","PreservedInsect","Matryoshka","hubris:Towel","hubris:BallOfYels","Frozen Egg 2","vexMod:Dragonfruit","hubris:Stopwatch","InkBottle","Tiny Chest","conspire:TopHat","SacredBark","Mummified Hand","vexMod:InvisibilityCloak","Vajra","Guard_Bracelet"],"acts_visited":["TheCity","TheBeyond","TheEnding"],"potions_floor_usage":[35,42,50],"damage_taken":[{"damage":3.0,"enemies":"Jaw Worm","floor":1.0,"turns":3.0},{"damage":2.0,"enemies":"2 Louse","floor":5.0,"turns":2.0},{"damage":0.0,"enemies":"Cultist","floor":8.0,"turns":2.0},{"damage":1.0,"enemies":"Large Slime","floor":10.0,"turns":3.0},{"damage":14.0,"enemies":"Gremlin Nob","floor":12.0,"turns":3.0},{"damage":13.0,"enemies":"Red Slaver","floor":13.0,"turns":3.0},{"damage":6.0,"enemies":"Gremlin Gang","floor":14.0,"turns":2.0},{"damage":22.0,"enemies":"The Guardian","floor":16.0,"turns":9.0},{"damage":9.0,"enemies":"conspire:FuzzyDice","floor":18.0,"turns":7.0},{"damage":20.0,"enemies":"2 Thieves","floor":19.0,"turns":3.0},{"damage":8.0,"enemies":"Centurion and Healer","floor":22.0,"turns":9.0},{"damage":25.0,"enemies":"Snake Plant","floor":25.0,"turns":5.0},{"damage":2.0,"enemies":"Chosen and Byrds","floor":27.0,"turns":5.0},{"damage":23.0,"enemies":"Book of Stabbing","floor":28.0,"turns":6.0},{"damage":5.0,"enemies":"Centurion and Healer","floor":29.0,"turns":4.0},{"damage":13.0,"enemies":"Snake Plant","floor":30.0,"turns":3.0},{"damage":23,"enemies":"Champ","floor":33,"turns":11},{"damage":19,"enemies":"3 Darklings","floor":35,"turns":4},{"damage":0,"enemies":"Orb Walker","floor":41,"turns":4},{"damage":4,"enemies":"Sphere and 2 Shapes","floor":42,"turns":3},{"damage":1,"enemies":"4 Shapes","floor":44,"turns":3},{"damage":12,"enemies":"Transient","floor":46,"turns":5},{"damage":23,"enemies":"Jaw Worm Horde","floor":48,"turns":4},{"damage":114,"enemies":"conspire:OrnateMirror","floor":50,"turns":8},{"damage":51,"enemies":"Shield and Spear","floor":54,"turns":3},{"damage":78,"enemies":"The Heart","floor":55,"turns":5}],"seed_played":"9191767283361261150","potions_obtained":[{"floor":1.0,"key":"ColorlessPotion"},{"floor":13.0,"key":"blueLaboratory:PolymorphPotion"},{"floor":18.0,"key":"ColorlessPotion"},{"floor":27.0,"key":"blueLaboratory:Moonshine"},{"floor":28.0,"key":"FocusPotion"},{"floor":29.0,"key":"Block Potion"},{"floor":30.0,"key":"blueLaboratory:AbyssPotion"},{"floor":35,"key":"ColorlessPotion"}],"is_trial":false,"path_per_floor":["M","?","?","?","M","R","?","M","T","M","R","E","M","M","R","B",null,"M","M","?","$","M","R","$","M","T","M","E","M","M","?","R","B",null,"M","?","?","T","?","R","M","M","T","M","$","M","$","M","R","B",null,"R","$","E","B"],"character_chosen":"DEFECT","items_purchased":["Toolbox","PreservedInsect","Panacea","conspire:Banana","Matryoshka","Hologram","Magnetism+1","Gash","Vajra","Static Discharge+1","Block Potion","Leap","Storm+1"],"campfire_rested":6,"item_purchase_floors":[0,0,0,0,0,0,21,24,45,45,47,47,53],"current_hp_per_floor":[31,31,38,38,36,36,36,37,37,37,60,52,39,33,58,40,88,81,61,61,61,57,85,85,64,64,66,47,44,31,34,67,46,113,98,98,83,83,83,117,117,113,113,112,112,102,102,81,117,7,125,125,125,74,0,0],"gold":41,"neow_bonus":"","is_daily":false,"chose_seed":false,"campfire_upgraded":1,"win_rate":0.0,"timestamp":1611345632,"path_taken":["M","?","?","?","?","R","?","M","T","?","R","E","M","M","R","BOSS","M","M","?","$","M","R","$","?","T","M","E","M","M","?","R","BOSS","M","?","?","?","?","R","M","M","T","M","?","M","$","M","R","BOSS","R","$","E","BOSS"],"items_purchased_type":["Relic","Relic","Card","Card","Relic","Card","Card","Card","Relic","Card","Potion","Card","Card"],"build_version":"2020-12-22","purchased_purges":0,"victory":false,"max_hp_per_floor":[76,76,76,76,76,76,76,77,77,78,78,84,84,84,84,88,88,90,90,90,90,94,94,94,98,98,102,106,108,108,111,111,113,113,117,117,117,117,117,117,117,117,117,117,117,119,119,121,121,125,125,125,125,125,127,127],"card_choices":[{"not_picked":["Streamline","Hologram"],"picked":"Ball Lightning","floor":1.0},{"not_picked":["Rebound","conspire:Rain"],"picked":"Ball Lightning","floor":5.0},{"not_picked":["FTL","Hologram"],"picked":"Chill","floor":8.0},{"not_picked":["Steam Power","Scrape"],"picked":"White Noise","floor":10.0},{"not_picked":["Lockon","Undo"],"picked":"Conserve Battery","floor":12.0},{"not_picked":["Sweeping Beam","Lockon"],"picked":"Leap","floor":13.0},{"not_picked":["Leap","Steam"],"picked":"Stack","floor":14.0},{"not_picked":["hubris:Prefetch","Meteor Strike"],"picked":"Electrodynamics+1","floor":16.0},{"not_picked":["Stack","Auto Shields"],"picked":"Steam+1","floor":18.0},{"not_picked":["Coolheaded","Recycle"],"picked":"White Noise+1","floor":19.0},{"not_picked":["Force Field","Stack"],"picked":"FTL+1","floor":22.0},{"not_picked":["Stack","Conserve Battery"],"picked":"Sweeping Beam","floor":25.0},{"not_picked":["Beam Cell","Scrape+1"],"picked":"Go for the Eyes","floor":27.0},{"not_picked":["Leap+1","Turbo"],"picked":"Loop+1","floor":28.0},{"not_picked":["hubris:PowerSurge+1","Turbo+1"],"picked":"Aggregate","floor":29.0},{"not_picked":["Streamline+1","Heatsinks+1"],"picked":"Stack+1","floor":30.0},{"not_picked":["Thunder Strike","Biased Cognition+1"],"picked":"Echo Form+1","floor":33},{"not_picked":["Go for the Eyes","Rip and Tear"],"picked":"Coolheaded","floor":35},{"not_picked":["Hologram+1","Beam Cell"],"picked":"Leap","floor":41},{"not_picked":["hubris:Ukulele+1","Consume"],"picked":"Defragment+1","floor":42},{"not_picked":["Hologram+1","Undo+1"],"picked":"Rainbow","floor":44},{"not_picked":["Cold Snap","Steam Power"],"picked":"Capacitor+1","floor":46},{"not_picked":["Conserve Battery+1","conspire:Rain"],"picked":"Tempest+1","floor":48},{"not_picked":["Blizzard","Skim+1"],"picked":"Leap","floor":54}],"player_experience":5487629,"relics_obtained":[{"floor":9.0,"key":"Frozen Egg 2"},{"floor":12.0,"key":"vexMod:Dragonfruit"},{"floor":26.0,"key":"InkBottle"},{"floor":26.0,"key":"Tiny Chest"},{"floor":28.0,"key":"conspire:TopHat"},{"floor":38,"key":"Mummified Hand"},{"floor":43,"key":"vexMod:InvisibilityCloak"},{"floor":54,"key":"Guard_Bracelet"}],"event_choices":[{"damage_healed":0.0,"max_hp_gain":0.0,"max_hp_loss":0.0,"gold_gain":0.0,"event_name":"WeMeetAgain","player_choice":"Paid Gold","floor":4.0,"gold_loss":116.0,"damage_taken":0.0,"relics_obtained":["hubris:BallOfYels"]},{"damage_healed":0.0,"max_hp_gain":0.0,"max_hp_loss":0.0,"gold_gain":0.0,"event_name":"Match and Keep!","player_choice":"4 cards matched","floor":7.0,"gold_loss":0.0,"damage_taken":0.0,"cards_obtained":["Echo Form","Conserve Battery","Zap","Dramatic Entrance"]},{"damage_healed":0.0,"max_hp_gain":0.0,"max_hp_loss":0.0,"gold_gain":0.0,"event_name":"Designer","player_choice":"Upgrade","floor":20.0,"gold_loss":40.0,"damage_taken":0.0,"cards_upgraded":["conspire:Banana"]},{"cards_removed":["Go for the Eyes"],"damage_healed":0,"gold_gain":0,"player_choice":"Removed Attack","damage_taken":0,"max_hp_gain":0,"max_hp_loss":0,"event_name":"Falling","floor":36,"gold_loss":0},{"damage_healed":0,"gold_gain":0,"player_choice":"Embrace Madness","damage_taken":15,"max_hp_gain":0,"max_hp_loss":0,"event_name":"Winding Halls","floor":37,"gold_loss":0,"cards_obtained":["Madness","Madness"]},{"damage_healed":0,"gold_gain":0,"player_choice":"Ignored","damage_taken":0,"max_hp_gain":0,"max_hp_loss":0,"event_name":"Mysterious Sphere","floor":39,"gold_loss":0}],"is_beta":false,"boss_relics":[{"not_picked":["Runic Pyramid","energizedSpire:NeverEndingSparkler"],"picked":"hubris:Stopwatch"},{"not_picked":["conspire:RunicOctahedron","Cursed Key"],"picked":"SacredBark"}],"items_purged_floors":[],"is_endless":false,"potions_floor_spawned":[1,13,18,27,28,29,30,35],"killed_by":"The Heart","ascension_level":0}}