{"host":"3jjxuhjpio8e4zkv","time":1611375487,"event":{"mods":["BaseMod","Colored Map","Highlight Path","Minty Spire (QoL Compilation)","Permanent Neow","Relic Stats","StSLib"],"gold_per_floor":[20,34,54,71,81,115,115,131,131,131,131,131,131,150,150,228,228,241,166,186,201,221,221,221,221],"floor_reached":24,"language":"ENG","playtime":864,"items_purged":["Strike_G"],"score":404,"play_id":"38abb8a7-115b-413a-84e0-553d7db36556","local_time":"20210122231807","is_ascension_mode":true,"campfire_choices":[{"data":"Bane","floor":7,"key":"SMITH"},{"data":"All Out Attack","floor":11,"key":"SMITH"},{"data":"Noxious Fumes","floor":13,"key":"SMITH"},{"data":"Bouncing Flask","floor":15,"key":"SMITH"},{"data":"Crippling Poison","floor":23,"key":"SMITH"}],"circlet_count":0,"master_deck":["AscendersBane","Strike_G","Strike_G","Strike_G","Defend_G","Defend_G","Defend_G","Defend_G","Survivor","Neutralize","Poisoned Stab","Noxious Fumes+1","Bane+1","Backstab","All Out Attack+1","Grand Finale","Bouncing Flask+1","Malaise","Dagger Throw","Acrobatics+1","Crippling Poison+1"],"relics":["Ring of the Snake","Eternal Feather","Orichalcum","Coffee Dripper"],"acts_visited":["Exordium","TheCity"],"potions_floor_usage":[5,6,16,24,24],"damage_taken":[{"damage":3,"enemies":"2 Louse","floor":1,"turns":3},{"damage":0,"enemies":"Small Slimes","floor":2,"turns":3},{"damage":0,"enemies":"Cultist","floor":3,"turns":3},{"damage":7,"enemies":"Lots of Slimes","floor":4,"turns":4},{"damage":6,"enemies":"Large Slime","floor":5,"turns":4},{"damage":17,"enemies":"Lagavulin","floor":6,"turns":5},{"damage":0,"enemies":"2 Fungi Beasts","floor":8,"turns":2},{"damage":5,"enemies":"Exordium Thugs","floor":14,"turns":4},{"damage":31,"enemies":"Slime Boss","floor":16,"turns":7},{"damage":21,"enemies":"Shell Parasite","floor":18,"turns":5},{"damage":0,"enemies":"3 Byrds","floor":20,"turns":3},{"damage":8,"enemies":"Centurion and Healer","floor":21,"turns":7},{"damage":3,"enemies":"Snake Plant","floor":22,"turns":5},{"damage":36,"enemies":"Slavers","floor":24,"turns":3}],"seed_played":"-8134055996626394188","potions_obtained":[{"floor":2,"key":"Fire Potion"},{"floor":5,"key":"Strength Potion"},{"floor":6,"key":"LiquidBronze"},{"floor":14,"key":"EssenceOfSteel"},{"floor":20,"key":"LiquidBronze"}],"is_trial":false,"path_per_floor":["M","M","M","M","M","E","R","M","T","?","R","?","R","M","R","B",null,"M","$","M","M","M","R","E"],"character_chosen":"THE_SILENT","items_purchased":[],"campfire_rested":0,"item_purchase_floors":[],"current_hp_per_floor":[56,56,56,49,43,26,35,35,35,35,44,44,53,48,57,26,56,35,35,35,27,24,36,0,0],"gold":221,"neow_bonus":"TRANSFORM_TWO_CARDS","is_daily":false,"chose_seed":false,"campfire_upgraded":5,"win_rate":0.0,"timestamp":1611375487,"path_taken":["M","M","M","M","M","E","R","M","T","?","R","?","R","M","R","BOSS","M","$","M","M","M","R","E"],"items_purchased_type":[],"build_version":"2020-12-22","purchased_purges":1,"victory":false,"max_hp_per_floor":[66,66,66,66,66,66,66,66,66,66,66,66,66,66,66,66,66,66,66,66,66,66,66,66,66],"relic_stats":{"counters":[14,58],"Eternal Feather":48,"Orichalcum":[126],"obtain_stats":[{"Eternal Feather":6,"Coffee Dripper":17,"Orichalcum":9,"Ring of the Snake":0},{"Eternal Feather":6,"Coffee Dripper":9,"Orichalcum":7,"Ring of the Snake":0},{"Eternal Feather":22,"Coffee Dripper":35,"Orichalcum":24,"Ring of the Snake":0}],"Ring of the Snake":[28]},"card_choices":[{"not_picked":["Prepared","Backflip"],"picked":"Bane","floor":1},{"not_picked":["Finisher","Masterful Stab","Predator"],"picked":"SKIP","floor":2},{"not_picked":["Noxious Fumes","Slice"],"picked":"Backstab","floor":3},{"not_picked":["Noxious Fumes","Underhanded Strike","Sucker Punch"],"picked":"SKIP","floor":4},{"not_picked":["Dagger Throw","Bane"],"picked":"All Out Attack","floor":5},{"not_picked":["Choke","Skewer"],"picked":"Grand Finale","floor":6},{"not_picked":["Dagger Throw","Cloak And Dagger"],"picked":"Bouncing Flask","floor":8},{"not_picked":["Backstab","Distraction","Blade Dance"],"picked":"SKIP","floor":14},{"not_picked":["Wraith Form v2","Die Die Die"],"picked":"Malaise","floor":16},{"not_picked":["Sucker Punch","Tactician"],"picked":"Dagger Throw","floor":18},{"not_picked":["Riddle With Holes","Slice","Concentrate"],"picked":"SKIP","floor":20},{"not_picked":["Dagger Spray","PiercingWail"],"picked":"Acrobatics+1","floor":21},{"not_picked":["Unload","Setup"],"picked":"Crippling Poison","floor":22}],"player_experience":1228504,"relics_obtained":[{"floor":6,"key":"Eternal Feather"},{"floor":9,"key":"Orichalcum"}],"event_choices":[{"damage_healed":0,"gold_gain":0,"player_choice":"Ignored","damage_taken":0,"max_hp_gain":0,"max_hp_loss":0,"event_name":"Shining Light","floor":10,"gold_loss":0},{"damage_healed":0,"gold_gain":0,"player_choice":"Searched \u00271\u0027 times","damage_taken":0,"max_hp_gain":0,"max_hp_loss":0,"event_name":"Dead Adventurer","floor":12,"gold_loss":0}],"is_beta":false,"boss_relics":[{"not_picked":["Black Star","Fusion Hammer"],"picked":"Coffee Dripper"}],"items_purged_floors":[19],"is_endless":false,"potions_floor_spawned":[2,5,6,14,20],"killed_by":"Slavers","ascension_level":20}}