{"host":"c52z9ixzgdjttcmx","time":1611380058,"event":{"mods":["BaseMod","Colored Powertips","Minty Spire (QoL Compilation)","Rare Cards Sparkle","Relic Stats"],"gold_per_floor":[111,125,142,142,157,187,237,237,237,237,237,250,268,268,268,341,341,351,361,65,82,82,82,115,95,172,187,220,220,236,256,256,256,256],"floor_reached":33,"language":"ENG","playtime":1143,"items_purged":["Parasite"],"score":520,"play_id":"69884396-db11-499c-8fc5-d6f35b00d4a1","local_time":"20210122233418","is_ascension_mode":true,"campfire_choices":[{"floor":8,"key":"REST"},{"data":"Sunder","floor":11,"key":"SMITH"},{"floor":15,"key":"REST"},{"floor":23,"key":"REST"},{"floor":29,"key":"REST"},{"floor":32,"key":"RECALL"}],"circlet_count":0,"master_deck":["AscendersBane","Strike_B","Strike_B","Strike_B","Strike_B","Defend_B","Defend_B+1","Defend_B","Defend_B","Zap+1","Dualcast","Cold Snap","Ball Lightning","Loop","Conserve Battery","Sunder+1","Beam Cell","Electrodynamics","Core Surge","Lockon","BootSequence+1","Apotheosis","Go for the Eyes","Fission","Loop","Cold Snap","FTL+1","Turbo","Steam+1"],"relics":["Cracked Core","Ginger","Shuriken","War Paint","Eternal Feather","Bag of Marbles","Fusion Hammer","Regal Pillow","Pantograph","Matryoshka"],"acts_visited":["Exordium","TheCity"],"potions_floor_usage":[28,33],"damage_taken":[{"damage":0.0,"enemies":"Cultist","floor":1.0,"turns":4.0},{"damage":2.0,"enemies":"Jaw Worm","floor":2.0,"turns":3.0},{"damage":4.0,"enemies":"2 Louse","floor":3.0,"turns":3.0},{"damage":22.0,"enemies":"Exordium Thugs","floor":5.0,"turns":5.0},{"damage":24.0,"enemies":"Lagavulin","floor":6.0,"turns":6.0},{"damage":8,"enemies":"Blue Slaver","floor":12,"turns":3},{"damage":4,"enemies":"Red Slaver","floor":13,"turns":2},{"damage":48,"enemies":"The Guardian","floor":16,"turns":12},{"damage":15,"enemies":"Spheric Guardian","floor":18,"turns":4},{"damage":14,"enemies":"3 Byrds","floor":19,"turns":3},{"damage":11,"enemies":"3 Cultists","floor":21,"turns":3},{"damage":14,"enemies":"Slavers","floor":24,"turns":3},{"damage":0,"enemies":"Centurion and Healer","floor":27,"turns":5},{"damage":12,"enemies":"Gremlin Leader","floor":28,"turns":5},{"damage":4,"enemies":"Cultist and Chosen","floor":30,"turns":4},{"damage":3,"enemies":"Snake Plant","floor":31,"turns":3},{"damage":76,"enemies":"Champ","floor":33,"turns":10}],"seed_played":"-3554741415074772710","potions_obtained":[{"floor":5.0,"key":"EssenceOfSteel"},{"floor":16,"key":"BlessingOfTheForge"},{"floor":21,"key":"GamblersBrew"},{"floor":25,"key":"AttackPotion"},{"floor":28,"key":"Explosive Potion"}],"is_trial":false,"path_per_floor":["M","M","M","T","M","E","?","R","T","?","R","M","M","?","R","B",null,"M","M","$","M","?","R","E","?","T","M","E","R","M","M","R","B"],"character_chosen":"DEFECT","items_purchased":["Apotheosis","Go for the Eyes"],"campfire_rested":4,"item_purchase_floors":[20,20],"current_hp_per_floor":[64,62,58,58,36,12,12,33,33,33,42,34,30,20,50,2,54,39,25,25,14,14,46,32,32,32,32,20,68,64,61,68,0,0],"gold":256,"neow_bonus":"ONE_RARE_RELIC","is_daily":false,"chose_seed":false,"campfire_upgraded":1,"win_rate":0.0,"timestamp":1611380058,"path_taken":["M","M","M","?","?","E","?","R","T","?","R","M","M","?","R","BOSS","M","M","$","M","?","R","E","?","T","M","E","R","?","M","R","BOSS"],"items_purchased_type":["Card","Card"],"build_version":"2020-12-22","purchased_purges":1,"victory":false,"max_hp_per_floor":[71,71,71,71,71,71,71,71,71,71,71,71,71,71,71,71,71,71,71,68,68,68,68,68,68,68,68,68,68,68,68,68,68,68],"relic_stats":{"Regal Pillow":13,"counters":[17,78],"Shuriken":[18],"Pantograph":0,"Eternal Feather":52,"Ginger":[12],"War Paint":["Defend_B","Zap"],"obtain_stats":[{"Regal Pillow":24,"Matryoshka":28,"Shuriken":4,"Pantograph":26,"Eternal Feather":9,"Fusion Hammer":17,"Bag of Marbles":10,"Ginger":0,"War Paint":6,"Cracked Core":0},{"Regal Pillow":12,"Matryoshka":14,"Shuriken":3,"Pantograph":12,"Eternal Feather":5,"Fusion Hammer":8,"Bag of Marbles":5,"Ginger":0,"War Paint":5,"Cracked Core":0},{"Regal Pillow":51,"Matryoshka":61,"Shuriken":10,"Pantograph":51,"Eternal Feather":21,"Fusion Hammer":38,"Bag of Marbles":21,"Ginger":0,"War Paint":21,"Cracked Core":0}]},"card_choices":[{"not_picked":["Static Discharge","Blizzard"],"picked":"Cold Snap","floor":1.0},{"not_picked":["Blizzard","Turbo"],"picked":"Ball Lightning","floor":2.0},{"not_picked":["Steam Power","Streamline"],"picked":"Loop","floor":3.0},{"not_picked":["Auto Shields","Gash"],"picked":"Conserve Battery","floor":5.0},{"not_picked":["Reprogram","Hologram"],"picked":"Sunder","floor":6.0},{"not_picked":["Sweeping Beam","Cold Snap"],"picked":"Beam Cell","floor":12},{"not_picked":["Force Field","Conserve Battery"],"picked":"Electrodynamics","floor":13},{"not_picked":["Hyperbeam","Machine Learning"],"picked":"Core Surge","floor":16},{"not_picked":["Hologram","Compile Driver"],"picked":"Lockon","floor":18},{"not_picked":["Fusion","Skim"],"picked":"BootSequence+1","floor":19},{"not_picked":["Beam Cell","Streamline"],"picked":"Fission","floor":21},{"not_picked":["Streamline","Skim"],"picked":"Loop","floor":24},{"not_picked":["Self Repair","Steam Power"],"picked":"Cold Snap","floor":27},{"not_picked":["Amplify","Go for the Eyes"],"picked":"FTL+1","floor":28},{"not_picked":["Double Energy","Ball Lightning"],"picked":"Turbo","floor":30},{"not_picked":["Redo","Compile Driver"],"picked":"Steam+1","floor":31}],"player_experience":3314326,"relics_obtained":[{"floor":4.0,"key":"Shuriken"},{"floor":6.0,"key":"War Paint"},{"floor":9,"key":"Eternal Feather"},{"floor":24,"key":"Regal Pillow"},{"floor":26,"key":"Pantograph"},{"floor":28,"key":"Matryoshka"}],"event_choices":[{"damage_healed":0.0,"max_hp_gain":0.0,"max_hp_loss":0.0,"gold_gain":50.0,"event_name":"Golden Wing","player_choice":"Gained Gold","floor":7.0,"gold_loss":0.0,"damage_taken":0.0},{"damage_healed":0,"gold_gain":0,"player_choice":"Searched \u00271\u0027 times","damage_taken":0,"relics_obtained":["Bag of Marbles"],"max_hp_gain":0,"max_hp_loss":0,"event_name":"Dead Adventurer","floor":10,"gold_loss":0},{"damage_healed":0,"gold_gain":0,"player_choice":"Damaged","damage_taken":10,"max_hp_gain":0,"max_hp_loss":0,"event_name":"Wheel of Change","floor":14,"gold_loss":0},{"damage_healed":0,"gold_gain":0,"player_choice":"Ignored","damage_taken":0,"max_hp_gain":0,"max_hp_loss":0,"event_name":"Vampires","floor":22,"gold_loss":0},{"damage_healed":0,"gold_gain":0,"player_choice":"Bought 1 Potion","damage_taken":0,"max_hp_gain":0,"max_hp_loss":0,"event_name":"The Woman in Blue","floor":25,"gold_loss":0}],"is_beta":false,"boss_relics":[{"not_picked":["Runic Dome","FrozenCore"],"picked":"Fusion Hammer"}],"items_purged_floors":[20],"is_endless":false,"potions_floor_spawned":[5,16,21,24,28],"killed_by":"Champ","ascension_level":16}}