{"host":"qsusua7l529r8z9k","time":1611414725,"event":{"mods":["Aspiration","BaseMod","Good Game Mod","Minty Spire (QoL Compilation)","Spicy Shops","StSLib"],"gold_per_floor":[110,123,69,82,99,129,129,160,209,238,257,271,271,271,271,348,348,363,363,379,379,399,432,432,462,462,491,502,522,554,554,554,628,628,644,644,146,201,211,211,211,245,294,319,338,113,113,129,129,129,129],"floor_reached":52,"language":"ZHS","playtime":2007,"items_purged":["Strike_P","Strike_P","Strike_P"],"score":2545,"play_id":"f8f9e670-3537-4f9f-8f0f-1f1fdff891ae","local_time":"20210123231205","is_ascension_mode":true,"campfire_choices":[{"data":"Eruption","floor":7.0,"key":"SMITH"},{"data":"Scrawl","floor":13.0,"key":"SMITH"},{"data":"Grand Finale","floor":15.0,"key":"SMITH"},{"data":"Blasphemy","floor":24.0,"key":"SMITH"},{"data":"Wireheading","floor":32.0,"key":"SMITH"},{"data":"Adaptation","floor":40.0,"key":"SMITH"},{"data":"Defend_P","floor":47.0,"key":"PURGE"},{"data":"Strike_P","floor":49.0,"key":"PURGE"}],"circlet_count":0,"master_deck":["AscendersBane","Defend_P","Defend_P","Defend_P","Eruption+1","Vigilance","Grand Finale+1","BowlingBash","Wireheading+1","Scrawl+1","Blasphemy+1","CutThroughFate","Wallop","EmptyMind","Adaptation+1","InnerPeace+1","FearNoEvil+1","Fasting2"],"relics":["PureWater","REME:ComplimentaryCards","NeowsBlessing","Akabeko","Mummified Hand","HornCleat","Vajra","Eternal Feather","Sozu","Dream Catcher","Pear","Strawberry","aspiration:SeaSaltIceCream","Sozu","PreservedInsect","Lizard Tail","VioletLotus","Peace Pipe","Calipers","Letter Opener","Bronze Scales","Juzu Bracelet"],"acts_visited":["Exordium","TheCity","TheBeyond"],"potions_floor_usage":[],"damage_taken":[{"damage":0.0,"enemies":"Jaw Worm","floor":1.0,"turns":1.0},{"damage":0.0,"enemies":"Cultist","floor":2.0,"turns":1.0},{"damage":0.0,"enemies":"2 Louse","floor":4.0,"turns":1.0},{"damage":6.0,"enemies":"Blue Slaver","floor":5.0,"turns":4.0},{"damage":0.0,"enemies":"Lagavulin","floor":6.0,"turns":4.0},{"damage":7.0,"enemies":"3 Sentries","floor":8.0,"turns":3.0},{"damage":0.0,"enemies":"Lagavulin","floor":10.0,"turns":4.0},{"damage":0.0,"enemies":"2 Fungi Beasts","floor":11.0,"turns":4.0},{"damage":2.0,"enemies":"Lots of Slimes","floor":12.0,"turns":5.0},{"damage":0.0,"enemies":"Slime Boss","floor":16.0,"turns":4.0},{"damage":0.0,"enemies":"Chosen","floor":18.0,"turns":2.0},{"damage":10.0,"enemies":"Shell Parasite","floor":20.0,"turns":5.0},{"damage":0.0,"enemies":"Snake Plant","floor":22.0,"turns":1.0},{"damage":12.0,"enemies":"Slavers","floor":23.0,"turns":2.0},{"damage":0.0,"enemies":"Gremlin Leader","floor":25.0,"turns":1.0},{"damage":6.0,"enemies":"Book of Stabbing","floor":27.0,"turns":2.0},{"damage":0.0,"enemies":"Centurion and Healer","floor":28.0,"turns":1.0},{"damage":0.0,"enemies":"Cultist and Chosen","floor":29.0,"turns":3.0},{"damage":3.0,"enemies":"Slavers","floor":30.0,"turns":3.0},{"damage":0.0,"enemies":"Collector","floor":33.0,"turns":4.0},{"damage":6.0,"enemies":"3 Shapes","floor":35.0,"turns":2.0},{"damage":14.0,"enemies":"2 Orb Walkers","floor":38.0,"turns":2.0},{"damage":6.0,"enemies":"Orb Walker","floor":39.0,"turns":2.0},{"damage":7.0,"enemies":"Nemesis","floor":42.0,"turns":3.0},{"damage":13.0,"enemies":"Giant Head","floor":44.0,"turns":3.0},{"damage":5.0,"enemies":"Transient","floor":45.0,"turns":6.0},{"damage":0.0,"enemies":"Maw","floor":48.0,"turns":3.0},{"damage":40.0,"enemies":"Awakened One","floor":50.0,"turns":5.0},{"damage":100062,"enemies":"Time Eater","floor":51,"turns":8}],"seed_played":"8279848597065713400","potions_obtained":[{"floor":5.0,"key":"SpeedPotion"},{"floor":8.0,"key":"LiquidBronze"},{"floor":10.0,"key":"SkillPotion"},{"floor":11.0,"key":"FearPotion"}],"is_trial":false,"path_per_floor":["M","M","?","M","M","E","R","E","T","E","M","M","R","?","R","B",null,"M","?","M","?","M","E","R","E","T","E","M","M","E","?","R","B",null,"M","?","$","?","M","R","?","E","T","E","M","$","R","M","R","B","B",null],"character_chosen":"WATCHER","items_purchased":["Peace Pipe","Adaptation"],"campfire_rested":0,"item_purchase_floors":[37,37],"current_hp_per_floor":[61,61,61,61,55,55,55,48,48,48,48,46,55,60,69,69,72,72,72,62,62,62,60,69,76,76,70,70,70,67,40,49,49,84,78,78,78,64,58,70,70,63,63,50,45,45,54,54,63,23,5],"gold":129,"neow_bonus":"THREE_ENEMY_KILL","is_daily":false,"chose_seed":false,"campfire_upgraded":6,"win_rate":0.0,"timestamp":1611414725,"path_taken":["M","M","?","M","?","E","R","E","T","E","M","M","R","?","R","BOSS","M","?","M","?","M","E","R","E","T","E","?","M","E","?","R","BOSS","M","?","$","?","M","R","?","E","T","E","M","$","R","M","R","BOSS","BOSS"],"items_purchased_type":["Relic","Card"],"build_version":"2020-12-22","purchased_purges":3,"victory":true,"max_hp_per_floor":[68,68,68,68,68,68,68,68,68,68,68,68,68,73,73,73,73,73,73,73,73,73,83,83,90,90,90,90,90,90,95,95,95,95,95,95,95,95,95,95,95,95,95,95,95,95,95,95,95,95,95],"card_choices":[{"not_picked":["ThirdEye","Weave"],"picked":"BowlingBash","floor":1.0},{"not_picked":["WindmillStrike","FlurryOfBlows","Worship"],"picked":"SKIP","floor":2.0},{"not_picked":["Prostrate","Perseverance"],"picked":"Wireheading","floor":4.0},{"not_picked":["Collect","JustLucky","BowlingBash"],"picked":"SKIP","floor":5.0},{"not_picked":["Halt","CrushJoints"],"picked":"WheelKick","floor":6.0},{"not_picked":["CarveReality","Perseverance","CrushJoints"],"picked":"SKIP","floor":8.0},{"not_picked":["Study","Nirvana","FlyingSleeves"],"picked":"SKIP","floor":10.0},{"not_picked":["Study","Nirvana","FlyingSleeves"],"picked":"SKIP","floor":10.0},{"not_picked":["Indignation","Consecrate"],"picked":"Scrawl","floor":11.0},{"not_picked":["WindmillStrike","CutThroughFate","FlurryOfBlows"],"picked":"SKIP","floor":12.0},{"not_picked":["Scrawl","DeusExMachina"],"picked":"Blasphemy","floor":16.0},{"not_picked":["Prostrate","PathToVictory","FollowUp"],"picked":"SKIP","floor":18.0},{"not_picked":["Fasting2","EmptyBody","Study"],"picked":"SKIP","floor":20.0},{"not_picked":["CutThroughFate","ThirdEye","EmptyFist"],"picked":"SKIP","floor":22.0},{"not_picked":["ThirdEye","EmptyFist"],"picked":"CutThroughFate","floor":22.0},{"not_picked":["EmptyFist","FollowUp","SandsOfTime"],"picked":"SKIP","floor":23.0},{"not_picked":["Pray","LikeWater","EmptyBody"],"picked":"SKIP","floor":25.0},{"not_picked":["EmptyFist","MentalFortress","Nirvana"],"picked":"SKIP","floor":27.0},{"not_picked":["EmptyFist","MentalFortress","Nirvana"],"picked":"SKIP","floor":27.0},{"not_picked":["EmptyBody","Protect"],"picked":"Wallop","floor":28.0},{"not_picked":["Weave","EmptyFist","CrushJoints"],"picked":"SKIP","floor":29.0},{"not_picked":["Crescendo+1","Halt","ForeignInfluence"],"picked":"SKIP","floor":30.0},{"not_picked":["FlyingSleeves","WaveOfTheHand"],"picked":"EmptyMind","floor":35.0},{"not_picked":["FlurryOfBlows","Pray"],"picked":"InnerPeace+1","floor":39.0},{"not_picked":["WreathOfFlame","JustLucky","CutThroughFate+1"],"picked":"SKIP","floor":42.0},{"not_picked":["EmptyBody","Evaluate+1"],"picked":"FearNoEvil+1","floor":44.0},{"not_picked":["EmptyBody","WindmillStrike","ThirdEye"],"picked":"SKIP","floor":45.0},{"not_picked":["WindmillStrike+1","CarveReality+1"],"picked":"Fasting2","floor":48.0}],"player_experience":481751,"relics_obtained":[{"floor":6.0,"key":"Mummified Hand"},{"floor":8.0,"key":"HornCleat"},{"floor":9.0,"key":"Vajra"},{"floor":10.0,"key":"Eternal Feather"},{"floor":21.0,"key":"Dream Catcher"},{"floor":23.0,"key":"Pear"},{"floor":25.0,"key":"Strawberry"},{"floor":26.0,"key":"aspiration:SeaSaltIceCream"},{"floor":27.0,"key":"PreservedInsect"},{"floor":30.0,"key":"Lizard Tail"},{"floor":38.0,"key":"Calipers"},{"floor":42.0,"key":"Letter Opener"},{"floor":43.0,"key":"Bronze Scales"},{"floor":44.0,"key":"Juzu Bracelet"}],"event_choices":[{"damage_healed":0.0,"max_hp_gain":0.0,"max_hp_loss":0.0,"gold_gain":0.0,"event_name":"WeMeetAgain","player_choice":"Paid Gold","floor":3.0,"gold_loss":54.0,"damage_taken":0.0,"relics_obtained":["Akabeko"]},{"damage_healed":0.0,"max_hp_gain":5.0,"max_hp_loss":0.0,"gold_gain":0.0,"event_name":"Big Fish","player_choice":"Donut","floor":14.0,"gold_loss":0.0,"damage_taken":0.0},{"damage_healed":0.0,"max_hp_gain":0.0,"max_hp_loss":0.0,"gold_gain":0.0,"event_name":"Vampires","player_choice":"Ignored","floor":19.0,"gold_loss":0.0,"damage_taken":0.0},{"damage_healed":0.0,"max_hp_gain":0.0,"max_hp_loss":0.0,"gold_gain":0.0,"event_name":"Wheel of Change","player_choice":"Relic","floor":21.0,"gold_loss":0.0,"damage_taken":0.0},{"damage_healed":0.0,"max_hp_gain":5.0,"max_hp_loss":0.0,"gold_gain":0.0,"event_name":"Forgotten Altar","player_choice":"Shed Blood","floor":31.0,"gold_loss":0.0,"damage_taken":32.0},{"cards_removed":["WheelKick"],"damage_healed":0.0,"max_hp_gain":0.0,"max_hp_loss":0.0,"gold_gain":0.0,"event_name":"Falling","player_choice":"Removed Attack","floor":36.0,"gold_loss":0.0,"damage_taken":0.0},{"damage_healed":0.0,"max_hp_gain":0.0,"max_hp_loss":0.0,"gold_gain":0.0,"event_name":"Mysterious Sphere","player_choice":"Fight","floor":38.0,"gold_loss":0.0,"damage_taken":0.0},{"damage_healed":0.0,"max_hp_gain":0.0,"max_hp_loss":0.0,"gold_gain":0.0,"event_name":"Tomb of Lord Red Mask","player_choice":"Ignored","floor":41.0,"gold_loss":0.0,"damage_taken":0.0}],"is_beta":false,"boss_relics":[{"not_picked":["aspiration:SilentSkillbook","aspiration:SecretTechniqueScroll"],"picked":"Sozu"},{"not_picked":["aspiration:FutureDiary","Pandora\u0027s Box"],"picked":"VioletLotus"}],"items_purged_floors":[37,46,46],"is_endless":false,"potions_floor_spawned":[5,8,10,11,12,20,25,28,30,35,39,44,48],"ascension_level":20}}