{"host":"xhd4yuu3rnu1c5xc","time":1611418443,"event":{"mods":["ATMod(°¢èªMod)","Act Like it!","Aspiration","BaseMod","Better Altar","Better Note","Better Sensory Stone","Better Skull","Better Third Choice","Better Vampires","Better-Laid Plans","Conspire","Displayed Cursed Tome","Dota2Spire","Downfall","Emptier Cage","Energized Spire","Gensokyo","GungeonMod","Hubris","Lobotomy","Marisa£¨ìFÓê¡¡Ä§ÀíÉ³£©","Minty Spire (QoL Compilation)","Mirrors Mod","MostiFishMod","Pale of the Ancients","Potion Indicator Mod","Quick Restart","Relic Stats","Reorder Act Four","Replay The Spire","RumiaBox-Â¶Ã×æ«µÄÉñÃØºÐ×Ó","SacredBarkPlus","StSLib","TestMod","The Jungle","Transform Curses","Uncapped","[IsaacMod]ÒÔÈö¼âËþ","vexMod","¡¾¹¦ÄÜMod¡¿»ìãçÖ®»·ÐÞ¸´²¹¶¡","¡¾ÒÅÎï¿¨ÅÆ¡¿REMEMod","óô»ðÖ¸ÄÏ"],"gold_per_floor":[109,109,184,203,138,138,151,151,174,203,203,229,229,245,245,374,374,388,414,174,194,212,212,245,245,245,279,289,339,66,98,98,221,221,232,248,248,264,283,283,314,325,325,325,344,344,371,383,383,483,483,483,21,21,248,348],"floor_reached":57,"language":"ZHS","playtime":2419,"items_purged":["Strike_R","Strike_R","Strike_R","Strike_R","Strike_R","Defend_R"],"score":2610,"play_id":"f6729668-4144-4584-97c9-aa96bfe71063","local_time":"20210124001403","is_ascension_mode":true,"campfire_choices":[{"data":"Apotheosis","floor":6.0,"key":"SMITH"},{"data":"Battle Trance","floor":8.0,"key":"SMITH"},{"data":"Offering","floor":13.0,"key":"SMITH"},{"floor":15.0,"key":"RECALL"},{"data":"MostiFishMod:UltimateDefense","floor":23.0,"key":"SMITH"},{"data":"MostiFishMod:UltimateDefense+1","floor":25.0,"key":"SMITH"},{"data":"MostiFishMod:UltimateDefense+2","floor":32.0,"key":"SMITH"},{"data":"MostiFishMod:UltimateDefense+3","floor":40.0,"key":"SMITH"},{"floor":44.0,"key":"REST"},{"data":"MostiFishMod:UltimateDefense+4","floor":49.0,"key":"SMITH"},{"data":"MostiFishMod:UltimateDefense+5","floor":54.0,"key":"SMITH"}],"circlet_count":0,"master_deck":["AscendersBane","Defend_R","Defend_R","Defend_R","Bash","AT_Dispersion","Apotheosis+1","Battle Trance+1","Ragnarok","Offering+1","Exhume","Offering+1","MostiFishMod:UltimateDefense+6","Pummel+1","Limit Break","AT_ShrugMaster","Second Wind+1","Metamorphosis+1"],"relics":["Burning Blood","testmod-TestBox","HushsDoor","DaveBox","AT_ATBox","REME_ComplimentaryCards","ArrowTower","TheBean","testmod-AscensionHeart","aspiration:Nostalgia","Replay:M_SmolderingBlood","SynthV:TestCard","vexMod:MemoryStick","AT_BellowingDragoncrestRing","DemoMod:LamentConfigurum","DeadEye","DemoMod:WaxWing","Red Mask","PreservedInsect","AT_LudenTempest","BelialBook","conspire:Dentures","Dota2Spire:UrnOfShadows","AT_ForceNature","Dota2Spire:ShadowBlade","Guardian:BottledAnomaly","hubris:Reverence","Busted Crown","Replay:Ringing Soul","MostiFishMod:Haymaker","hubris:Icosahedron","AT_RabadonDeathcap","AT_TheCollector","TimeFreeze","DemoMod:GlassGuonStoneRelic","hubris:Potato"],"acts_visited":["Exordium","TheCity","TheBeyond","TheEnding"],"potions_floor_usage":[56],"damage_taken":[{"damage":2.0,"enemies":"Jaw Worm","floor":1.0,"turns":3.0},{"damage":2.0,"enemies":"2 Louse","floor":4.0,"turns":2.0},{"damage":0.0,"enemies":"Small Slimes","floor":7.0,"turns":3.0},{"damage":4.0,"enemies":"Lagavulin","floor":10.0,"turns":4.0},{"damage":11.0,"enemies":"Replay:BlueRogue","floor":12.0,"turns":5.0},{"damage":6.0,"enemies":"2 Fungi Beasts","floor":14.0,"turns":3.0},{"damage":18.0,"enemies":"Hexaghost","floor":16.0,"turns":8.0},{"damage":6.0,"enemies":"Chosen","floor":18.0,"turns":3.0},{"damage":12.0,"enemies":"Masked Bandits","floor":19.0,"turns":3.0},{"damage":18.0,"enemies":"3 Byrds","floor":21.0,"turns":3.0},{"damage":18.0,"enemies":"Shelled Parasite and Fungi","floor":22.0,"turns":3.0},{"damage":19.0,"enemies":"conspire:SneckoGhost","floor":24.0,"turns":4.0},{"damage":12.0,"enemies":"REME_1_Revenger","floor":27.0,"turns":2.0},{"damage":9.0,"enemies":"conspire:HollyBat","floor":28.0,"turns":6.0},{"damage":12.0,"enemies":"Hiden Room Battle","floor":29.0,"turns":2.0},{"damage":6.0,"enemies":"Gremlin Leader","floor":31.0,"turns":3.0},{"damage":11.0,"enemies":"hubris:MusketHawk","floor":33.0,"turns":4.0},{"damage":11.0,"enemies":"3 Shapes","floor":35.0,"turns":2.0},{"damage":6.0,"enemies":"Orb Walker","floor":36.0,"turns":3.0},{"damage":14.0,"enemies":"Spire Growth","floor":38.0,"turns":3.0},{"damage":9.0,"enemies":"Jaw Worm Horde","floor":39.0,"turns":2.0},{"damage":9.0,"enemies":"Reptomancer","floor":41.0,"turns":2.0},{"damage":37.0,"enemies":"Maw","floor":42.0,"turns":3.0},{"damage":9.0,"enemies":"Spire Growth","floor":45.0,"turns":3.0},{"damage":6.0,"enemies":"R_Hoarder","floor":47.0,"turns":2.0},{"damage":9.0,"enemies":"Transient","floor":48.0,"turns":4.0},{"damage":22.0,"enemies":"MirrorBossEncounter","floor":50.0,"turns":4.0},{"damage":12.0,"enemies":"Shield and Spear","floor":55.0,"turns":1.0},{"damage":0,"enemies":"The Heart","floor":56,"turns":6}],"seed_played":"7056726404907217357","potions_obtained":[{"floor":1.0,"key":"AttackPotion"},{"floor":12.0,"key":"Ancient Potion"},{"floor":48.0,"key":"LiquidBronze"},{"floor":55.0,"key":"DuplicationPotion"}],"is_trial":false,"path_per_floor":["M","?","?","M","$","R","M","R","T","E","?","E","R","M","R","B",null,"M","?","$","M","M","R","E","R","T","E","M","?","$","E","R","B",null,"M","M","?","M","M","R","E","M","T","R","M","?","E","M","R","B",null,null,"$","R","E","B",null],"character_chosen":"IRONCLAD","items_purchased":["PreservedInsect","Guardian:BottledAnomaly","Metamorphosis","TimeFreeze"],"campfire_rested":1,"item_purchase_floors":[20,30,53,53],"current_hp_per_floor":[73,73,68,73,73,73,75,75,75,76,81,77,77,78,78,72,80,81,76,76,65,54,54,43,43,43,39,37,25,25,27,27,28,69,65,66,66,59,57,57,56,26,26,51,52,52,54,58,58,48,48,84,87,87,83,105],"gold":348,"neow_bonus":"NOSTALGIA","is_daily":false,"chose_seed":false,"campfire_upgraded":9,"win_rate":0.0,"timestamp":1611418443,"path_taken":["M","?","?","M","$","R","M","R","T","E","?","E","R","M","R","BOSS","M","?","$","?","M","R","E","R","T","E","M","?","?","E","R","BOSS","M","?","?","M","M","R","E","M","T","R","M","?","E","M","R","BOSS","$","R","E","BOSS"],"items_purchased_type":["Relic","Relic","Card","Relic"],"build_version":"2020-12-22","purchased_purges":6,"victory":true,"max_hp_per_floor":[75,75,75,75,75,75,75,75,75,76,81,82,82,82,82,87,82,82,82,82,82,82,82,83,83,83,84,84,84,84,85,85,90,83,83,83,83,83,83,83,84,84,84,84,87,87,88,91,91,96,96,96,99,99,100,105],"relic_stats":{"Busted Crown":28,"counters":[29,93],"PreservedInsect":215,"obtain_stats":[{"vexMod:MemoryStick":9,"AT_ATBox":0,"DaveBox":0,"MostiFishMod:Haymaker":41,"DemoMod:GlassGuonStoneRelic":1,"Dota2Spire:ShadowBlade":29,"DeadEye":16,"Burning Blood":0,"testmod-AscensionHeart":0,"Replay:Ringing Soul":41,"TheBean":0,"hubris:Icosahedron":46,"Replay:M_SmolderingBlood":0,"DemoMod:LamentConfigurum":12,"Red Mask":19,"Guardian:BottledAnomaly":30,"KeepersGift":0,"conspire:Dentures":26,"AT_ForceNature":29,"AT_RabadonDeathcap":47,"testmod-TestBox":0,"Dota2Spire:UrnOfShadows":27,"aspiration:Nostalgia":0,"BelialBook":24,"PreservedInsect":20,"TimeFreeze":53,"AT_LudenTempest":24,"SynthV:TestCard":1,"AT_BellowingDragoncrestRing":10,"Busted Crown":34,"AT_TheCollector":50,"DemoMod:WaxWing":17,"HushsDoor":0,"ArrowTower":0,"hubris:Potato":55,"REME_ComplimentaryCards":0,"hubris:Reverence":31},{"vexMod:MemoryStick":3,"AT_ATBox":0,"DaveBox":0,"MostiFishMod:Haymaker":22,"DemoMod:GlassGuonStoneRelic":1,"Dota2Spire:ShadowBlade":15,"DeadEye":7,"Burning Blood":0,"testmod-AscensionHeart":0,"Replay:Ringing Soul":22,"TheBean":0,"hubris:Icosahedron":24,"Replay:M_SmolderingBlood":0,"DemoMod:LamentConfigurum":5,"Red Mask":9,"Guardian:BottledAnomaly":15,"KeepersGift":0,"conspire:Dentures":12,"AT_ForceNature":15,"AT_RabadonDeathcap":25,"testmod-TestBox":0,"Dota2Spire:UrnOfShadows":13,"aspiration:Nostalgia":0,"BelialBook":12,"PreservedInsect":9,"TimeFreeze":27,"AT_LudenTempest":12,"SynthV:TestCard":1,"AT_BellowingDragoncrestRing":4,"Busted Crown":17,"AT_TheCollector":27,"DemoMod:WaxWing":7,"HushsDoor":0,"ArrowTower":0,"hubris:Potato":28,"REME_ComplimentaryCards":0,"hubris:Reverence":16},{"vexMod:MemoryStick":7,"AT_ATBox":0,"DaveBox":0,"MostiFishMod:Haymaker":70,"DemoMod:GlassGuonStoneRelic":3,"Dota2Spire:ShadowBlade":51,"DeadEye":20,"Burning Blood":0,"testmod-AscensionHeart":0,"Replay:Ringing Soul":69,"TheBean":0,"hubris:Icosahedron":76,"Replay:M_SmolderingBlood":0,"DemoMod:LamentConfigurum":16,"Red Mask":32,"Guardian:BottledAnomaly":51,"KeepersGift":0,"conspire:Dentures":42,"AT_ForceNature":51,"AT_RabadonDeathcap":78,"testmod-TestBox":0,"Dota2Spire:UrnOfShadows":44,"aspiration:Nostalgia":0,"BelialBook":42,"PreservedInsect":32,"TimeFreeze":86,"AT_LudenTempest":39,"SynthV:TestCard":3,"AT_BellowingDragoncrestRing":11,"Busted Crown":58,"AT_TheCollector":86,"DemoMod:WaxWing":27,"HushsDoor":0,"ArrowTower":0,"hubris:Potato":87,"REME_ComplimentaryCards":0,"hubris:Reverence":54}],"Burning Blood":165},"card_choices":[{"not_picked":["Havoc","AT_BodySlamDance","Uppercut"],"picked":"SKIP","floor":1.0},{"not_picked":["Pommel Strike","Heavy Blade","Replay:Undeath\u0027s Touch","Rage"],"picked":"Battle Trance","floor":4.0},{"not_picked":["Twin Strike","Heavy Blade","WreathOfFlame","Body Slam"],"picked":"Ragnarok","floor":7.0},{"not_picked":["REME_Fury","Hemogenesis","Limit Break","MostiFishMod:DarkDeal"],"picked":"Offering","floor":10.0},{"not_picked":["MostiFishMod:Chiaki","MostiFishMod:Mania","Hemogenesis","MostiFishMod:ChineseTea"],"picked":"Exhume","floor":12.0},{"not_picked":["Havoc","Armaments","Rage","True Grit","Perfected Strike"],"picked":"SKIP","floor":14.0},{"not_picked":["REME_TheLastStrike","MostiFishMod:OrdinaryWorld","MostiFishMod:KnuckleDown","Replay:Many Hands"],"picked":"MostiFishMod:UltimateDefense","floor":16.0},{"not_picked":["Pummel","Rage","Cleave","AT_IchimonjiDouble","AT_DrawKnifeCut"],"picked":"SKIP","floor":18.0},{"not_picked":["Rage","Cleave","AT_IchimonjiDouble","AT_DrawKnifeCut"],"picked":"Pummel","floor":18.0},{"not_picked":["Clothesline","Dual Wield","Shrug It Off","Armaments","True Grit"],"picked":"SKIP","floor":21.0},{"not_picked":["Twin Strike","Flex+1","Heavy Blade+1","REME_Cut"],"picked":"Limit Break","floor":22.0},{"not_picked":["REME_Fury","MostiFishMod:KnuckleDown","MostiFishMod:FireWorks","Barricade","MostiFishMod:ChineseTea"],"picked":"SKIP","floor":24.0},{"not_picked":["MostiFishMod:HellRitual","MostiFishMod:RainCloud","MostiFishMod:ChineseTea","MostiFishMod:WingOfPhoenix","Double Tap"],"picked":"SKIP","floor":27.0},{"not_picked":["MostiFishMod:CullingBlade","Havoc","Headbutt","Metallicize","Twin Strike"],"picked":"SKIP","floor":28.0},{"not_picked":["MostiFishMod:NewArrival","Demon Form","MostiFishMod:UltimateDefense","Offering","REME_Fury"],"picked":"SKIP","floor":31.0},{"not_picked":["Fire Breathing+1","ReplayTheSpireMod:LeadingStrike","Heavy Blade+1"],"picked":"SKIP","floor":35.0},{"not_picked":["Replay:Undeath\u0027s Touch","Flex","Seeing Red"],"picked":"SKIP","floor":36.0},{"not_picked":["Anger","AT_BodySlamDance","conspire:ExplosiveBarrier"],"picked":"SKIP","floor":38.0},{"not_picked":["Perfected Strike+1","Massacre","Iron Wave"],"picked":"SKIP","floor":39.0},{"not_picked":["REME_TheLastStrike","Eclipse","Corruption"],"picked":"SKIP","floor":41.0},{"not_picked":["Shrug It Off","Warcry","Armaments"],"picked":"SKIP","floor":42.0},{"not_picked":["Dark Embrace+1","Dual Wield"],"picked":"AT_ShrugMaster","floor":45.0},{"not_picked":["Demonic Infusion","Eclipse","MostiFishMod:CullingBlade"],"picked":"SKIP","floor":47.0},{"not_picked":["Limit Break","AT_IchimonjiDouble+1"],"picked":"Second Wind+1","floor":48.0},{"not_picked":["Feed","Bludgeon","MostiFishMod:WingOfPhoenix"],"picked":"SKIP","floor":55.0}],"player_experience":1957620,"relics_obtained":[{"floor":1.0,"key":"SynthV:TestCard"},{"floor":9.0,"key":"vexMod:MemoryStick"},{"floor":10.0,"key":"AT_BellowingDragoncrestRing"},{"floor":12.0,"key":"DemoMod:LamentConfigurum"},{"floor":19.0,"key":"Red Mask"},{"floor":24.0,"key":"BelialBook"},{"floor":26.0,"key":"conspire:Dentures"},{"floor":27.0,"key":"Dota2Spire:UrnOfShadows"},{"floor":29.0,"key":"AT_ForceNature"},{"floor":29.0,"key":"Dota2Spire:ShadowBlade"},{"floor":31.0,"key":"hubris:Reverence"},{"floor":41.0,"key":"MostiFishMod:Haymaker"},{"floor":47.0,"key":"AT_RabadonDeathcap"},{"floor":55.0,"key":"hubris:Potato"}],"event_choices":[{"damage_healed":73.0,"max_hp_gain":0.0,"max_hp_loss":75.0,"gold_gain":0.0,"event_name":"betterThird:BetterShining","player_choice":"Embrace","floor":2.0,"gold_loss":0.0,"damage_taken":0.0},{"damage_healed":0.0,"max_hp_gain":0.0,"max_hp_loss":0.0,"gold_gain":75.0,"event_name":"betterThird:BetterGoop","player_choice":"Gold","floor":3.0,"gold_loss":0.0,"damage_taken":11.0},{"damage_healed":0.0,"max_hp_gain":5.0,"max_hp_loss":0.0,"gold_gain":0.0,"event_name":"Big Fish","player_choice":"Donut","floor":11.0,"gold_loss":0.0,"damage_taken":0.0},{"damage_healed":0.0,"max_hp_gain":0.0,"max_hp_loss":0.0,"gold_gain":0.0,"event_name":"Masked Bandits","player_choice":"Fought Bandits","floor":19.0,"gold_loss":0.0,"damage_taken":0.0},{"damage_healed":0.0,"max_hp_gain":0.0,"max_hp_loss":0.0,"gold_gain":0.0,"event_name":"HidenRoomEvent","player_choice":"Fight","floor":29.0,"gold_loss":0.0,"damage_taken":0.0}],"is_beta":false,"boss_relics":[{"not_picked":["aspiration:SilentSkillbook","vexMod:RockOfEvil"],"picked":"DemoMod:WaxWing"},{"not_picked":[]},{"not_picked":["RhineFirstAidKit","hubris:Backtick"],"picked":"Busted Crown"},{"not_picked":[]}],"items_purged_floors":[5,17,20,30,34,53],"is_endless":false,"potions_floor_spawned":[1,12,22,27,29,31,35,39,41,47,48,55],"ascension_level":20}}