{"host":"njo8qgvy2a57fcny","time":1611410326,"event":{"mods":["Ascension Unlocker","Aspiration","BaseMod","BetterRewards","CCEM","Colored Map","Colored Powertips","Conspire","Custom Start","Downfall","GifTheSpireLib","Halation","Hermit","Hubris","Infinite Spire","Jedi Mod","Mimic Mod","Minty Spire (QoL Compilation)","Quick Restart","Random Character Button","Random Character Mod","Rare Cards Sparkle","Relic Sorter","Replay The Spire","Shop Mod","StSLib","Stuff the Spire","The Animator","The Jungle","The Runesmith","The Servant 0.9.4","vexMod"],"gold_per_floor":[112,112,127,127,127,111,123,151,200,23,23,23],"floor_reached":11,"language":"ENG","playtime":403,"items_purged":[],"score":212,"play_id":"536f1120-bfd1-4a66-a288-6f6a58d9222d","local_time":"20210124005846","is_ascension_mode":true,"campfire_choices":[],"circlet_count":0,"master_deck":["AscendersBane","Strike_S","Strike_S","Strike_S","Defend_S","Defend_S","Defend_S","Defend_S","KidneyShot","Exchange","FanOfKnives","Alleviate","Injury","Sunlight","Starlight","Defy","MoonPhase+1","Advance","Defy"],"relics":["Uniform","hubris:Icosahedron","NeowsBlessing","Frozen Egg 2","jedi:crownofsimplicity","Replay:Bottled Steam"],"acts_visited":["Exordium"],"potions_floor_usage":[7,8,8,11],"damage_taken":[{"damage":0,"enemies":"Jaw Worm","floor":1,"turns":1},{"damage":0,"enemies":"Small Slimes","floor":3,"turns":1},{"damage":0,"enemies":"3 Sentries","floor":6,"turns":2},{"damage":0,"enemies":"Cultist","floor":7,"turns":2},{"damage":25,"enemies":"Lagavulin","floor":8,"turns":7},{"damage":27,"enemies":"Gremlin Nob","floor":11,"turns":3}],"seed_played":"-4827856050648351456","potions_obtained":[{"floor":3,"key":"AttackPotion"},{"floor":6,"key":"Fire Potion"},{"floor":8,"key":"bronze:BurnAndBuffPotion"}],"is_trial":false,"path_per_floor":["M","?","M","?","?","E","M","E","T","$","E"],"character_chosen":"THE_SERVANT","items_purchased":["MoonPhase+1","Advance","Defy"],"campfire_rested":0,"item_purchase_floors":[10,10,10],"current_hp_per_floor":[54,47,47,47,47,47,47,22,22,22,0,0],"gold":23,"neow_bonus":"THREE_ENEMY_KILL","is_daily":false,"chose_seed":false,"campfire_upgraded":0,"win_rate":0.0,"timestamp":1611410326,"path_taken":["M","?","M","?","?","E","?","E","T","$","E"],"items_purchased_type":["Card","Card","Card"],"build_version":"2020-12-22","purchased_purges":0,"victory":false,"max_hp_per_floor":[60,60,60,60,60,60,60,60,60,60,60,60],"card_choices":[{"not_picked":["Potential","StarChef"],"picked":"FanOfKnives","floor":1},{"not_picked":["Starlight","Snipe"],"picked":"Alleviate","floor":3},{"not_picked":["Starlight","Spin"],"picked":"Sunlight","floor":6},{"not_picked":["Snipe","Advance"],"picked":"Starlight","floor":7},{"not_picked":["Moonlight","Unruled"],"picked":"Defy","floor":8}],"player_experience":674001,"relics_obtained":[{"floor":6,"key":"jedi:crownofsimplicity"},{"floor":8,"key":"Replay:Bottled Steam"}],"event_choices":[{"cards_removed":["Strike_S"],"damage_healed":0,"gold_gain":0,"player_choice":"Card Removal","damage_taken":7,"max_hp_gain":0,"max_hp_loss":0,"event_name":"Golden Wing","floor":2,"gold_loss":0}],"is_beta":false,"boss_relics":[],"items_purged_floors":[],"is_endless":false,"potions_floor_spawned":[3,6,8],"killed_by":"Gremlin Nob","ascension_level":20}}