{"host":"uwn09o5xwhkruua3","time":1611373618,"event":{"mods":["BaseMod","Colored Map","Colored Powertips","Conspire","Downfall","Gold Saver","Highlight Path","Hubris","Minty Spire (QoL Compilation)","Replay The Spire","StSLib"],"gold_per_floor":[119,119,64,81,81,115,115,126,171,184,199,234,234,234,337,337,351,85,45,63,95,271,306,374,403,421,432,206,206,305,305,323,337,57,57,57,109,109,109,23,51,51,78,78,78,78,78,0,32,32],"floor_reached":56,"language":"ENG","playtime":3092,"items_purged":["hubris:SpecializedCircuitry","ReplayTheSpireMod:Dual Polarity","Strike_B","Defend_B"],"score":1462,"play_id":"d82b009b-b7ff-46ea-a7b0-c095236aa937","local_time":"20210122214658","is_ascension_mode":true,"campfire_choices":[{"data":"Loop","floor":7,"key":"SMITH"},{"data":"Defragment","floor":15,"key":"SMITH"},{"data":"Loop","floor":32,"key":"SMITH"},{"data":"Defragment","floor":40,"key":"SMITH"},{"floor":44,"key":"RECALL"},{"data":"Crystallizer","floor":47,"key":"SMITH"},{"floor":49,"key":"REST"},{"data":"Seek","floor":52,"key":"SMITH"}],"circlet_count":0,"master_deck":["Strike_B","Strike_B+1","Strike_B+1","Defend_B","Defend_B","Defend_B","Zap","Loop+1","Cold Snap","Buffer+1","Chill","Loop+1","Defragment+1","Seek+1","BasicCrystalCard","Echo Form+1","Echo Form+1","Storm","Storm","Self Repair+1","Mirror Shield","CurseOfTheBell","Consume+1","Defragment+1","Crystallizer+1","Double Energy+1","Guardian:Gem_Cyan","Capacitor"],"relics":["Cracked Core","NeowsBlessing","ClockworkSouvenir","Darkstone Periapt","Replay:Baseball","hubris:Teleporter","Black Star","Dream Catcher","Meat on the Bone","hubris:BallOfYels","DollysMirror","Whetstone","ReplayTheSpireMod:TigerMarble","HornCleat","Garlic","conspire:BottledYoYo","hubris:ToyBattleship","Calling Bell","Bag of Marbles","hubris:SphereOfDissonance","Gambling Chip","Prayer Wheel","Strawberry","Prayer Wheel","Bottled Lightning","Medical Kit","hubris:PeanutButter","Kunai","hubris:DisguiseKit","Onion Ring","Gremlin Food","StoneCalendar"],"acts_visited":["Exordium","TheCity","TheBeyond","TheEnding"],"potions_floor_usage":[11,12,12,21,21,23,25,25,25,29,33,33,37,37,41,46,50,50,55],"damage_taken":[{"damage":0,"enemies":"Jaw Worm","floor":1,"turns":1},{"damage":0,"enemies":"Cultist","floor":4,"turns":1},{"damage":0,"enemies":"3 Sentries","floor":6,"turns":1},{"damage":0,"enemies":"Small Slimes","floor":8,"turns":3},{"damage":0,"enemies":"Blue Slaver","floor":10,"turns":4},{"damage":1,"enemies":"Exordium Thugs","floor":11,"turns":5},{"damage":8,"enemies":"Gremlin Nob","floor":12,"turns":5},{"damage":7,"enemies":"The Guardian","floor":16,"turns":22},{"damage":0,"enemies":"Spheric Guardian","floor":18,"turns":6},{"damage":13,"enemies":"Shell Parasite","floor":21,"turns":4},{"damage":102,"enemies":"Gremlin Leader","floor":23,"turns":8},{"damage":77,"enemies":"Book of Stabbing","floor":25,"turns":7},{"damage":46,"enemies":"Gremlin Leader","floor":27,"turns":6},{"damage":13,"enemies":"Cultist and Chosen","floor":29,"turns":5},{"damage":0,"enemies":"Snecko","floor":30,"turns":5},{"damage":0,"enemies":"Collector","floor":33,"turns":6},{"damage":23,"enemies":"3 Shapes","floor":35,"turns":6},{"damage":9,"enemies":"Orb Walker","floor":37,"turns":5},{"damage":35,"enemies":"2 Orb Walkers","floor":41,"turns":6},{"damage":14,"enemies":"R_Hoarder","floor":46,"turns":5},{"damage":107,"enemies":"Giant Head","floor":48,"turns":11},{"damage":12,"enemies":"Replay:Hell Engine","floor":50,"turns":12},{"damage":97,"enemies":"Shield and Spear","floor":54,"turns":8},{"damage":150,"enemies":"The Heart","floor":55,"turns":14}],"seed_played":"-4704693136440339307","potions_obtained":[{"floor":1,"key":"Ancient Potion"},{"floor":2,"key":"Fruit Juice"},{"floor":2,"key":"Strength Potion"},{"floor":4,"key":"conspire:TimeTravelPotion"},{"floor":11,"key":"BlessingOfTheForge"},{"floor":16,"key":"Regen Potion"},{"floor":23,"key":"Slimebound:ThreeZeroPotion"},{"floor":27,"key":"LifebloodPotion"},{"floor":30,"key":"FocusPotion"},{"floor":33,"key":"LiquidMemories"},{"floor":46,"key":"CultistPotion"}],"is_trial":false,"path_per_floor":["M","?","$","M","?","E","R","M","T","M","M","E","?","R","B",null,"M","$","?","M","E","$","E","T","E","M","M","$","R","B",null,"M","M","$","?","R","?","T","R","$","E","R","E","R","B",null,"R","$","E","B",null],"character_chosen":"DEFECT","items_purchased":["ClockworkSouvenir","Echo Form","hexamod:SoulburnPotion","hubris:BallOfYels","DollysMirror","Whetstone","Toxic Potion","PowerPotion","Storm","Energy Potion","Weak Potion","Strawberry","Defragment","DuplicationPotion","Toxic Potion","Bottled Lightning","Medical Kit","SkillPotion","hexamod:SoulburnPotion","Capacitor"],"campfire_rested":1,"item_purchase_floors":[3,19,19,24,24,24,24,24,24,31,31,38,38,38,38,45,45,45,53,53],"current_hp_per_floor":[68,68,68,68,68,68,68,68,68,68,72,64,64,64,57,74,74,74,74,75,21,21,46,46,52,71,80,80,80,80,86,63,75,82,82,82,57,57,57,57,79,79,24,50,79,87,87,87,60,60],"gold":32,"neow_bonus":"THREE_ENEMY_KILL","is_daily":false,"chose_seed":false,"campfire_upgraded":6,"win_rate":0.0,"timestamp":1611373618,"path_taken":["M","?","$","?","?","E","R","M","T","M","M","E","?","R","BOSS","M","$","?","?","E","$","E","T","E","M","?","$","R","BOSS","M","?","$","?","R","?","T","R","?","E","R","E","R","BOSS","R","$","E","BOSS"],"items_purchased_type":["Relic","Card","Potion","Relic","Relic","Relic","Potion","Potion","Card","Potion","Potion","Relic","Card","Potion","Potion","Relic","Relic","Potion","Potion","Card"],"build_version":"2020-12-22","purchased_purges":4,"victory":true,"max_hp_per_floor":[75,75,75,75,75,75,75,75,75,75,80,80,80,80,80,80,80,80,80,80,80,80,80,80,80,80,80,80,80,80,86,86,87,94,89,89,89,89,89,89,89,89,89,89,90,90,90,90,90,90],"card_choices":[{"not_picked":["Ball Lightning","Redo"],"picked":"Loop","floor":1},{"not_picked":["Beam Cell","Streamline"],"picked":"Cold Snap","floor":4},{"not_picked":["ReplayGash","Redo","Skim"],"picked":"SKIP","floor":6},{"not_picked":["Leap","hubris:Ukulele"],"picked":"Chill","floor":8},{"not_picked":["Tempest","Recycle"],"picked":"Loop","floor":10},{"not_picked":["Genetic Algorithm","Leap"],"picked":"Defragment","floor":11},{"not_picked":["Reinforced Body","Go for the Eyes"],"picked":"hubris:SpecializedCircuitry","floor":12},{"not_picked":["Multi-Cast","Reboot"],"picked":"Seek","floor":16},{"not_picked":["Stack","Gash+1"],"picked":"BasicCrystalCard","floor":18},{"not_picked":["Auto Shields+1","Hologram"],"picked":"ReplayTheSpireMod:Dual Polarity","floor":21},{"not_picked":["Time Bomb","Beam Cell","ReplayGash"],"picked":"SKIP","floor":23},{"not_picked":["Compile Driver","Turbo","Blizzard+1"],"picked":"SKIP","floor":25},{"not_picked":["Heatsinks","Hologram+1"],"picked":"Self Repair+1","floor":27},{"not_picked":["Sweeping Beam+1","Chaos","conspire:Rain"],"picked":"SKIP","floor":29},{"not_picked":["Cold Snap","Rebound+1"],"picked":"Mirror Shield","floor":30},{"not_picked":["ReplayTheSpireMod:Omega Cannon","Echo Form"],"picked":"ReplayTheSpireMod:Fabricate Wheel","floor":33},{"not_picked":["Compile Driver","Panic Button+1","Leap"],"picked":"SKIP","floor":35},{"not_picked":["ReplayTheSpireMod:Repulse","Beam Cell"],"picked":"Consume+1","floor":37},{"not_picked":["Barrage","Lockon","Chaos+1"],"picked":"SKIP","floor":37},{"not_picked":["Panic Button","Coolheaded"],"picked":"Crystallizer","floor":41},{"not_picked":["ReplaySort","Streamline"],"picked":"Double Energy+1","floor":46},{"not_picked":["Darkness+1","Hologram+1","Compile Driver"],"picked":"SKIP","floor":48},{"not_picked":["ReplaySort","White Noise","Static Discharge"],"picked":"Guardian:Gem_Cyan","floor":49},{"not_picked":["Leap+1","Streamline+1","Stack+1","Guardian:ArmoredProtocol"],"picked":"SKIP","floor":54}],"player_experience":194419,"relics_obtained":[{"floor":6,"key":"Darkstone Periapt"},{"floor":9,"key":"Replay:Baseball"},{"floor":12,"key":"hubris:Teleporter"},{"floor":23,"key":"Dream Catcher"},{"floor":23,"key":"Meat on the Bone"},{"floor":25,"key":"ReplayTheSpireMod:TigerMarble"},{"floor":25,"key":"HornCleat"},{"floor":26,"key":"Garlic"},{"floor":27,"key":"conspire:BottledYoYo"},{"floor":27,"key":"hubris:ToyBattleship"},{"floor":34,"key":"Bag of Marbles"},{"floor":34,"key":"hubris:SphereOfDissonance"},{"floor":34,"key":"Gambling Chip"},{"floor":41,"key":"Prayer Wheel"},{"floor":46,"key":"hubris:PeanutButter"},{"floor":46,"key":"Kunai"},{"floor":48,"key":"hubris:DisguiseKit"},{"floor":48,"key":"Onion Ring"},{"floor":54,"key":"Gremlin Food"},{"floor":54,"key":"StoneCalendar"}],"event_choices":[{"damage_healed":0,"gold_gain":0,"player_choice":"Got Potions","damage_taken":0,"max_hp_gain":0,"max_hp_loss":0,"event_name":"Lab","floor":2,"gold_loss":0},{"damage_healed":0,"gold_gain":0,"player_choice":"Disagree","damage_taken":0,"max_hp_gain":0,"max_hp_loss":0,"event_name":"conspire:LoneGhost","floor":13,"gold_loss":0},{"damage_healed":0,"gold_gain":0,"player_choice":"Upgrade","damage_taken":0,"max_hp_gain":0,"max_hp_loss":0,"event_name":"Designer","floor":20,"gold_loss":40,"cards_upgraded":["Echo Form"]},{"damage_healed":0,"gold_gain":0,"player_choice":"Max HP","damage_taken":0,"max_hp_gain":0,"max_hp_loss":5,"event_name":"Winding Halls","floor":39,"gold_loss":0},{"damage_healed":0,"gold_gain":0,"player_choice":"Fight","damage_taken":0,"max_hp_gain":0,"max_hp_loss":0,"event_name":"Mysterious Sphere","floor":41,"gold_loss":0}],"is_beta":false,"boss_relics":[{"not_picked":["conspire:RoyalGoblet","Replay:Drink Me"],"picked":"Black Star"},{"not_picked":["Honey Jar","FrozenCore"],"picked":"Calling Bell"}],"items_purged_floors":[19,24,31,45],"is_endless":false,"potions_floor_spawned":[1,4,11,16,23,27,30,33,46],"ascension_level":6}}