{"host":"snn1c4qsf0fj7fzf","time":1611419734,"event":{"mods":["AchievementEnabler","Aspiration","Astrologer","BaseMod","Colored Powertips","Downfall","Hermit","Hubris","Infinite Spire","Lobotomy","LobotomyExtend","Marisa????????","Minty Spire (QoL Compilation)","Random Character Button","Rare Cards Sparkle","Reimu??????","Replay The Spire","Shop Mod","Spire Arcade","StSLib","The Administrix","The Animator","The Cursed","The Gatherer","The Hierophant","The Marked","The Poker Player","The Runesmith"],"gold_per_floor":[99,99,99,99,99,119,143,143,156,188,198,210,210,244,257,353,353,353,353,116,131,146,160,160,187,17,28,28,56,56,71,85,187,187,187,198,218,234,284,313,339,354,354,354,354],"floor_reached":43,"language":"ENG","playtime":9069,"items_purged":["Parasite"],"score":560,"play_id":"0440eb06-206b-4295-a410-75e438d401b6","local_time":"20210124003534","is_ascension_mode":false,"campfire_choices":[{"data":"Slimebound:Split","floor":1,"key":"SMITH"},{"data":"Slimebound:MegaLick","floor":8,"key":"SMITH"},{"data":"Slimebound:DuplicatedForm","floor":18,"key":"SMITH"},{"data":"Slimebound:CorrosiveSpit","floor":28,"key":"SMITH"},{"data":"Slimebound:Defend_Slimebound","floor":35,"key":"PURGE"}],"circlet_count":0,"master_deck":["Slimebound:Strike_Slimebound","Slimebound:Strike_Slimebound","Slimebound:Strike_Slimebound","Slimebound:Tackle","Slimebound:Defend_Slimebound","Slimebound:Defend_Slimebound","Slimebound:Defend_Slimebound","Slimebound:Split+1","Slimebound:CorrosiveSpit+1","Slimebound:MegaLick+1","Slimebound:TongueLash+1","Slimebound:LeechEnergy+1","Slimebound:GoopSpray+1","Slimebound:Gluttony+1","Slimebound:SamplingLick+1","Slimebound:SamplingLick+1","Dazed","Slimebound:HauntingLick+1","Slimebound:DuplicatedForm+1","Slimebound:SplitMire","Slimebound:Gluttony+1","Slimebound:LeechEnergy","Slimebound:LevelUp","Slimebound:TongueLash","Slimebound:LeechLife","Slimebound:Repurpose+1","Slimebound:GrowthPunch+1","Parasite"],"relics":["Slimebound:AbsorbEndCombat","downfall:HeartsMalice","LetterFromLob","Oddly Smooth Stone","Slimebound:MaxSlimesRelic","Replay:Bronze Core","ShedSkin_r","Runesmith:AutoHammer","Juzu Bracelet","Regal Pillow","Membership Card","Dead Branch","Busted Crown","hubris:AstralHammer","Kunai","Gremlin Food"],"acts_visited":["Exordium","TheCity","TheBeyond"],"potions_floor_usage":[33,40,42,43,43],"damage_taken":[{"damage":0,"enemies":"Small Slimes","floor":3,"turns":1},{"damage":0,"enemies":"Cultist","floor":4,"turns":1},{"damage":0,"enemies":"2 Louse","floor":5,"turns":1},{"damage":2,"enemies":"Blue Slaver","floor":6,"turns":4},{"damage":10,"enemies":"3 Louse","floor":9,"turns":2},{"damage":16,"enemies":"Lagavulin","floor":10,"turns":7},{"damage":3,"enemies":"Blue Slaver","floor":11,"turns":5},{"damage":7,"enemies":"Lots of Slimes","floor":12,"turns":4},{"damage":36,"enemies":"Gremlin Nob","floor":14,"turns":5},{"damage":0,"enemies":"2 Fungi Beasts","floor":15,"turns":2},{"damage":15,"enemies":"DF_ARCHETYPE_STREAMLINE","floor":16,"turns":11},{"damage":15,"enemies":"downfall:FleeingMerchant","floor":20,"turns":4},{"damage":15,"enemies":"Spheric Guardian","floor":21,"turns":4},{"damage":18,"enemies":"Chosen","floor":22,"turns":6},{"damage":26,"enemies":"Shelled Parasite and Fungi","floor":23,"turns":3},{"damage":39,"enemies":"Gremlin Leader","floor":25,"turns":7},{"damage":24,"enemies":"downfall:FleeingMerchant","floor":26,"turns":4},{"damage":15,"enemies":"Snake Plant","floor":27,"turns":4},{"damage":15,"enemies":"Replay:Snechameleon","floor":29,"turns":6},{"damage":20,"enemies":"Snecko","floor":31,"turns":6},{"damage":0,"enemies":"Sentry and Sphere","floor":32,"turns":4},{"damage":22,"enemies":"IC_MUSHROOM_ARCHETYPE","floor":33,"turns":5},{"damage":7,"enemies":"3 Shapes","floor":36,"turns":5},{"damage":47,"enemies":"Orb Walker","floor":37,"turns":4},{"damage":15,"enemies":"3 Darklings","floor":38,"turns":7},{"damage":15,"enemies":"3 Darklings","floor":39,"turns":3},{"damage":25,"enemies":"Nightmare","floor":40,"turns":10},{"damage":0,"enemies":"Writhing Mass","floor":42,"turns":4},{"damage":27,"enemies":"infinitespire:Three Voidlings","floor":43,"turns":3},{"damage":83,"enemies":"Nightmare_Alpha","floor":43,"turns":13}],"seed_played":"5638850813796935149","potions_obtained":[{"floor":2,"key":"Slimebound:SpawnSlimePotion"},{"floor":2,"key":"infinitespire:BlackPotion"},{"floor":2,"key":"SteroidPotion"},{"floor":6,"key":"Toxic Potion"},{"floor":22,"key":"Guardian:BlockOnCardUsePotion"},{"floor":33,"key":"AttackPotion"},{"floor":42,"key":"LifebloodPotion"}],"is_trial":false,"path_per_floor":["R","?","M","M","M","M","T","R","M","E","M","M","?","E","M","B",null,"R","M","$","M","M","M","T","E","$","M","R","E","?","M","M","B",null,"R","M","M","M","?","NM","T","M","?"],"character_chosen":"SLIMEBOUND","items_purchased":["Runesmith:AutoHammer","Membership Card"],"campfire_rested":0,"item_purchase_floors":[20,26],"current_hp_per_floor":[65,65,65,65,65,65,65,65,59,51,54,55,63,33,39,32,65,65,30,38,46,51,48,48,32,31,39,39,47,47,50,58,59,62,62,55,59,62,62,52,52,60,0,0,0],"gold":354,"neow_bonus":"THREE_ENEMY_KILL","is_daily":false,"chose_seed":false,"campfire_upgraded":4,"win_rate":0.0,"timestamp":1611419734,"path_taken":["R","?","M","M","M","?","T","R","M","E","M","M","?","E","M","BOSS","R","M","?","M","M","M","T","E","?","M","R","E","?","M","M","BOSS","R","M","M","M","?","NM","T","M","?"],"items_purchased_type":["Relic","Relic"],"build_version":"2020-12-22","purchased_purges":1,"victory":false,"max_hp_per_floor":[65,65,65,65,65,65,65,65,65,65,65,65,65,65,65,65,65,65,65,62,62,62,62,62,62,62,62,62,62,62,62,62,62,62,62,62,62,62,62,62,62,62,62,62,62],"card_choices":[{"not_picked":["Slimebound:HauntingLick","Slimebound:FlameTackle"],"picked":"Slimebound:MegaLick","floor":3},{"not_picked":["Slimebound:LevelUp","Slimebound:LeechingTouch"],"picked":"Slimebound:TongueLash","floor":4},{"not_picked":["Slimebound:ViciousTackle","Slimebound:GoopTackle"],"picked":"Slimebound:LeechEnergy","floor":5},{"not_picked":["Slimebound:SplitBruiser","Slimebound:GoopTackle"],"picked":"Slimebound:GoopSpray","floor":6},{"not_picked":["Slimebound:DisruptingSlam","Slimebound:PressTheAttack"],"picked":"Slimebound:Gluttony","floor":9},{"not_picked":["Slimebound:LeechingTouch","Slimebound:Equalize","Slimebound:GoopTackle"],"picked":"SKIP","floor":10},{"not_picked":["Slimebound:Grow","Slimebound:OneTwoCombo"],"picked":"Slimebound:SamplingLick","floor":11},{"not_picked":["Slimebound:Dissolve","Slimebound:RainOfGoop"],"picked":"Slimebound:SamplingLick","floor":12},{"not_picked":["Slimebound:LivingWall","Slimebound:MassRepurpose"],"picked":"Slimebound:SlimeSpikes","floor":14},{"not_picked":["Slimebound:SplitAcid","Slimebound:SlimeSpikes"],"picked":"Slimebound:HauntingLick","floor":15},{"not_picked":["Slimebound:FirmFortitude","Slimebound:MassRepurpose"],"picked":"Slimebound:DuplicatedForm","floor":16},{"not_picked":["Slimebound:LivingWall","Slimebound:ComboTackle","Slimebound:Schlurp"],"picked":"SKIP","floor":20},{"not_picked":["Slimebound:SplitAcid+1","Slimebound:ProtectTheBoss","Slimebound:LeechingTouch"],"picked":"SKIP","floor":21},{"not_picked":["Slimebound:SlimeSpikes+1","Slimebound:LeechingTouch","Slimebound:HauntingLick"],"picked":"SKIP","floor":22},{"not_picked":["Slimebound:Chomp","Slimebound:SamplingLick","Slimebound:GoopTackle+1"],"picked":"SKIP","floor":23},{"not_picked":["Slimebound:WasteNot","Slimebound:SlimeBrawl"],"picked":"Slimebound:SplitMire","floor":25},{"not_picked":["Slimebound:Grow+1","Slimebound:SlimeBrawl"],"picked":"Slimebound:Gluttony+1","floor":26},{"not_picked":["Slimebound:ItLooksTasty","Slimebound:SplitAcid","Slimebound:HauntingLick"],"picked":"SKIP","floor":27},{"not_picked":["Slimebound:TongueLash","Slimebound:LeechingTouch"],"picked":"Slimebound:LeechEnergy","floor":29},{"not_picked":["Slimebound:SplitMire","Slimebound:Schlurp+1"],"picked":"Slimebound:TongueLash","floor":31},{"not_picked":["Slimebound:ForwardTackle","Slimebound:LeadByExample","Slimebound:RainOfGoop"],"picked":"SKIP","floor":32},{"not_picked":["Slimebound:DuplicatedForm","Slimebound:MinionMaster"],"picked":"Slimebound:LeechLife","floor":33},{"not_picked":[],"picked":"Slimebound:Repurpose+1","floor":36},{"not_picked":["Slimebound:SlimeSpikes+1"],"picked":"SKIP","floor":37},{"not_picked":["Slimebound:SplitBruiser+1"],"picked":"SKIP","floor":38},{"not_picked":[],"picked":"Slimebound:GrowthPunch+1","floor":39},{"not_picked":["Slimebound:GoopTackle"],"picked":"SKIP","floor":40},{"not_picked":["Slimebound:ForwardTackle"],"picked":"SKIP","floor":42}],"player_experience":237294,"relics_obtained":[{"floor":3,"key":"LetterFromLob"},{"floor":10,"key":"Oddly Smooth Stone"},{"floor":14,"key":"Slimebound:MaxSlimesRelic"},{"floor":24,"key":"Juzu Bracelet"},{"floor":25,"key":"Regal Pillow"},{"floor":29,"key":"Dead Branch"},{"floor":39,"key":"hubris:AstralHammer"},{"floor":40,"key":"Kunai"},{"floor":41,"key":"Gremlin Food"}],"event_choices":[{"damage_healed":0,"gold_gain":0,"player_choice":"Got Potions","damage_taken":0,"max_hp_gain":0,"max_hp_loss":0,"event_name":"Lab","floor":2,"gold_loss":0},{"damage_healed":0,"gold_gain":0,"player_choice":"Read","damage_taken":0,"max_hp_gain":0,"max_hp_loss":0,"event_name":"The Library","floor":30,"gold_loss":0,"cards_obtained":["Slimebound:LevelUp"]}],"is_beta":false,"boss_relics":[{"not_picked":["Abe\u0027s Treasure","hubris:HollowSoul"],"picked":"Replay:Bronze Core"},{"not_picked":["SacredBark","Pandora\u0027s Box"],"picked":"Busted Crown"}],"items_purged_floors":[20],"is_endless":false,"potions_floor_spawned":[6,9,10,15,16,21,22,23,25,29,33,38,42],"killed_by":"Nightmare_Alpha","ascension_level":0}}