{"host":"fiyb7gvx7tok3jeh","time":1611422096,"event":{"mods":["BaseMod","Colored Map","Colored Powertips","DeckTracker","Googly Eyes","Highlight Path","Minty Spire (QoL Compilation)"],"gold_per_floor":[116,136,136,61,72,98,98,111,111,61,94,94,124,141,141,141,141],"floor_reached":16,"language":"ENG","playtime":565,"items_purged":["Strike_R"],"score":156,"play_id":"444e9206-03be-4607-a3b9-2e1a81edfde7","local_time":"20210123191456","is_ascension_mode":true,"campfire_choices":[{"data":"Immolate","floor":7,"key":"SMITH"},{"data":"Evolve","floor":12,"key":"SMITH"},{"data":"Shrug It Off","floor":15,"key":"SMITH"}],"circlet_count":0,"master_deck":["Strike_R","Strike_R","Strike_R","Defend_R","Defend_R","Defend_R","Defend_R","Bash","Immolate+1","Headbutt","Shrug It Off+1","Immolate+1","Evolve+1","Shrug It Off"],"relics":["Burning Blood","Akabeko","Omamori","StrikeDummy","Self Forming Clay"],"acts_visited":["Exordium"],"potions_floor_usage":[13,16,16],"damage_taken":[{"damage":3,"enemies":"Small Slimes","floor":1,"turns":3},{"damage":0,"enemies":"2 Louse","floor":2,"turns":1},{"damage":12,"enemies":"Jaw Worm","floor":5,"turns":3},{"damage":7,"enemies":"3 Sentries","floor":6,"turns":4},{"damage":0,"enemies":"3 Louse","floor":8,"turns":1},{"damage":26,"enemies":"Lagavulin","floor":11,"turns":5},{"damage":13,"enemies":"Gremlin Nob","floor":13,"turns":3},{"damage":3,"enemies":"Looter","floor":14,"turns":2},{"damage":50,"enemies":"Hexaghost","floor":16,"turns":9}],"seed_played":"4550214936886092054","potions_obtained":[{"floor":8,"key":"Ancient Potion"},{"floor":11,"key":"LiquidMemories"},{"floor":13,"key":"Fire Potion"},{"floor":14,"key":"Dexterity Potion"}],"is_trial":false,"path_per_floor":["M","M","?","$","M","E","R","M","T","?","E","R","E","M","R","B"],"character_chosen":"IRONCLAD","items_purchased":[],"campfire_rested":0,"item_purchase_floors":[],"current_hp_per_floor":[72,72,72,72,66,65,65,71,71,71,51,51,44,47,47,0,0],"gold":141,"neow_bonus":"THREE_RARE_CARDS","is_daily":false,"chose_seed":false,"campfire_upgraded":3,"win_rate":0.0,"timestamp":1611422096,"path_taken":["M","M","?","$","M","E","R","M","T","?","E","R","E","M","R","BOSS"],"items_purchased_type":[],"build_version":"2020-12-22","purchased_purges":1,"victory":false,"max_hp_per_floor":[72,72,72,72,72,72,72,72,72,72,72,72,72,72,72,72,72],"card_choices":[{"not_picked":["Exhume","Feed"],"picked":"Immolate","floor":0},{"not_picked":["Wild Strike","Twin Strike","Rampage"],"picked":"SKIP","floor":1},{"not_picked":["Clash","Clothesline"],"picked":"Headbutt","floor":2},{"not_picked":["Pommel Strike","Clash"],"picked":"Shrug It Off","floor":5},{"not_picked":["Warcry","Shockwave"],"picked":"Immolate","floor":6},{"not_picked":["Dark Embrace","Feel No Pain","Anger"],"picked":"SKIP","floor":8},{"not_picked":["Seeing Red","Reaper"],"picked":"Evolve","floor":11},{"not_picked":["Clothesline","Limit Break"],"picked":"Shrug It Off","floor":13},{"not_picked":["Sword Boomerang","Rampage","Anger"],"picked":"SKIP","floor":14}],"player_experience":273723,"relics_obtained":[{"floor":6,"key":"Akabeko"},{"floor":9,"key":"Omamori"},{"floor":11,"key":"StrikeDummy"},{"floor":13,"key":"Self Forming Clay"}],"event_choices":[{"damage_healed":0,"gold_gain":0,"player_choice":"Grow","damage_taken":0,"max_hp_gain":0,"max_hp_loss":0,"event_name":"Living Wall","floor":3,"gold_loss":0,"cards_upgraded":["Immolate"]},{"cards_removed":["Strike_R"],"damage_healed":0,"gold_gain":0,"player_choice":"Card Removal","damage_taken":0,"max_hp_gain":0,"max_hp_loss":0,"event_name":"The Cleric","floor":10,"gold_loss":50}],"is_beta":false,"boss_relics":[],"items_purged_floors":[4],"is_endless":false,"potions_floor_spawned":[8,11,13,14],"killed_by":"Hexaghost","ascension_level":6}}