{"host":"vhkdq3pn44gqx0jn","time":1611445942,"event":{"mods":["AchievementEnabler","BaseMod","Downfall","Hermit","Minty Spire (QoL Compilation)","StSLib","The Cursed","The Servant 0.9.4"],"gold_per_floor":[118,129,178,178,189,224,189,189,189,217,290,306,333,350,350,350,350],"floor_reached":16,"language":"ENG","playtime":569,"items_purged":[],"score":126,"play_id":"e4f43b2f-a4ba-46a1-8a6d-f3f3df353160","local_time":"20210123235222","is_ascension_mode":true,"campfire_choices":[{"floor":8,"key":"REST"},{"data":"hermit:ShadowCloak","floor":15,"key":"SMITH"}],"circlet_count":0,"master_deck":["hermit:Strike_Hermit","hermit:Strike_Hermit","hermit:Strike_Hermit","hermit:Strike_Hermit","hermit:Defend_Hermit","hermit:Defend_Hermit","hermit:Defend_Hermit","hermit:Defend_Hermit","hermit:Snapshot","hermit:Covet+1","hermit:Virtue+1","hermit:Coalescence","hermit:CursedWeapon","hermit:BodyArmor","hermit:ShadowCloak+1","hermit:Spite","hermit:Horror","hermit:Coalescence"],"relics":["hermit:Momento","Strawberry","Torii","Bottled Lightning","Art of War","Mercury Hourglass","Lantern"],"acts_visited":["Exordium"],"potions_floor_usage":[10],"damage_taken":[{"damage":10,"enemies":"Cultist","floor":1,"turns":4},{"damage":1,"enemies":"2 Louse","floor":2,"turns":3},{"damage":1,"enemies":"Jaw Worm","floor":5,"turns":4},{"damage":50,"enemies":"Gremlin Nob","floor":6,"turns":6},{"damage":3,"enemies":"Lagavulin","floor":10,"turns":10},{"damage":3,"enemies":"Gremlin Gang","floor":12,"turns":3},{"damage":25,"enemies":"Gremlin Nob","floor":13,"turns":4},{"damage":2,"enemies":"Blue Slaver","floor":14,"turns":3},{"damage":31,"enemies":"Slime Boss","floor":16,"turns":3}],"seed_played":"-46418373465860176","potions_obtained":[{"floor":2,"key":"champ:CounterPotion"},{"floor":6,"key":"ColorlessPotion"},{"floor":14,"key":"Strength Potion"}],"is_trial":false,"path_per_floor":["M","M","T","?","M","E","?","R","T","E","T","M","E","M","R","B"],"character_chosen":"HERMIT","items_purchased":[],"campfire_rested":1,"item_purchase_floors":[],"current_hp_per_floor":[65,64,71,71,70,20,40,64,64,61,61,58,33,31,31,0,0],"gold":350,"neow_bonus":"UPGRADE_CARD","is_daily":false,"chose_seed":false,"campfire_upgraded":1,"win_rate":0.0,"timestamp":1611445942,"path_taken":["M","M","?","?","?","E","?","R","T","E","?","M","E","M","R","BOSS"],"items_purchased_type":[],"build_version":"2020-12-22","purchased_purges":0,"victory":false,"max_hp_per_floor":[75,75,82,82,82,82,82,82,82,82,82,82,82,82,82,82,82],"card_choices":[{"not_picked":["hermit:Misfire","hermit:HoleUp"],"picked":"hermit:Virtue","floor":1},{"not_picked":["hermit:HighCaliber","hermit:BodyArmor"],"picked":"hermit:Coalescence","floor":2},{"not_picked":["hermit:SprayPray","hermit:DeadMansHand"],"picked":"hermit:CursedWeapon","floor":5},{"not_picked":["hermit:Roulette","hermit:Horror"],"picked":"hermit:BodyArmor","floor":6},{"not_picked":["hermit:WideOpen","hermit:BodyArmor"],"picked":"hermit:ShadowCloak","floor":10},{"not_picked":["hermit:Coalescence","hermit:Quickdraw"],"picked":"hermit:Spite","floor":12},{"not_picked":["hermit:FullyLoaded","hermit:HoleUp"],"picked":"hermit:Horror","floor":13},{"not_picked":["hermit:LowProfile","hermit:HighNoon"],"picked":"hermit:Coalescence","floor":14}],"player_experience":143264,"relics_obtained":[{"floor":3,"key":"Strawberry"},{"floor":6,"key":"Torii"},{"floor":9,"key":"Bottled Lightning"},{"floor":10,"key":"Art of War"},{"floor":11,"key":"Mercury Hourglass"},{"floor":13,"key":"Lantern"}],"event_choices":[{"damage_healed":0,"gold_gain":0,"player_choice":"Upgraded","damage_taken":0,"max_hp_gain":0,"max_hp_loss":0,"event_name":"Upgrade Shrine","floor":4,"gold_loss":0,"cards_upgraded":["hermit:Virtue"]},{"damage_healed":20,"gold_gain":0,"player_choice":"Healed","damage_taken":0,"max_hp_gain":0,"max_hp_loss":0,"event_name":"The Cleric","floor":7,"gold_loss":35}],"is_beta":false,"boss_relics":[],"items_purged_floors":[],"is_endless":false,"potions_floor_spawned":[2,6,14],"killed_by":"Slime Boss","ascension_level":1}}