{"host":"y7b1p9nkx4idorr2","time":1611416247,"event":{"mods":["AchievementEnabler","Act Like it!","Aspiration","BaseMod","Better Altar","Better Match","Better Note","Better Sensory Stone","Better Skull","Better Third Choice","BetterRewards","Colored Map","Conspire","Downfall","GifTheSpireLib","Googly Eyes","Highlight Path","Hubris","Mimic Mod","Minty Spire (QoL Compilation)","Replay The Spire","Shop Mod","Spicy Shops","StSLib","Stuff the Spire","Unceasing Turn Reminder"],"gold_per_floor":[0,18,18,77,77,88,119,19,19,35,35,45,45,30,47,152,152,52,63,63,12,26,26,26,26,26,26,26],"floor_reached":26,"language":"ENG","playtime":1445,"items_purged":[],"score":304,"play_id":"ff05634f-e37d-4898-840c-e7237757b73c","local_time":"20210123093727","is_ascension_mode":true,"campfire_choices":[{"floor":1,"key":"RECALL"},{"data":"Slimebound:SelfFormingGoo","floor":8,"key":"SMITH"},{"data":"Slimebound:SelfFormingGoo","floor":11,"key":"SMITH"},{"data":"Slimebound:SplitSpecialist","floor":13,"key":"SMITH"},{"data":"Slimebound:Darklings","floor":18,"key":"SMITH"},{"data":"Slimebound:SlimeTap","floor":25,"key":"SMITH"}],"circlet_count":0,"master_deck":["Slimebound:Strike_Slimebound","Slimebound:Strike_Slimebound","Slimebound:Tackle","Slimebound:Defend_Slimebound","Slimebound:Defend_Slimebound","Slimebound:Split","Slimebound:CorrosiveSpit","Slimebound:SelfFormingGoo+1","Slimebound:GrowthPunch+1","Slimebound:SplitLeeching","Slimebound:Schlurp","Slimebound:SamplingLick","Slimebound:SelfFormingGoo+1","conspire:NecroticWound","Slimebound:Chomp","Slimebound:SlimeTap+1","Slimebound:DisruptingSlam","Injury","Slimebound:RollThrough+1","Slimebound:SplitSpecialist+1","Slimebound:FinishingTackle+1","Slimebound:SplitMire","Slimebound:Darklings+1","conspire:Blindness","Sickly","downfall:Icky","Slimebound:Gluttony","Slimebound:HauntingLick+1","Slimebound:SamplingLick+1","Slimebound:LeechingTouch+1"],"relics":["Slimebound:AbsorbEndCombat","Lantern","downfall:HeartBlessingRed","Molten Egg 2","Replay:Ancient Bell","MealTicket","Turnip","downfall:HeartBlessingBlue","Nloth\u0027s Gift","Smiling Mask"],"acts_visited":["Exordium","TheCity"],"potions_floor_usage":[16,19,21,26],"damage_taken":[{"damage":6,"enemies":"Jaw Worm","floor":2,"turns":4},{"damage":7,"enemies":"Small Slimes","floor":6,"turns":3},{"damage":5,"enemies":"Cultist","floor":7,"turns":5},{"damage":0,"enemies":"Cultist","floor":10,"turns":2},{"damage":2,"enemies":"Exordium Thugs","floor":12,"turns":3},{"damage":0,"enemies":"downfall:FleeingMerchant","floor":14,"turns":4},{"damage":2,"enemies":"Blue Slaver","floor":15,"turns":3},{"damage":56,"enemies":"DF_ARCHETYPE_STREAMLINE","floor":16,"turns":9},{"damage":14,"enemies":"Spheric Guardian","floor":19,"turns":4},{"damage":0,"enemies":"downfall:FleeingMerchant","floor":21,"turns":4},{"damage":42,"enemies":"Cultist and Chosen","floor":22,"turns":7},{"damage":42,"enemies":"Book of Stabbing","floor":26,"turns":4}],"seed_played":"-7298732716356229463","potions_obtained":[{"floor":2,"key":"Doom Potion"},{"floor":4,"key":"ColorlessPotion"},{"floor":12,"key":"Swift Potion"},{"floor":16,"key":"GamblersBrew"},{"floor":22,"key":"ColorlessPotion"}],"is_trial":false,"path_per_floor":["R","M","?","?","?","M","MIM","R","?","M","R","M","R","$","M","B",null,"R","M","?","$","M","?","T","R","E"],"character_chosen":"SLIMEBOUND","items_purchased":["Slimebound:SamplingLick+1"],"campfire_rested":0,"item_purchase_floors":[21],"current_hp_per_floor":[65,63,63,47,47,46,47,47,47,49,49,51,51,57,57,9,65,75,63,63,75,36,36,36,36,0,0,0],"gold":26,"neow_bonus":"THREE_RARE_CARDS","is_daily":false,"chose_seed":false,"campfire_upgraded":5,"win_rate":0.0,"timestamp":1611416247,"path_taken":["R","M","?","?","?","?","MIM","R","?","M","R","M","R","$","M","BOSS","R","M","?","$","M","?","T","R","E"],"items_purchased_type":["Card"],"build_version":"2020-12-22","purchased_purges":0,"victory":false,"max_hp_per_floor":[65,65,65,65,65,65,65,65,65,65,65,65,65,65,65,65,65,75,75,75,75,75,75,75,75,75,75,75],"card_choices":[{"not_picked":["Slimebound:FirmFortitude","Slimebound:PrepareCrush"],"picked":"Slimebound:SelfFormingGoo","floor":0},{"not_picked":["Slimebound:Nibble","Slimebound:PressTheAttack"],"picked":"Slimebound:GrowthPunch","floor":2},{"not_picked":["Slimebound:SlimeSpikes","Slimebound:SpikyOuterGoop"],"picked":"Slimebound:SplitLeeching","floor":4},{"not_picked":["Slimebound:SamplingLick","Slimebound:Dissolve"],"picked":"Slimebound:Schlurp","floor":4},{"not_picked":["Slimebound:HungryTackle","Slimebound:Schlurp"],"picked":"Slimebound:SlimeTap","floor":6},{"not_picked":["Slimebound:SamplingLick","Slimebound:LeadByExample"],"picked":"Slimebound:DisruptingSlam","floor":7},{"not_picked":["Slimebound:FinishingTackle+1","Slimebound:Schlurp"],"picked":"Slimebound:RollThrough+1","floor":10},{"not_picked":["Slimebound:RejuvenatingLick","Slimebound:LivingWall"],"picked":"Slimebound:SplitSpecialist","floor":12},{"not_picked":["Slimebound:Chomp+1","Slimebound:ComboTackle+1"],"picked":"Slimebound:FinishingTackle+1","floor":14},{"not_picked":["Slimebound:AcidTongue","Slimebound:SamplingLick"],"picked":"Slimebound:SplitMire","floor":15},{"not_picked":["Slimebound:RallyTheTroops+1","Slimebound:MassFeed+1"],"picked":"Slimebound:Darklings","floor":16},{"not_picked":["ReplayTheSpireMod:Restless Dread","ReplayTheSpireMod:Splinters"],"picked":"conspire:Blindness","floor":17},{"not_picked":["Parasite","Looming Evil"],"picked":"Sickly","floor":17},{"not_picked":["hubris:Despair","ReplayTheSpireMod:Restless Dread"],"picked":"downfall:Icky","floor":17},{"not_picked":["Slimebound:HauntingLick","Slimebound:FlameTackle+1"],"picked":"Slimebound:Gluttony","floor":19},{"not_picked":["Slimebound:Gluttony","Slimebound:SplitBruiser"],"picked":"Slimebound:HauntingLick+1","floor":21},{"not_picked":["Slimebound:Schlurp","Slimebound:LeechEnergy+1"],"picked":"Slimebound:LeechingTouch+1","floor":22}],"player_experience":2171065,"relics_obtained":[{"floor":4,"key":"Lantern"},{"floor":24,"key":"Smiling Mask"}],"event_choices":[],"is_beta":false,"boss_relics":[{"not_picked":["aspiration:RitualDagger","Replay:Wanted Poster"],"picked":"Replay:Ancient Bell"},{"not_picked":["Replay:Bandana","Toy Ornithopter"],"picked":"MealTicket"},{"not_picked":["ReplayTheSpireMod:Shallot","conspire:DeflatedDodgeball"],"picked":"HornCleat"},{"not_picked":["hubris:AstralHammer","WingedGreaves"],"picked":"Turnip"}],"items_purged_floors":[],"is_endless":false,"potions_floor_spawned":[2,12,15,16,22],"killed_by":"Book of Stabbing","ascension_level":1}}