{"host":"g907ck67u7c3hrs6","time":1611411013,"event":{"mods":["BaseMod","Colored Map","DeckTracker","Highlight Path","Keyboard Shortcuts","Minty Spire (QoL Compilation)","Permanent Neow","Say the Spire","SuperFastMode"],"gold_per_floor":[418,437,437,243,243,270,270,270,342,218,218,246,246,246,246,342,342,359,359,369,131,131,160,185,185,209,230,239,272,272,197,197,309,309,329,348,408,408,443,477,514,526,538,591,252,273,12,48,48,48],"floor_reached":51,"language":"KOR","playtime":1169,"items_purged":["Writhe","Shockwave"],"score":1376,"play_id":"222d34e3-6eb8-4351-8780-aca3031e7671","local_time":"20210123231013","daily_mods":["SealedDeck","Heirloom","Flight","DeadlyEvents"],"is_ascension_mode":false,"campfire_choices":[{"data":"Entrench","floor":7.0,"key":"SMITH"},{"data":"Entrench","floor":8.0,"key":"SMITH"},{"data":"Barricade","floor":11.0,"key":"SMITH"},{"data":"Body Slam","floor":13.0,"key":"SMITH"},{"data":"Body Slam","floor":15.0,"key":"SMITH"},{"data":"Metallicize","floor":25,"key":"SMITH"},{"data":"Metallicize","floor":30,"key":"SMITH"},{"data":"Power Through","floor":32,"key":"SMITH"},{"data":"Metallicize","floor":42,"key":"SMITH"},{"data":"Entrench","floor":49,"key":"SMITH"}],"circlet_count":0,"master_deck":["Metallicize+1","Body Slam+1","Power Through","Evolve+1","Power Through","Second Wind","Entrench+1","Entrench+1","Shrug It Off","Metallicize+1","Offering","Barricade+1","Body Slam+1","Offering","Power Through+1","Headbutt","Impervious","Entrench+1","Juggernaut","Metallicize+1","Shrug It Off+1","Entrench+1","Power Through+1","Impervious+1"],"relics":["Burning Blood","Old Coin","Potion Belt","Self Forming Clay","Unceasing Top","Mark of Pain","Bottled Tornado","Matryoshka","Sundial","Boot","CeramicFish","Thread and Needle","PreservedInsect","Black Star","CaptainsWheel","Orichalcum","Happy Flower","Vajra","HornCleat","MawBank","Ancient Tea Set","Bronze Scales","Bag of Marbles","Oddly Smooth Stone","Toxic Egg 2","Blue Candle","Mummified Hand","Eternal Feather","Incense Burner","Molten Egg 2"],"acts_visited":["Exordium","TheCity","TheBeyond"],"potions_floor_usage":[50,50,50,50,50],"damage_taken":[{"damage":0.0,"enemies":"Jaw Worm","floor":1.0,"turns":7.0},{"damage":0.0,"enemies":"2 Louse","floor":2.0,"turns":3.0},{"damage":6.0,"enemies":"Lagavulin","floor":6.0,"turns":5.0},{"damage":17.0,"enemies":"Gremlin Nob","floor":12.0,"turns":3.0},{"damage":6.0,"enemies":"Hexaghost","floor":16.0,"turns":4.0},{"damage":12.0,"enemies":"Spheric Guardian","floor":18.0,"turns":2.0},{"damage":6.0,"enemies":"2 Thieves","floor":20.0,"turns":2.0},{"damage":12,"enemies":"Book of Stabbing","floor":23,"turns":1},{"damage":13,"enemies":"Slavers","floor":24,"turns":4},{"damage":12,"enemies":"Centurion and Healer","floor":27,"turns":3},{"damage":12,"enemies":"Gremlin Leader","floor":29,"turns":2},{"damage":12,"enemies":"Collector","floor":33,"turns":2},{"damage":12,"enemies":"3 Darklings","floor":35,"turns":4},{"damage":6,"enemies":"Orb Walker","floor":36,"turns":3},{"damage":6,"enemies":"2 Orb Walkers","floor":37,"turns":5},{"damage":6,"enemies":"Nemesis","floor":39,"turns":3},{"damage":7,"enemies":"Reptomancer","floor":40,"turns":2},{"damage":6,"enemies":"Nemesis","floor":41,"turns":5},{"damage":0,"enemies":"Giant Head","floor":44,"turns":3},{"damage":6,"enemies":"4 Shapes","floor":46,"turns":4},{"damage":0,"enemies":"Nemesis","floor":48,"turns":5},{"damage":12,"enemies":"Awakened One","floor":50,"turns":2}],"seed_played":"333280874685031599","potions_obtained":[{"floor":16.0,"key":"DuplicationPotion"},{"floor":24,"key":"BlessingOfTheForge"},{"floor":27,"key":"Fire Potion"},{"floor":29,"key":"SpeedPotion"},{"floor":33,"key":"FairyPotion"},{"floor":35,"key":"SkillPotion"},{"floor":40,"key":"FearPotion"}],"is_trial":true,"path_per_floor":["M","M","?","$","?","E","R","R","T","$","R","E","R","$","R","B",null,"M","$","M","$","?","E","E","R","T","M","?","E","R","$","R","B",null,"M","M","?","T","E","E","E","R","T","E","$","M","$","E","R","B",null],"character_chosen":"IRONCLAD","items_purchased":["Metallicize","Offering","Barricade","Body Slam","Bottled Tornado","Mummified Hand","Eternal Feather"],"campfire_rested":0,"item_purchase_floors":[4,4,10,10,21,45,47],"current_hp_per_floor":[80,80,73,73,73,73,73,73,73,73,73,62,62,62,62,62,80,74,74,74,74,59,53,46,46,46,40,40,34,34,34,34,28,85,79,79,79,79,79,78,78,78,78,84,84,84,84,85,85,79],"gold":48,"neow_bonus":"","is_daily":false,"chose_seed":false,"campfire_upgraded":10,"win_rate":0.0,"timestamp":1611411013,"path_taken":["M","M","?","$","?","E","R","R","T","$","R","E","R","?","R","BOSS","M","$","M","$","?","E","E","R","T","M","?","?","R","?","R","BOSS","M","?","?","?","?","E","E","R","T","E","$","?","?","?","R","BOSS"],"items_purchased_type":["Card","Card","Card","Card","Relic","Relic","Relic"],"build_version":"2020-12-22","purchased_purges":2,"victory":true,"max_hp_per_floor":[80,80,80,80,80,80,80,80,80,80,80,80,80,80,80,80,80,80,80,80,80,85,85,85,85,85,85,85,85,85,85,85,85,85,85,85,85,85,85,85,85,85,85,85,85,85,85,85,85,85],"card_choices":[{"not_picked":["True Grit","Pummel"],"picked":"Shrug It Off","floor":1.0},{"not_picked":["Armaments","Double Tap","Heavy Blade"],"picked":"SKIP","floor":2.0},{"not_picked":["Wild Strike","Carnage","Sever Soul"],"picked":"SKIP","floor":6.0},{"not_picked":["Shrug It Off","Shockwave","Limit Break"],"picked":"SKIP","floor":12.0},{"not_picked":["Reaper","Brutality"],"picked":"Offering","floor":16.0},{"not_picked":["Wild Strike","Clothesline","Pommel Strike"],"picked":"SKIP","floor":18.0},{"not_picked":["Hemokinesis+1","Dropkick","Clothesline+1"],"picked":"SKIP","floor":20.0},{"not_picked":["Shrug It Off","Dropkick"],"picked":"Power Through","floor":23},{"not_picked":["True Grit","Dual Wield","Sword Boomerang"],"picked":"SKIP","floor":24},{"not_picked":["True Grit","Carnage","Headbutt"],"picked":"SKIP","floor":27},{"not_picked":["True Grit","Carnage"],"picked":"Headbutt","floor":27},{"not_picked":["Bludgeon","Clothesline","Flex+1"],"picked":"SKIP","floor":29},{"not_picked":["Offering","Double Tap"],"picked":"Impervious","floor":33},{"not_picked":["Clash","Twin Strike","Flex"],"picked":"SKIP","floor":35},{"not_picked":["Heavy Blade+1","Armaments"],"picked":"Entrench","floor":36},{"not_picked":["Warcry","Reckless Charge"],"picked":"Juggernaut","floor":37},{"not_picked":["Second Wind+1","Sword Boomerang+1"],"picked":"Metallicize","floor":39},{"not_picked":["Headbutt","Flex"],"picked":"Shrug It Off+1","floor":40},{"not_picked":["Heavy Blade","Clash+1","Blood for Blood+1"],"picked":"SKIP","floor":41},{"not_picked":["Wild Strike","Armaments+1"],"picked":"Entrench+1","floor":44},{"not_picked":["Sword Boomerang","Blood for Blood"],"picked":"Power Through+1","floor":46},{"not_picked":["Blood for Blood+1","Wild Strike+1"],"picked":"Impervious+1","floor":48}],"player_experience":225843,"relics_obtained":[{"floor":6.0,"key":"Potion Belt"},{"floor":9.0,"key":"Self Forming Clay"},{"floor":12.0,"key":"Unceasing Top"},{"floor":23,"key":"Matryoshka"},{"floor":24,"key":"Sundial"},{"floor":26,"key":"Boot"},{"floor":26,"key":"CeramicFish"},{"floor":29,"key":"PreservedInsect"},{"floor":37,"key":"CaptainsWheel"},{"floor":38,"key":"Orichalcum"},{"floor":38,"key":"Happy Flower"},{"floor":39,"key":"Vajra"},{"floor":39,"key":"HornCleat"},{"floor":40,"key":"MawBank"},{"floor":40,"key":"Ancient Tea Set"},{"floor":41,"key":"Bronze Scales"},{"floor":41,"key":"Bag of Marbles"},{"floor":43,"key":"Oddly Smooth Stone"},{"floor":44,"key":"Toxic Egg 2"},{"floor":44,"key":"Blue Candle"},{"floor":48,"key":"Incense Burner"},{"floor":48,"key":"Molten Egg 2"}],"event_choices":[{"cards_removed":["Reckless Charge"],"damage_healed":0.0,"max_hp_gain":0.0,"max_hp_loss":0.0,"gold_gain":0.0,"event_name":"Golden Wing","player_choice":"Card Removal","floor":3.0,"gold_loss":0.0,"damage_taken":7.0},{"damage_healed":0.0,"max_hp_gain":0.0,"max_hp_loss":0.0,"gold_gain":0.0,"event_name":"Living Wall","player_choice":"Grow","floor":5.0,"gold_loss":0.0,"damage_taken":0.0,"cards_upgraded":["Evolve"]},{"damage_healed":0,"gold_gain":0,"player_choice":"Shed Blood","damage_taken":20,"max_hp_gain":5,"max_hp_loss":0,"event_name":"Forgotten Altar","floor":22,"gold_loss":0},{"damage_healed":0,"gold_gain":0,"player_choice":"Opened","damage_taken":0,"relics_obtained":["Thread and Needle"],"max_hp_gain":0,"max_hp_loss":0,"event_name":"The Mausoleum","floor":28,"gold_loss":0,"cards_obtained":["Writhe"]},{"damage_healed":0,"gold_gain":0,"player_choice":"Fight","damage_taken":0,"max_hp_gain":0,"max_hp_loss":0,"event_name":"Mysterious Sphere","floor":37,"gold_loss":0}],"is_beta":false,"boss_relics":[{"not_picked":["SacredBark","Fusion Hammer"],"picked":"Mark of Pain"},{"not_picked":["Snecko Eye","Empty Cage"],"picked":"Black Star"}],"items_purged_floors":[31,45],"is_endless":false,"potions_floor_spawned":[16,24,27,29,33,35,39,40,48],"ascension_level":0}}