{"host":"lnt5dzsuhru0aonl","time":1611413209,"event":{"mods":["2.2 Compatiblity","BaseMod","Colored Map","Colored Powertips","DeckTracker","Keyboard Shortcuts","Minty Spire (QoL Compilation)","Permanent Neow","Rare Cards Sparkle","StSLib","SuperFastMode","everything is the same but u backflip on backflip"],"gold_per_floor":[110,110,130,130,212,243,257,257,281,281,18,50,0,11,11,11,11],"floor_reached":16,"language":"KOR","playtime":300,"items_purged":["Strike_G","Strike_G"],"score":266,"play_id":"0ffe8bba-96a7-4049-93fd-9676466a1b28","local_time":"20210123234649","is_ascension_mode":true,"campfire_choices":[{"data":"Caltrops","floor":8,"key":"SMITH"},{"data":"Survivor","floor":10,"key":"SMITH"},{"data":"Master of Strategy","floor":15,"key":"SMITH"}],"circlet_count":0,"master_deck":["AscendersBane","Strike_G","Strike_G+1","Defend_G","Defend_G+1","Defend_G","Defend_G+1","Defend_G","Survivor+1","Neutralize","Caltrops+1","Acrobatics+1","Underhanded Strike","Master of Strategy+1"],"relics":["Ring of the Snake","NeowsBlessing","Matryoshka","Bag of Preparation","Ornamental Fan","Smiling Mask","War Paint"],"acts_visited":["Exordium"],"potions_floor_usage":[12,12,16],"damage_taken":[{"damage":0,"enemies":"Small Slimes","floor":1,"turns":1},{"damage":0,"enemies":"Jaw Worm","floor":3,"turns":1},{"damage":0,"enemies":"Gremlin Nob","floor":6,"turns":1},{"damage":0,"enemies":"2 Louse","floor":7,"turns":4},{"damage":5,"enemies":"Lagavulin","floor":12,"turns":6},{"damage":0,"enemies":"2 Fungi Beasts","floor":14,"turns":3},{"damage":25,"enemies":"Slime Boss","floor":16,"turns":6}],"seed_played":"-6351645087350890160","potions_obtained":[{"floor":3,"key":"SneckoOil"},{"floor":6,"key":"Fire Potion"},{"floor":14,"key":"SpeedPotion"}],"is_trial":false,"path_per_floor":["M","?","M","?","T","E","M","R","T","R","$","E","$","M","R","B"],"character_chosen":"THE_SILENT","items_purchased":["Master of Strategy"],"campfire_rested":0,"item_purchase_floors":[11],"current_hp_per_floor":[59,52,52,32,32,32,32,32,32,32,32,27,27,27,27,2,2],"gold":11,"neow_bonus":"THREE_ENEMY_KILL","is_daily":false,"chose_seed":false,"campfire_upgraded":3,"win_rate":0.0,"timestamp":1611413209,"path_taken":["M","?","M","?","?","E","M","R","T","R","$","E","$","M","R","BOSS"],"items_purchased_type":["Card"],"build_version":"2020-12-22","purchased_purges":2,"victory":false,"max_hp_per_floor":[66,66,66,66,66,66,66,66,66,66,66,66,66,66,66,66,66],"card_choices":[{"not_picked":["Quick Slash","Deflect"],"picked":"Caltrops","floor":1},{"not_picked":["Cloak And Dagger","Dodge and Roll"],"picked":"Acrobatics","floor":3},{"not_picked":["Deflect","Bane","Sucker Punch"],"picked":"SKIP","floor":6},{"not_picked":["Outmaneuver","All Out Attack"],"picked":"Underhanded Strike","floor":7},{"not_picked":["Blade Dance","Dodge and Roll","Underhanded Strike"],"picked":"SKIP","floor":12},{"not_picked":["Dodge and Roll","Phantasmal Killer","Bane"],"picked":"SKIP","floor":14}],"player_experience":737327,"relics_obtained":[{"floor":5,"key":"Matryoshka"},{"floor":6,"key":"Bag of Preparation"},{"floor":9,"key":"Ornamental Fan"},{"floor":9,"key":"Smiling Mask"},{"floor":12,"key":"War Paint"}],"event_choices":[{"cards_removed":["Strike_G"],"damage_healed":0,"gold_gain":0,"player_choice":"Card Removal","damage_taken":7,"max_hp_gain":0,"max_hp_loss":0,"event_name":"Golden Wing","floor":2,"gold_loss":0},{"damage_healed":0,"gold_gain":0,"player_choice":"Entered Light","damage_taken":20,"max_hp_gain":0,"max_hp_loss":0,"event_name":"Shining Light","floor":4,"gold_loss":0,"cards_upgraded":["Strike_G","Acrobatics"]}],"is_beta":false,"boss_relics":[],"items_purged_floors":[11,13],"is_endless":false,"potions_floor_spawned":[3,6,14],"killed_by":"Slime Boss","ascension_level":20}}