{"host":"c52z9ixzgdjttcmx","time":1611438815,"event":{"mods":["BaseMod","Colored Powertips","Downfall","Filter the Spire","Minty Spire (QoL Compilation)","Rare Cards Sparkle","Relic Stats","StSLib"],"gold_per_floor":[119,119,128,156,184,184,228,251,251,275,275,302,302,323,323,431,431,455,473,497,525,147,246,246,246,300,329,372,372,2,25,25,25,25],"floor_reached":33,"language":"ENG","playtime":1417,"items_purged":["downfall:Icky"],"score":269,"play_id":"6b483400-64ff-451a-8450-6dee678e3e20","local_time":"20210123155335","is_ascension_mode":false,"campfire_choices":[{"data":"Shockwave","floor":11,"key":"SMITH"},{"data":"Spot Weakness","floor":13,"key":"SMITH"},{"floor":15,"key":"REST"},{"data":"True Grit","floor":24,"key":"SMITH"},{"data":"Armaments","floor":29,"key":"SMITH"},{"data":"Whirlwind","floor":32,"key":"SMITH"}],"circlet_count":0,"master_deck":["Strike_R","Strike_R","Strike_R","Defend_R","Defend_R+1","Defend_R","Defend_R","Bash","Inflame","Spot Weakness+1","Flame Barrier+1","Carnage","Shockwave+1","Whirlwind+1","Clothesline","Dual Wield","Warcry","Feed","True Grit+1","Slimebound:CheckThePlaybook","Armaments+1","Shrug It Off","Inflame","Disarm","Shrug It Off","Rampage","Limit Break","Dark Embrace","Disarm","Dropkick"],"relics":["Burning Blood","CeramicFish","Mummified Hand","Bottled Flame","bronze:MakeshiftBattery","Chemical X","Omamori","Nunchaku","Singing Bowl","Pantograph"],"acts_visited":["Exordium","TheCity"],"potions_floor_usage":[33],"damage_taken":[{"damage":3,"enemies":"2 Louse","floor":1,"turns":3},{"damage":8,"enemies":"Jaw Worm","floor":4,"turns":3},{"damage":0,"enemies":"Cultist","floor":5,"turns":4},{"damage":37,"enemies":"Lagavulin","floor":7,"turns":7},{"damage":4,"enemies":"3 Louse","floor":8,"turns":4},{"damage":8,"enemies":"Exordium Wildlife","floor":10,"turns":4},{"damage":11,"enemies":"Blue Slaver","floor":12,"turns":4},{"damage":0,"enemies":"Lots of Slimes","floor":14,"turns":1},{"damage":49,"enemies":"Slime Boss","floor":16,"turns":14},{"damage":1,"enemies":"3 Byrds","floor":18,"turns":6},{"damage":19,"enemies":"Shell Parasite","floor":20,"turns":6},{"damage":24,"enemies":"Cultist and Chosen","floor":21,"turns":7},{"damage":9,"enemies":"Snake Plant","floor":27,"turns":5},{"damage":23,"enemies":"Gremlin Leader","floor":28,"turns":7},{"damage":8,"enemies":"Sentry and Sphere","floor":31,"turns":4},{"damage":64,"enemies":"Collector","floor":33,"turns":9}],"seed_played":"3242230517360128253","potions_obtained":[{"floor":1,"key":"ColorlessPotion"},{"floor":4,"key":"Strength Potion"},{"floor":14,"key":"Guardian:BlockOnCardUsePotion"}],"is_trial":false,"path_per_floor":["M","?","?","M","M","?","E","M","T","M","R","M","R","M","R","B",null,"M","?","M","M","$","?","R","T","T","M","E","R","$","M","R","B"],"character_chosen":"IRONCLAD","items_purchased":["Inflame","Disarm","Chemical X","Shrug It Off","Dark Embrace","Disarm","Pantograph"],"campfire_rested":1,"item_purchase_floors":[22,22,22,22,30,30,30],"current_hp_per_floor":[80,73,73,71,77,61,30,32,32,30,30,25,25,31,55,12,80,83,83,70,52,52,52,52,52,52,52,35,35,35,36,36,0,0],"gold":25,"neow_bonus":"RANDOM_COMMON_RELIC","is_daily":false,"chose_seed":false,"campfire_upgraded":5,"win_rate":0.0,"timestamp":1611438815,"path_taken":["M","?","?","M","?","?","E","M","T","M","R","M","R","M","R","BOSS","M","?","M","M","$","?","R","?","T","?","E","R","$","?","R","BOSS"],"items_purchased_type":["Card","Card","Relic","Card","Card","Card","Relic"],"build_version":"2020-12-22","purchased_purges":1,"victory":false,"max_hp_per_floor":[80,80,80,80,80,80,80,80,80,80,80,80,80,80,80,80,80,83,83,83,83,83,83,83,83,83,86,86,86,86,89,89,89,89],"relic_stats":{"Nunchaku":[3],"Singing Bowl":0,"counters":[16,88],"Mummified Hand":[16],"CeramicFish":207,"Pantograph":25,"Chemical X":[5],"obtain_stats":[{"Bottled Flame":9,"Nunchaku":26,"Singing Bowl":28,"Mummified Hand":7,"CeramicFish":0,"Pantograph":30,"Omamori":25,"Chemical X":22,"Burning Blood":0,"bronze:MakeshiftBattery":17},{"Bottled Flame":5,"Nunchaku":12,"Singing Bowl":14,"Mummified Hand":4,"CeramicFish":0,"Pantograph":14,"Omamori":12,"Chemical X":12,"Burning Blood":0,"bronze:MakeshiftBattery":9},{"Bottled Flame":21,"Nunchaku":63,"Singing Bowl":75,"Mummified Hand":17,"CeramicFish":0,"Pantograph":75,"Omamori":63,"Chemical X":63,"Burning Blood":0,"bronze:MakeshiftBattery":44}],"Burning Blood":82},"card_choices":[{"not_picked":["Sever Soul","Havoc"],"picked":"Inflame","floor":1},{"not_picked":["Clothesline","Headbutt"],"picked":"Flame Barrier","floor":4},{"not_picked":["Clothesline","Sword Boomerang"],"picked":"Carnage","floor":5},{"not_picked":["Iron Wave","Heavy Blade"],"picked":"Shockwave","floor":7},{"not_picked":["Sword Boomerang","Entrench"],"picked":"Whirlwind","floor":8},{"not_picked":["Sword Boomerang","Fiend Fire"],"picked":"Clothesline","floor":10},{"not_picked":["Rupture","Whirlwind"],"picked":"Dual Wield","floor":12},{"not_picked":["Spot Weakness","Clothesline"],"picked":"Warcry","floor":14},{"not_picked":["Demon Form","Impervious"],"picked":"Feed","floor":16},{"not_picked":["Twin Strike+1","Pommel Strike"],"picked":"True Grit","floor":18},{"not_picked":["Anger","Wild Strike"],"picked":"Armaments","floor":20},{"not_picked":["Sword Boomerang+1","Pommel Strike"],"picked":"Shrug It Off","floor":21},{"not_picked":["Heavy Blade","Clash"],"picked":"Rampage","floor":27},{"not_picked":["Infernal Blade+1","Flame Barrier"],"picked":"Limit Break","floor":28},{"not_picked":["Combust","Perfected Strike"],"picked":"Dropkick","floor":31}],"player_experience":3319610,"relics_obtained":[{"floor":7,"key":"Mummified Hand"},{"floor":9,"key":"Bottled Flame"},{"floor":25,"key":"Omamori"},{"floor":26,"key":"Nunchaku"},{"floor":28,"key":"Singing Bowl"}],"event_choices":[{"cards_removed":["Strike_R"],"damage_healed":0,"gold_gain":0,"player_choice":"Card Removal","damage_taken":7,"max_hp_gain":0,"max_hp_loss":0,"event_name":"Golden Wing","floor":2,"gold_loss":0},{"damage_healed":0,"gold_gain":0,"cards_transformed":["Strike_R"],"player_choice":"Transformed","damage_taken":0,"max_hp_gain":0,"max_hp_loss":0,"event_name":"Transmorgrifier","floor":3,"gold_loss":0,"cards_obtained":["Spot Weakness"]},{"damage_healed":0,"gold_gain":0,"player_choice":"Entered Light","damage_taken":16,"max_hp_gain":0,"max_hp_loss":0,"event_name":"Shining Light","floor":6,"gold_loss":0,"cards_upgraded":["Flame Barrier","Defend_R"]},{"damage_healed":0,"gold_gain":99,"player_choice":"Stole From Cult","damage_taken":0,"max_hp_gain":0,"max_hp_loss":0,"event_name":"Nest","floor":23,"gold_loss":0}],"is_beta":false,"boss_relics":[{"not_picked":["Mark of Pain","Busted Crown"],"picked":"bronze:MakeshiftBattery"}],"items_purged_floors":[22],"is_endless":false,"potions_floor_spawned":[1,4,14,16,20,27,28],"killed_by":"Collector","ascension_level":0}}