{"host":"y1oqg7uy0jc6f5mb","time":1611425358,"event":{"mods":["BaseMod","Better Altar","Better Match","Better Note","Better Sensory Stone","Better Skull","Better Third Choice","BetterRewards","Block Reminder","Colored Map","Colored Powertips","Custom Start","DeckTracker","Displayed Cursed Tome","Highlight Path","Ironclad Rager","Minty Spire (QoL Compilation)","Permanent Neow","Quick Restart","Relic Sorter","Relic Stats","Shop Mod","StSLib"],"gold_per_floor":[110,129,129,154,168,168,183,197,250,250,273,306,306,23,23,152,152,175,13,13,38,59,59,94,94,120,143,143,68,68,68],"floor_reached":30,"language":"ENG","playtime":1955,"items_purged":["Injury"],"score":290,"play_id":"406bc867-2587-47ba-b551-b35016c7e107","local_time":"20210124020918","is_ascension_mode":true,"campfire_choices":[{"data":"Chaos","floor":6.0,"key":"SMITH"},{"data":"Fusion","floor":10.0,"key":"SMITH"},{"data":"Rainbow","floor":13.0,"key":"SMITH"},{"floor":15.0,"key":"REST"},{"data":"Secret Technique","floor":23.0,"key":"SMITH"},{"floor":25.0,"key":"REST"},{"data":"Hologram","floor":28.0,"key":"SMITH"}],"circlet_count":0,"master_deck":["Strike_B","Strike_B","Strike_B","Defend_B","Defend_B","Defend_B","Defend_B","Zap","Dualcast","Dramatic Entrance","Chaos+1","Hologram+1","Undo","Fusion+1","Cold Snap","Auto Shields","Rainbow+1","Stack","Secret Technique+1","Recycle","Echo Form","Reinforced Body","Sunder","Coolheaded","Storm+1","Consume+1","Go for the Eyes","Lockon+1"],"relics":["Cracked Core","Golden Idol","Lantern","Tiny Chest","SacredBark","Meat on the Bone","Dream Catcher"],"acts_visited":["Exordium","TheCity"],"potions_floor_usage":[],"damage_taken":[{"damage":1.0,"enemies":"Cultist","floor":1.0,"turns":3.0},{"damage":13.0,"enemies":"Jaw Worm","floor":2.0,"turns":4.0},{"damage":2.0,"enemies":"2 Louse","floor":4.0,"turns":2.0},{"damage":8.0,"enemies":"Blue Slaver","floor":5.0,"turns":4.0},{"damage":1.0,"enemies":"Large Slime","floor":7.0,"turns":5.0},{"damage":9.0,"enemies":"3 Louse","floor":8.0,"turns":3.0},{"damage":10.0,"enemies":"2 Fungi Beasts","floor":11.0,"turns":3.0},{"damage":10.0,"enemies":"Lagavulin","floor":12.0,"turns":8.0},{"damage":11.0,"enemies":"Hexaghost","floor":16.0,"turns":14.0},{"damage":7.0,"enemies":"3 Byrds","floor":18.0,"turns":3.0},{"damage":9.0,"enemies":"Shell Parasite","floor":21.0,"turns":11.0},{"damage":3.0,"enemies":"Snake Plant","floor":22.0,"turns":4.0},{"damage":20.0,"enemies":"Book of Stabbing","floor":24.0,"turns":5.0},{"damage":8.0,"enemies":"Snecko","floor":27.0,"turns":5.0},{"damage":56,"enemies":"Slavers","floor":30,"turns":3}],"seed_played":"-1269363804141976516","potions_obtained":[{"floor":1.0,"key":"LiquidMemories"},{"floor":4.0,"key":"DistilledChaos"},{"floor":7.0,"key":"Weak Potion"},{"floor":11.0,"key":"Explosive Potion"},{"floor":18.0,"key":"EssenceOfSteel"},{"floor":20.0,"key":"Dexterity Potion"},{"floor":27.0,"key":"PotionOfCapacity"}],"is_trial":false,"path_per_floor":["M","M","?","M","M","R","M","M","T","R","M","E","R","$","R","B",null,"M","$","?","M","M","R","E","R","T","M","R","?","E"],"character_chosen":"DEFECT","items_purchased":["Stack","Secret Technique","Recycle","Sunder","Coolheaded"],"campfire_rested":2,"item_purchase_floors":[14,14,14,19,19],"current_hp_per_floor":[74,61,61,59,51,51,50,41,41,41,31,21,21,21,43,32,75,68,68,68,59,56,56,36,58,58,50,50,50,0,0],"gold":68,"neow_bonus":"RANDOM_COLORLESS","is_daily":false,"chose_seed":false,"campfire_upgraded":5,"win_rate":0.0,"timestamp":1611425358,"path_taken":["M","?","?","M","M","R","M","M","T","R","M","E","R","$","R","BOSS","M","$","?","M","M","R","E","R","T","?","R","?","E"],"items_purchased_type":["Card","Card","Card","Card","Card"],"build_version":"2020-12-22","purchased_purges":1,"victory":false,"max_hp_per_floor":[75,75,75,75,75,75,75,75,75,75,75,75,75,75,75,75,75,75,75,75,75,75,75,75,75,75,75,75,75,75,75],"relic_stats":{"Dream Catcher":0,"counters":[41,207],"Golden Idol":78,"Tiny Chest":0,"obtain_stats":[{"Ice Cream":43,"Lantern":9,"Gremlin Horn":10,"Golden Idol":3,"SacredBark":17,"Juzu Bracelet":21,"Bag of Preparation":44,"Question Card":27,"Nuclear Battery":34,"Sozu":17,"Du-Vu Doll":39,"Blood Vial":42,"Dream Catcher":26,"Shuriken":26,"Prayer Wheel":47,"Tiny Chest":12,"Red Mask":19,"Toxic Egg 2":9,"Cracked Core":0,"Unceasing Top":30,"Meat on the Bone":24},{"Ice Cream":23,"Lantern":32,"Gremlin Horn":5,"Golden Idol":28,"SacredBark":35,"Juzu Bracelet":12,"Bag of Preparation":23,"Question Card":15,"Nuclear Battery":18,"Sozu":9,"Du-Vu Doll":21,"Blood Vial":23,"Dream Catcher":39,"Shuriken":14,"Prayer Wheel":24,"Tiny Chest":34,"Red Mask":11,"Toxic Egg 2":4,"Cracked Core":0,"Unceasing Top":17,"Meat on the Bone":39},{"Ice Cream":107,"Lantern":151,"Gremlin Horn":16,"Golden Idol":137,"SacredBark":176,"Juzu Bracelet":48,"Bag of Preparation":107,"Question Card":61,"Nuclear Battery":81,"Sozu":35,"Du-Vu Doll":94,"Blood Vial":107,"Dream Catcher":199,"Shuriken":56,"Prayer Wheel":113,"Tiny Chest":162,"Red Mask":43,"Toxic Egg 2":10,"Cracked Core":0,"Unceasing Top":72,"Meat on the Bone":199}],"Meat on the Bone":0},"card_choices":[{"not_picked":["Trip","Bandage Up"],"picked":"Dramatic Entrance","floor":0.0},{"not_picked":["Barrage","Redo"],"picked":"Chaos","floor":1.0},{"not_picked":["Steam","Barrage","Scrape"],"picked":"SKIP","floor":2.0},{"not_picked":["Streamline","Heatsinks"],"picked":"Hologram","floor":4.0},{"not_picked":["White Noise","Reprogram"],"picked":"Undo","floor":5.0},{"not_picked":["Streamline","All For One"],"picked":"Fusion","floor":7.0},{"not_picked":["Gash","Beam Cell"],"picked":"Cold Snap","floor":8.0},{"not_picked":["Compile Driver","Hologram"],"picked":"Auto Shields","floor":11.0},{"not_picked":["Barrage","Skim"],"picked":"Rainbow","floor":12.0},{"not_picked":["Amplify","Rainbow"],"picked":"Echo Form","floor":16.0},{"not_picked":["Beam Cell","Streamline"],"picked":"Reinforced Body","floor":18.0},{"not_picked":["Go for the Eyes+1","Steam"],"picked":"Storm+1","floor":21.0},{"not_picked":["Gash","Streamline+1"],"picked":"Consume+1","floor":22.0},{"not_picked":["Steam","Cold Snap"],"picked":"Go for the Eyes","floor":24.0},{"not_picked":["Reinforced Body+1","Stack"],"picked":"Lockon+1","floor":27.0}],"player_experience":160163,"relics_obtained":[{"floor":9.0,"key":"Lantern"},{"floor":12.0,"key":"Tiny Chest"},{"floor":24.0,"key":"Meat on the Bone"},{"floor":26.0,"key":"Dream Catcher"}],"event_choices":[{"damage_healed":0.0,"max_hp_gain":0.0,"max_hp_loss":0.0,"gold_gain":0.0,"event_name":"Golden Idol","player_choice":"Take Wound","floor":3.0,"gold_loss":0.0,"damage_taken":0.0,"relics_obtained":["Golden Idol"],"cards_obtained":["Injury"]},{"damage_healed":0.0,"max_hp_gain":0.0,"max_hp_loss":0.0,"gold_gain":0.0,"event_name":"Lab","player_choice":"Got Potions","floor":20.0,"gold_loss":0.0,"damage_taken":0.0},{"cards_removed":["Strike_B"],"damage_healed":0.0,"max_hp_gain":0.0,"max_hp_loss":0.0,"gold_gain":0.0,"event_name":"Beggar","player_choice":"Gave Gold","floor":29.0,"gold_loss":75.0,"damage_taken":0.0}],"is_beta":false,"boss_relics":[{"not_picked":["Runic Dome","Philosopher\u0027s Stone"],"picked":"SacredBark"}],"items_purged_floors":[19],"is_endless":false,"potions_floor_spawned":[1,4,7,11,12,18,27],"killed_by":"Slavers","ascension_level":3}}