{"host":"1vqon1dbpr5c1qll","time":1611400049,"event":{"mods":["2.2 Compatiblity","AchievementEnabler","BaseMod","BetterRewards","Colored Map","DeckTracker","GungeonMod","Hermit","Highlight Path","Lobotomy","Minty Spire (QoL Compilation)","Permanent Neow","Quick Restart","Random Character Button","Replay The Spire","StSLib","SuperFastMode","The Cursed","The Dragon Tamer","The Servant 0.9.4","everything is the same but u backflip on backflip"],"gold_per_floor":[117,14,34,109,126,152,152,200,200,210,210,228,228,239,239,239,239],"floor_reached":16,"language":"KOR","playtime":1349,"items_purged":[],"score":112,"play_id":"40ad2944-9df3-440a-9a66-6dba6808f2a6","local_time":"20210123200729","is_ascension_mode":false,"campfire_choices":[{"floor":7,"key":"REST"},{"floor":11,"key":"REST"},{"floor":13,"key":"REST"},{"floor":15,"key":"REST"}],"circlet_count":0,"master_deck":["DemoMod:Strike_Huntress","DemoMod:Strike_Huntress","DemoMod:Strike_Huntress","DemoMod:Defend_Huntress","DemoMod:Defend_Huntress","DemoMod:Defend_Huntress","DemoMod:Defend_Huntress","DemoMod:Roll","DemoMod:ManualReload","DemoMod:RustySidearm","DemoMod:CrossBow","OSAHOGD","ReplayTheSpireMod:Splinters","CrumblingArmor","DemoMod:HungryBullets","LittleHelper","DemoMod:PotionOfGunFriendShip","DemoMod:SAA","DemoMod:ProbeStrike","DemoMod:Unmoved","DemoMod:AbyssalTentacle","DemoMod:HardPowerCard"],"relics":["DemoMod:Dog","CogitoBucket","ReplayTheSpireMod:CursedCoin","DemoMod:CrisisStone","DemoMod:JetPack","Akabeko","DemoMod:Bottle"],"acts_visited":["Exordium"],"potions_floor_usage":[10,12,16,16],"damage_taken":[{"damage":0,"enemies":"Jaw Worm","floor":1,"turns":3},{"damage":5,"enemies":"Small Slimes","floor":3,"turns":3},{"damage":2,"enemies":"Cultist","floor":5,"turns":4},{"damage":17,"enemies":"3 Sentries","floor":6,"turns":11},{"damage":24,"enemies":"Replay:BlueRogue","floor":8,"turns":6},{"damage":20,"enemies":"2 Fungi Beasts","floor":10,"turns":4},{"damage":25,"enemies":"Gremlin Gang","floor":12,"turns":5},{"damage":1,"enemies":"Blue Slaver","floor":14,"turns":4},{"damage":54,"enemies":"Slime Boss","floor":16,"turns":15}],"seed_played":"-4834428627807371186","potions_obtained":[{"floor":3,"key":"BlessingOfTheForge"},{"floor":5,"key":"Ancient Potion"},{"floor":8,"key":"BlessingOfTheForge"},{"floor":12,"key":"Venom Potion"},{"floor":14,"key":"Venom Potion"}],"is_trial":false,"path_per_floor":["M","$","M","?","M","E","R","E","T","M","R","M","R","M","R","B"],"character_chosen":"HUNTRESS","items_purchased":["ReplayTheSpireMod:CursedCoin","DemoMod:CrisisStone"],"campfire_rested":4,"item_purchase_floors":[2,2],"current_hp_per_floor":[70,70,65,54,52,35,56,32,32,12,33,8,29,28,49,0,0],"gold":239,"neow_bonus":"","is_daily":false,"chose_seed":false,"campfire_upgraded":0,"win_rate":0.0,"timestamp":1611400049,"path_taken":["M","$","M","?","M","E","R","E","T","M","R","?","R","M","R","BOSS"],"items_purchased_type":["Relic","Relic"],"build_version":"2020-12-22","purchased_purges":0,"victory":false,"max_hp_per_floor":[70,70,70,70,70,70,70,70,70,70,70,70,70,70,70,70,70],"card_choices":[{"not_picked":["ShyLook","DreamingCurrent"],"picked":"OSAHOGD","floor":1},{"not_picked":["DemoMod:MachoBrace","DemoMod:Purify"],"picked":"DemoMod:DirectionalPad","floor":1},{"not_picked":["LongBird","FairyFestival"],"picked":"CrumblingArmor","floor":3},{"not_picked":["DemoMod:ZorGun","DemoMod:RadGun"],"picked":"DemoMod:HungryBullets","floor":3},{"not_picked":["OldLady","UniverseFragment","MHz"],"picked":"Singing Bowl","floor":5},{"not_picked":["NakedNest","UniverseFragment"],"picked":"LittleHelper","floor":5},{"not_picked":["DemoMod:FastSwitch","DemoMod:PracticeMakesPerfect"],"picked":"DemoMod:PotionOfGunFriendShip","floor":5},{"not_picked":["DemoMod:FastSwitch","DemoMod:PotionOfGunFriendShip"],"picked":"DemoMod:SAA","floor":6},{"not_picked":["DemoMod:Purify","DemoMod:BattleInHaste"],"picked":"DemoMod:ProbeStrike","floor":6},{"not_picked":["DemoMod:AC15","DemoMod:FastSwitch"],"picked":"DemoMod:Unmoved","floor":8},{"not_picked":["DemoMod:EasyReloadBullets","DemoMod:HungryBullets","DemoMod:AC15"],"picked":"SKIP","floor":10},{"not_picked":["DemoMod:SAA","DemoMod:HardPowerCard"],"picked":"DemoMod:AbyssalTentacle","floor":12},{"not_picked":["DemoMod:Unmoved","DemoMod:JK47"],"picked":"DemoMod:HardPowerCard","floor":14}],"player_experience":971170,"relics_obtained":[{"floor":6,"key":"DemoMod:JetPack"},{"floor":8,"key":"Akabeko"},{"floor":9,"key":"DemoMod:Bottle"}],"event_choices":[{"damage_healed":0,"gold_gain":75,"player_choice":"Gather Gold","damage_taken":11,"max_hp_gain":0,"max_hp_loss":0,"event_name":"World of Goop","floor":4,"gold_loss":0}],"is_beta":false,"boss_relics":[],"items_purged_floors":[],"is_endless":false,"potions_floor_spawned":[3,5,8,12,14],"killed_by":"Slime Boss","ascension_level":0}}