{"host":"e8hwgc5hwysw32tq","time":1611443962,"event":{"mods":["BaseMod","Downfall","Minty Spire (QoL Compilation)","Shop Mod","StSLib"],"gold_per_floor":[99,114,124,144,159,171,171,171,236,236,266,152,152,170,184,184,184,184],"floor_reached":16,"language":"ENG","playtime":957,"items_purged":["hexamod:Defend"],"score":104,"play_id":"7af35905-2715-4d0f-b96d-5e8cd2b49ba4","local_time":"20210123151922","is_ascension_mode":false,"campfire_choices":[{"floor":1,"key":"RECALL"},{"data":"hexamod:Sear","floor":8,"key":"SMITH"},{"floor":10,"key":"REST"}],"circlet_count":0,"master_deck":["hexamod:Strike","hexamod:Strike","hexamod:Strike","hexamod:Strike","hexamod:Defend","hexamod:Defend","hexamod:Defend","hexamod:Sear+1","hexamod:Float","hexamod:VolcanoVisage","hexamod:PhantomFireball","hexamod:Incineration","hexamod:HeatMetal","hexamod:AdvancingGuard","hexamod:InspiringFlames","hexamod:RadiantFlame","hexamod:HeatCrush","hexamod:NightmareGuise","hexamod:Hexaguard","hexamod:SoulSteal","hexamod:ThermalTransfer"],"relics":["hexamod:SpiritBrand","Mummified Hand","Pen Nib","Peace Pipe","hexamod:MatchstickCase"],"acts_visited":["Exordium"],"potions_floor_usage":[9,16,16],"damage_taken":[{"damage":0,"enemies":"Cultist","floor":2,"turns":3},{"damage":5,"enemies":"2 Louse","floor":3,"turns":4},{"damage":10,"enemies":"Small Slimes","floor":4,"turns":2},{"damage":10,"enemies":"Exordium Thugs","floor":5,"turns":4},{"damage":6,"enemies":"Large Slime","floor":6,"turns":4},{"damage":11,"enemies":"Gremlin Nob","floor":9,"turns":3},{"damage":5,"enemies":"Gremlin Nob","floor":11,"turns":3},{"damage":0,"enemies":"downfall:FleeingMerchant","floor":12,"turns":4},{"damage":3,"enemies":"3 Louse","floor":14,"turns":4},{"damage":0,"enemies":"Exordium Wildlife","floor":15,"turns":4},{"damage":30,"enemies":"WA_ARCHETYPE_RETAIN","floor":16,"turns":8}],"seed_played":"-1649817038527798828","potions_obtained":[{"floor":2,"key":"SpeedPotion"},{"floor":3,"key":"hexamod:SoulburnPotion"},{"floor":4,"key":"BlessingOfTheForge"},{"floor":9,"key":"SmokeBomb"},{"floor":14,"key":"Weak Potion"}],"is_trial":false,"path_per_floor":["R","M","M","M","M","M","T","R","?","R","E","$","?","M","M","B"],"character_chosen":"THE_SPIRIT","items_purchased":["hexamod:Hexaguard"],"campfire_rested":1,"item_purchase_floors":[12],"current_hp_per_floor":[70,70,65,55,45,39,39,39,28,49,44,44,32,29,29,0,0,0],"gold":184,"neow_bonus":"ONE_RANDOM_RARE_CARD","is_daily":false,"chose_seed":false,"campfire_upgraded":1,"win_rate":0.0,"timestamp":1611443962,"path_taken":["R","M","?","M","?","M","T","R","?","R","E","$","?","M","M","BOSS"],"items_purchased_type":["Card"],"build_version":"2020-12-22","purchased_purges":1,"victory":false,"max_hp_per_floor":[70,70,70,70,70,70,70,70,70,70,70,70,70,70,70,70,70,70],"card_choices":[{"not_picked":["hexamod:GhostOfSpirePast","hexamod:RainOfEmbers"],"picked":"hexamod:PhantomFireball","floor":2},{"not_picked":["hexamod:SecondSeal","hexamod:Rewind"],"picked":"hexamod:Incineration","floor":3},{"not_picked":["hexamod:Firestarter","hexamod:SwordOfDarkness"],"picked":"hexamod:HeatMetal","floor":4},{"not_picked":["hexamod:NightmareGuise","hexamod:StepThrough"],"picked":"hexamod:AdvancingGuard","floor":5},{"not_picked":["hexamod:EtherealExpedition","hexamod:HeatMetal"],"picked":"hexamod:InspiringFlames","floor":6},{"not_picked":["hexamod:GhostOfSpireFuture","hexamod:NecessarySacrifice"],"picked":"hexamod:RadiantFlame","floor":9},{"not_picked":["hexamod:ForkedFlame","hexamod:CatchUp"],"picked":"hexamod:HeatCrush","floor":11},{"not_picked":["hexamod:PhantomCloak","hexamod:BurningTouch"],"picked":"hexamod:NightmareGuise","floor":12},{"not_picked":["hexamod:NecessarySacrifice","hexamod:ShieldOfDarkness"],"picked":"hexamod:SoulSteal","floor":14},{"not_picked":["hexamod:BacktrackSmack","hexamod:InspiringFlames"],"picked":"hexamod:ThermalTransfer","floor":15}],"player_experience":426513,"relics_obtained":[{"floor":7,"key":"Mummified Hand"},{"floor":9,"key":"Pen Nib"},{"floor":11,"key":"Peace Pipe"}],"event_choices":[{"damage_healed":0,"gold_gain":0,"player_choice":"Success","damage_taken":12,"relics_obtained":["hexamod:MatchstickCase"],"max_hp_gain":0,"max_hp_loss":0,"event_name":"Scrap Ooze","floor":13,"gold_loss":0}],"is_beta":false,"boss_relics":[],"items_purged_floors":[12],"is_endless":false,"potions_floor_spawned":[2,3,4,5,9,14],"killed_by":"WA_ARCHETYPE_RETAIN","ascension_level":0}}