{"host":"itbqv4oobgse7q4n","time":1611391943,"event":{"mods":["100% Spire Juice","Act Like it!","Arknights The Spire","Aspiration","BaseMod","Bestiary","CapriCore","Card Forge","Colored Powertips","Evolution","Friendly Minions","Gensokyo","GifTheSpireLib","Hero for Fun","Highlight Path","HololiveMod","Hubris","LagranYue(???·?)","Minty Spire (QoL Compilation)","Prisma Mod","Relic Filter","Remilia??????","Replay The Spire","Shop Mod","Small Relic Pack","StSLib","Steal the Spire","Td1madao Mod","The Alterego","The Animator","The Immortal","The Necromancer","The Servant 0.9.4","The Wild Card","Yakumo Yukari mod"],"gold_per_floor":[119,119,132,148,176,207,222,233,260,260,27,40,50,82,82,181,61,81,96,96,111,36,36,36,55,55,73,53,86,86,86,86,188,68,84,98,98,38,38,38,54,84,84,84,84,111,111,111,111,111,111,111,291,326,326],"floor_reached":56,"language":"RUS","playtime":7759,"items_purged":[],"score":1397,"play_id":"71cce691-97ac-40fc-8d64-3d6051845bc0","local_time":"20210123115223","is_ascension_mode":false,"campfire_choices":[{"floor":10.0,"key":"RECALL"},{"data":"Moonworks:MiracleWalker","floor":23.0,"key":"SMITH"},{"floor":32.0,"key":"REST"},{"floor":40.0,"key":"REST"},{"floor":44.0,"key":"REST"},{"floor":49.0,"key":"REST"},{"floor":52.0,"key":"REST"}],"circlet_count":0,"master_deck":["Moonworks:Strike+1","Moonworks:Strike+1","Moonworks:Strike+1","Moonworks:Strike+1","Moonworks:Defend+1","Moonworks:Defend+1","Moonworks:Defend+1","Moonworks:Defend+1","Moonworks:Ambush+1","Moonworks:LongDistanceShot+1","Moonworks:DeployBits+1","Moonworks:DevilHand+1","Moonworks:LuckyCharm+1","Moonworks:SealedMemories+1","Moonworks:CloudOfSeagulls+1","Moonworks:StarBlastingFuse+1","Moonworks:SweetBattle+1","Moonworks:AnotherUltimateWeapon+1","Moonworks:CrystalBarrier+1","Moonworks:ImmovableObject+1","Moonworks:ShieldCounter+1","Moonworks:CompletionReward+1","Moonworks:LulusLuckyEgg+1","Moonworks:MiracleWalker+1","Moonworks:Poppoformation+1","Moonworks:FinalBattle+1","Moonworks:DeployBits+1","Moonworks:TreasureThief+1","Moonworks:Accelerator+1","Moonworks:MetallicMonocoque+1","Moonworks:IndiscriminateFireSupport+1","hubris:NaturalOne","Moonworks:PlushieMaster+1","Moonworks:ScrambledEve+1","Moonworks:UnpaidWork+1","Gensokyo:CustomPotion","Moonworks:ReproductionOfRecords+1","Moonworks:MiracleWalker+1","Moonworks:WindyEnchantment+1","Moonworks:BigBangBell+1","Moonworks:ReflectiveShell+1","Moonworks:ImOnFire+1","Moonworks:Poppoformation+1","Moonworks:RagingMadness","Violence","Moonworks:SubspaceTunnel","Moonworks:UnluckyCharm+1"],"relics":["Moonworks:BrokenBomb","Moonworks:Homemark","Hammer of Thor","Seething Fire","Anvil of the Gods","EVO:Axolotl","Question Card","Juzu Bracelet","Gensokyo:Companionship","Bottled Lightning","Ginger","aspiration:SecretTechniqueScroll","ReplayFunnel","Dream Catcher","hubris:Icosahedron","Philosopher\u0027s Stone","Sundial","LagranYue:RareGoldArmorRelic","Centennial Puzzle","hubris:Towel","Ice Cream","Turnip","hubris:NiceRug","hubris:SlimyHat","Mirror","LagranYue:NewUniverseRelic","Incense Burner"],"acts_visited":["Gensokyo:Gensokyo","Gensokyo:Gensokyoer","Gensokyo:Gensokyoest","TheEnding"],"potions_floor_usage":[],"damage_taken":[{"damage":0.0,"enemies":"Gensokyo:3_Fairies","floor":1.0,"turns":4.0},{"damage":7.0,"enemies":"Gensokyo:Gryphon","floor":3.0,"turns":3.0},{"damage":0.0,"enemies":"Gensokyo:2_Kodama","floor":4.0,"turns":2.0},{"damage":7.0,"enemies":"Gensokyo:Aya","floor":5.0,"turns":5.0},{"damage":1.0,"enemies":"Gensokyo:Mamizou","floor":6.0,"turns":7.0},{"damage":0.0,"enemies":"Gensokyo:VengefulSpirit","floor":7.0,"turns":2.0},{"damage":9.0,"enemies":"Gensokyo:Gryphon_and_Rabbit","floor":8.0,"turns":4.0},{"damage":30.0,"enemies":"Gensokyo:Kitsune","floor":12.0,"turns":4.0},{"damage":0.0,"enemies":"Gensokyo:2_Rabbits","floor":13.0,"turns":4.0},{"damage":0.0,"enemies":"Gensokyo:Aya","floor":14.0,"turns":5.0},{"damage":12.0,"enemies":"Gensokyo:Kokoro","floor":16.0,"turns":9.0},{"damage":0.0,"enemies":"Gensokyo:CosmicMonolith","floor":18.0,"turns":2.0},{"damage":0.0,"enemies":"Gensokyo:2_Gloops","floor":19.0,"turns":4.0},{"damage":0.0,"enemies":"Gensokyo:Swordslinger","floor":21.0,"turns":4.0},{"damage":16.0,"enemies":"Gensokyo:Slime_Group","floor":25.0,"turns":5.0},{"damage":10.0,"enemies":"Gensokyo:Chomper_and_Gloop","floor":27.0,"turns":5.0},{"damage":6.0,"enemies":"Gensokyo:Mirror_and_Dog","floor":28.0,"turns":5.0},{"damage":0.0,"enemies":"Gensokyo:Reisen","floor":29.0,"turns":7.0},{"damage":22.0,"enemies":"Gensokyo:Eiki","floor":33.0,"turns":8.0},{"damage":0.0,"enemies":"Gensokyo:3_Boulders","floor":35.0,"turns":2.0},{"damage":7.0,"enemies":"Gensokyo:3_Bats","floor":36.0,"turns":4.0},{"damage":21.0,"enemies":"Gensokyo:Sharpion","floor":41.0,"turns":5.0},{"damage":24.0,"enemies":"Gensokyo:Marisa","floor":42.0,"turns":6.0},{"damage":0.0,"enemies":"Gensokyo:Doremy","floor":46.0,"turns":6.0},{"damage":14.0,"enemies":"Gensokyo:Shinki","floor":50.0,"turns":9.0},{"damage":18.0,"enemies":"hubris:Merchant","floor":53.0,"turns":7.0},{"damage":0.0,"enemies":"Shield and Spear","floor":54.0,"turns":5.0},{"damage":2,"enemies":"The Heart","floor":55,"turns":9}],"seed_played":"-8145607930283165155","potions_obtained":[{"floor":3.0,"key":"BlessingOfTheForge"},{"floor":6.0,"key":"SkillPotion"},{"floor":8.0,"key":"Reflective Coating"},{"floor":19.0,"key":"Toxic Potion"},{"floor":25.0,"key":"Languid Potion"},{"floor":33.0,"key":"BlessingOfTheForge"},{"floor":53.0,"key":"Toxic Potion"},{"floor":53.0,"key":"LiquidMemories"}],"is_trial":false,"path_per_floor":["M","?","M","M","?","E","M","M","T","R","COS","M","M","E","R","B",null,"M","M","?","M","COS","R","?","M","T","M","M","E","?","?","R","B",null,"M","M","?","?","T","R","M","E","T","R","?","E","?","T","R","B",null,"R","$","E","B",null],"character_chosen":"THE_STARBREAKER","items_purchased":[],"campfire_rested":5,"item_purchase_floors":[],"current_hp_per_floor":[66,66,59,59,52,51,51,42,42,42,42,12,16,20,39,31,66,66,66,66,66,66,66,66,50,50,44,38,42,42,42,61,44,66,66,59,59,59,59,66,45,31,31,50,50,64,64,64,66,62,66,66,48,48,54],"gold":326,"neow_bonus":"TEN_PERCENT_HP_BONUS","is_daily":false,"chose_seed":false,"campfire_upgraded":1,"win_rate":0.0,"timestamp":1611391943,"path_taken":["M","?","M","M","?","E","M","M","T","R","COS","M","M","E","R","BOSS","M","M","?","M","COS","R","?","M","T","M","M","E","?","?","R","BOSS","M","M","?","?","?","R","M","E","T","R","?","E","?","?","R","BOSS","R","$","E","BOSS"],"items_purchased_type":[],"build_version":"2020-12-22","purchased_purges":0,"victory":true,"max_hp_per_floor":[66,66,66,66,66,66,66,66,66,66,66,66,66,66,66,66,66,66,66,66,66,66,66,66,66,66,66,66,66,66,66,66,66,66,66,66,66,66,66,66,66,66,66,66,66,66,66,66,66,66,66,66,66,66,66],"card_choices":[{"not_picked":["Moonworks:Assault","Moonworks:LulusLuckyEgg"],"picked":"Moonworks:DeployBits","floor":1.0},{"not_picked":["Moonworks:BindingChains","Moonworks:NicePresent"],"picked":"Moonworks:DevilHand","floor":3.0},{"not_picked":["Moonworks:DeployBits","Moonworks:Assault"],"picked":"Moonworks:LuckyCharm","floor":4.0},{"not_picked":["Moonworks:IndiscriminateFireSupport","Moonworks:NicePresent"],"picked":"Moonworks:SealedMemories","floor":5.0},{"not_picked":["Moonworks:ExtendedPhotonRifle","Moonworks:Bloodlust","Moonworks:JonathanRush"],"picked":"Moonworks:CloudOfSeagulls","floor":6.0},{"not_picked":["Moonworks:ImOnFire","Moonworks:TacticalRetreat","Moonworks:DevilHand"],"picked":"Moonworks:StarBlastingFuse","floor":7.0},{"not_picked":["Moonworks:NicePresent","Moonworks:IndiscriminateFireSupport","Moonworks:ImOnFire"],"picked":"Moonworks:SweetBattle","floor":8.0},{"not_picked":["Moonworks:ImOnFire","Moonworks:CastOff","Moonworks:JonathanRush"],"picked":"Moonworks:CloudOfSeagulls","floor":12.0},{"not_picked":["Moonworks:MiracleRedBeanIceCream","Moonworks:ImOnFire","Moonworks:x16BigRocket"],"picked":"Moonworks:AnotherUltimateWeapon","floor":13.0},{"not_picked":["Moonworks:MeltingMemories","Moonworks:AccelHyper","Moonworks:RocketCannon"],"picked":"Moonworks:CrystalBarrier","floor":14.0},{"not_picked":["Moonworks:BigMagnum","Moonworks:UnpaidWork","Moonworks:SakisCookie"],"picked":"Moonworks:ImmovableObject","floor":14.0},{"not_picked":["Moonworks:Blazing","Moonworks:SubspaceTunnel","Moonworks:Wanted"],"picked":"Moonworks:ShieldCounter","floor":16.0},{"not_picked":["Moonworks:EvilSpyWorkPreparation","Moonworks:BigMagnum+1","Moonworks:JonathanRush"],"picked":"Moonworks:CompletionReward","floor":18.0},{"not_picked":["Moonworks:Assault","Moonworks:EvilSpyWorkPreparation","Moonworks:IntelligenceOfficer"],"picked":"Moonworks:LulusLuckyEgg","floor":19.0},{"not_picked":["Moonworks:TreasureThief","Moonworks:LuckyCharm","Moonworks:Bloodlust+1"],"picked":"Moonworks:Poppoformation","floor":21.0},{"not_picked":["Moonworks:BigMagnum","Moonworks:NicePresent","Moonworks:AngelHand"],"picked":"Moonworks:FinalBattle","floor":25.0},{"not_picked":["Moonworks:NicePresent","Moonworks:EvilSpyWorkPreparation","Moonworks:BeyondHell+1"],"picked":"Moonworks:DeployBits+1","floor":27.0},{"not_picked":["Moonworks:Assault","Moonworks:IntelligenceOfficer","Moonworks:StiffCrystal"],"picked":"Moonworks:TreasureThief","floor":28.0},{"not_picked":["Moonworks:ShieldCounter","Moonworks:Gamble","Moonworks:FinalBattle"],"picked":"Moonworks:Accelerator","floor":29.0},{"not_picked":["Moonworks:EvilSpyWorkPreparation","Moonworks:BeyondHell+1","Moonworks:UnpaidWork"],"picked":"Moonworks:MetallicMonocoque","floor":29.0},{"not_picked":["Moonworks:LulusLuckyEgg","Moonworks:UnpaidWork+1","Moonworks:EvilSpyWorkPreparation"],"picked":"Moonworks:IndiscriminateFireSupport","floor":32.0},{"not_picked":["Moonworks:AccelHyper","Moonworks:Blazing","Moonworks:StarBlastingFuse"],"picked":"Moonworks:PlushieMaster","floor":33.0},{"not_picked":["Moonworks:Dinner+1","Moonworks:CloudOfSeagulls","Moonworks:IntelligenceOfficer"],"picked":"Moonworks:ScrambledEve","floor":35.0},{"not_picked":["Moonworks:NicePresent","Moonworks:BigMagnum+1","Moonworks:RedAndBlue+1"],"picked":"Moonworks:UnpaidWork","floor":36.0},{"not_picked":["Moonworks:SakisCookie","Moonworks:JonathanRush+1","Moonworks:BigMagnum+1"],"picked":"Moonworks:ReproductionOfRecords","floor":40.0},{"not_picked":["Moonworks:ImOnFire+1","Moonworks:Heat300Percent","Moonworks:SakisCookie+1"],"picked":"Moonworks:MiracleWalker+1","floor":41.0},{"not_picked":["Moonworks:x16BigRocket","Moonworks:DeployBits","Moonworks:CloudOfSeagulls+1"],"picked":"Moonworks:WindyEnchantment","floor":42.0},{"not_picked":["Moonworks:Poppoformation","Moonworks:StarBlastingFuse","Moonworks:SelfDestruct+1"],"picked":"Moonworks:BigBangBell","floor":44.0},{"not_picked":["Moonworks:ReproductionOfRecords","Moonworks:SealedMemories+1","Moonworks:LulusLuckyEgg"],"picked":"Moonworks:ReflectiveShell","floor":46.0},{"not_picked":["Moonworks:SakisCookie","Moonworks:Assault","Moonworks:Assault"],"picked":"SKIP","floor":46.0},{"not_picked":["Moonworks:CastOff","Moonworks:EvilSpyWorkPreparation","Moonworks:NicePresent+1"],"picked":"Moonworks:ImOnFire+1","floor":49.0},{"not_picked":["Moonworks:EvilSpyWorkPreparation","Moonworks:Assault","Moonworks:AwakeningOfTalent"],"picked":"Moonworks:Poppoformation+1","floor":52.0},{"not_picked":[],"picked":"Moonworks:RagingMadness","floor":53.0},{"not_picked":[],"picked":"Violence","floor":53.0},{"not_picked":["Moonworks:SelfDestruct"],"picked":"SKIP","floor":53.0},{"not_picked":["Moonworks:JonathanRush"],"picked":"SKIP","floor":53.0},{"not_picked":["Moonworks:DeployBits"],"picked":"SKIP","floor":53.0},{"not_picked":["Moonworks:EvilSpyWorkPreparation"],"picked":"SKIP","floor":53.0},{"not_picked":["Dramatic Entrance"],"picked":"SKIP","floor":53.0},{"not_picked":["Moonworks:NicePresent","Moonworks:LulusLuckyEgg","Moonworks:DeployBits"],"picked":"SKIP","floor":53.0},{"not_picked":["Moonworks:Flamethrower","Moonworks:ImOnFire"],"picked":"Moonworks:SubspaceTunnel","floor":54.0},{"not_picked":["Moonworks:JonathanRush+1","Moonworks:StiffCrystal+1","Moonworks:DevilHand"],"picked":"Moonworks:UnluckyCharm+1","floor":54.0}],"player_experience":177943,"relics_obtained":[{"floor":5.0,"key":"Question Card"},{"floor":6.0,"key":"Juzu Bracelet"},{"floor":14.0,"key":"Bottled Lightning"},{"floor":26.0,"key":"ReplayFunnel"},{"floor":29.0,"key":"Dream Catcher"},{"floor":39.0,"key":"Sundial"},{"floor":42.0,"key":"LagranYue:RareGoldArmorRelic"},{"floor":43.0,"key":"Centennial Puzzle"},{"floor":46.0,"key":"Ice Cream"},{"floor":48.0,"key":"Turnip"},{"floor":53.0,"key":"hubris:SlimyHat"},{"floor":53.0,"key":"Mirror"},{"floor":53.0,"key":"LagranYue:NewUniverseRelic"},{"floor":54.0,"key":"Incense Burner"}],"event_choices":[],"is_beta":false,"boss_relics":[{"not_picked":["Moonworks:SBBomb","relicPack:KazumaCape"],"picked":"aspiration:SecretTechniqueScroll"},{"not_picked":["Hololive_ChaosS","aspiration:SilentSkillbook"],"picked":"Philosopher\u0027s Stone"}],"items_purged_floors":[],"is_endless":false,"potions_floor_spawned":[3,6,8,12,16,19,25,27,29,33,42,46],"ascension_level":0}}