{"host":"awrw1gk2acwismlg","time":1611445660,"event":{"mods":["100% Spire Juice","ATMod(°¢èªMod)","BaseMod","Bestiary","Challenge The Spire","Hero for Fun","KinomotoSakuraMod(Ä¾Ö®±¾Ó£)","Marisa£¨ìFÓê¡¡Ä§ÀíÉ³£©","Minty Spire (QoL Compilation)","Remilia_Scarlet Moed£¨ÀÙÃ×ÀòÑÇ¡¤Ë¹¿¨À×ÌØ£©3.3.5","Remilia£¨ÀÙÃ×ÀòÑÇ£©","Robot Space Explorer","Small Relic Pack","Spicy Shops","StSLib","The Dragon Tamer","Wide Potions","Yakumo Yukari mod","Youmu£¨»êÆÇÑýÃÎ£©","¡¾ÒÅÎï¿¨ÅÆ¡¿REMEMod","óô»ðÖ¸ÄÏ"],"gold_per_floor":[545,250,278,308,336,336,336,336,361,396,439,448,188,188,213,256,596,623],"floor_reached":19,"language":"ZHS","playtime":964,"items_purged":["Defend_R","Bash","Normality"],"score":395,"play_id":"3a522efb-43af-4b2f-a330-392786a9608f","local_time":"20210124074740","daily_mods":["challengethespire:Bronze Difficulty","challengethespire:Modded Elite Rush","Uncertain Future"],"is_ascension_mode":true,"campfire_choices":[{"data":"Demon Form","floor":7,"key":"SMITH"},{"data":"Heavy Blade","floor":8,"key":"SMITH"},{"floor":14,"key":"REST"}],"circlet_count":0,"master_deck":["Strike_R","Strike_R","Strike_R","Strike_R+1","Strike_R+1","Defend_R","Defend_R","Defend_R+1","AT_FamilyPortrait+1","Inflame","Heavy Blade+1","Inflame","Pummel","Demon Form+1","Pummel","Inflame","Inflame","Heavy Blade","AT_EmpoweredMortalDraw","Flex","Flex","Limit Break"],"relics":["Burning Blood","Black Star","Sling","PreservedInsect","AT_ATBox","REME_ComplimentaryCards","Vajra","Brimstone","Medical Kit","Mango","Oddly Smooth Stone","Whetstone","REME_PuzzleBoxRelic","Turnip","Lantern","SlaversCollar","Eternal Feather","Du-Vu Doll","AT_SpeedBoots","CeramicFish","Orichalcum","Pen Nib","AT_MortalBlade","AT_SilverBalance","Happy Flower","Champion Belt","Smiling Mask","War Paint","StoneCalendar","Old Coin","Red Skull","Regal Pillow"],"acts_visited":["Exordium"],"potions_floor_usage":[],"damage_taken":[{"damage":11,"enemies":"3 Sentries","floor":3,"turns":3},{"damage":18,"enemies":"Gremlin Nob","floor":4,"turns":3},{"damage":20,"enemies":"Lagavulin","floor":5,"turns":3},{"damage":24,"enemies":"REME_1_Revenger","floor":9,"turns":3},{"damage":15,"enemies":"Book of Stabbing","floor":10,"turns":2},{"damage":21,"enemies":"Gremlin Leader","floor":11,"turns":3},{"damage":10,"enemies":"Giant Head","floor":15,"turns":4},{"damage":0,"enemies":"Nemesis","floor":16,"turns":2},{"damage":0,"enemies":"Reptomancer","floor":17,"turns":1},{"damage":30,"enemies":"Shield and Spear","floor":18,"turns":3}],"seed_played":"8779556472827844310","potions_obtained":[{"floor":9,"key":"BlessingOfTheForge"},{"floor":10,"key":"Strength Potion"},{"floor":17,"key":"Fire Potion"}],"is_trial":true,"path_per_floor":["$","R","E","E","E","T","R","R","E","E","E","T","R","R","E","E","E","E",null],"character_chosen":"IRONCLAD","items_purchased":["Vajra","Brimstone","Inflame","Medical Kit","Heavy Blade","Inflame","AT_SilverBalance","Flex"],"campfire_rested":1,"item_purchase_floors":[1,1,1,2,2,2,13,13],"current_hp_per_floor":[80,80,89,77,63,63,63,63,45,36,21,21,30,70,43,53,53,23],"gold":623,"neow_bonus":"","is_daily":false,"chose_seed":false,"campfire_upgraded":2,"win_rate":0.0,"timestamp":1611445660,"path_taken":["$","R","E","E","E","T","R","R","E","E","E","T","R","R","E","E","E","E"],"items_purchased_type":["Relic","Relic","Card","Relic","Card","Card","Relic","Card"],"build_version":"2020-12-22","purchased_purges":3,"victory":true,"max_hp_per_floor":[80,80,94,94,94,94,94,94,94,94,94,94,94,94,94,94,94,94],"card_choices":[],"player_experience":38323,"relics_obtained":[{"floor":3,"key":"Mango"},{"floor":3,"key":"Oddly Smooth Stone"},{"floor":4,"key":"Whetstone"},{"floor":4,"key":"REME_PuzzleBoxRelic"},{"floor":5,"key":"Turnip"},{"floor":5,"key":"Lantern"},{"floor":9,"key":"Eternal Feather"},{"floor":9,"key":"Du-Vu Doll"},{"floor":10,"key":"AT_SpeedBoots"},{"floor":10,"key":"CeramicFish"},{"floor":11,"key":"Orichalcum"},{"floor":11,"key":"Pen Nib"},{"floor":15,"key":"Happy Flower"},{"floor":15,"key":"Champion Belt"},{"floor":16,"key":"Smiling Mask"},{"floor":16,"key":"War Paint"},{"floor":17,"key":"StoneCalendar"},{"floor":17,"key":"Old Coin"},{"floor":18,"key":"Red Skull"},{"floor":18,"key":"Regal Pillow"}],"event_choices":[],"is_beta":false,"boss_relics":[{"not_picked":["REME_DemonsWealth","REME_DuelDisc"],"picked":"SlaversCollar"},{"not_picked":["relicPack:ShieldShield","Runic Cube"],"picked":"AT_MortalBlade"}],"items_purged_floors":[1,2,13],"is_endless":false,"potions_floor_spawned":[9,10,16,17,18],"ascension_level":0}}