{"host":"x7xd4wkamhrqrrvw","time":1611433597,"event":{"mods":["AchievementEnabler","BaseMod","Minty Spire (QoL Compilation)","StSLib"],"gold_per_floor":[112,112,128,147,147,179,191,191,191,211,50,67,77,103,103,103,103],"floor_reached":16,"language":"ENG","playtime":567,"items_purged":["Strike_R"],"score":211,"play_id":"b996cd73-3dac-4a0c-b178-c9fa47c10a61","local_time":"20210123182637","is_ascension_mode":true,"campfire_choices":[{"data":"The Bomb","floor":8,"key":"SMITH"},{"data":"Disarm","floor":15,"key":"SMITH"}],"circlet_count":0,"master_deck":["AscendersBane","Strike_R","Strike_R","Strike_R","Defend_R","Defend_R","Defend_R","Defend_R","Bash","The Bomb+1","Battle Trance","Second Wind","Disarm+1","Disarm","Seeing Red"],"relics":["Burning Blood","Centennial Puzzle","Frozen Egg 2","Prayer Wheel"],"acts_visited":["Exordium"],"potions_floor_usage":[14,14],"damage_taken":[{"damage":14,"enemies":"Jaw Worm","floor":1,"turns":4},{"damage":8,"enemies":"Small Slimes","floor":3,"turns":3},{"damage":0,"enemies":"Cultist","floor":4,"turns":3},{"damage":10,"enemies":"3 Sentries","floor":6,"turns":3},{"damage":5,"enemies":"Large Slime","floor":7,"turns":5},{"damage":28,"enemies":"Exordium Thugs","floor":10,"turns":4},{"damage":4,"enemies":"Blue Slaver","floor":12,"turns":5},{"damage":4,"enemies":"Looter","floor":13,"turns":5},{"damage":14,"enemies":"Lagavulin","floor":14,"turns":6},{"damage":21,"enemies":"The Guardian","floor":16,"turns":2}],"seed_played":"-6070318190289875762","potions_obtained":[{"floor":3,"key":"PowerPotion"},{"floor":6,"key":"FearPotion"},{"floor":12,"key":"ColorlessPotion"}],"is_trial":false,"path_per_floor":["M","?","M","M","?","E","M","R","T","M","$","M","M","E","R","B"],"character_chosen":"IRONCLAD","items_purchased":["Disarm"],"campfire_rested":0,"item_purchase_floors":[11],"current_hp_per_floor":[42,42,40,46,46,42,43,43,43,21,21,23,25,17,17,0,0],"gold":103,"neow_bonus":"RANDOM_COLORLESS_2","is_daily":false,"chose_seed":false,"campfire_upgraded":2,"win_rate":0.0,"timestamp":1611433597,"path_taken":["M","?","M","M","?","E","M","R","T","M","$","M","M","E","R","BOSS"],"items_purchased_type":["Card"],"build_version":"2020-12-22","purchased_purges":1,"victory":false,"max_hp_per_floor":[75,75,75,75,75,75,75,75,75,75,75,75,75,75,75,75,75],"card_choices":[{"not_picked":["Metamorphosis","Secret Weapon"],"picked":"The Bomb","floor":0},{"not_picked":["Flex","Iron Wave","Thunderclap"],"picked":"SKIP","floor":1},{"not_picked":["Reckless Charge","Cleave","Clothesline"],"picked":"SKIP","floor":3},{"not_picked":["Hemokinesis","Sword Boomerang"],"picked":"Battle Trance","floor":4},{"not_picked":["Rampage","Anger","Cleave"],"picked":"SKIP","floor":6},{"not_picked":["Barricade","Thunderclap"],"picked":"Disarm","floor":7},{"not_picked":["Combust+1","Uppercut","Havoc"],"picked":"SKIP","floor":10},{"not_picked":["Flex","Wild Strike","Anger"],"picked":"SKIP","floor":12},{"not_picked":["Infernal Blade","Wild Strike","Perfected Strike"],"picked":"SKIP","floor":13},{"not_picked":["Flex","Perfected Strike"],"picked":"Seeing Red","floor":14}],"player_experience":396221,"relics_obtained":[{"floor":6,"key":"Centennial Puzzle"},{"floor":9,"key":"Frozen Egg 2"},{"floor":14,"key":"Prayer Wheel"}],"event_choices":[{"damage_healed":0,"gold_gain":0,"player_choice":"Fled","damage_taken":0,"max_hp_gain":0,"max_hp_loss":0,"event_name":"Scrap Ooze","floor":2,"gold_loss":0},{"damage_healed":0,"gold_gain":0,"cards_transformed":["Strike_R"],"player_choice":"Transformed","damage_taken":0,"max_hp_gain":0,"max_hp_loss":0,"event_name":"Transmorgrifier","floor":5,"gold_loss":0,"cards_obtained":["Second Wind"]}],"is_beta":false,"boss_relics":[],"items_purged_floors":[11],"is_endless":false,"potions_floor_spawned":[3,6,12,13],"killed_by":"The Guardian","ascension_level":17}}