{"host":"vex7walpoxzv48nx","time":1611366665,"event":{"mods":["BaseMod","Bestiary","Minty Spire (QoL Compilation)","Permanent Neow","Quick Restart","Relic Stats"],"gold_per_floor":[114,129,144,144,94,94,109,109,109,72,87,117,132,147,147,247,247,262,277,277,277,36,66,66,96,96,96,16,31,361,376,376,476,476,491,491,506,521,81,111,126,22,22,22,37,67,97,127,127,127],"floor_reached":51,"language":"ENG","playtime":3783,"items_purged":["Strike_R","Strike_R"],"score":1102,"play_id":"01da1206-5414-47ab-a489-540432d1259f","local_time":"20210123025105","daily_mods":["Cursed Run","Purple Cards","DeadlyEvents"],"is_ascension_mode":false,"campfire_choices":[{"data":"CrushJoints","floor":6.0,"key":"SMITH"},{"data":"True Grit","floor":8.0,"key":"SMITH"},{"data":"Flame Barrier","floor":15.0,"key":"SMITH"},{"data":"Armaments","floor":24.0,"key":"SMITH"},{"data":"Blasphemy","floor":27.0,"key":"SMITH"},{"floor":32,"key":"REST"},{"floor":44,"key":"REST"},{"floor":49,"key":"REST"}],"circlet_count":0,"master_deck":["Strike_R+1","Defend_R","Defend_R","Defend_R","Bash","CrushJoints+1","Combust","Flame Barrier+1","True Grit+1","Clumsy","WheelKick+1","DevaForm","Inflame","Parasite","Blasphemy+1","CurseOfTheBell","Pommel Strike+1","Feel No Pain","Necronomicurse","Flame Barrier+1","ForeignInfluence+1","Heavy Blade","Inflame","ThirdEye","Armaments+1","Battle Trance","Pain","Consecrate+1","Pain","Ragnarok","Rage+1","Secret Technique","Enlightenment","Dark Embrace+1","Pain","Clumsy"],"relics":["Cursed Key","Darkstone Periapt","Du-Vu Doll","InkBottle","Turnip","Calling Bell","Bag of Preparation","Paper Frog","Pocketwatch","Necronomicon","Oddly Smooth Stone","The Courier","Kunai","Old Coin","Busted Crown","Pen Nib","ClockworkSouvenir","Singing Bowl","Toy Ornithopter","War Paint","Peace Pipe","Red Skull","Whetstone","Orichalcum"],"acts_visited":["Exordium","TheCity","TheBeyond"],"potions_floor_usage":[30,33,47,50],"damage_taken":[{"damage":1.0,"enemies":"Jaw Worm","floor":1.0,"turns":3.0},{"damage":1.0,"enemies":"2 Louse","floor":2.0,"turns":2.0},{"damage":0.0,"enemies":"Cultist","floor":3.0,"turns":2.0},{"damage":11.0,"enemies":"Exordium Thugs","floor":7.0,"turns":4.0},{"damage":2.0,"enemies":"Exordium Wildlife","floor":11.0,"turns":3.0},{"damage":0.0,"enemies":"Lagavulin","floor":12.0,"turns":4.0},{"damage":12.0,"enemies":"3 Louse","floor":13.0,"turns":2.0},{"damage":4.0,"enemies":"Gremlin Gang","floor":14.0,"turns":3.0},{"damage":19.0,"enemies":"Hexaghost","floor":16.0,"turns":7.0},{"damage":4.0,"enemies":"3 Byrds","floor":18.0,"turns":3.0},{"damage":1.0,"enemies":"Spheric Guardian","floor":19.0,"turns":4.0},{"damage":8.0,"enemies":"Book of Stabbing","floor":23.0,"turns":4.0},{"damage":45.0,"enemies":"Gremlin Leader","floor":25.0,"turns":4.0},{"damage":3.0,"enemies":"Snake Plant","floor":29.0,"turns":2.0},{"damage":5,"enemies":"Slavers","floor":30,"turns":4},{"damage":5,"enemies":"Sentry and Sphere","floor":31,"turns":3},{"damage":7,"enemies":"Automaton","floor":33,"turns":3},{"damage":10,"enemies":"3 Darklings","floor":35,"turns":2},{"damage":3,"enemies":"Orb Walker","floor":37,"turns":1},{"damage":19,"enemies":"Writhing Mass","floor":38,"turns":2},{"damage":24,"enemies":"Nemesis","floor":40,"turns":3},{"damage":12,"enemies":"Transient","floor":41,"turns":5},{"damage":6,"enemies":"4 Shapes","floor":45,"turns":2},{"damage":0,"enemies":"Giant Head","floor":46,"turns":1},{"damage":27,"enemies":"Nemesis","floor":47,"turns":5},{"damage":8,"enemies":"Reptomancer","floor":48,"turns":1},{"damage":17,"enemies":"Time Eater","floor":50,"turns":4}],"seed_played":"-4692305807027556167","potions_obtained":[{"floor":3.0,"key":"ElixirPotion"},{"floor":7.0,"key":"LiquidBronze"},{"floor":12.0,"key":"Fruit Juice"},{"floor":13.0,"key":"Regen Potion"},{"floor":14.0,"key":"Weak Potion"},{"floor":19.0,"key":"Swift Potion"},{"floor":25.0,"key":"ColorlessPotion"},{"floor":31,"key":"Swift Potion"},{"floor":40,"key":"LiquidBronze"},{"floor":41,"key":"SkillPotion"},{"floor":45,"key":"Weak Potion"},{"floor":48,"key":"Explosive Potion"}],"is_trial":false,"path_per_floor":["M","M","M","?","?","R","M","R","T","$","M","E","M","M","R","B",null,"M","M","?","?","$","E","R","E","T","R","$","M","E","M","R","B",null,"M","?","M","M","$","E","M","?","T","R","M","E","E","E","R","B",null],"character_chosen":"IRONCLAD","items_purchased":["WheelKick","Heavy Blade","Inflame","ThirdEye","Pen Nib","ClockworkSouvenir","Singing Bowl"],"campfire_rested":3,"item_purchase_floors":[10,22,22,22,39,39,39],"current_hp_per_floor":[79,78,78,78,78,78,67,67,73,73,71,71,64,60,60,47,103,99,98,88,88,88,80,80,35,41,41,41,43,38,33,67,66,121,111,106,103,84,84,60,50,50,56,94,90,92,72,66,107,101],"gold":127,"neow_bonus":"","is_daily":true,"chose_seed":false,"campfire_upgraded":5,"win_rate":0.0,"timestamp":1611366665,"path_taken":["M","M","M","?","?","R","M","R","T","$","?","?","M","M","R","BOSS","M","M","?","?","$","?","R","E","T","R","?","?","?","?","R","BOSS","M","?","M","M","$","E","?","?","T","R","M","E","?","E","R","BOSS"],"items_purchased_type":["Card","Card","Card","Card","Relic","Relic","Relic"],"build_version":"2020-12-22","purchased_purges":2,"victory":true,"max_hp_per_floor":[80,80,80,80,80,80,80,80,86,86,86,86,91,91,91,97,103,103,103,109,109,109,109,109,109,115,115,115,115,115,115,115,121,121,121,121,121,121,121,121,123,123,129,129,131,133,135,137,137,143],"relic_stats":{"Darkstone Periapt":48,"Singing Bowl":10,"counters":[27,83],"Pen Nib":[4],"Bag of Preparation":[36],"Whetstone":["WheelKick","Strike_R"],"War Paint":["Flame Barrier","ForeignInfluence"],"Orichalcum":[6],"Cursed Key":3,"Peace Pipe":0,"Busted Crown":22,"Turnip":[12],"Necronomicon":[35],"Kunai":[13],"obtain_stats":[{"Darkstone Periapt":0,"Singing Bowl":39,"Oddly Smooth Stone":23,"The Courier":25,"Pen Nib":39,"Bag of Preparation":17,"Whetstone":47,"War Paint":42,"Orichalcum":48,"Cursed Key":0,"Old Coin":30,"ClockworkSouvenir":39,"Du-Vu Doll":0,"Calling Bell":17,"Peace Pipe":43,"Busted Crown":34,"Turnip":12,"Necronomicon":20,"Kunai":26,"InkBottle":9,"Toy Ornithopter":40,"Red Skull":46,"Paper Frog":17,"Pocketwatch":17},{"Darkstone Periapt":0,"Singing Bowl":20,"Oddly Smooth Stone":12,"The Courier":13,"Pen Nib":20,"Bag of Preparation":9,"Whetstone":25,"War Paint":22,"Orichalcum":26,"Cursed Key":0,"Old Coin":15,"ClockworkSouvenir":20,"Du-Vu Doll":0,"Calling Bell":9,"Peace Pipe":22,"Busted Crown":17,"Turnip":6,"Necronomicon":11,"Kunai":13,"InkBottle":4,"Toy Ornithopter":21,"Red Skull":24,"Paper Frog":9,"Pocketwatch":9},{"Darkstone Periapt":0,"Singing Bowl":62,"Oddly Smooth Stone":41,"The Courier":45,"Pen Nib":62,"Bag of Preparation":30,"Whetstone":78,"War Paint":70,"Orichalcum":79,"Cursed Key":0,"Old Coin":51,"ClockworkSouvenir":62,"Du-Vu Doll":0,"Calling Bell":30,"Peace Pipe":70,"Busted Crown":57,"Turnip":18,"Necronomicon":37,"Kunai":45,"InkBottle":11,"Toy Ornithopter":65,"Red Skull":73,"Paper Frog":30,"Pocketwatch":30}],"InkBottle":[23],"Toy Ornithopter":10,"Pocketwatch":[36]},"card_choices":[{"not_picked":["Thunderclap","Prostrate"],"picked":"CrushJoints","floor":1.0},{"not_picked":["Flex","Seeing Red"],"picked":"Combust","floor":2.0},{"not_picked":["FollowUp","Clash"],"picked":"Flame Barrier","floor":3.0},{"not_picked":["Halt","Warcry"],"picked":"True Grit","floor":7.0},{"not_picked":["Feel No Pain","Combust"],"picked":"DevaForm","floor":11.0},{"not_picked":["Evolve","Flex"],"picked":"Inflame","floor":12.0},{"not_picked":["EmptyFist","JustLucky"],"picked":"Pommel Strike","floor":13.0},{"not_picked":["Clash","MentalFortress","Rage"],"picked":"SKIP","floor":14.0},{"not_picked":["Feed","Omniscience"],"picked":"Blasphemy","floor":16.0},{"not_picked":["Wild Strike","Spot Weakness+1"],"picked":"Pommel Strike+1","floor":18.0},{"not_picked":["PathToVictory","Juggernaut"],"picked":"Feel No Pain","floor":19.0},{"not_picked":["Twin Strike","Second Wind"],"picked":"Armaments","floor":23.0},{"not_picked":["Power Through","Disarm"],"picked":"Battle Trance","floor":25.0},{"not_picked":["Carnage","EmptyFist+1","Second Wind"],"picked":"SKIP","floor":29.0},{"not_picked":["Meditate","Havoc","Warcry"],"picked":"SKIP","floor":30},{"not_picked":["Scrawl","WreathOfFlame"],"picked":"Consecrate+1","floor":31},{"not_picked":["Berserk","Immolate"],"picked":"Ragnarok","floor":33},{"not_picked":[],"picked":"Rage+1","floor":35},{"not_picked":[],"picked":"Secret Technique","floor":36},{"not_picked":[],"picked":"Enlightenment","floor":36},{"not_picked":["True Grit"],"picked":"SKIP","floor":37},{"not_picked":["Iron Wave"],"picked":"SKIP","floor":38},{"not_picked":[],"picked":"Dark Embrace+1","floor":40},{"not_picked":["CarveReality+1"],"picked":"Singing Bowl","floor":41},{"not_picked":["Anger+1"],"picked":"Singing Bowl","floor":45},{"not_picked":["BowlingBash"],"picked":"Singing Bowl","floor":46},{"not_picked":["InnerPeace"],"picked":"Singing Bowl","floor":47},{"not_picked":["Clothesline"],"picked":"Singing Bowl","floor":48}],"player_experience":193136,"relics_obtained":[{"floor":9.0,"key":"InkBottle"},{"floor":12.0,"key":"Turnip"},{"floor":17.0,"key":"Bag of Preparation"},{"floor":17.0,"key":"Paper Frog"},{"floor":17.0,"key":"Pocketwatch"},{"floor":20.0,"key":"Necronomicon"},{"floor":23.0,"key":"Oddly Smooth Stone"},{"floor":25.0,"key":"The Courier"},{"floor":26.0,"key":"Kunai"},{"floor":30,"key":"Old Coin"},{"floor":40,"key":"Toy Ornithopter"},{"floor":43,"key":"Peace Pipe"},{"floor":46,"key":"Red Skull"},{"floor":47,"key":"Whetstone"},{"floor":48,"key":"Orichalcum"}],"event_choices":[{"cards_removed":["Strike_R"],"damage_healed":0.0,"max_hp_gain":0.0,"max_hp_loss":0.0,"gold_gain":0.0,"event_name":"Living Wall","player_choice":"Forget","floor":4.0,"gold_loss":0.0,"damage_taken":0.0},{"cards_removed":["Strike_R"],"damage_healed":0.0,"max_hp_gain":0.0,"max_hp_loss":0.0,"gold_gain":0.0,"event_name":"The Cleric","player_choice":"Card Removal","floor":5.0,"gold_loss":50.0,"damage_taken":0.0},{"damage_healed":0.0,"max_hp_gain":0.0,"max_hp_loss":0.0,"gold_gain":0.0,"event_name":"Cursed Tome","player_choice":"Obtained Book","floor":20.0,"gold_loss":0.0,"damage_taken":16.0},{"damage_healed":0.0,"max_hp_gain":0.0,"max_hp_loss":0.0,"gold_gain":0.0,"cards_transformed":["Pommel Strike","Defend_R"],"event_name":"Drug Dealer","player_choice":"Became Test Subject","floor":21.0,"gold_loss":0.0,"damage_taken":0.0,"cards_obtained":["Flame Barrier","ForeignInfluence"]},{"damage_healed":0,"gold_gain":0,"player_choice":"Memory 2","damage_taken":5,"max_hp_gain":0,"max_hp_loss":0,"event_name":"SensoryStone","floor":36,"gold_loss":0},{"damage_healed":0,"gold_gain":0,"player_choice":"Paid Gold","damage_taken":0,"relics_obtained":["War Paint"],"max_hp_gain":0,"max_hp_loss":0,"event_name":"WeMeetAgain","floor":42,"gold_loss":104}],"is_beta":false,"boss_relics":[{"not_picked":["SacredBark","SlaversCollar"],"picked":"Calling Bell"},{"not_picked":["Runic Dome","Velvet Choker"],"picked":"Busted Crown"}],"items_purged_floors":[22,28],"is_endless":false,"potions_floor_spawned":[3,7,12,13,14,19,25,31,40,41,45,48],"ascension_level":0}}