{"host":"q0ahhcf6jhp3yzzb","time":1611440365,"event":{"mods":["BaseMod","Downfall","Minty Spire (QoL Compilation)","Relic Stats","StSLib"],"gold_per_floor":[99,99,99,99,99,99,99,99,111,143,43,53,63,74,89,89,89,89],"floor_reached":16,"language":"ENG","playtime":569,"items_purged":[],"score":105,"play_id":"5a7f8e78-00e5-462e-95f9-2727751d2ad0","local_time":"20210123151925","is_ascension_mode":true,"campfire_choices":[{"data":"bronze:Goto","floor":1,"key":"SMITH"},{"data":"bronze:Overheat","floor":6,"key":"SMITH"},{"data":"bronze:Shield","floor":8,"key":"SMITH"},{"data":"bronze:WhirlingStrike","floor":11,"key":"SMITH"}],"circlet_count":0,"master_deck":["bronze:Strike","bronze:Strike","bronze:Strike","bronze:Strike","bronze:Defend","bronze:Defend","bronze:Defend","bronze:Defend","bronze:Replicate","bronze:Goto+1","bronze:Overheat+1","bronze:Shield+1","bronze:WildBeam","bronze:Overheat","bronze:Iterate","bronze:WhirlingStrike+1","bronze:Turbo","bronze:ForceShield","bronze:Repulsor"],"relics":["bronze:BronzeCore","downfall:HeartsMalice","bronze:ProtectiveGoggles","downfall:HeartBlessingBlue"],"acts_visited":["Exordium"],"potions_floor_usage":[10,13,15],"damage_taken":[{"damage":0,"enemies":"Small Slimes","floor":2,"turns":1},{"damage":0,"enemies":"Cultist","floor":3,"turns":1},{"damage":0,"enemies":"2 Louse","floor":4,"turns":1},{"damage":0,"enemies":"2 Fungi Beasts","floor":9,"turns":4},{"damage":8,"enemies":"3 Sentries","floor":10,"turns":8},{"damage":0,"enemies":"3 Louse","floor":12,"turns":2},{"damage":13,"enemies":"Gremlin Gang","floor":13,"turns":2},{"damage":2,"enemies":"Blue Slaver","floor":14,"turns":4},{"damage":5,"enemies":"3 Louse","floor":15,"turns":2},{"damage":45,"enemies":"DF_ARCHETYPE_STREAMLINE","floor":16,"turns":12}],"seed_played":"3546522224738066594","potions_obtained":[{"floor":9,"key":"DuplicationPotion"},{"floor":10,"key":"Fire Potion"},{"floor":14,"key":"bronze:BurnAndBuffPotion"},{"floor":15,"key":"Explosive Potion"}],"is_trial":false,"path_per_floor":["R","M","M","M","?","R","T","R","M","E","R","M","M","M","M","B"],"character_chosen":"THE_AUTOMATON","items_purchased":[],"campfire_rested":0,"item_purchase_floors":[],"current_hp_per_floor":[70,70,70,70,70,70,70,70,70,62,72,72,59,57,52,7,7,7],"gold":89,"neow_bonus":"THREE_ENEMY_KILL","is_daily":false,"chose_seed":false,"campfire_upgraded":4,"win_rate":0.0,"timestamp":1611440365,"path_taken":["R","M","M","M","?","R","T","R","?","E","R","M","M","?","M","BOSS"],"items_purchased_type":[],"build_version":"2020-12-22","purchased_purges":0,"victory":false,"max_hp_per_floor":[70,70,70,70,70,70,70,70,70,70,80,80,80,80,80,80,80,80],"relic_stats":{"counters":[10,34],"obtain_stats":[{"bronze:BronzeCore":0,"bronze:ProtectiveGoggles":10,"downfall:HeartBlessingBlue":11,"downfall:HeartsMalice":0},{"bronze:BronzeCore":0,"bronze:ProtectiveGoggles":5,"downfall:HeartBlessingBlue":5,"downfall:HeartsMalice":0},{"bronze:BronzeCore":0,"bronze:ProtectiveGoggles":12,"downfall:HeartBlessingBlue":12,"downfall:HeartsMalice":0}]},"card_choices":[{"not_picked":["bronze:Turbo","bronze:Deprecate"],"picked":"bronze:Overheat","floor":2},{"not_picked":["bronze:BugBarrage","bronze:FineTuning"],"picked":"bronze:Shield","floor":3},{"not_picked":["bronze:BuggyMess","bronze:OilSpill"],"picked":"bronze:WildBeam","floor":4},{"not_picked":["bronze:BuggyMess","bronze:Turbo"],"picked":"bronze:Iterate","floor":9},{"not_picked":["bronze:Turbo","bronze:ThunderWave"],"picked":"bronze:WhirlingStrike","floor":10},{"not_picked":["bronze:MaxOutput","bronze:BuggyMess","bronze:OilSpill"],"picked":"SKIP","floor":12},{"not_picked":["bronze:Overload","bronze:Philosophize"],"picked":"bronze:Turbo","floor":13},{"not_picked":["bronze:Overload","bronze:ChildClass"],"picked":"bronze:ForceShield","floor":14},{"not_picked":["bronze:ChildClass","bronze:Overload"],"picked":"bronze:Repulsor","floor":15}],"player_experience":832785,"relics_obtained":[{"floor":10,"key":"bronze:ProtectiveGoggles"}],"event_choices":[],"is_beta":false,"boss_relics":[],"items_purged_floors":[],"is_endless":false,"potions_floor_spawned":[9,10,14,15],"killed_by":"DF_ARCHETYPE_STREAMLINE","ascension_level":1}}