{"host":"irrizrmw64do51k7","time":1611417657,"event":{"mods":["AchievementEnabler","BaseMod","Better Altar","Better Match","Better Note","Better Sensory Stone","Better Skull","Better Third Choice","BetterRewards","Card Forge","Colored Map","Colored Powertips","Curses Come First","DeckTracker","Good Game Mod","Infinite Spire","Minty Spire (QoL Compilation)","Quick Restart","Relic Stats","Shop Mod","StSLib"],"gold_per_floor":[115,127,139,139,157,183,183,183,206,206,226,261,275,301,601,672,672,682,682,697,710,710,710,738,753,753,782,794,821,839,839,839,922,934,959,991,1003,1035,1147,1190,1231,1278,1341,1369,1381,1419,1431,1471,1483,1570,1657,1719,1719],"floor_reached":52,"language":"ENG","playtime":2415,"items_purged":[],"score":3264,"play_id":"67c8ac35-c29a-480b-8b7e-a9d0f0d5a1c7","local_time":"20210123080057","is_ascension_mode":true,"campfire_choices":[{"floor":8,"key":"REST"},{"floor":8,"key":"RECALL"},{"data":"Devotion","floor":10,"key":"SMITH"},{"floor":15,"key":"DIG"},{"floor":23,"key":"DIG"},{"floor":32,"key":"DIG"},{"floor":49,"key":"DIG"}],"circlet_count":0,"master_deck":["AscendersBane","Strike_B","Strike_B","Strike_B","Defend_B","Defend_B","Defend_B","Zap","Dualcast","Loop","Coolheaded","Stack","Self Repair","Coolheaded+1","Loop","Self Repair","Stack+1","Apotheosis+1","Capacitor","Stack+1","BootSequence+1","Coolheaded+1","Static Discharge","Storm+1","Capacitor+1","Chill+1","Static Discharge","Heatsinks","Storm","Static Discharge","Coolheaded+1","Stack+1","Devotion+1","Stack+1","Static Discharge","Coolheaded+1","Biased Cognition","Streamline","Echo Form","Stack+1","Self Repair+1","Creative AI","Loop","Seek+1","Seek+1","Genetic Algorithm+1","Amplify+1","infinitespire:Oblivion","White Noise+1","Electrodynamics","Double Energy+1","infinitespire:SealOfDarkness+"],"relics":["FrozenCore","Hammer of Thor","Seething Fire","Anvil of the Gods","REME:ComplimentaryCards","Mummified Hand","Art of War","Dead Branch","Thread and Needle","Toxic Egg 2","Turnip","Strange Spoon","FossilizedHelix","Oddly Smooth Stone","Singing Bowl","Prayer Wheel","Lantern","Bottled Lightning","infinitespire:Magic Flask","Letter Opener","Vajra","infinitespire:Lychee Nut","infinitespire:Golems Mask","Membership Card","infinitespire:Lucky Rock","Du-Vu Doll","Mercury Hourglass","TungstenRod","StoneCalendar","Unceasing Top","Incense Burner","Eternal Feather","PreservedInsect","infinitespire:CursedDice","CaptainsWheel","Regal Pillow","WingedGreaves","infinitespire:Joker Card","Potion Belt","Nunchaku","Shovel","Akabeko","Old Coin","Nuclear Battery","Strawberry","infinitespire:PuzzleCube","infinitespire:SolderingIron","Pen Nib","Gambling Chip","MawBank","Empty Cage","Calipers","Tiny Chest","StrikeDummy","Omamori","Bronze Scales","Bottled Tornado","Ancient Tea Set","infinitespire:Eraser","Tiny House"],"acts_visited":["Exordium","TheCity","TheBeyond","Exordium"],"potions_floor_usage":[12],"damage_taken":[{"damage":0.0,"enemies":"2 Louse","floor":1.0,"turns":2.0},{"damage":0,"enemies":"Small Slimes","floor":2,"turns":2},{"damage":0,"enemies":"Jaw Worm","floor":3,"turns":2},{"damage":0,"enemies":"Exordium Thugs","floor":5,"turns":2},{"damage":0,"enemies":"3 Sentries","floor":6,"turns":2},{"damage":0,"enemies":"Blue Slaver","floor":11,"turns":2},{"damage":0,"enemies":"Nightmare","floor":12,"turns":4},{"damage":0,"enemies":"Red Slaver","floor":13,"turns":2},{"damage":0,"enemies":"Gremlin Nob","floor":14,"turns":3},{"damage":0,"enemies":"Hexaghost","floor":16,"turns":5},{"damage":0,"enemies":"3 Byrds","floor":18,"turns":2},{"damage":0,"enemies":"Spheric Guardian","floor":20,"turns":2},{"damage":0,"enemies":"Snake Plant","floor":21,"turns":2},{"damage":6,"enemies":"Nightmare","floor":24,"turns":5},{"damage":0,"enemies":"Snecko","floor":25,"turns":2},{"damage":0,"enemies":"Gremlin Leader","floor":27,"turns":4},{"damage":0,"enemies":"Shelled Parasite and Fungi","floor":28,"turns":1},{"damage":0,"enemies":"Slavers","floor":29,"turns":2},{"damage":0,"enemies":"3 Cultists","floor":30,"turns":3},{"damage":0,"enemies":"Collector","floor":33,"turns":4},{"damage":0,"enemies":"3 Darklings","floor":35,"turns":2},{"damage":0,"enemies":"Orb Walker","floor":36,"turns":3},{"damage":0,"enemies":"4 Shapes","floor":38,"turns":1},{"damage":0,"enemies":"infinitespire:Three Voidlings","floor":39,"turns":3},{"damage":16,"enemies":"Nightmare_Alpha","floor":39,"turns":5},{"damage":0,"enemies":"Reptomancer","floor":40,"turns":4},{"damage":0,"enemies":"Nightmare","floor":41,"turns":2},{"damage":0,"enemies":"Nemesis","floor":42,"turns":3},{"damage":0,"enemies":"Writhing Mass","floor":44,"turns":3},{"damage":0,"enemies":"Giant Head","floor":46,"turns":6},{"damage":0,"enemies":"Reptomancer","floor":48,"turns":3},{"damage":0,"enemies":"infinitespire:MassOfShapes","floor":50,"turns":3},{"damage":0,"enemies":"Donu and Deca","floor":51,"turns":1}],"seed_played":"-6167074439883482059","potions_obtained":[{"floor":5,"key":"Regen Potion"},{"floor":6,"key":"EssenceOfDarkness"},{"floor":11,"key":"FocusPotion"},{"floor":13,"key":"BlessingOfTheForge"},{"floor":14,"key":"PotionOfCapacity"}],"is_trial":false,"path_per_floor":["M","M","M","?","M","E","?","R","T","R","M","NM","M","E","R","B",null,"M","AVR","M","M","?","R","NM","M","T","E","M","E","M","?","R","B",null,"M","M","$","M","?","E","NM","E","T","M","AVR","E","$","E","R","B","B",null],"character_chosen":"DEFECT","items_purchased":["Mummified Hand","Art of War","Loop","Coolheaded","Stack","Thread and Needle","Toxic Egg 2","Self Repair","Coolheaded+1","Loop","Strange Spoon","Oddly Smooth Stone","Singing Bowl","Self Repair","Stack+1","Apotheosis+1","Capacitor","Stack+1","Lantern","Bottled Lightning","Letter Opener","Vajra","BootSequence+1","Coolheaded+1","Static Discharge","Storm","Capacitor","Membership Card","infinitespire:Lucky Rock","Mercury Hourglass","TungstenRod","Chill+1","Static Discharge","Unceasing Top","Heatsinks","Eternal Feather","PreservedInsect","Storm","CaptainsWheel","Regal Pillow","Static Discharge"],"campfire_rested":1,"item_purchase_floors":[0,0,0,0,0,0,0,0,0,0,0,0,0,0,0,0,0,0,0,0,0,0,0,0,0,0,0,0,0,0,0,0,0,0,0,0,0,0,0,0,0],"current_hp_per_floor":[53,53,55,39,44,47,8,57,57,57,61,61,63,63,63,63,63,65,65,69,71,71,78,80,84,84,86,90,90,92,88,92,92,92,96,100,100,104,106,108,110,112,112,114,114,114,114,114,114,116,118,125,125],"gold":1719,"neow_bonus":"","is_daily":false,"chose_seed":false,"campfire_upgraded":1,"win_rate":0.0,"timestamp":1611417657,"path_taken":["M","M","M","?","M","E","?","R","T","R","M","NM","M","E","R","BOSS","M","AVR","M","M","?","R","NM","M","T","E","M","E","M","?","R","BOSS","M","M","$","M","?","E","NM","E","T","M","AVR","E","$","E","R","BOSS","BOSS"],"items_purchased_type":["Relic","Relic","Card","Card","Card","Relic","Relic","Card","Card","Card","Relic","Relic","Relic","Card","Card","Card","Card","Card","Relic","Relic","Relic","Relic","Card","Card","Card","Card","Card","Relic","Relic","Relic","Relic","Card","Card","Relic","Card","Relic","Relic","Card","Relic","Relic","Card"],"build_version":"2020-12-22","purchased_purges":0,"victory":false,"max_hp_per_floor":[53,53,55,55,57,57,57,57,57,57,61,61,63,63,63,63,63,65,65,69,71,71,78,80,84,84,86,90,90,92,92,92,92,92,96,100,100,104,106,108,110,112,112,114,114,114,114,114,114,116,118,125,125],"relic_stats":{"Regal Pillow":8,"Singing Bowl":124,"StoneCalendar":[52],"FrozenCore":[19],"Nunchaku":[25],"Shovel":4,"Mummified Hand":[788],"Gambling Chip":[8],"Prayer Wheel":59,"Tiny Chest":4,"counters":[312,1003],"Dead Branch":[240],"Eternal Feather":149,"PreservedInsect":2603,"Pen Nib":[21],"Letter Opener":[779],"MawBank":360,"Mercury Hourglass":[708],"Strange Spoon":[233],"Bronze Scales":[304],"Turnip":[47],"Art of War":[36],"obtain_stats":[{"Golden Egg":22,"infinitespire:BottledMercury":0,"Ginger":0,"Whetstone":148,"Bottled Tornado":158,"Boot":6,"FrozenCore":17,"Old Coin":26,"Replay:Wanted Poster":17,"Blood Vial":88,"infinitespire:ShieldingShard":26,"Sundial":7,"MealTicket":91,"infinitespire:Golems Mask":132,"Necronomicon":24,"Kunai":8,"Replay:Bottled Steam":28,"MerchantsRug":5,"Pear":97,"Blue Candle":102,"Eternal Feather":43,"Pen Nib":27,"infinitespire:Magic Flask":0,"Akabeko":10,"Cables":0,"SlaversCollar":119,"infinitespire:Lychee Nut":0,"Bird Faced Urn":41,"Pandora\u0027s Box":68,"CultistMask":0,"StrikeDummy":159,"Unceasing Top":9,"infinitespire:PuzzleCube":13,"Solar Panel":0,"Lantern":57,"Regal Pillow":158,"Torii":38,"Singing Bowl":0,"animator:TheMissingPiece":0,"Blue Doll":0,"StoneCalendar":165,"Bag of Preparation":27,"Smiling Mask":77,"Ancient Tea Set":158,"Pet Ghost":49,"Matryoshka":9,"Shovel":43,"infinitespire:Bottled Soul":76,"WingedGreaves":102,"Replay:Bottled Eggs":37,"Ring of Panic":22,"infinitespire:Eraser":108,"InkBottle":57,"Potion Belt":23,"Lee\u0027s Waffle":0,"Inserter":136,"NeowsBlessing":0,"Circlet":0,"Thread and Needle":0,"infinitespire:Joker Card":12,"PreservedInsect":9,"The Courier":22,"Geode":0,"Omamori":0,"Seething Fire":0,"infinitespire:CheckeredPen":0,"infinitespire:Lucky Rock":22,"Ring of Greed":22,"Frozen Egg 2":77,"MawBank":129,"Replay:Arrowhead":36,"Nuclear Battery":17,"Busted Crown":34,"Ornamental Fan":161,"betterThird:SlimedRelic":0,"Orrery":0,"animator:LivingPicture":0,"Turnip":0,"Art of War":74,"Bottled Lightning":56,"Toy Ornithopter":128,"infinitespire:Freezer":38,"infinitespire:Midas Blood":9,"Ice Cream":0,"Calipers":0,"Tiny House":17,"Gremlin Horn":28,"CeramicFish":6,"Vajra":47,"Hammer of Thor":0,"Centennial Puzzle":8,"Lizard Tail":0,"infinitespire:SolderingIron":40,"HornCleat":41,"Strawberry":10,"Prayer Wheel":37,"Philosopher\u0027s Stone":0,"Toxic Egg 2":30,"Girya":11,"Happy Flower":0,"ReplayTheSpireMod:CursedCoin":0,"Dead Branch":0,"Oddly Smooth Stone":0,"infinitespire:Beetle Shell":10,"Letter Opener":26,"War Paint":142,"Question Card":20,"Du-Vu Doll":27,"OrangePellets":0,"Bottled Flame":43,"Anvil of the Gods":0,"Shuriken":116,"Bronze Scales":43,"Simple Rune":0,"Molten Egg 2":0,"infinitespire:EmpoweringShard":7,"Black Star":34,"Symbiotic Virus":45,"Pocketwatch":27,"Meat on the Bone":91,"Darkstone Periapt":88,"SacredBark":85,"Enchiridion":122,"Mango":0,"Incense Burner":0,"Juzu Bracelet":8,"Empty Cage":68,"Dream Catcher":26,"Nunchaku":44,"Emotion Chip":93,"Mummified Hand":88,"Gambling Chip":0,"Pantograph":129,"Tiny Chest":110,"Red Mask":21,"Cracked Core":21,"BargainBundle":0,"ReplayTheSpireMod:Ninjato":24,"infinitespire:CursedDice":31,"Quantum Egg":52,"infinitespire:FocusingShard":42,"Odd Mushroom":65,"Orichalcum":27,"White Beast Statue":26,"Mercury Hourglass":107,"Peace Pipe":29,"Calling Bell":102,"Strange Spoon":36,"Cauldron":191,"REME:ComplimentaryCards":0,"CaptainsWheel":0,"DataDisk":48,"Anchor":62,"infinitespire:WardingShard":13,"infinitespire:Satchel":125,"Bag of Marbles":0,"Membership Card":0,"FossilizedHelix":27,"TungstenRod":0},{"Golden Egg":105,"infinitespire:BottledMercury":167,"Ginger":70,"Whetstone":252,"Bottled Tornado":257,"Boot":28,"FrozenCore":101,"Old Coin":142,"Replay:Wanted Poster":80,"Blood Vial":217,"infinitespire:ShieldingShard":40,"Sundial":131,"MealTicket":219,"infinitespire:Golems Mask":243,"Necronomicon":105,"Kunai":95,"Replay:Bottled Steam":107,"MerchantsRug":93,"Pear":224,"Blue Candle":226,"Eternal Feather":50,"Pen Nib":85,"infinitespire:Magic Flask":70,"Akabeko":174,"Cables":3,"SlaversCollar":235,"infinitespire:Lychee Nut":91,"Bird Faced Urn":189,"Pandora\u0027s Box":204,"CultistMask":124,"StrikeDummy":258,"Unceasing Top":10,"infinitespire:PuzzleCube":176,"Solar Panel":70,"Lantern":198,"Regal Pillow":257,"Torii":47,"Singing Bowl":124,"animator:TheMissingPiece":0,"Blue Doll":70,"StoneCalendar":261,"Bag of Preparation":19,"Smiling Mask":210,"Ancient Tea Set":257,"Pet Ghost":116,"Matryoshka":29,"Shovel":113,"infinitespire:Bottled Soul":69,"WingedGreaves":226,"Replay:Bottled Eggs":90,"Ring of Panic":105,"infinitespire:Eraser":230,"InkBottle":58,"Potion Belt":181,"Lee\u0027s Waffle":167,"Inserter":245,"NeowsBlessing":0,"Circlet":118,"Thread and Needle":124,"infinitespire:Joker Card":12,"PreservedInsect":76,"The Courier":105,"Geode":70,"Omamori":167,"Seething Fire":0,"infinitespire:CheckeredPen":3,"infinitespire:Lucky Rock":18,"Ring of Greed":105,"Frozen Egg 2":69,"MawBank":240,"Replay:Arrowhead":89,"Nuclear Battery":34,"Busted Crown":45,"Ornamental Fan":259,"betterThird:SlimedRelic":124,"Orrery":70,"animator:LivingPicture":0,"Turnip":3,"Art of War":68,"Bottled Lightning":57,"Toy Ornithopter":239,"infinitespire:Freezer":47,"infinitespire:Midas Blood":76,"Ice Cream":3,"Calipers":3,"Tiny House":15,"Gremlin Horn":182,"CeramicFish":94,"Vajra":191,"Hammer of Thor":0,"Centennial Puzzle":10,"Lizard Tail":153,"infinitespire:SolderingIron":48,"HornCleat":113,"Strawberry":77,"Prayer Wheel":90,"Philosopher\u0027s Stone":124,"Toxic Egg 2":145,"Girya":175,"Happy Flower":124,"ReplayTheSpireMod:CursedCoin":91,"Dead Branch":167,"Oddly Smooth Stone":118,"infinitespire:Beetle Shell":30,"Letter Opener":106,"War Paint":249,"Question Card":139,"Du-Vu Doll":41,"OrangePellets":124,"Bottled Flame":189,"Anvil of the Gods":0,"Shuriken":234,"Bronze Scales":50,"Simple Rune":91,"Molten Egg 2":167,"infinitespire:EmpoweringShard":10,"Black Star":146,"Symbiotic Virus":189,"Pocketwatch":143,"Meat on the Bone":219,"Darkstone Periapt":217,"SacredBark":214,"Enchiridion":237,"Mango":167,"Incense Burner":70,"Juzu Bracelet":76,"Empty Cage":63,"Dream Catcher":84,"Nunchaku":114,"Emotion Chip":221,"Mummified Hand":217,"Gambling Chip":3,"Pantograph":240,"Tiny Chest":232,"Red Mask":18,"Cracked Core":18,"BargainBundle":70,"ReplayTheSpireMod:Ninjato":84,"infinitespire:CursedDice":88,"Quantum Egg":117,"infinitespire:FocusingShard":189,"Odd Mushroom":62,"Orichalcum":106,"White Beast Statue":84,"Mercury Hourglass":229,"Peace Pipe":86,"Calling Bell":226,"Strange Spoon":89,"Cauldron":274,"REME:ComplimentaryCards":0,"CaptainsWheel":3,"DataDisk":52,"Anchor":60,"infinitespire:WardingShard":136,"infinitespire:Satchel":239,"Bag of Marbles":167,"Membership Card":167,"FossilizedHelix":106,"TungstenRod":167},{"Golden Egg":397,"infinitespire:BottledMercury":671,"Ginger":242,"Whetstone":861,"Bottled Tornado":874,"Boot":104,"FrozenCore":383,"Old Coin":553,"Replay:Wanted Poster":293,"Blood Vial":807,"infinitespire:ShieldingShard":146,"Sundial":498,"MealTicket":812,"infinitespire:Golems Mask":849,"Necronomicon":397,"Kunai":368,"Replay:Bottled Steam":404,"MerchantsRug":362,"Pear":826,"Blue Candle":829,"Eternal Feather":188,"Pen Nib":313,"infinitespire:Magic Flask":242,"Akabeko":694,"Cables":5,"SlaversCollar":841,"infinitespire:Lychee Nut":357,"Bird Faced Urn":756,"Pandora\u0027s Box":786,"CultistMask":469,"StrikeDummy":875,"Unceasing Top":25,"infinitespire:PuzzleCube":704,"Solar Panel":242,"Lantern":775,"Regal Pillow":874,"Torii":175,"Singing Bowl":469,"animator:TheMissingPiece":0,"Blue Doll":242,"StoneCalendar":878,"Bag of Preparation":71,"Smiling Mask":794,"Ancient Tea Set":874,"Pet Ghost":440,"Matryoshka":108,"Shovel":426,"infinitespire:Bottled Soul":241,"WingedGreaves":829,"Replay:Bottled Eggs":346,"Ring of Panic":397,"infinitespire:Eraser":833,"InkBottle":210,"Potion Belt":726,"Lee\u0027s Waffle":671,"Inserter":851,"NeowsBlessing":0,"Circlet":444,"Thread and Needle":469,"infinitespire:Joker Card":33,"PreservedInsect":266,"The Courier":397,"Geode":242,"Omamori":671,"Seething Fire":0,"infinitespire:CheckeredPen":5,"infinitespire:Lucky Rock":63,"Ring of Greed":397,"Frozen Egg 2":241,"MawBank":846,"Replay:Arrowhead":335,"Nuclear Battery":125,"Busted Crown":170,"Ornamental Fan":876,"betterThird:SlimedRelic":469,"Orrery":242,"animator:LivingPicture":0,"Turnip":5,"Art of War":236,"Bottled Lightning":208,"Toy Ornithopter":845,"infinitespire:Freezer":175,"infinitespire:Midas Blood":266,"Ice Cream":5,"Calipers":5,"Tiny House":51,"Gremlin Horn":730,"CeramicFish":365,"Vajra":764,"Hammer of Thor":0,"Centennial Puzzle":25,"Lizard Tail":606,"infinitespire:SolderingIron":180,"HornCleat":426,"Strawberry":273,"Prayer Wheel":339,"Philosopher\u0027s Stone":469,"Toxic Egg 2":569,"Girya":697,"Happy Flower":469,"ReplayTheSpireMod:CursedCoin":357,"Dead Branch":671,"Oddly Smooth Stone":444,"infinitespire:Beetle Shell":111,"Letter Opener":401,"War Paint":858,"Question Card":534,"Du-Vu Doll":151,"OrangePellets":469,"Bottled Flame":756,"Anvil of the Gods":0,"Shuriken":839,"Bronze Scales":188,"Simple Rune":357,"Molten Egg 2":671,"infinitespire:EmpoweringShard":25,"Black Star":577,"Symbiotic Virus":756,"Pocketwatch":556,"Meat on the Bone":812,"Darkstone Periapt":807,"SacredBark":800,"Enchiridion":843,"Mango":671,"Incense Burner":242,"Juzu Bracelet":266,"Empty Cage":222,"Dream Catcher":308,"Nunchaku":431,"Emotion Chip":820,"Mummified Hand":807,"Gambling Chip":5,"Pantograph":846,"Tiny Chest":835,"Red Mask":63,"Cracked Core":63,"BargainBundle":242,"ReplayTheSpireMod:Ninjato":308,"infinitespire:CursedDice":326,"Quantum Egg":441,"infinitespire:FocusingShard":756,"Odd Mushroom":218,"Orichalcum":401,"White Beast Statue":308,"Mercury Hourglass":832,"Peace Pipe":318,"Calling Bell":829,"Strange Spoon":335,"Cauldron":902,"REME:ComplimentaryCards":0,"CaptainsWheel":5,"DataDisk":193,"Anchor":214,"infinitespire:WardingShard":519,"infinitespire:Satchel":845,"Bag of Marbles":671,"Membership Card":671,"FossilizedHelix":401,"TungstenRod":671}],"TungstenRod":219,"Unceasing Top":[108]},"card_choices":[{"not_picked":["Redo+1","Sweeping Beam"],"picked":"Coolheaded+1","floor":1.0},{"not_picked":["Rainbow+1","Fusion+1"],"picked":"Stack+1","floor":1.0},{"not_picked":["Ball Lightning","Go for the Eyes"],"picked":"Stack+1","floor":2},{"not_picked":["Sunder","Doom and Gloom"],"picked":"Static Discharge","floor":2},{"not_picked":["Cold Snap","Beam Cell","Steam+1"],"picked":"Singing Bowl","floor":3},{"not_picked":["Hello World","Capacitor"],"picked":"Coolheaded+1","floor":3},{"not_picked":["Rip and Tear","Rebound"],"picked":"Biased Cognition","floor":5},{"not_picked":["Auto Shields+1","Lockon","Leap+1"],"picked":"Singing Bowl","floor":5},{"not_picked":["Reinforced Body+1","Cold Snap"],"picked":"Streamline","floor":6},{"not_picked":["Blizzard","BootSequence+1","Leap+1"],"picked":"Singing Bowl","floor":11},{"not_picked":["Rip and Tear","Chaos+1","Coolheaded+1"],"picked":"Singing Bowl","floor":11},{"not_picked":["Steam+1","Glacier+1"],"picked":"Echo Form","floor":12},{"not_picked":["Recycle+1","Heatsinks"],"picked":"Stack+1","floor":13},{"not_picked":["Ball Lightning","Redo+1","Capacitor"],"picked":"Singing Bowl","floor":13},{"not_picked":["Compile Driver","Meteor Strike"],"picked":"Self Repair","floor":14},{"not_picked":["Rainbow+1","Machine Learning"],"picked":"Creative AI","floor":16},{"not_picked":["Coolheaded+1","Aggregate+1"],"picked":"Loop","floor":18},{"not_picked":["Conserve Battery+1","Capacitor","Auto Shields+1"],"picked":"Singing Bowl","floor":18},{"not_picked":["Static Discharge","Rebound","BootSequence+1"],"picked":"Singing Bowl","floor":20},{"not_picked":["Redo+1","Cold Snap+1","Reprogram+1"],"picked":"Singing Bowl","floor":20},{"not_picked":["Barrage+1","Scrape"],"picked":"Seek+1","floor":21},{"not_picked":["Hologram+1","Chaos+1","Rip and Tear"],"picked":"Singing Bowl","floor":21},{"not_picked":["Ball Lightning+1","Consume+1","Streamline+1"],"picked":"Singing Bowl","floor":24},{"not_picked":["Redo+1","Doom and Gloom+1","Steam Power+1"],"picked":"Singing Bowl","floor":25},{"not_picked":["Rebound","Steam+1","Sweeping Beam"],"picked":"Singing Bowl","floor":25},{"not_picked":["Tempest+1","Sunder","Chill+1"],"picked":"Singing Bowl","floor":27},{"not_picked":["Sweeping Beam","Go for the Eyes","Undo+1"],"picked":"Singing Bowl","floor":28},{"not_picked":["Sunder","Beam Cell","Hello World"],"picked":"Singing Bowl","floor":28},{"not_picked":["Ball Lightning","Storm"],"picked":"Seek+1","floor":29},{"not_picked":["Ball Lightning","Sweeping Beam"],"picked":"Genetic Algorithm+1","floor":30},{"not_picked":["Scrape","Coolheaded+1","Redo+1"],"picked":"Singing Bowl","floor":30},{"not_picked":["Hyperbeam","Meteor Strike"],"picked":"Amplify+1","floor":33},{"not_picked":["FTL+1","Conserve Battery+1","Chill+1"],"picked":"Singing Bowl","floor":35},{"not_picked":["Aggregate+1","Beam Cell","Force Field+1"],"picked":"Singing Bowl","floor":35},{"not_picked":["Rebound","Leap+1","Rip and Tear+1"],"picked":"Singing Bowl","floor":36},{"not_picked":["Turbo+1","Hologram+1","Streamline"],"picked":"Singing Bowl","floor":36},{"not_picked":["Sweeping Beam","BootSequence+1","Coolheaded+1"],"picked":"Singing Bowl","floor":38},{"not_picked":["Reboot+1","Hologram+1","Gash"],"picked":"Singing Bowl","floor":38},{"not_picked":["infinitespire:FinalStrike","infinitespire:Menacing"],"picked":"infinitespire:Oblivion","floor":39},{"not_picked":["Turbo+1","Stack+1","Redo+1"],"picked":"Singing Bowl","floor":39},{"not_picked":["Turbo+1","Steam+1","Gash"],"picked":"Singing Bowl","floor":40},{"not_picked":["Auto Shields+1","Steam+1","Conserve Battery+1"],"picked":"Singing Bowl","floor":41},{"not_picked":["Recycle+1","Darkness+1","Tempest+1"],"picked":"Singing Bowl","floor":42},{"not_picked":["Hologram+1","Beam Cell+1"],"picked":"White Noise+1","floor":44},{"not_picked":["Go for the Eyes","Consume+1","Reprogram+1"],"picked":"Singing Bowl","floor":44},{"not_picked":["Streamline","Rainbow+1"],"picked":"Electrodynamics","floor":46},{"not_picked":["Reinforced Body+1","Streamline"],"picked":"Double Energy+1","floor":48},{"not_picked":["Electrodynamics","Thunder Strike","Meteor Strike"],"picked":"Singing Bowl","floor":50},{"not_picked":["infinitespire:Execution","infinitespire:Starlight"],"picked":"infinitespire:SealOfDarkness+","floor":50},{"not_picked":["Thunder Strike","Machine Learning","Hyperbeam"],"picked":"Singing Bowl","floor":51},{"not_picked":["Barrage","Reprogram+1","Capacitor"],"picked":"Singing Bowl","floor":52}],"player_experience":520861,"relics_obtained":[{"floor":6,"key":"Potion Belt"},{"floor":12,"key":"Shovel"},{"floor":14,"key":"Akabeko"},{"floor":15,"key":"Old Coin"},{"floor":23,"key":"Strawberry"},{"floor":24,"key":"infinitespire:PuzzleCube"},{"floor":26,"key":"infinitespire:SolderingIron"},{"floor":27,"key":"Pen Nib"},{"floor":29,"key":"Gambling Chip"},{"floor":32,"key":"MawBank"},{"floor":39,"key":"Calipers"},{"floor":40,"key":"Tiny Chest"},{"floor":41,"key":"StrikeDummy"},{"floor":42,"key":"Omamori"},{"floor":43,"key":"Bronze Scales"},{"floor":46,"key":"Bottled Tornado"},{"floor":48,"key":"Ancient Tea Set"},{"floor":49,"key":"infinitespire:Eraser"}],"event_choices":[{"damage_healed":55,"gold_gain":0,"player_choice":"Upgrade","damage_taken":17,"max_hp_gain":0,"max_hp_loss":55,"event_name":"betterThird:BetterShining","floor":4,"gold_loss":0,"cards_upgraded":["Storm","Capacitor"]},{"damage_healed":0,"gold_gain":1,"player_choice":"Relic ","damage_taken":45,"max_hp_gain":0,"max_hp_loss":0,"event_name":"betterThird:BetterScrap","floor":7,"gold_loss":0,"cards_obtained":["SpiritShield"]},{"damage_healed":0,"gold_gain":0,"player_choice":"Adaptability","damage_taken":0,"max_hp_gain":0,"max_hp_loss":0,"event_name":"betterThird:BetterWriting","floor":22,"gold_loss":0},{"damage_healed":0,"gold_gain":0,"player_choice":"Punched","damage_taken":5,"max_hp_gain":0,"max_hp_loss":0,"event_name":"Designer","floor":31,"gold_loss":0}],"is_beta":false,"boss_relics":[{"not_picked":["SacredBark","Busted Crown"],"picked":"FrozenCore"},{"not_picked":["Runic Pyramid","Astrolabe"],"picked":"Empty Cage"},{"not_picked":["Runic Dome","Sozu"],"picked":"Tiny House"}],"items_purged_floors":[],"is_endless":true,"potions_floor_spawned":[5,6,11,13,14,21,25,27,29,30,38,39,40,44,46,48],"ascension_level":20}}