{"host":"qgrlfjrqk9z96gfi","time":1611441166,"event":{"mods":["BaseMod","Block Reminder","Colored Map","Custom Start","DeckTracker","Minty Spire (QoL Compilation)"],"gold_per_floor":[119,133,52,52,17,17,42,56,104,129,129,129,163,177,177,253,253,271,271,288,304,316,316,350,350,377,377,377,392,32,32,32,32,32],"floor_reached":33,"language":"ENG","playtime":1136,"items_purged":["Strike_G"],"score":641,"play_id":"5d5686ac-9913-4aac-8a21-f48d5f346712","local_time":"20210123123246","is_ascension_mode":true,"campfire_choices":[{"data":"Underhanded Strike","floor":6,"key":"SMITH"},{"data":"Dagger Spray","floor":12,"key":"SMITH"},{"data":"Corpse Explosion","floor":15,"key":"SMITH"},{"data":"Leg Sweep","floor":23,"key":"SMITH"},{"floor":25,"key":"REST"},{"data":"Apotheosis","floor":32,"key":"SMITH"}],"circlet_count":0,"master_deck":["AscendersBane","Strike_G+1","Strike_G","Strike_G","Strike_G","Defend_G","Defend_G+1","Defend_G","Defend_G","Defend_G","Survivor","Neutralize","Quick Slash","Underhanded Strike+1","Leg Sweep+1","Dagger Spray+1","Concentrate","Acrobatics","Corpse Explosion+1","Calculated Gamble","Phantasmal Killer","Terror","Dagger Throw","Flying Knee+1","Cloak And Dagger","Backstab","Eviscerate","Ghostly","Ghostly","Ghostly","PiercingWail","Apotheosis+1","Blur+1","Caltrops+1","Acrobatics"],"relics":["Ring of the Snake","NeowsBlessing","Anchor","Boot","Orichalcum","Bronze Scales","Sozu","The Courier","Juzu Bracelet","Orrery","CeramicFish"],"acts_visited":["Exordium","TheCity"],"potions_floor_usage":[10,13,16,20],"damage_taken":[{"damage":0,"enemies":"2 Louse","floor":1,"turns":1},{"damage":0,"enemies":"Small Slimes","floor":2,"turns":1},{"damage":0,"enemies":"3 Sentries","floor":7,"turns":1},{"damage":0,"enemies":"Jaw Worm","floor":8,"turns":2},{"damage":28,"enemies":"Lagavulin","floor":10,"turns":6},{"damage":20,"enemies":"Gremlin Nob","floor":13,"turns":4},{"damage":0,"enemies":"Lots of Slimes","floor":14,"turns":2},{"damage":6,"enemies":"The Guardian","floor":16,"turns":12},{"damage":0,"enemies":"Shell Parasite","floor":18,"turns":3},{"damage":0,"enemies":"Chosen","floor":20,"turns":3},{"damage":5,"enemies":"Centurion and Healer","floor":21,"turns":6},{"damage":9,"enemies":"3 Cultists","floor":22,"turns":5},{"damage":26,"enemies":"Book of Stabbing","floor":24,"turns":4},{"damage":0,"enemies":"Cultist and Chosen","floor":29,"turns":3},{"damage":35,"enemies":"Automaton","floor":33,"turns":10}],"seed_played":"6115151392908739811","potions_obtained":[{"floor":2,"key":"Dexterity Potion"},{"floor":7,"key":"Strength Potion"},{"floor":10,"key":"Poison Potion"},{"floor":16,"key":"SkillPotion"}],"is_trial":false,"path_per_floor":["M","M","$","?","?","R","E","M","T","E","?","R","E","M","R","B",null,"M","?","M","M","M","R","E","R","T","?","?","M","$","T","R","B"],"character_chosen":"THE_SILENT","items_purchased":["Leg Sweep","Apotheosis","Orrery"],"campfire_rested":1,"item_purchase_floors":[3,30,30],"current_hp_per_floor":[59,59,59,39,55,55,55,55,55,27,49,49,29,29,29,23,55,55,55,55,50,41,41,15,34,34,34,33,33,33,33,33,0,0],"gold":32,"neow_bonus":"THREE_ENEMY_KILL","is_daily":false,"chose_seed":false,"campfire_upgraded":5,"win_rate":0.0,"timestamp":1611441166,"path_taken":["M","M","$","?","?","R","E","M","T","E","?","R","E","M","R","BOSS","M","?","M","M","M","R","E","R","T","?","?","M","?","?","R","BOSS"],"items_purchased_type":["Card","Card","Relic"],"build_version":"2020-12-22","purchased_purges":1,"victory":false,"max_hp_per_floor":[66,66,66,66,66,66,66,66,66,66,66,66,66,66,66,66,66,66,66,66,66,66,66,66,66,66,66,33,33,33,33,33,33,33],"card_choices":[{"not_picked":["Cloak And Dagger","Sucker Punch"],"picked":"Quick Slash","floor":1},{"not_picked":["Backflip","Heel Hook"],"picked":"Underhanded Strike","floor":2},{"not_picked":["Predator","Burst"],"picked":"Dagger Spray","floor":7},{"not_picked":["Poisoned Stab","Quick Slash"],"picked":"Concentrate","floor":8},{"not_picked":["Poisoned Stab","Reflex"],"picked":"Acrobatics","floor":10},{"not_picked":["Predator","PiercingWail"],"picked":"Corpse Explosion","floor":13},{"not_picked":["Finisher","Flying Knee"],"picked":"Calculated Gamble","floor":14},{"not_picked":["Envenom","Die Die Die"],"picked":"Phantasmal Killer","floor":16},{"not_picked":["Cloak And Dagger","Expertise"],"picked":"Terror","floor":18},{"not_picked":["Dodge and Roll","Setup"],"picked":"Flying Knee+1","floor":20},{"not_picked":["Riddle With Holes","Calculated Gamble"],"picked":"Cloak And Dagger","floor":21},{"not_picked":["Skewer","Slice"],"picked":"Backstab","floor":22},{"not_picked":["Terror","Underhanded Strike"],"picked":"Eviscerate","floor":24},{"not_picked":["Grand Finale","Backstab+1"],"picked":"PiercingWail","floor":29},{"not_picked":["Deflect","Bane"],"picked":"Blur+1","floor":30},{"not_picked":["A Thousand Cuts","Sucker Punch"],"picked":"Caltrops+1","floor":30},{"not_picked":["Outmaneuver","Bane"],"picked":"Acrobatics","floor":30}],"player_experience":1048380,"relics_obtained":[{"floor":7,"key":"Anchor"},{"floor":9,"key":"Boot"},{"floor":10,"key":"Orichalcum"},{"floor":13,"key":"Bronze Scales"},{"floor":24,"key":"The Courier"},{"floor":26,"key":"Juzu Bracelet"},{"floor":31,"key":"CeramicFish"}],"event_choices":[{"damage_healed":0,"gold_gain":0,"player_choice":"Entered Light","damage_taken":20,"max_hp_gain":0,"max_hp_loss":0,"event_name":"Shining Light","floor":4,"gold_loss":0,"cards_upgraded":["Defend_G","Strike_G"]},{"damage_healed":16,"gold_gain":0,"player_choice":"Healed","damage_taken":0,"max_hp_gain":0,"max_hp_loss":0,"event_name":"The Cleric","floor":5,"gold_loss":35},{"damage_healed":22,"gold_gain":0,"player_choice":"Banana","damage_taken":0,"max_hp_gain":0,"max_hp_loss":0,"event_name":"Big Fish","floor":11,"gold_loss":0},{"damage_healed":0,"gold_gain":0,"player_choice":"1 cards matched","damage_taken":0,"max_hp_gain":0,"max_hp_loss":0,"event_name":"Match and Keep!","floor":19,"gold_loss":0,"cards_obtained":["Dagger Throw"]},{"damage_healed":0,"gold_gain":0,"player_choice":"Ignored","damage_taken":0,"max_hp_gain":0,"max_hp_loss":0,"event_name":"Cursed Tome","floor":27,"gold_loss":0},{"damage_healed":0,"gold_gain":0,"player_choice":"Became a Ghost","damage_taken":0,"max_hp_gain":0,"max_hp_loss":33,"event_name":"Ghosts","floor":28,"gold_loss":0,"cards_obtained":["Ghostly","Ghostly","Ghostly"]}],"is_beta":false,"boss_relics":[{"not_picked":["Black Star","Snecko Eye"],"picked":"Sozu"}],"items_purged_floors":[30],"is_endless":false,"potions_floor_spawned":[2,7,10,16,18,22],"killed_by":"Automaton","ascension_level":20}}