{"host":"shb6fs4xkmgx64v4","time":1611373648,"event":{"mods":["AchievementEnabler","BaseMod","Colored Map","Downfall","Minty Spire (QoL Compilation)","StSLib"],"gold_per_floor":[99,114,129,142,142,4,4,4,39,24,16,34,54,89,116,216,216,16,34,34,34,60,0,51,44,44,64,164,30,30,42,64,168,168,168,168,189,268,288,388,414,427,627,647,667,679,679,692,711,711,711,711],"floor_reached":50,"language":"ENG","playtime":4386,"items_purged":["hexamod:Strike"],"score":583,"play_id":"bde46db6-52d2-4494-b9a3-e1899760fbaf","local_time":"20210122224728","is_ascension_mode":false,"campfire_choices":[{"floor":1.0,"key":"RECALL"},{"data":"hexamod:SearingWound","floor":18.0,"key":"SMITH"},{"data":"hexamod:HexaLevel","floor":30.0,"key":"SMITH"},{"floor":35.0,"key":"REST"},{"floor":47.0,"key":"REST"}],"circlet_count":0,"master_deck":["hexamod:Strike","hexamod:Strike","hexamod:Strike","hexamod:Defend","hexamod:Defend","hexamod:Defend","hexamod:Sear","hexamod:Float","hexamod:HauntingEcho","hexamod:BurningTouch","hexamod:SuperheatedStrike+1","hexamod:ThirdSeal","hexamod:FirstSeal","hexamod:WildfireWeapon","hexamod:EtherealExpedition","hexamod:StepThrough","hexamod:FourthSeal","hexamod:SecondSeal","hexamod:ThirdSeal","hexamod:FirstSeal","hexamod:NightmareStrike","hexamod:Hexaguard","hexamod:PhantomCloak","hexamod:ShieldOfDarkness","hexamod:PhantomCloak","hexamod:SwordOfDarkness","hexamod:ThermalTransfer","hexamod:StepThrough","hexamod:Again","hexamod:ParanormalForm","hexamod:VolcanoVisage","hexamod:ForkedFlame","hexamod:SearingWound+1","CurseOfTheBell","hexamod:SpectersWail+1","hexamod:GhostLash","J.A.X.","hexamod:FastForward","hexamod:GhostShield+1","hexamod:ShieldOfDarkness","hexamod:NightmareStrike+1","hexamod:Hexaguard","hexamod:ExtraCrispy","hexamod:Rewind+1","hexamod:HexaLevel+1","hexamod:ShieldOfDarkness","hexamod:SuperheatedStrike","hexamod:EmpoweredFlame","hexamod:SpectralSpark","hexamod:SpectersWail+1","hexamod:ThermalTransfer","hexamod:GhostflameBarrier+1","hexamod:ThermalTransfer+1","hexamod:ForkedFlame","hexamod:ForkedFlame","hexamod:Sear","Purity","hexamod:FastForward+1","hexamod:BurningTouch+1","hexamod:DynamicBlow+1","hexamod:SearingWound","expansioncontent:YouAreMine","hexamod:ExtraCrispy","hexamod:Hexaguard","hexamod:NightmareStrike+1","hexamod:GhostShield+1","hexamod:GhostShield+1","hexamod:AdvancingGuard+1","hexamod:Incineration+1","hexamod:FlamesFromBeyond","hexamod:GhostLash+1","Parasite"],"relics":["hexamod:SpiritBrand","Smiling Mask","MealTicket","Oddly Smooth Stone","Calling Bell","Vajra","HornCleat","Gambling Chip","downfall:HeartBlessingRed","downfall:HeartBlessingBlue","Centennial Puzzle","Akabeko","Fusion Hammer","InkBottle","downfall:GremlinWheel","Strawberry","Mercury Hourglass"],"acts_visited":["Exordium","TheCity","TheBeyond"],"potions_floor_usage":[50,50],"damage_taken":[{"damage":6.0,"enemies":"Jaw Worm","floor":2.0,"turns":3.0},{"damage":0.0,"enemies":"Cultist","floor":3.0,"turns":3.0},{"damage":0.0,"enemies":"Small Slimes","floor":4.0,"turns":5.0},{"damage":0.0,"enemies":"downfall:FleeingMerchant","floor":6.0,"turns":4.0},{"damage":18.0,"enemies":"Lagavulin","floor":9.0,"turns":6.0},{"damage":1.0,"enemies":"downfall:FleeingMerchant","floor":10.0,"turns":4.0},{"damage":21.0,"enemies":"2 Fungi Beasts","floor":12.0,"turns":6.0},{"damage":4.0,"enemies":"Blue Slaver","floor":13.0,"turns":4.0},{"damage":26.0,"enemies":"3 Sentries","floor":14.0,"turns":8.0},{"damage":1.0,"enemies":"Lots of Slimes","floor":15.0,"turns":5.0},{"damage":30.0,"enemies":"DF_ARCHETYPE_STREAMLINE","floor":16.0,"turns":12.0},{"damage":16.0,"enemies":"Chosen","floor":19.0,"turns":5.0},{"damage":0.0,"enemies":"downfall:FleeingMerchant","floor":23.0,"turns":4.0},{"damage":6.0,"enemies":"downfall:FleeingMerchant","floor":25.0,"turns":4.0},{"damage":0.0,"enemies":"Snake Plant","floor":26.0,"turns":1.0},{"damage":0.0,"enemies":"Snecko","floor":27.0,"turns":5.0},{"damage":16.0,"enemies":"downfall:FleeingMerchant","floor":29.0,"turns":4.0},{"damage":6.0,"enemies":"Shelled Parasite and Fungi","floor":31.0,"turns":6.0},{"damage":7.0,"enemies":"Chosen and Byrds","floor":32.0,"turns":5.0},{"damage":62.0,"enemies":"WA_ARCHETYPE_CALM","floor":33.0,"turns":9.0},{"damage":0.0,"enemies":"Orb Walker","floor":37.0,"turns":3.0},{"damage":38.0,"enemies":"3 Darklings","floor":39.0,"turns":10.0},{"damage":0.0,"enemies":"3 Darklings","floor":40.0,"turns":3.0},{"damage":0.0,"enemies":"4 Shapes","floor":42.0,"turns":4.0},{"damage":0.0,"enemies":"downfall:FleeingMerchant","floor":43.0,"turns":3.0},{"damage":0.0,"enemies":"Maw","floor":44.0,"turns":6.0},{"damage":7.0,"enemies":"3 Darklings","floor":45.0,"turns":5.0},{"damage":4.0,"enemies":"Spire Growth","floor":46.0,"turns":4.0},{"damage":8.0,"enemies":"Jaw Worm Horde","floor":48.0,"turns":4.0},{"damage":9.0,"enemies":"Writhing Mass","floor":49.0,"turns":4.0},{"damage":152,"enemies":"IC_BLOCK_ARCHETYPE","floor":50,"turns":8}],"seed_played":"-8640186327672009580","potions_obtained":[{"floor":4.0,"key":"Fruit Juice"},{"floor":9.0,"key":"Swift Potion"},{"floor":12.0,"key":"Weak Potion"},{"floor":12.0,"key":"SneckoOil"},{"floor":13.0,"key":"SmokeBomb"},{"floor":14.0,"key":"Fire Potion"},{"floor":15.0,"key":"Swift Potion"},{"floor":15.0,"key":"SkillPotion"},{"floor":16.0,"key":"Guardian:BlockOnCardUsePotion"},{"floor":27.0,"key":"hexamod:DoubleChargePotion"},{"floor":32.0,"key":"Swift Potion"},{"floor":33.0,"key":"PowerPotion"},{"floor":37.0,"key":"PowerPotion"},{"floor":39.0,"key":"Guardian:BlockOnCardUsePotion"},{"floor":42.0,"key":"FairyPotion"},{"floor":44.0,"key":"Energy Potion"}],"is_trial":false,"path_per_floor":["R","M","M","M","?","$","T","?","E","$","?","M","M","E","M","B",null,"R","M","?","?","T","$","T","$","M","M","?","$","R","M","M","B",null,"R","?","M","?","M","?","T","M","$","M","M","M","R","M","M","B"],"character_chosen":"THE_SPIRIT","items_purchased":["hexamod:ThirdSeal","hexamod:ShieldOfDarkness","hexamod:EmpoweredFlame","hexamod:SpectralSpark","expansioncontent:YouAreMine","hexamod:ExtraCrispy","hexamod:Hexaguard"],"campfire_rested":2,"item_purchase_floors":[6,23,29,29,43,43,43],"current_hp_per_floor":[70,64,64,69,69,69,69,69,51,65,58,51,54,42,55,25,75,85,76,60,60,60,82,82,90,90,90,90,81,81,75,68,6,90,90,90,90,90,66,66,73,73,88,95,88,84,97,89,80,0,0,0],"gold":711,"neow_bonus":"RANDOM_COMMON_RELIC","is_daily":false,"chose_seed":false,"campfire_upgraded":2,"win_rate":0.0,"timestamp":1611373648,"path_taken":["R","M","M","M","?","?","T","?","E","$","?","M","M","E","M","BOSS","R","M","?","?","?","?","T","$","?","M","?","?","R","M","M","BOSS","R","?","?","?","M","?","T","M","$","M","?","M","R","M","M","BOSS"],"items_purchased_type":["Card","Card","Card","Card","Card","Card","Card"],"build_version":"2020-12-22","purchased_purges":1,"victory":false,"max_hp_per_floor":[70,70,70,75,75,75,75,75,75,75,75,75,75,75,75,75,75,85,85,90,90,90,90,90,90,90,90,90,90,90,90,90,90,90,90,90,90,90,90,90,97,97,97,97,97,97,97,97,97,97,97,97],"card_choices":[{"not_picked":["hexamod:FlamesFromBeyond","hexamod:Hexaguard"],"picked":"hexamod:HauntingEcho","floor":2.0},{"not_picked":["hexamod:GhostOfSpireFuture","hexamod:NecessarySacrifice"],"picked":"hexamod:BurningTouch","floor":3.0},{"not_picked":["hexamod:Hexaguard","hexamod:GhostflameBarrier"],"picked":"hexamod:NightmareGuise","floor":4.0},{"not_picked":["hexamod:GiftsFromTheDead","hexamod:AdvancingGuard"],"picked":"hexamod:SuperheatedStrike","floor":6.0},{"not_picked":["hexamod:FlamesFromBeyond","hexamod:EmpoweredFlame"],"picked":"hexamod:FirstSeal","floor":9.0},{"not_picked":["hexamod:NightmareStrike","hexamod:HeatMetal"],"picked":"hexamod:WildfireWeapon","floor":9.0},{"not_picked":["hexamod:PhantomFireball","hexamod:GhostflameBarrier"],"picked":"hexamod:EtherealExpedition","floor":10.0},{"not_picked":["hexamod:Firestarter","hexamod:SuperheatedStrike"],"picked":"hexamod:StepThrough","floor":10.0},{"not_picked":["hexamod:FourthSeal","hexamod:HauntingEcho"],"picked":"hexamod:NightmareStrike","floor":12.0},{"not_picked":["hexamod:AdvancingGuard","hexamod:Haunt"],"picked":"hexamod:Hexaguard","floor":12.0},{"not_picked":["hexamod:BurningTouch","hexamod:ThermalTransfer"],"picked":"hexamod:PhantomCloak","floor":12.0},{"not_picked":["hexamod:HeatMetal","hexamod:FastForward"],"picked":"hexamod:ShieldOfDarkness","floor":13.0},{"not_picked":["hexamod:NightmareGuise","hexamod:BacktrackSmack"],"picked":"hexamod:PhantomCloak","floor":13.0},{"not_picked":["hexamod:FastForward","hexamod:TimeWarp"],"picked":"hexamod:SwordOfDarkness","floor":13.0},{"not_picked":["hexamod:RadiantFlame","hexamod:RainOfEmbers"],"picked":"hexamod:ThermalTransfer","floor":14.0},{"not_picked":["hexamod:InspiringFlames","hexamod:SecondSeal"],"picked":"hexamod:StepThrough","floor":15.0},{"not_picked":["hexamod:FastForward","hexamod:FlamesFromBeyond"],"picked":"hexamod:Again","floor":15.0},{"not_picked":["hexamod:DynamicBlow","hexamod:BurningTouch"],"picked":"hexamod:ParanormalForm","floor":15.0},{"not_picked":["hexamod:HexaLevel","hexamod:SearingWound"],"picked":"hexamod:VolcanoVisage","floor":16.0},{"not_picked":["hexamod:VolcanoVisage","hexamod:SearingWound"],"picked":"hexamod:ForkedFlame","floor":16.0},{"not_picked":["hexamod:ParanormalForm","hexamod:TurnItUp"],"picked":"hexamod:SearingWound","floor":16.0},{"not_picked":["hexamod:NightmareStrike","hexamod:SuperheatedStrike"],"picked":"hexamod:SpectersWail+1","floor":19.0},{"not_picked":["hexamod:ChargedBarrage","hexamod:SecondSeal"],"picked":"hexamod:GhostLash","floor":19.0},{"not_picked":["hexamod:NightmareStrike","hexamod:Again"],"picked":"hexamod:FastForward","floor":23.0},{"not_picked":["hexamod:Haunt+1","hexamod:NecessarySacrifice+1"],"picked":"hexamod:GhostShield+1","floor":23.0},{"not_picked":["hexamod:BacktrackSmack","hexamod:PowerFromBeyond"],"picked":"hexamod:NightmareStrike+1","floor":25.0},{"not_picked":["hexamod:EtherealExpedition","hexamod:NightmareStrike+1"],"picked":"hexamod:Hexaguard","floor":25.0},{"not_picked":["hexamod:GhostShield","hexamod:GhostLash"],"picked":"hexamod:ExtraCrispy","floor":25.0},{"not_picked":["hexamod:RadiantFlame","hexamod:GhostLash"],"picked":"hexamod:Rewind+1","floor":27.0},{"not_picked":["hexamod:RainOfEmbers","hexamod:FlamesFromBeyond"],"picked":"hexamod:HexaLevel","floor":27.0},{"not_picked":["hexamod:VolcanoVisage","hexamod:NightmareStrike"],"picked":"hexamod:ShieldOfDarkness","floor":29.0},{"not_picked":["hexamod:SecondSeal","hexamod:ExtraCrispy+1"],"picked":"hexamod:SuperheatedStrike","floor":29.0},{"not_picked":["hexamod:FourthSeal","hexamod:AdvancingGuard"],"picked":"hexamod:SpectersWail+1","floor":31.0},{"not_picked":["hexamod:BacktrackSmack","hexamod:NightmareGuise"],"picked":"hexamod:ThermalTransfer","floor":31.0},{"not_picked":["hexamod:Haunt","hexamod:Hexaguard"],"picked":"hexamod:GhostflameBarrier+1","floor":32.0},{"not_picked":["hexamod:SuperheatedStrike+1","hexamod:GhostOfSpirePast"],"picked":"hexamod:ThermalTransfer+1","floor":32.0},{"not_picked":["hexamod:TurnItUp","hexamod:UnleashSpirits"],"picked":"hexamod:ForkedFlame","floor":33.0},{"not_picked":["hexamod:FlameSwitch","hexamod:TimeOfNeed"],"picked":"hexamod:ForkedFlame","floor":33.0},{"not_picked":["hexamod:ThermalTransfer+1","hexamod:SoulSteal"],"picked":"hexamod:FastForward+1","floor":37.0},{"not_picked":["hexamod:SpectralAdrenaline+1","hexamod:AdvancingGuard","hexamod:BurningTouch"],"picked":"SKIP","floor":37.0},{"not_picked":["hexamod:SuperheatedStrike","hexamod:Firestarter+1"],"picked":"hexamod:BurningTouch+1","floor":39.0},{"not_picked":["hexamod:AdvancingGuard","hexamod:FourthSeal"],"picked":"hexamod:DynamicBlow+1","floor":42.0},{"not_picked":["hexamod:FourthSeal","hexamod:NightmareStrike"],"picked":"hexamod:SearingWound","floor":43.0},{"not_picked":["hexamod:FastForward","hexamod:GhostShield"],"picked":"hexamod:NightmareStrike+1","floor":44.0},{"not_picked":["hexamod:AdvancingGuard","hexamod:HauntingEcho+1"],"picked":"hexamod:GhostShield+1","floor":44.0},{"not_picked":["hexamod:Hexaguard","hexamod:BacktrackSmack"],"picked":"hexamod:GhostShield+1","floor":45.0},{"not_picked":["hexamod:Incineration","hexamod:ExtraCrispy"],"picked":"hexamod:AdvancingGuard+1","floor":45.0},{"not_picked":["hexamod:NightmareStrike","hexamod:HeatCrush"],"picked":"hexamod:Incineration+1","floor":46.0},{"not_picked":["hexamod:SpectralSpark","hexamod:ExtraCrispy"],"picked":"hexamod:FlamesFromBeyond","floor":46.0},{"not_picked":["hexamod:FlamesFromBeyond","hexamod:RainOfEmbers"],"picked":"hexamod:GhostLash+1","floor":48.0},{"not_picked":["hexamod:InspiringFlames","hexamod:GhostShield","hexamod:Haunt"],"picked":"SKIP","floor":49.0}],"player_experience":232819,"relics_obtained":[{"floor":9.0,"key":"MealTicket"},{"floor":14.0,"key":"Oddly Smooth Stone"},{"floor":17.0,"key":"Vajra"},{"floor":17.0,"key":"HornCleat"},{"floor":17.0,"key":"Gambling Chip"},{"floor":22.0,"key":"Centennial Puzzle"},{"floor":24.0,"key":"Akabeko"},{"floor":38.0,"key":"InkBottle"},{"floor":40.0,"key":"downfall:GremlinWheel"},{"floor":41.0,"key":"Strawberry"},{"floor":47.0,"key":"Mercury Hourglass"}],"event_choices":[{"cards_removed":["hexamod:Defend"],"damage_healed":0.0,"max_hp_gain":0.0,"max_hp_loss":0.0,"gold_gain":0.0,"event_name":"Bonfire Elementals","player_choice":"Offered Basic","floor":5.0,"gold_loss":0.0,"damage_taken":0.0},{"damage_healed":0.0,"max_hp_gain":0.0,"max_hp_loss":0.0,"gold_gain":0.0,"event_name":"Living Wall","player_choice":"Grow","floor":8.0,"gold_loss":0.0,"damage_taken":0.0,"cards_upgraded":["hexamod:SuperheatedStrike"]},{"damage_healed":0.0,"max_hp_gain":0.0,"max_hp_loss":0.0,"gold_gain":0.0,"event_name":"Drug Dealer","player_choice":"Obtain J.A.X.","floor":21.0,"gold_loss":0.0,"damage_taken":0.0,"cards_obtained":["J.A.X."]},{"damage_healed":0.0,"max_hp_gain":0.0,"max_hp_loss":0.0,"gold_gain":0.0,"event_name":"Wheel of Change","player_choice":"Relic","floor":47.0,"gold_loss":0.0,"damage_taken":0.0}],"is_beta":false,"boss_relics":[{"not_picked":["Black Star","Coffee Dripper"],"picked":"Calling Bell"},{"not_picked":["Velvet Choker","hexamod:UnbrokenSoul"],"picked":"Fusion Hammer"}],"items_purged_floors":[6],"is_endless":false,"potions_floor_spawned":[4,9,12,14,15,16,26,27,32,33,37,42,44,45,48],"killed_by":"IC_BLOCK_ARCHETYPE","ascension_level":0}}