{"host":"s0rqbuvjzggdtc2s","time":1611376338,"event":{"mods":["ATMod(°¢èªMod)","BaseMod","Minty Spire (QoL Compilation)","StSLib","¡¾ÒÅÎï¿¨ÅÆ¡¿REMEMod"],"gold_per_floor":[116,128,142,142,166,166,166,204,204,52,72,88,88,101,101,231,231,252,252,29,29,7,7,7,20,47,47,47,67,67,67],"floor_reached":30,"language":"ZHS","playtime":1074,"items_purged":["Strike_B"],"score":230,"play_id":"e1bbd453-6285-4f8e-b045-e36e8ca32fd6","local_time":"20210123123218","is_ascension_mode":false,"campfire_choices":[{"data":"AT_ThunderBolt","floor":6.0,"key":"SMITH"},{"floor":15.0,"key":"REST"},{"data":"AT_RobotInSpace","floor":23.0,"key":"SMITH"}],"circlet_count":0,"master_deck":["Strike_B","Strike_B","Strike_B","Defend_B","Defend_B","Defend_B","Defend_B","Zap","Dualcast","AT_ThunderBolt+1","Bandage Up","Turbo","Conserve Battery","AT_HeatAcrobatics","Tempest","AT_RobotInSpace+1","Loop","Coolheaded","Seek","CurseOfTheBell","Force Field+1","AT_HeatAcrobatics+1","Seek+1","Hologram+1","Aggregate+1"],"relics":["Cracked Core","AT_ATBox","REME_ComplimentaryCards","Bloody Idol","Bottled Lightning","REME_HourglassOfDeath","REME_PuzzleBoxRelic","Calling Bell","Juzu Bracelet","Toxic Egg 2","Pocketwatch","AT_SpeedBoots","AT_ArchangelStaff"],"acts_visited":["Exordium","TheCity"],"potions_floor_usage":[],"damage_taken":[{"damage":12.0,"enemies":"Jaw Worm","floor":1.0,"turns":5.0},{"damage":0.0,"enemies":"2 Louse","floor":2.0,"turns":3.0},{"damage":0.0,"enemies":"Cultist","floor":3.0,"turns":3.0},{"damage":6.0,"enemies":"2 Fungi Beasts","floor":5.0,"turns":3.0},{"damage":44.0,"enemies":"3 Sentries","floor":8.0,"turns":10.0},{"damage":3.0,"enemies":"3 Louse","floor":11.0,"turns":2.0},{"damage":2.0,"enemies":"Blue Slaver","floor":12.0,"turns":2.0},{"damage":6.0,"enemies":"Red Slaver","floor":14.0,"turns":4.0},{"damage":15.0,"enemies":"The Guardian","floor":16.0,"turns":10.0},{"damage":26.0,"enemies":"2 Thieves","floor":18.0,"turns":3.0},{"damage":8.0,"enemies":"Shell Parasite","floor":25.0,"turns":7.0},{"damage":9,"enemies":"3 Cultists","floor":29,"turns":3},{"damage":66,"enemies":"Slavers","floor":30,"turns":4}],"seed_played":"1606014853274027325","potions_obtained":[{"floor":1.0,"key":"SpeedPotion"},{"floor":5.0,"key":"BlessingOfTheForge"},{"floor":8.0,"key":"Explosive Potion"},{"floor":14.0,"key":"Block Potion"},{"floor":16.0,"key":"EssenceOfDarkness"}],"is_trial":false,"path_per_floor":["M","M","M","?","M","R","?","E","T","$","M","M","?","M","R","B",null,"M","?","$","?","$","R","?","M","T","?","?","M","E"],"character_chosen":"DEFECT","items_purchased":["REME_PuzzleBoxRelic","AT_SpeedBoots","AT_HeatAcrobatics+1"],"campfire_rested":1,"item_purchase_floors":[10,20,22],"current_hp_per_floor":[74,78,82,62,60,60,60,20,20,20,17,19,46,44,68,57,82,60,60,60,54,54,54,54,55,60,60,60,60,0,0],"gold":67,"neow_bonus":"TEN_PERCENT_HP_BONUS","is_daily":false,"chose_seed":false,"campfire_upgraded":2,"win_rate":0.0,"timestamp":1611376338,"path_taken":["M","M","M","?","M","R","?","E","T","?","M","M","?","M","R","BOSS","M","?","$","?","$","R","?","M","T","?","?","M","E"],"items_purchased_type":["Relic","Relic","Card"],"build_version":"2020-12-22","purchased_purges":1,"victory":false,"max_hp_per_floor":[82,82,82,82,82,82,82,82,82,82,82,82,82,82,82,82,82,82,82,82,82,82,82,82,82,82,82,82,82,82,82],"card_choices":[{"not_picked":["Recycle","Double Energy"],"picked":"Turbo","floor":1.0},{"not_picked":["Darkness","Sweeping Beam"],"picked":"Conserve Battery","floor":2.0},{"not_picked":["Steam","AT_EMC2"],"picked":"AT_HeatAcrobatics","floor":3.0},{"not_picked":["Ball Lightning","Gash"],"picked":"Tempest","floor":5.0},{"not_picked":["Go for the Eyes","Gash","Barrage"],"picked":"SKIP","floor":8.0},{"not_picked":["Meteor Strike","Rebound"],"picked":"AT_RobotInSpace","floor":11.0},{"not_picked":["Streamline","Redo"],"picked":"Loop","floor":12.0},{"not_picked":["Redo","Loop"],"picked":"Coolheaded","floor":14.0},{"not_picked":["Multi-Cast","REME_ForAll","Buffer","Reboot"],"picked":"Seek","floor":16.0},{"not_picked":["Coolheaded+1","Steam+1"],"picked":"Force Field+1","floor":18.0},{"not_picked":["Blizzard+1","Undo+1"],"picked":"Hologram+1","floor":25.0},{"not_picked":["Coolheaded+1","Genetic Algorithm+1"],"picked":"Aggregate+1","floor":29}],"player_experience":199641,"relics_obtained":[{"floor":8.0,"key":"Bottled Lightning"},{"floor":9.0,"key":"REME_HourglassOfDeath"},{"floor":17.0,"key":"Juzu Bracelet"},{"floor":17.0,"key":"Toxic Egg 2"},{"floor":17.0,"key":"Pocketwatch"},{"floor":26.0,"key":"AT_ArchangelStaff"}],"event_choices":[{"damage_healed":0.0,"max_hp_gain":0.0,"max_hp_loss":0.0,"gold_gain":0.0,"event_name":"Golden Idol","player_choice":"Take Damage","floor":4.0,"gold_loss":0.0,"damage_taken":20.0,"relics_obtained":["Golden Idol"]},{"damage_healed":0.0,"max_hp_gain":0.0,"max_hp_loss":0.0,"gold_gain":0.0,"event_name":"Match and Keep!","player_choice":"0 cards matched","floor":7.0,"gold_loss":0.0,"damage_taken":0.0,"cards_obtained":[]},{"damage_healed":27.0,"max_hp_gain":0.0,"max_hp_loss":0.0,"gold_gain":0.0,"event_name":"Big Fish","player_choice":"Banana","floor":13.0,"gold_loss":0.0,"damage_taken":0.0},{"damage_healed":0.0,"max_hp_gain":0.0,"max_hp_loss":0.0,"gold_gain":0.0,"event_name":"Forgotten Altar","player_choice":"Gave Idol","floor":19.0,"relics_lost":["Golden Idol"],"gold_loss":0.0,"damage_taken":0.0,"relics_obtained":["Bloody Idol"]},{"damage_healed":0.0,"max_hp_gain":0.0,"max_hp_loss":0.0,"gold_gain":0.0,"event_name":"Knowing Skull","player_choice":"","floor":21.0,"potions_obtained":[],"gold_loss":0.0,"damage_taken":6.0,"cards_obtained":[]},{"damage_healed":0.0,"max_hp_gain":0.0,"max_hp_loss":0.0,"gold_gain":0.0,"event_name":"Duplicator","player_choice":"Copied","floor":24.0,"gold_loss":0.0,"damage_taken":0.0,"cards_obtained":["Seek"]},{"damage_healed":0.0,"max_hp_gain":0.0,"max_hp_loss":0.0,"gold_gain":0.0,"event_name":"Ghosts","player_choice":"Ignored","floor":28.0,"gold_loss":0.0,"damage_taken":0.0}],"is_beta":false,"boss_relics":[{"not_picked":["Inserter","SlaversCollar"],"picked":"Calling Bell"}],"items_purged_floors":[20],"is_endless":false,"potions_floor_spawned":[1,5,8,11,14,16],"killed_by":"Slavers","ascension_level":0}}