{"host":"70jy76jvzy076wi7","time":1611414943,"event":{"mods":["100% Spire Juice","Act Like it!","BaseMod","Better Third Choice","Energized Spire","Gensokyo","GungeonMod","GungeonMod Extend","Hallownest","Infinite Spire","Library of Ruina","Library of Ruina Extra","Minty Spire (QoL Compilation)","Pale of the Ancients","Permanent Neow","Replay The Spire","Spicy Shops","StSLib","Yakumo Yukari mod"],"gold_per_floor":[240,89,101,120,133,146,146,156,156,173,208,270,270,330,330,429,429,447,447,461,461,461,486,486,506,529,541,554,554,587,587,587,600,600,600,600],"floor_reached":35,"language":"ZHS","playtime":2711,"items_purged":["AT_purpleEX"],"score":361,"play_id":"adf4a3a8-4f69-4932-9612-657d65fe0809","local_time":"20210123231543","is_ascension_mode":false,"campfire_choices":[{"data":"Observe_purple_2","floor":7.0,"key":"SMITH"},{"data":"MagicEyes_LaplaceDemon_purple","floor":13,"key":"SMITH"},{"floor":24,"key":"REST"},{"data":"Know_ledgeAbilityRealm_purple","floor":29,"key":"SMITH"}],"circlet_count":0,"master_deck":["AT_purpleEX","AT_purpleEX","AT_purpleEX","Defend_purpleEX","Defend_purpleEX","Defend_purpleEX","Defend_purpleEX","Observe_purple_1","Observe_purple_2+1","Fantasy_PerpetualMotionMachine_purple","Charmbait_purple","Umbrella_purple","MagicEyes_LaplaceDemon_purple+1","CommonSense_AntiCommonSense_purple","EighthInstrument_OneDividesIntoTwo_purple+1","SharpContractionReality_purple+1","Boundary_ObjectiveBoundary_purple","Know_ledgeAbilityRealm_purple+1","OmniscientAndOmnipotent_Monster_purple","Mirror_WaveAndshot_purple","ExternalForce_HighSpeedFlying_purple","Boundary_DreamRealityDamnation_purple","D_absorption_purple"],"relics":["Boundary_crack","Memoryfragments_purpleEX","ReplayTheSpireMod:Shallot","Replay:Bottled Flurry","infinitespire:Satchel","energizedSpire:NeverEndingSparkler","Blood Vial","Toy Ornithopter","Ginger"],"acts_visited":["Exordium","TheCity"],"potions_floor_usage":[12,33],"damage_taken":[{"damage":5.0,"enemies":"Cultist","floor":1.0,"turns":5.0},{"damage":0.0,"enemies":"Small Slimes","floor":3.0,"turns":3.0},{"damage":0.0,"enemies":"2 Louse","floor":4.0,"turns":3.0},{"damage":1.0,"enemies":"Blue Slaver","floor":5.0,"turns":4.0},{"damage":5.0,"enemies":"Looter","floor":6.0,"turns":3.0},{"damage":6.0,"enemies":"Large Slime","floor":8.0,"turns":3.0},{"damage":8,"enemies":"Lots of Slimes","floor":10,"turns":3},{"damage":35,"enemies":"Gremlin Nob","floor":11,"turns":4},{"damage":0,"enemies":"3 Sentries","floor":12,"turns":6},{"damage":18,"enemies":"3 Sentries","floor":14,"turns":9},{"damage":0,"enemies":"Slime Boss","floor":16,"turns":7},{"damage":12,"enemies":"3 Byrds","floor":18,"turns":3},{"damage":13,"enemies":"Spheric Guardian","floor":20,"turns":4},{"damage":13,"enemies":"Replay:Snechameleon","floor":23,"turns":4},{"damage":0,"enemies":"Chosen and Byrds","floor":25,"turns":4},{"damage":3,"enemies":"Snake Plant","floor":27,"turns":4},{"damage":4,"enemies":"3 Cultists","floor":28,"turns":4},{"damage":23,"enemies":"Book of Stabbing","floor":30,"turns":4},{"damage":5,"enemies":"Centurion and Healer","floor":33,"turns":3},{"damage":63,"enemies":"KingOfGreed","floor":35,"turns":7}],"seed_played":"-1786650064415898169","potions_obtained":[{"floor":1.0,"key":"Ancient Potion"},{"floor":5.0,"key":"Toxic Potion"},{"floor":6.0,"key":"Explosive Potion"},{"floor":8.0,"key":"DemoMod:LeadSkinPotion"},{"floor":14,"key":"Adrenaline Potion"},{"floor":33,"key":"DemoMod:LeadSkinPotion"}],"is_trial":false,"path_per_floor":["M","$","M","M","M","M","R","M","T","M","E","?","R","E","R","B",null,"M","?","M","?","?","E","R","M","T","M","M","R","E","PTL","PTL","M","R","B"],"character_chosen":"Youkari","items_purchased":["Fantasy_PerpetualMotionMachine_purple"],"campfire_rested":1,"item_purchase_floors":[2],"current_hp_per_floor":[67,67,68,69,70,65,65,59,59,55,23,28,28,14,35,40,70,63,44,33,33,33,21,42,46,46,49,52,52,36,36,36,40,61,0,0],"gold":600,"neow_bonus":"HUNDRED_GOLD","is_daily":false,"chose_seed":false,"campfire_upgraded":3,"win_rate":0.0,"timestamp":1611414943,"path_taken":["M","$","?","M","M","M","R","M","T","M","E","?","R","E","R","BOSS","M","?","M","?","?","E","R","M","T","M","M","R","E","PTL","PTL","M","R","BOSS"],"items_purchased_type":["Card"],"build_version":"2020-12-22","purchased_purges":1,"victory":false,"max_hp_per_floor":[70,70,70,70,70,70,70,70,70,70,70,70,70,70,70,70,70,70,70,70,70,70,70,70,70,70,70,70,70,70,70,70,70,70,70,70],"card_choices":[{"not_picked":["Realm_recovery_purpleEX","MeetDecomposer_purple","SfantasyHide_purple"],"picked":"SKIP","floor":1.0},{"not_picked":["WeekHit_purple","ExistenceContinue_purple","SharpContractionReality_purple"],"picked":"SKIP","floor":3.0},{"not_picked":["StateDuplicate_purple","Realm_recovery_purpleEX"],"picked":"Charmbait_purple","floor":4.0},{"not_picked":["Extrememeaning_purpleEX","Realm_recovery_purpleEX"],"picked":"Umbrella_purple","floor":5.0},{"not_picked":["Line_surface_state_purple","AdvanceAttack_purple","Realm_recovery_purpleEX"],"picked":"SKIP","floor":6.0},{"not_picked":["StateDuplicate_purple","PurpleNeedle_purple"],"picked":"MagicEyes_LaplaceDemon_purple","floor":8.0},{"not_picked":["ExternalForce_HighSpeedFlying_purple","StateDuplicate_purple"],"picked":"CommonSense_AntiCommonSense_purple","floor":10},{"not_picked":["StateErode_purple","OmniscientAndOmnipotent_Monster_purple"],"picked":"EighthInstrument_OneDividesIntoTwo_purple","floor":11},{"not_picked":["MeetDecomposer_purple","CommonSense_AntiCommonSense_purple"],"picked":"SharpContractionReality_purple","floor":12},{"not_picked":["Boundary_LightAndDark_purple","Umbrella_purple"],"picked":"Boundary_ObjectiveBoundary_purple","floor":14},{"not_picked":["Price_of_realm_purpleEX","Computing_the_future_purpleEX"],"picked":"Know_ledgeAbilityRealm_purple","floor":16},{"not_picked":["Fantasy_PerpetualMotionMachine_purple+1","SfantasyHide_purple+1"],"picked":"OmniscientAndOmnipotent_Monster_purple","floor":18},{"not_picked":["MeetDecomposer_purple","AdvanceAttack_purple","Umbrella_purple"],"picked":"SKIP","floor":20},{"not_picked":["Anti_communist_purple","MetroBOOM_purple+1"],"picked":"Mirror_WaveAndshot_purple","floor":23},{"not_picked":["RuleDissolution_purple","MeetDecomposer_purple+1"],"picked":"ExternalForce_HighSpeedFlying_purple","floor":25},{"not_picked":["Realm_recovery_purpleEX","Erosivefilter_purple+1"],"picked":"Boundary_DreamRealityDamnation_purple","floor":27},{"not_picked":["DimensionStaggered_purple","Mirror_FormAndEmptin_purple","SharpContractionReality_purple"],"picked":"SKIP","floor":28},{"not_picked":["DimensionStaggered_purple","Umbrella_purple"],"picked":"D_absorption_purple","floor":30},{"not_picked":["Boundary_DynamicStaticEquilibrium_purple","Mirror_FormAndEmptin_purple+1","Mirror_Drifter_purple"],"picked":"SKIP","floor":33}],"player_experience":1556028,"relics_obtained":[{"floor":11,"key":"ReplayTheSpireMod:Shallot"},{"floor":14,"key":"infinitespire:Satchel"},{"floor":23,"key":"Blood Vial"},{"floor":26,"key":"Toy Ornithopter"},{"floor":30,"key":"Ginger"}],"event_choices":[{"damage_healed":0,"gold_gain":30,"player_choice":"Searched \u00273\u0027 times","damage_taken":0,"relics_obtained":["Replay:Bottled Flurry"],"max_hp_gain":0,"max_hp_loss":0,"event_name":"Dead Adventurer","floor":12,"gold_loss":0},{"damage_healed":0,"gold_gain":0,"player_choice":"Ignored","damage_taken":0,"max_hp_gain":0,"max_hp_loss":0,"event_name":"Vampires","floor":22,"gold_loss":0}],"is_beta":false,"boss_relics":[{"not_picked":["DemoExt:Clone","energizedSpire:CursedPentagram"],"picked":"energizedSpire:NeverEndingSparkler"}],"items_purged_floors":[2],"is_endless":false,"potions_floor_spawned":[1,5,6,8,10,14,23,25,27,33],"killed_by":"KingOfGreed","ascension_level":0}}