{"host":"q9hwjkbjmh6bz9mm","time":1611425680,"event":{"mods":["2.2 Compatiblity","Act Like it!","Aspiration","BaseMod","Better Match","Better Third Choice","BetterRewards","Conspire","DNKmod","Dark Map","Exacting","Friendly Minions","GifTheSpireLib","GungeonMod","Halation","Hubris","Minty Spire (QoL Compilation)","MostiFishMod","Quarter Circle Forward PUNCH!","Replay The Spire","Small Relic Pack","Spire Arcade","StSLib","Td1madao Mod","The Animator","The Blue Laboratory","The Exalted","The Wild Card","Waifu the Spire","Wide Potions","???Mod??????Boss","??????REMEMod"],"gold_per_floor":[1010,1010,1021,1037,442,442,487,500,573,573,606,636,651,683,683,782,782,996,1006,1006,1006,1006],"floor_reached":21,"language":"ENG","playtime":1207,"items_purged":["Injury"],"score":503,"play_id":"e2994832-2431-407e-ace6-8e55feb6e63f","local_time":"20210123101440","is_ascension_mode":true,"campfire_choices":[{"data":"Bromod:JaggedEdge","floor":6,"key":"SMITH"},{"data":"Bromod:SteelCharge","floor":15,"key":"SMITH"}],"circlet_count":0,"master_deck":["Bromod:Strike_Bro","Bromod:Strike_Bro","Bromod:Strike_Bro","Bromod:Defend_Bro","Bromod:Defend_Bro","Bromod:Defend_Bro","Bromod:Defend_Bro","Bromod:SlashDash","Bromod:SlashDash","Bromod:SlashDash","Bromod:SlashDash","Bromod:TargetCracker","Bromod:QuickDraw","Bromod:BodyCount","Bromod:Stormbringer","Bromod:ContagiousSpread","Bromod:FastHands","Bromod:JaggedEdge+1","Bromod:Frostbite+1","Bromod:SlashDash+1","Bromod:Serration+1","Bromod:RelentlessCombination","Bromod:ArchwingLauncher","Bromod:TacticalPump","Bromod:RendingStrike+1","Bromod:SteelCharge+1","Bromod:CollisionForce","Injury","Bromod:PressurePoint+1"],"relics":["Bromod:Ordis","Bromod:AscarisDevice","DaveBox","REME_ComplimentaryCards","ShadowXiaoBlade","REME_PuzzleBoxRelic","SynthV:TestCard","Molten Egg 2","Dodecahedron","Shuriken","aspiration:Lifesprig","DemoMod:DecoyRelic","REME_DemonsWealth","Bromod:BleedingDragonKey","Bromod:DecayingDragonKey","Bromod:ExtinguishedDragonKey","Bromod:HobbledDragonKey"],"acts_visited":["Exordium","TheCity"],"potions_floor_usage":[4,7,14,21],"damage_taken":[{"damage":2,"enemies":"Jaw Worm","floor":1,"turns":2},{"damage":0,"enemies":"Cultist","floor":3,"turns":3},{"damage":2,"enemies":"Small Slimes","floor":4,"turns":2},{"damage":4,"enemies":"3 Sentries","floor":7,"turns":3},{"damage":0,"enemies":"2 Fungi Beasts","floor":8,"turns":2},{"damage":0,"enemies":"Large Slime","floor":11,"turns":2},{"damage":0,"enemies":"Replay:BlueRogue","floor":12,"turns":1},{"damage":0,"enemies":"Looter","floor":13,"turns":1},{"damage":8,"enemies":"Blue Slaver","floor":14,"turns":2},{"damage":0,"enemies":"Slime Boss","floor":16,"turns":4},{"damage":0,"enemies":"Chosen","floor":18,"turns":3},{"damage":0,"enemies":"Spheric Guardian","floor":19,"turns":2},{"damage":34,"enemies":"Snecko","floor":21,"turns":4}],"seed_played":"8193717448558224975","potions_obtained":[{"floor":4,"key":"Fire Potion"},{"floor":11,"key":"Ancient Potion"},{"floor":12,"key":"DistilledChaos"},{"floor":13,"key":"Dexterity Potion"}],"is_trial":false,"path_per_floor":["M","?","M","M","$","R","E","M","T","?","M","E","M","M","R","B",null,"M","M","?","M"],"character_chosen":"THE_EXALTED","items_purchased":["REME_PuzzleBoxRelic","Bromod:SlashDash","Bromod:TargetCracker","Bromod:QuickDraw","Bromod:BodyCount","Dodecahedron","Bromod:Frostbite+1","Shuriken","Bromod:SlashDash+1"],"campfire_rested":0,"item_purchase_floors":[0,0,0,0,0,5,5,5,5],"current_hp_per_floor":[98,98,98,98,98,98,94,94,94,94,94,94,94,86,86,86,97,97,97,25,0,0],"gold":1006,"neow_bonus":"","is_daily":false,"chose_seed":false,"campfire_upgraded":2,"win_rate":0.0,"timestamp":1611425680,"path_taken":["M","?","M","M","$","R","E","M","T","?","M","E","?","M","R","BOSS","M","?","?","M"],"items_purchased_type":["Relic","Card","Card","Card","Card","Relic","Card","Relic","Card"],"build_version":"2020-12-22","purchased_purges":1,"victory":false,"max_hp_per_floor":[100,100,100,100,100,100,100,100,100,100,100,100,100,100,100,100,100,100,100,25,25,25],"card_choices":[{"not_picked":["Bromod:Foundry","Bromod:BulletJump"],"picked":"Bromod:ContagiousSpread","floor":1},{"not_picked":["Bromod:FormaBlueprint","Bromod:Stormbringer","Bromod:SlipMagazine","Bromod:BodyCount"],"picked":"Bromod:FastHands","floor":3},{"not_picked":["Bromod:Foundry","Bromod:FinishingTouch+1","Bromod:Patagium","Bromod:SteelFiber"],"picked":"Bromod:JaggedEdge","floor":4},{"not_picked":["Bromod:BodyCount","Bromod:SteelFiber","Bromod:QuickDraw","Bromod:ShatteringImpact+1"],"picked":"Bromod:Serration","floor":7},{"not_picked":["Bromod:Provoked","Bromod:PressurePoint","Bromod:Reflection","Bromod:SlipMagazine"],"picked":"Bromod:RelentlessCombination","floor":8},{"not_picked":["Bromod:BriefRespite","Bromod:TacticalPump","Bromod:Provoked","Bromod:ContagiousSpread"],"picked":"Bromod:ArchwingLauncher","floor":11},{"not_picked":["Bromod:ArchwingLauncher","Bromod:Redirection","Bromod:ShatteringImpact+1","Bromod:OrganShatter+1"],"picked":"Bromod:TacticalPump","floor":12},{"not_picked":["Bromod:OrganShatter+1","Bromod:QuickDraw","Bromod:Provoked","Bromod:FormaBlueprint"],"picked":"Bromod:RendingStrike+1","floor":13},{"not_picked":["Bromod:ReflexCoil","Bromod:PointBlank+1","Bromod:BloodRush","Bromod:KillingBlow+1"],"picked":"Bromod:SteelCharge","floor":14},{"not_picked":["Bromod:VoltaicStrike+1","Bromod:ExaltedBlade","Bromod:LethalTorrent","Bromod:Thunderbolt"],"picked":"Bromod:CollisionForce","floor":16},{"not_picked":["Bromod:TacticalPump","Bromod:SlipMagazine+1","Bromod:FinishingTouch+1","Bromod:PointStrike+1","Bromod:Redirection"],"picked":"Injury","floor":18},{"not_picked":["Bromod:TargetCracker+1","Bromod:BodyCount","Bromod:QuickThinking","Bromod:ContagiousSpread","ReplayTheSpireMod:IOU"],"picked":"Bromod:PressurePoint+1","floor":19}],"player_experience":798343,"relics_obtained":[{"floor":1,"key":"SynthV:TestCard"},{"floor":7,"key":"aspiration:Lifesprig"},{"floor":12,"key":"DemoMod:DecoyRelic"}],"event_choices":[{"damage_healed":0,"gold_gain":0,"player_choice":"Forge","damage_taken":0,"max_hp_gain":0,"max_hp_loss":0,"event_name":"Accursed Blacksmith","floor":10,"gold_loss":0,"cards_upgraded":["Bromod:Serration"]}],"is_beta":false,"boss_relics":[{"not_picked":["TimeKeys","OneHitWonderSystem"],"picked":"REME_DemonsWealth"}],"items_purged_floors":[5],"is_endless":false,"potions_floor_spawned":[4,11,12,13,14],"killed_by":"Snecko","ascension_level":6}}