{"host":"aqym1xxr3lb31d9m","time":1611438012,"event":{"mods":["BaseMod","Block Reminder","Colored Map","Colored Powertips","DeckTracker","Highlight Path","Minty Spire (QoL Compilation)","Quick Restart","Random Character Button","StSLib","SuperFastMode","UnlockEverythingMod"],"gold_per_floor":[211,181,198,212,98,98,123,123,123,123,79,99,99,114,114,191,191,209,168,187,187,187,222,239,239,288,338,348,57,57,77,77,77,77],"floor_reached":33,"language":"JPN","playtime":1119,"items_purged":["Decay"],"score":530,"play_id":"6e5bd9ec-0e22-43a3-bfb1-776f0c40373d","local_time":"20210124064012","is_ascension_mode":true,"campfire_choices":[{"data":"Combust","floor":6,"key":"SMITH"},{"data":"Armaments","floor":8,"key":"SMITH"},{"data":"Blood for Blood","floor":10,"key":"SMITH"},{"floor":13,"key":"REST"},{"data":"Bash","floor":15,"key":"SMITH"},{"data":"Fiend Fire","floor":32,"key":"SMITH"}],"circlet_count":0,"master_deck":["AscendersBane","Strike_R+1","Strike_R+1","Strike_R+1","Strike_R+1","Strike_R+1","Defend_R+1","Defend_R+1","Defend_R+1","Defend_R+1","Bash+1","Sword Boomerang","Infernal Blade","Combust+1","Blood for Blood+1","Fire Breathing","Armaments+1","Power Through","Metallicize","Limit Break","Fiend Fire+1","Pummel","Spot Weakness","Warcry","Pain","Intimidate","Feel No Pain","Dark Embrace","True Grit"],"relics":["Burning Blood","Dead Branch","CaptainsWheel","Coffee Dripper","WarpedTongs","TungstenRod","Centennial Puzzle"],"acts_visited":["Exordium","TheCity"],"potions_floor_usage":[12,16,23,24,33],"damage_taken":[{"damage":9.0,"enemies":"Jaw Worm","floor":1.0,"turns":4.0},{"damage":1.0,"enemies":"Cultist","floor":3.0,"turns":3.0},{"damage":2,"enemies":"2 Louse","floor":4,"turns":3},{"damage":36,"enemies":"3 Sentries","floor":7,"turns":5},{"damage":36,"enemies":"Gremlin Gang","floor":12,"turns":6},{"damage":10,"enemies":"Blue Slaver","floor":14,"turns":5},{"damage":12,"enemies":"Hexaghost","floor":16,"turns":8},{"damage":5,"enemies":"2 Thieves","floor":18,"turns":5},{"damage":12,"enemies":"Shell Parasite","floor":20,"turns":5},{"damage":41,"enemies":"Slavers","floor":23,"turns":4},{"damage":16,"enemies":"Snecko","floor":24,"turns":6},{"damage":2,"enemies":"Centurion and Healer","floor":28,"turns":6},{"damage":11,"enemies":"Snake Plant","floor":31,"turns":5},{"damage":72,"enemies":"Automaton","floor":33,"turns":6}],"seed_played":"-4550252412412822626","potions_obtained":[{"floor":1.0,"key":"LiquidMemories"},{"floor":2.0,"key":"PowerPotion"},{"floor":16,"key":"GamblersBrew"},{"floor":20,"key":"ColorlessPotion"},{"floor":23,"key":"Regen Potion"}],"is_trial":false,"path_per_floor":["M","?","M","M","$","R","E","R","T","R","$","M","R","M","R","B",null,"M","$","M","?","?","E","M","?","T","?","M","$","?","M","R","B"],"character_chosen":"IRONCLAD","items_purchased":["Blood for Blood","Fire Breathing","Power Through","Spot Weakness","True Grit","Centennial Puzzle"],"campfire_rested":1,"item_purchase_floors":[5,5,11,19,29,29],"current_hp_per_floor":[65,65,70,74,74,74,44,44,44,44,44,14,36,32,32,26,63,64,64,58,58,58,23,28,28,28,28,32,32,32,27,27,0,0],"gold":77,"neow_bonus":"HUNDRED_GOLD","is_daily":false,"chose_seed":false,"campfire_upgraded":5,"win_rate":0.0,"timestamp":1611438012,"path_taken":["M","?","M","M","$","R","E","R","T","R","$","?","R","M","R","BOSS","M","$","M","?","?","E","?","?","T","?","M","$","?","M","R","BOSS"],"items_purchased_type":["Card","Card","Card","Card","Card","Relic"],"build_version":"2020-12-22","purchased_purges":1,"victory":false,"max_hp_per_floor":[75,75,75,75,75,75,75,75,75,75,75,75,75,75,75,75,75,75,75,75,75,75,75,75,75,75,75,75,75,75,75,75,75,75],"card_choices":[{"not_picked":["Disarm","Pommel Strike"],"picked":"Sword Boomerang","floor":1.0},{"not_picked":["Feel No Pain","Bloodletting"],"picked":"Infernal Blade","floor":3.0},{"not_picked":["Clothesline","Perfected Strike"],"picked":"Combust","floor":4},{"not_picked":["Rage","Sword Boomerang"],"picked":"Armaments","floor":7},{"not_picked":["Clash","Flex"],"picked":"Metallicize","floor":12},{"not_picked":["Wild Strike","Perfected Strike"],"picked":"Limit Break","floor":14},{"not_picked":["Feed","Immolate"],"picked":"Fiend Fire","floor":16},{"not_picked":["Heavy Blade","Combust"],"picked":"Pummel","floor":18},{"not_picked":["Anger","Power Through"],"picked":"Warcry","floor":20},{"not_picked":["Entrench","Body Slam"],"picked":"Intimidate","floor":23},{"not_picked":["Twin Strike","Wild Strike"],"picked":"Feel No Pain","floor":24},{"not_picked":["Sword Boomerang","Cleave"],"picked":"Dark Embrace","floor":28},{"not_picked":["Cleave","Sword Boomerang","Headbutt"],"picked":"SKIP","floor":31}],"player_experience":3994007,"relics_obtained":[{"floor":7,"key":"Dead Branch"},{"floor":9,"key":"CaptainsWheel"},{"floor":23,"key":"TungstenRod"}],"event_choices":[{"damage_healed":0.0,"max_hp_gain":0.0,"max_hp_loss":0.0,"gold_gain":0.0,"event_name":"The Woman in Blue","player_choice":"Bought 2 Potions","floor":2.0,"gold_loss":0.0,"damage_taken":0.0},{"damage_healed":0,"gold_gain":0,"player_choice":"Ignored","damage_taken":0,"max_hp_gain":0,"max_hp_loss":0,"event_name":"Vampires","floor":21,"gold_loss":0},{"damage_healed":0,"gold_gain":0,"player_choice":"Rummage","damage_taken":0,"relics_obtained":["WarpedTongs"],"max_hp_gain":0,"max_hp_loss":0,"event_name":"Accursed Blacksmith","floor":22,"gold_loss":0,"cards_obtained":["Pain"]},{"damage_healed":0,"gold_gain":0,"player_choice":"Smashed Altar","damage_taken":0,"max_hp_gain":0,"max_hp_loss":0,"event_name":"Forgotten Altar","floor":25,"gold_loss":0,"cards_obtained":["Decay"]},{"damage_healed":0,"gold_gain":50,"player_choice":"Stole From Cult","damage_taken":0,"max_hp_gain":0,"max_hp_loss":0,"event_name":"Nest","floor":27,"gold_loss":0},{"damage_healed":0,"gold_gain":0,"player_choice":"Simplicity","damage_taken":0,"max_hp_gain":0,"max_hp_loss":0,"event_name":"Back to Basics","floor":30,"gold_loss":0,"cards_upgraded":["Strike_R","Strike_R","Strike_R","Strike_R","Strike_R","Defend_R","Defend_R","Defend_R","Defend_R"]}],"is_beta":false,"boss_relics":[{"not_picked":["Black Blood","Ectoplasm"],"picked":"Coffee Dripper"}],"items_purged_floors":[29],"is_endless":false,"potions_floor_spawned":[1,7,16,20,23],"killed_by":"Automaton","ascension_level":20}}