{"host":"clf2hd4adhiiw0zf","time":1611400435,"event":{"mods":["AchievementEnabler","BaseMod","Beaked The Cultist","Bestiary","Dark Map","Downfall","Gremlin Mod","Hermit","Jorbs\u0027s Wanderer Trilogy","Marisa????????","Minty Spire (QoL Compilation)","Shop Mod","StSLib","The Cursed","The Servant 0.9.4","UnlockEverythingMod"],"gold_per_floor":[99,119,119,132,152,49,49,76,76,76,96,81,100,119,137,137,137],"floor_reached":16,"language":"ENG","playtime":751,"items_purged":[],"score":129,"play_id":"87bf264e-271d-4952-939c-cf3c1f671809","local_time":"20210123041355","is_ascension_mode":false,"campfire_choices":[{"floor":1.0,"key":"RECALL"},{"data":"LuminesStrike","floor":9.0,"key":"SMITH"}],"circlet_count":0,"master_deck":["Strike_MRS","Strike_MRS","Strike_MRS","Strike_MRS","Defend_MRS","Defend_MRS","Defend_MRS","Defend_MRS","MasterSpark","UpSweep","GrandCross","DeepEcoloBomb","SuperNova","GalacticHalo","expansioncontent:InvincibleStrength","LuminesStrike+1","LuminesStrike+1","StarBarrage","NonDirectionalLaser","MysteriousBeam","SporeBomb","JA"],"relics":["MiniHakkero","Mango"],"acts_visited":["Exordium"],"potions_floor_usage":[14,16],"damage_taken":[{"damage":8.0,"enemies":"2 Louse","floor":2.0,"turns":3.0},{"damage":7.0,"enemies":"Small Slimes","floor":4.0,"turns":2.0},{"damage":11.0,"enemies":"Jaw Worm","floor":5.0,"turns":2.0},{"damage":0.0,"enemies":"downfall:FleeingMerchant","floor":6.0,"turns":4.0},{"damage":21.0,"enemies":"3 Sentries","floor":8.0,"turns":7.0},{"damage":1.0,"enemies":"Lots of Slimes","floor":11.0,"turns":4.0},{"damage":0,"enemies":"downfall:FleeingMerchant","floor":12,"turns":4},{"damage":16,"enemies":"Gremlin Gang","floor":13,"turns":4},{"damage":18,"enemies":"Exordium Thugs","floor":14,"turns":3},{"damage":16,"enemies":"Lots of Slimes","floor":15,"turns":3},{"damage":5,"enemies":"DF_ARCHETYPE_STREAMLINE","floor":16,"turns":3}],"seed_played":"-2345003714062584570","potions_obtained":[{"floor":4.0,"key":"SneckoOil"},{"floor":5.0,"key":"Block Potion"},{"floor":11.0,"key":"sneckomod:MuddlingPotion"},{"floor":13,"key":"PowerPotion"},{"floor":15,"key":"sneckomod:MuddlingPotion"}],"is_trial":false,"path_per_floor":["R","M","?","M","M","$","T","E","R","?","M","$","M","M","M","B"],"character_chosen":"MARISA","items_purchased":["expansioncontent:InvincibleStrength"],"campfire_rested":0,"item_purchase_floors":[6],"current_hp_per_floor":[82,74,79,72,61,61,61,54,54,54,53,53,37,19,3,0,0],"gold":137,"neow_bonus":"TEN_PERCENT_HP_BONUS","is_daily":false,"chose_seed":false,"campfire_upgraded":1,"win_rate":0.0,"timestamp":1611400435,"path_taken":["R","M","?","M","M","$","T","E","R","?","M","$","M","?","M","BOSS"],"items_purchased_type":["Card"],"build_version":"2020-12-22","purchased_purges":0,"victory":false,"max_hp_per_floor":[82,82,87,87,87,87,87,101,101,101,101,101,101,101,101,101,101],"card_choices":[{"not_picked":["MilkyWay","PowerUp"],"picked":"GrandCross","floor":2.0},{"not_picked":["IllusionStar","GravityBeat"],"picked":"DeepEcoloBomb","floor":4.0},{"not_picked":["DeepEcoloBomb","AlicesGift"],"picked":"SuperNova","floor":5.0},{"not_picked":["EarthLightRay","AsteroidBelt"],"picked":"GalacticHalo","floor":6.0},{"not_picked":["StarlightTyphoon","PropBag"],"picked":"LuminesStrike","floor":8.0},{"not_picked":["IllusionStar","DoubleSpark"],"picked":"StarBarrage","floor":11.0},{"not_picked":["IllusionStar","DoubleSpark"],"picked":"NonDirectionalLaser","floor":12},{"not_picked":["WitchOfGreed","PropBag"],"picked":"MysteriousBeam","floor":13},{"not_picked":["DoubleSpark","EarthLightRay"],"picked":"SporeBomb","floor":14},{"not_picked":["ShootTheMoon","PulseMagic"],"picked":"JA","floor":15}],"player_experience":96656,"relics_obtained":[{"floor":8.0,"key":"Mango"}],"event_choices":[{"damage_healed":0.0,"max_hp_gain":5.0,"max_hp_loss":0.0,"gold_gain":0.0,"event_name":"Big Fish","player_choice":"Donut","floor":3.0,"gold_loss":0.0,"damage_taken":0.0}],"is_beta":false,"boss_relics":[],"items_purged_floors":[],"is_endless":false,"potions_floor_spawned":[4,5,11,13,15],"killed_by":"DF_ARCHETYPE_STREAMLINE","ascension_level":0}}