{"host":"oehe2dxjvdgux73m","time":1611382968,"event":{"mods":["AchievementEnabler","BaseMod","Colored Map","Colored Powertips","DeckTracker","Keyboard Shortcuts","Minty Spire (QoL Compilation)","Permanent Neow","Quick Restart","StSLib","SuperFastMode"],"gold_per_floor":[114,114,64,79,79,79,94,94,94,20,50,50,50],"floor_reached":12,"language":"KOR","playtime":206,"items_purged":[],"score":76,"play_id":"33fbc9ed-708b-40cd-87d8-084607326a7b","local_time":"20210123152248","daily_mods":["Cursed Run","Purple Cards","DeadlyEvents"],"is_ascension_mode":false,"campfire_choices":[{"data":"Seeing Red","floor":6,"key":"SMITH"},{"data":"Flame Barrier","floor":8,"key":"SMITH"}],"circlet_count":0,"master_deck":["Strike_R","Strike_R","Defend_R","Defend_R","Defend_R","Defend_R","Bash","Prostrate","Metallicize","Seeing Red+1","Flame Barrier+1","Pain","Inflame"],"relics":["Cursed Key","Darkstone Periapt","Du-Vu Doll","InkBottle","Turnip"],"acts_visited":["Exordium"],"potions_floor_usage":[],"damage_taken":[{"damage":1,"enemies":"Jaw Worm","floor":1,"turns":4},{"damage":0,"enemies":"2 Louse","floor":4,"turns":3},{"damage":0,"enemies":"Cultist","floor":7,"turns":5},{"damage":31,"enemies":"Lagavulin","floor":11,"turns":9},{"damage":0,"enemies":"3 Sentries","floor":12,"turns":1}],"seed_played":"-4692305807027556167","potions_obtained":[{"floor":7,"key":"ElixirPotion"}],"is_trial":false,"path_per_floor":["M","?","?","M","?","R","M","R","T","$","E","E"],"character_chosen":"IRONCLAD","items_purchased":["Inflame"],"campfire_rested":0,"item_purchase_floors":[10],"current_hp_per_floor":[79,79,79,79,72,72,72,72,78,78,47,47,47],"gold":50,"neow_bonus":"","is_daily":true,"chose_seed":false,"campfire_upgraded":2,"win_rate":0.0,"timestamp":1611382968,"path_taken":["M","?","?","M","?","R","M","R","T","$","E","?"],"items_purchased_type":["Card"],"build_version":"2020-12-22","purchased_purges":0,"victory":false,"max_hp_per_floor":[80,80,80,80,80,80,80,80,86,86,86,86,86],"card_choices":[{"not_picked":["CrushJoints","Thunderclap"],"picked":"Prostrate","floor":1},{"not_picked":["Flex","Combust"],"picked":"Seeing Red","floor":4},{"not_picked":["FollowUp","Clash"],"picked":"Flame Barrier","floor":7},{"not_picked":["Halt","Swivel","FlyingSleeves"],"picked":"SKIP","floor":11},{"not_picked":["Halt","Swivel","FlyingSleeves"],"picked":"SKIP","floor":11}],"player_experience":300003,"relics_obtained":[{"floor":9,"key":"InkBottle"},{"floor":11,"key":"Turnip"}],"event_choices":[{"damage_healed":0,"gold_gain":0,"cards_transformed":["Strike_R"],"player_choice":"Change","damage_taken":0,"max_hp_gain":0,"max_hp_loss":0,"event_name":"Living Wall","floor":2,"gold_loss":0,"cards_obtained":["Metallicize"]},{"cards_removed":["Strike_R"],"damage_healed":0,"gold_gain":0,"player_choice":"Card Removal","damage_taken":0,"max_hp_gain":0,"max_hp_loss":0,"event_name":"The Cleric","floor":3,"gold_loss":50},{"cards_removed":["Strike_R"],"damage_healed":0,"gold_gain":0,"player_choice":"Card Removal","damage_taken":7,"max_hp_gain":0,"max_hp_loss":0,"event_name":"Golden Wing","floor":5,"gold_loss":0}],"is_beta":false,"boss_relics":[],"items_purged_floors":[],"is_endless":false,"potions_floor_spawned":[7],"killed_by":"3 Sentries","ascension_level":0}}