{"host":"ik8ww1p4uabx5gam","time":1611364878,"event":{"mods":["Always Whale","Aspiration","BaseMod","Beaked The Cultist","Better Third Choice","BetterRewards","Colored Map","Colored Powertips","Conspire","Energized Spire","FetchMod","GifTheSpireLib","Hubris","Infinite Spire","Ironclad Rager","Jedi Mod","Minty Spire (QoL Compilation)","Random Character Button","Replay The Spire","Shop Mod","Spicy Shops","Spikes Relics","StSLib","Stuff the Spire","The Blue Laboratory","The Gatherer","Wandering Minibosses","??????REMEMod"],"gold_per_floor":[119,132,132,132,132,132,165,179,179,309,336,336,519,549,549,679,679,717,740,772,804,828,964,964,999,1052,1193,1218,1404,1437,1630,1642,1788,1800,1851,1863,1863],"floor_reached":36,"language":"ENG","playtime":2382,"items_purged":[],"score":621,"play_id":"462de7be-c03e-4fcb-b03d-40852da4ce3e","local_time":"20210122192118","is_ascension_mode":true,"campfire_choices":[{"data":"beaked:MimicWarrior","floor":6.0,"key":"SMITH"},{"data":"beaked:Foresight","floor":12.0,"key":"SMITH"},{"data":"Pot Of Greed","floor":24.0,"key":"SMITH"}],"circlet_count":0,"master_deck":["beaked:Strike_Y","beaked:Strike_Y","beaked:Strike_Y","beaked:Strike_Y","beaked:Strike_Y","beaked:Strike_Y","beaked:Defend_Y","beaked:Defend_Y","beaked:Defend_Y","beaked:Defend_Y","beaked:Ceremony","beaked:Ceremony","beaked:Ceremony","beaked:MimicWarrior+1","ReplayTheSpireMod:Prepare the Ceremony+1","beaked:Brace","beaked:Foresight+1","Outmaneuver","Pot Of Greed","Pot Of Greed","ThirdEye","Doppelganger","beaked:TuckingFeathers","beaked:MimicMachine","beaked:Poke+1","beaked:Overexert+1","Pot Of Greed+1","beaked:StickSmack","beaked:Windmill","beaked:FullHouse","beaked:CursingBlood+1","beaked:KnowThyFoe"],"relics":["beaked:MendingPlumage","REME_ComplimentaryCards","aspiration:Nostalgia","Replay:M_StaffOfTheSnake","hubris:Towel","Golden Idol","StuffTheSpire:TintedRock","Blood Vial","Replay:Bandana","Grinning Jar","REME_ChargedStone","aspiration:EmptySkull","ReplayTheSpireMod:TigerMarble","REME_HourglassOfDeath","MawBank","Nunchaku","StuffTheSpire:RunicHypercube"],"acts_visited":["Exordium","TheCity","TheBeyond"],"potions_floor_usage":[],"damage_taken":[{"damage":8.0,"enemies":"Small Slimes","floor":1.0,"turns":4.0},{"damage":0.0,"enemies":"Cultist","floor":2.0,"turns":2.0},{"damage":48.0,"enemies":"Gremlin Nob","floor":7.0,"turns":5.0},{"damage":0.0,"enemies":"Jaw Worm","floor":8.0,"turns":3.0},{"damage":13.0,"enemies":"Lagavulin","floor":10.0,"turns":6.0},{"damage":21.0,"enemies":"Large Slime","floor":11.0,"turns":6.0},{"damage":39.0,"enemies":"Gremlin Nob","floor":13.0,"turns":5.0},{"damage":16.0,"enemies":"Exordium Wildlife","floor":14.0,"turns":6.0},{"damage":20.0,"enemies":"Slime Boss","floor":16.0,"turns":8.0},{"damage":25.0,"enemies":"2 Thieves","floor":18.0,"turns":4.0},{"damage":22.0,"enemies":"Shell Parasite","floor":19.0,"turns":7.0},{"damage":25.0,"enemies":"Snake Plant","floor":20.0,"turns":6.0},{"damage":66.0,"enemies":"3 Cultists","floor":21.0,"turns":7.0},{"damage":24.0,"enemies":"Centurion and Healer","floor":22.0,"turns":6.0},{"damage":53.0,"enemies":"Gremlin Leader","floor":23.0,"turns":7.0},{"damage":30.0,"enemies":"Chosen and Byrds","floor":25.0,"turns":4.0},{"damage":46.0,"enemies":"Nightmare","floor":27.0,"turns":7.0},{"damage":10.0,"enemies":"Snake Plant","floor":28.0,"turns":1.0},{"damage":6.0,"enemies":"Gremlin Leader","floor":29.0,"turns":4.0},{"damage":58.0,"enemies":"Cultist and Chosen","floor":30.0,"turns":7.0},{"damage":13.0,"enemies":"Book of Stabbing","floor":31.0,"turns":5.0},{"damage":16.0,"enemies":"Collector","floor":33.0,"turns":6.0},{"damage":45.0,"enemies":"3 Darklings","floor":35.0,"turns":6.0},{"damage":0.0,"enemies":"hubris:Merchant","floor":36.0,"turns":1.0}],"seed_played":"2816633871520208535","potions_obtained":[{"floor":1.0,"key":"Toxic Potion"},{"floor":2.0,"key":"Block Potion"},{"floor":8.0,"key":"blueLaboratory:HorrorPotion"},{"floor":16.0,"key":"blueLaboratory:ImpenetrablePotion"},{"floor":18.0,"key":"blueLaboratory:FrostheartPotion"},{"floor":22.0,"key":"blueLaboratory:LouseDecoction"},{"floor":23.0,"key":"AttackPotion"},{"floor":25.0,"key":"Ancient Potion"},{"floor":27.0,"key":"BlessingOfTheForge"},{"floor":29.0,"key":"Block Potion"},{"floor":33.0,"key":"blueLaboratory:FruitPunch"}],"is_trial":false,"path_per_floor":["M","M","?","?","?","R","E","M","T","E","M","R","E","M","R_BF","B",null,"M","M","M","M","M","E","R","M","T","NM","M","E","M","E","R","B",null,"M","$"],"character_chosen":"BEAKED_THE_CULTIST","items_purchased":[],"campfire_rested":0,"item_purchase_floors":[],"current_hp_per_floor":[50,50,50,38,38,38,14,30,30,45,50,50,24,47,50,50,50,48,50,50,26,42,42,42,50,50,36,42,50,22,45,45,50,50,40,46,46],"gold":1863,"neow_bonus":"NOSTALGIA","is_daily":false,"chose_seed":false,"campfire_upgraded":3,"win_rate":0.0,"timestamp":1611364878,"path_taken":["M","M","?","?","?","R","E","M","T","E","M","R","E","M","R_BF","BOSS","M","M","M","?","M","E","R","?","T","NM","M","E","M","E","R","BOSS","M","?"],"items_purchased_type":[],"build_version":"2020-12-22","purchased_purges":0,"victory":false,"max_hp_per_floor":[50,50,50,50,50,50,50,50,50,50,50,50,50,50,50,50,50,50,50,50,50,50,50,50,50,50,50,50,50,50,50,50,50,50,52,52,52],"card_choices":[{"not_picked":["beaked:BounceBack","beaked:Cower"],"picked":"ReplayTheSpireMod:Prepare the Ceremony","floor":1.0},{"not_picked":["beaked:Tradeoff","beaked:Overexert"],"picked":"beaked:Brace","floor":2.0},{"not_picked":["Dagger Throw","Flying Knee"],"picked":"beaked:Foresight","floor":7.0},{"not_picked":["Nirvana","beaked:DigDeep","beaked:Overpower"],"picked":"SKIP","floor":8.0},{"not_picked":["beaked:LiftOff","SashWhip","beaked:Tradeoff"],"picked":"SKIP","floor":10.0},{"not_picked":["beaked:Evade","beaked:Overpower"],"picked":"Outmaneuver","floor":11.0},{"not_picked":["beaked:Flinch","beaked:DarkPact"],"picked":"ThirdEye","floor":13.0},{"not_picked":["beaked:Replenish","beaked:SurvivalInstinct","beaked:Resilience"],"picked":"SKIP","floor":14.0},{"not_picked":["beaked:VolatileMisfortune","beaked:DarkPact"],"picked":"Doppelganger","floor":16.0},{"not_picked":["beaked:HuntressEssence+1","beaked:WindBringer","beaked:Resilience+1"],"picked":"SKIP","floor":18.0},{"not_picked":["ReplayTheSpireMod:Prepare the Ceremony","beaked:BraceForImpact"],"picked":"beaked:TuckingFeathers","floor":19.0},{"not_picked":["beaked:Hexing","beaked:WindBringer+1"],"picked":"beaked:MimicMachine","floor":20.0},{"not_picked":["beaked:Tweet","beaked:WarriorEssence+1","beaked:Cower"],"picked":"SKIP","floor":21.0},{"not_picked":["beaked:Evade","beaked:Foresight"],"picked":"beaked:Poke+1","floor":22.0},{"not_picked":["beaked:Poke","beaked:MimicHuntress"],"picked":"beaked:Overexert+1","floor":23.0},{"not_picked":["beaked:Negation","beaked:Insight"],"picked":"beaked:StickSmack","floor":25.0},{"not_picked":["beaked:Brace","beaked:Daydream"],"picked":"beaked:Windmill","floor":27.0},{"not_picked":["beaked:TuckingFeathers","beaked:SurvivalInstinct"],"picked":"beaked:FullHouse","floor":28.0},{"not_picked":["beaked:HuntressEssence","beaked:Molting","beaked:Negation"],"picked":"SKIP","floor":29.0},{"not_picked":["beaked:Devastation","beaked:Foresight+1"],"picked":"beaked:CursingBlood+1","floor":30.0},{"not_picked":["beaked:MaddeningMurmurs","beaked:Insight","beaked:Tradeoff+1"],"picked":"SKIP","floor":31.0},{"not_picked":["beaked:FullHouse","beaked:DarkPact"],"picked":"beaked:KnowThyFoe","floor":33.0},{"not_picked":["beaked:WarriorEssence","beaked:SacrificialDive","beaked:Insight+1"],"picked":"SKIP","floor":35.0}],"player_experience":1027798,"relics_obtained":[{"floor":7.0,"key":"StuffTheSpire:TintedRock"},{"floor":9.0,"key":"Blood Vial"},{"floor":10.0,"key":"Replay:Bandana"},{"floor":13.0,"key":"Grinning Jar"},{"floor":23.0,"key":"aspiration:EmptySkull"},{"floor":26.0,"key":"ReplayTheSpireMod:TigerMarble"},{"floor":27.0,"key":"REME_HourglassOfDeath"},{"floor":29.0,"key":"MawBank"},{"floor":31.0,"key":"Nunchaku"}],"event_choices":[{"damage_healed":0.0,"max_hp_gain":0.0,"max_hp_loss":0.0,"gold_gain":0.0,"event_name":"Golden Idol","player_choice":"Take Damage","floor":4.0,"gold_loss":0.0,"damage_taken":12.0,"relics_obtained":["Golden Idol"]},{"damage_healed":0.0,"max_hp_gain":0.0,"max_hp_loss":0.0,"gold_gain":0.0,"event_name":"The Woman in Blue","player_choice":"Bought 0 Potions","floor":5.0,"gold_loss":0.0,"damage_taken":0.0}],"is_beta":false,"boss_relics":[{"not_picked":["aspiration:PoetsPen_weak","energizedSpire:DeadBattery"],"picked":"REME_ChargedStone"},{"not_picked":["REME_DemonsWealth","hubris:TerracottaHorce"],"picked":"StuffTheSpire:RunicHypercube"}],"items_purged_floors":[],"is_endless":false,"potions_floor_spawned":[1,2,8,16,18,22,23,25,27,29,33],"killed_by":"hubris:Merchant","ascension_level":1}}