{"host":"mlczotyo8j5fj6lt","time":1611397434,"event":{"mods":["AchievementEnabler","Aspiration","BaseMod","Bestiary","Better Third Choice","BetterRewards","Colored Powertips","Defective Defect","Good Game Mod","Googly Eyes","Highlight Path","Minty Spire (QoL Compilation)","Quick Restart","StSLib","everything is the same but u backflip on backflip"],"gold_per_floor":[117,2,16,16,16,42,42,77,77,77,92,107,107,133,133,232,232,252,527,513,513,23,33,33,33,33,47,63,63,63,27,27,129,129,147,147,159,159,46,11,11,11,11,11,21,21,21,33,33,33,33],"floor_reached":50,"language":"ENG","playtime":1986,"items_purged":["Regret"],"score":498,"play_id":"e5698cbf-6fcb-4da3-a82b-badab60cffc0","local_time":"20210123112354","is_ascension_mode":false,"campfire_choices":[{"data":"Capacitor","floor":7,"key":"SMITH"},{"data":"Genetic Algorithm","floor":10,"key":"SMITH"},{"floor":13,"key":"REST"},{"floor":15,"key":"REST"},{"floor":24,"key":"REST"},{"data":"Seek","floor":30,"key":"SMITH"},{"data":"Undo","floor":32,"key":"SMITH"},{"data":"Barrage","floor":41,"key":"SMITH"},{"data":"Force Field","floor":49,"key":"SMITH"}],"circlet_count":0,"master_deck":["Defend_B+1","Defend_B+1","Defend_B+1","Defend_B+1","Zap+1","Dualcast+1","Sweeping Beam+1","Capacitor+1","Coolheaded+1","Beam Cell+1","Hello World+1","Genetic Algorithm+1","Ball Lightning+1","Seek+1","Buffer+1","BootSequence+1","Consume+1","Stack+1","Recycle+1","Seek+1","Melter+1","Leap+1","Gash+1","Gash+1","Gash+1","Undo+1","Bite+1","Bite+1","Bite+1","Bite+1","Static Discharge+1","Electrodynamics+1","Aggregate+1","Good Instincts+1","Barrage+1","Electrodynamics+1","Reinforced Body+1","Defragment+1","Auto Shields+1","Ball Lightning+1","Force Field+1"],"relics":["Cracked Core","REME:ComplimentaryCards","aspiration:Nostalgia","Burning Blood","Centennial Puzzle","Ornamental Fan","aspiration:DSix","HornCleat","Astrolabe","Meat on the Bone","Prayer Wheel","Frozen Egg 2","Sozu","aspiration:ArtOfWarUpgrade","Mark of the Bloom"],"acts_visited":["Exordium","TheCity","TheBeyond"],"potions_floor_usage":[8,16,33,42],"damage_taken":[{"damage":0,"enemies":"2 Louse","floor":1,"turns":2},{"damage":0,"enemies":"Cultist","floor":3,"turns":4},{"damage":19,"enemies":"Lagavulin","floor":6,"turns":9},{"damage":22,"enemies":"3 Sentries","floor":8,"turns":5},{"damage":3,"enemies":"Small Slimes","floor":11,"turns":3},{"damage":29,"enemies":"Gremlin Gang","floor":12,"turns":5},{"damage":9,"enemies":"Hexaghost","floor":16,"turns":9},{"damage":8,"enemies":"Spheric Guardian","floor":18,"turns":5},{"damage":9,"enemies":"2 Thieves","floor":20,"turns":4},{"damage":26,"enemies":"Shelled Parasite and Fungi","floor":23,"turns":6},{"damage":31,"enemies":"Chosen and Byrds","floor":27,"turns":9},{"damage":16,"enemies":"Snake Plant","floor":28,"turns":5},{"damage":54,"enemies":"Automaton","floor":33,"turns":11},{"damage":6,"enemies":"3 Darklings","floor":35,"turns":5},{"damage":5,"enemies":"Orb Walker","floor":37,"turns":5},{"damage":0,"enemies":"Sphere and 2 Shapes","floor":42,"turns":2},{"damage":7,"enemies":"Jaw Worm Horde","floor":45,"turns":3},{"damage":0,"enemies":"Transient","floor":48,"turns":5},{"damage":53,"enemies":"Time Eater","floor":50,"turns":10}],"seed_played":"7258968562471084203","potions_obtained":[{"floor":3,"key":"Explosive Potion"},{"floor":11,"key":"Dexterity Potion"},{"floor":23,"key":"SmokeBomb"},{"floor":28,"key":"DuplicationPotion"}],"is_trial":false,"path_per_floor":["M","$","M","?","$","E","R","E","T","R","M","M","R","T","R","B",null,"M","?","M","?","$","M","R","$","T","M","M","?","R","$","R","B",null,"M","?","M","?","$","$","R","M","T","R","M","R","?","M","R","B"],"character_chosen":"DEFECT","items_purchased":["Capacitor","Coolheaded","Prayer Wheel","Recycle","Seek","Static Discharge+1","Reinforced Body","Defragment+1"],"campfire_rested":3,"item_purchase_floors":[2,2,22,22,22,31,39,40],"current_hp_per_floor":[75,75,75,75,75,62,62,46,46,46,49,26,48,48,70,67,75,73,73,70,70,70,50,72,72,72,47,49,49,49,49,49,25,52,52,52,52,52,52,52,52,52,52,52,52,52,52,52,52,0,0],"gold":33,"neow_bonus":"NOSTALGIA","is_daily":false,"chose_seed":false,"campfire_upgraded":6,"win_rate":0.0,"timestamp":1611397434,"path_taken":["M","$","M","?","$","E","R","E","T","R","M","?","R","?","R","BOSS","M","?","?","?","$","M","R","?","T","M","M","?","R","$","R","BOSS","M","?","?","?","?","$","R","M","T","R","?","R","?","M","R","BOSS"],"items_purchased_type":["Card","Card","Relic","Card","Card","Card","Card","Card"],"build_version":"2020-12-22","purchased_purges":1,"victory":false,"max_hp_per_floor":[75,75,75,75,75,75,75,75,75,75,75,75,75,75,75,75,75,75,75,75,75,75,75,75,75,75,75,75,52,52,52,52,52,52,52,52,52,52,52,52,52,52,52,52,52,52,52,52,52,52,52],"card_choices":[{"not_picked":["Compile Driver","Leap"],"picked":"Sweeping Beam","floor":1},{"not_picked":["Stack","Hologram"],"picked":"Beam Cell","floor":3},{"not_picked":["Compile Driver","Hyperbeam"],"picked":"Hello World","floor":6},{"not_picked":["Ball Lightning","Streamline"],"picked":"Genetic Algorithm","floor":8},{"not_picked":["Streamline","Steam"],"picked":"Darkness","floor":11},{"not_picked":["Steam","Turbo"],"picked":"Ball Lightning","floor":12},{"not_picked":["Fission","Core Surge"],"picked":"Seek","floor":16},{"not_picked":["Streamline","Stack+1"],"picked":"Conserve Battery","floor":18},{"not_picked":["Scrape+1","Compile Driver"],"picked":"Stack","floor":20},{"not_picked":["Leap","Turbo"],"picked":"Melter","floor":23},{"not_picked":["Compile Driver","Stack"],"picked":"Leap+1","floor":23},{"not_picked":["Multi-Cast","Sweeping Beam"],"picked":"Gash+1","floor":27},{"not_picked":["Turbo","Loop+1"],"picked":"Gash","floor":27},{"not_picked":["Hologram","Compile Driver+1"],"picked":"Gash","floor":28},{"not_picked":["Beam Cell+1","Skim+1"],"picked":"Undo","floor":28},{"not_picked":["Core Surge","Multi-Cast"],"picked":"Electrodynamics+1","floor":33},{"not_picked":["Coolheaded+1","Go for the Eyes"],"picked":"Aggregate","floor":35},{"not_picked":["Steam+1","Streamline","Coolheaded"],"picked":"SKIP","floor":35},{"not_picked":["Turbo+1","Stack"],"picked":"Barrage","floor":37},{"not_picked":["Cold Snap+1","Hologram+1"],"picked":"Electrodynamics+1","floor":37},{"not_picked":["Double Energy","Leap"],"picked":"Auto Shields","floor":45},{"not_picked":["Barrage+1","Consume","Redo+1"],"picked":"SKIP","floor":45},{"not_picked":["Hologram+1","Self Repair+1"],"picked":"Ball Lightning+1","floor":48},{"not_picked":["Sweeping Beam","Gash"],"picked":"Force Field","floor":48}],"player_experience":232206,"relics_obtained":[{"floor":6,"key":"Centennial Puzzle"},{"floor":8,"key":"Ornamental Fan"},{"floor":9,"key":"aspiration:DSix"},{"floor":14,"key":"HornCleat"},{"floor":26,"key":"Frozen Egg 2"},{"floor":43,"key":"Art of War"}],"event_choices":[{"damage_healed":0,"gold_gain":0,"player_choice":"Upgraded","damage_taken":0,"max_hp_gain":0,"max_hp_loss":0,"event_name":"Upgrade Shrine","floor":4,"gold_loss":0,"cards_upgraded":["Zap"]},{"damage_healed":0,"gold_gain":275,"player_choice":"Desecrate","damage_taken":0,"max_hp_gain":0,"max_hp_loss":0,"event_name":"Golden Shrine","floor":19,"gold_loss":0,"cards_obtained":["Regret"]},{"cards_removed":["Conserve Battery"],"damage_healed":0,"gold_gain":0,"player_choice":"Gave Card","damage_taken":0,"relics_obtained":["Meat on the Bone"],"max_hp_gain":0,"max_hp_loss":0,"event_name":"WeMeetAgain","floor":21,"gold_loss":0},{"damage_healed":0,"gold_gain":0,"player_choice":"Became a vampire","damage_taken":0,"max_hp_gain":0,"max_hp_loss":23,"event_name":"Vampires","floor":29,"gold_loss":0,"cards_obtained":["Bite","Bite","Bite","Bite","Bite"]},{"damage_healed":0,"gold_gain":0,"cards_transformed":["Bite"],"player_choice":"Transformed","damage_taken":0,"max_hp_gain":0,"max_hp_loss":0,"event_name":"Transmorgrifier","floor":36,"gold_loss":0,"cards_obtained":["Good Instincts"]},{"damage_healed":0,"gold_gain":0,"player_choice":"Got Potions","damage_taken":0,"max_hp_gain":0,"max_hp_loss":0,"event_name":"Lab","floor":38,"gold_loss":0},{"damage_healed":0,"gold_gain":0,"player_choice":"Upgrade","damage_taken":0,"relics_obtained":["Mark of the Bloom"],"max_hp_gain":0,"max_hp_loss":0,"event_name":"MindBloom","floor":47,"gold_loss":0,"cards_upgraded":["Defend_B","Defend_B","Defend_B","Defend_B","Dualcast","Sweeping Beam","Coolheaded","Beam Cell","Hello World","Ball Lightning","Stack","Recycle","Seek","Melter","Gash","Gash","Bite","Bite","Bite","Bite","Aggregate","Good Instincts","Reinforced Body","Auto Shields"]}],"is_beta":false,"boss_relics":[{"not_picked":["Empty Cage","Busted Crown"],"picked":"Astrolabe"},{"not_picked":["Cursed Key","Philosopher\u0027s Stone"],"picked":"Sozu"}],"items_purged_floors":[39],"is_endless":false,"potions_floor_spawned":[3,11,23,28,35,45],"killed_by":"Time Eater","ascension_level":0}}