{"host":"6aycdg1azw3gf4o9","time":1611416587,"event":{"mods":["Act Like it!","Arknights The Spire","BaseMod","CapriCore","Gensokyo","Minty Spire (QoL Compilation)","READ ME - Guardian Mod","StSLib"],"gold_per_floor":[116,116,1,1,19,19,32,247,247,247,260,40,40,56,56,158,158,169,269,22,38,38,38,63,76,76,88,88,88,10,0,0,0,0],"floor_reached":33,"language":"ZHS","playtime":1866,"items_purged":["Injury"],"score":255,"play_id":"5e59c25a-6448-4410-8765-37c7fc66c09a","local_time":"20210123234307","is_ascension_mode":false,"campfire_choices":[{"data":"ats:Magnetic Hammer","floor":6.0,"key":"SMITH"},{"data":"ats:Leaping Hammer","floor":10.0,"key":"SMITH"},{"data":"ats:Closed Bolt Burst Fire","floor":15.0,"key":"SMITH"},{"data":"ats:Demon Strength","floor":23,"key":"SMITH"},{"data":"ats:Overload","floor":29,"key":"SMITH"},{"data":"ats:Mental Burst","floor":32,"key":"SMITH"}],"circlet_count":0,"master_deck":["ats:Strike C","ats:Strike G","ats:Strike S","ats:Strike V","ats:Armor Crushing Shot","ats:Defend","ats:Defend","ats:Defend","ats:Defend","ats:Leaping Hammer+1","ats:Magnetic Hammer+1","ats:Apocalypse","ats:Calcification+1","ats:Assault Order","ats:Defend Order","ats:Charging Defense","ats:Shadow Assault","ats:Serious Mode","ats:Closed Bolt Burst Fire+1","ats:Wolf Pack+1","ats:Curse Doll+1","ats:Shell Defense+1","ats:Demon Strength+1","ats:Mental Burst+1","ats:Sashimi Platter","ats:Overload+1","ats:Song Of Battle+1","ats:Revitalization+1"],"relics":["ats:Sanity Plus","Boot","Gensokyo:Justice","Ornamental Fan","Ice Cream","Calipers","Turnip","TungstenRod","Membership Card","ats:Originium","Centennial Puzzle","Bag of Marbles","Pen Nib"],"acts_visited":["Exordium","Gensokyo:Gensokyo"],"potions_floor_usage":[24,24,25,33],"damage_taken":[{"damage":4.0,"enemies":"Gensokyo:2_Kodama","floor":1.0,"turns":4.0},{"damage":12.0,"enemies":"Gensokyo:Python","floor":5.0,"turns":5.0},{"damage":10.0,"enemies":"Gensokyo:3_Fairies","floor":7.0,"turns":4.0},{"damage":29.0,"enemies":"Gensokyo:2_Rabbits","floor":8.0,"turns":6.0},{"damage":6.0,"enemies":"Gensokyo:3_Kodama","floor":11.0,"turns":4.0},{"damage":0.0,"enemies":"Gensokyo:LivingMonolith","floor":14.0,"turns":3.0},{"damage":51.0,"enemies":"Gensokyo:Yukari","floor":16.0,"turns":10.0},{"damage":2.0,"enemies":"Gensokyo:2_Gloops","floor":18.0,"turns":4.0},{"damage":17.0,"enemies":"Gensokyo:2_Gloops","floor":19.0,"turns":12.0},{"damage":20,"enemies":"Gensokyo:3_Dogs","floor":21,"turns":7},{"damage":39,"enemies":"Gensokyo:Koishi","floor":24,"turns":6},{"damage":26,"enemies":"Gensokyo:Slime_Group","floor":25,"turns":3},{"damage":8,"enemies":"Gensokyo:3_Gloops","floor":27,"turns":5},{"damage":120,"enemies":"Gensokyo:Eternal_Rivals","floor":33,"turns":11}],"seed_played":"-2904876002250506413","potions_obtained":[{"floor":8.0,"key":"SkillPotion"},{"floor":11.0,"key":"SteroidPotion"},{"floor":14.0,"key":"BlessingOfTheForge"},{"floor":16.0,"key":"Explosive Potion"},{"floor":18.0,"key":"Swift Potion"},{"floor":19.0,"key":"PowerPotion"},{"floor":25,"key":"Fruit Juice"},{"floor":27,"key":"Dexterity Potion"}],"is_trial":false,"path_per_floor":["M","?","COS","?","M","R","M","M","T","R","M","$","?","M","R","B",null,"M","?","$","M","?","R","E","M","T","M","?","R","$","?","R","B"],"character_chosen":"DOCTOR_CLASS","items_purchased":["ats:Shadow Assault","ats:Serious Mode","Membership Card","ats:Demon Strength","ats:Mental Burst","Pen Nib"],"campfire_rested":0,"item_purchase_floors":[12,12,20,20,20,30],"current_hp_per_floor":[68,68,68,68,66,66,62,45,45,45,45,45,45,46,46,24,72,71,66,66,55,55,55,66,58,58,67,67,67,67,67,67,0,0],"gold":0,"neow_bonus":"RANDOM_COMMON_RELIC","is_daily":false,"chose_seed":false,"campfire_upgraded":6,"win_rate":0.0,"timestamp":1611416587,"path_taken":["M","?","COS","?","M","R","M","?","T","R","M","$","?","M","R","BOSS","M","?","?","?","?","R","E","M","T","M","?","R","?","?","R","BOSS"],"items_purchased_type":["Card","Card","Relic","Card","Card","Relic"],"build_version":"2020-12-22","purchased_purges":1,"victory":false,"max_hp_per_floor":[72,72,72,72,72,72,72,72,72,72,72,72,72,72,72,72,72,72,72,72,72,72,72,72,77,77,77,77,77,77,77,77,77,77],"card_choices":[{"not_picked":["ats:Blood Oath","ats:Part Time Job"],"picked":"ats:Leaping Hammer","floor":1.0},{"not_picked":["ats:Childhood Dance","ats:Assault Order"],"picked":"ats:Magnetic Hammer","floor":4.0},{"not_picked":["ats:Hammer On","ats:Serious Mode"],"picked":"ats:Apocalypse","floor":4.0},{"not_picked":["ats:Rapid Magazine+1","ats:Cat Scratch+1"],"picked":"ats:Calcification+1","floor":5.0},{"not_picked":["ats:Very Hot Blade","ats:LN2 Cannon"],"picked":"ats:Assault Order","floor":5.0},{"not_picked":["ats:Poison Spread","ats:Counter Healing Mode"],"picked":"ats:Defend Order","floor":7.0},{"not_picked":["ats:Directed Diagnosis","ats:Cat Scratch","ats:Automatic Cover"],"picked":"SKIP","floor":8.0},{"not_picked":["ats:Ignite","ats:Flame Of Heaven"],"picked":"ats:Charging Defense","floor":11.0},{"not_picked":["ats:Song Of Battle","ats:Revitalization"],"picked":"ats:Closed Bolt Burst Fire","floor":14.0},{"not_picked":["ats:Calcification","ats:Ambush"],"picked":"ats:Wolf Pack","floor":16.0},{"not_picked":["ats:Explosion Area Strengthen+1","ats:Burning Ground"],"picked":"ats:Curse Doll+1","floor":18.0},{"not_picked":["ats:Guardian Obelisk+1","ats:Soul Absorption+1"],"picked":"ats:Shell Defense+1","floor":19.0},{"not_picked":["ats:Healing Drone","ats:Encircling Forest+1"],"picked":"ats:Sashimi Platter","floor":21},{"not_picked":["ats:Shell Defense","ats:Soul Absorption","ats:Rapid Magazine+1"],"picked":"SKIP","floor":24},{"not_picked":["ats:Composite Medical Shells+1","ats:Leaping Hammer"],"picked":"ats:Song Of Battle+1","floor":25},{"not_picked":["ats:Leaping Hammer+1","ats:Hammer On"],"picked":"ats:Revitalization+1","floor":27}],"player_experience":322835,"relics_obtained":[{"floor":9.0,"key":"Ornamental Fan"},{"floor":19.0,"key":"Turnip"},{"floor":19.0,"key":"TungstenRod"},{"floor":24,"key":"ats:Originium"},{"floor":24,"key":"Centennial Puzzle"},{"floor":26,"key":"Bag of Marbles"}],"event_choices":[],"is_beta":false,"boss_relics":[{"not_picked":["Runic Pyramid","Pandora\u0027s Box"],"picked":"ats:Sanity Plus"}],"items_purged_floors":[20],"is_endless":false,"potions_floor_spawned":[8,11,14,16,18,19,25,27],"killed_by":"Gensokyo:Eternal_Rivals","ascension_level":0}}