{"host":"mb7itejek3z0coku","time":1611398781,"event":{"mods":["AchievementEnabler","Act Like it!","BaseMod","Downfall","Hubris","Minty Spire (QoL Compilation)","StSLib","Td1madao Mod","The Hierophant","Wandering Minibosses"],"gold_per_floor":[99,115,127,189,189,207,207,107,119,119,136,146,146,159,179,277,277,277,287,303,303,303,303,303,203,203,203,35,35,49,49,49,49],"floor_reached":31,"language":"ENG","playtime":3037,"items_purged":[],"score":277,"play_id":"74c538e1-72a9-4b55-924a-1d931586143e","local_time":"20210123024621","is_ascension_mode":false,"campfire_choices":[{"floor":1,"key":"RECALL"},{"floor":8,"key":"REST"},{"floor":13,"key":"REST"},{"floor":23,"key":"REST"},{"data":"Reaper","floor":25,"key":"SMITH"},{"data":"Sunder","floor":27,"key":"SMITH"}],"circlet_count":0,"master_deck":["sneckomod:Strike","sneckomod:Strike","sneckomod:Strike","sneckomod:Defend","sneckomod:Defend","sneckomod:Defend","sneckomod:TailWhip","sneckomod:SnekBite","sneckomod:Unknown","sneckomod:UnknownStrike","sneckomod:SerpentIdol","sneckomod:SlitherStrike","sneckomod:SoulDraw","Reaper+1","sneckomod:UnknownCommonSkill","sneckomod:DangerNoodle","sneckomod:Unknown1Cost","sneckomod:UnknownCommonAttack","sneckomod:UnknownClassBLUE","sneckomod:UnknownClassBLUE","sneckomod:UnknownClassBLUE","sneckomod:UnknownClassBLUE","sneckomod:UnknownClassBLUE","Slimebound:Darklings","Sunder+1","sneckomod:WideSting+1","sneckomod:DefensiveFlair","Capacitor","sneckomod:QuickBite+1"],"relics":["sneckomod:SneckoSoul","Du-Vu Doll","downfall:HeartBlessingRed","sneckomod:SneckoBoss","downfall:RedIOU","downfall:HeartBlessingBlue","Eternal Feather","Sling"],"acts_visited":["Exordium","TheCity"],"potions_floor_usage":[4,16,16,19,28,31],"damage_taken":[{"damage":0,"enemies":"Cultist","floor":2,"turns":3},{"damage":0,"enemies":"2 Louse","floor":3,"turns":2},{"damage":65,"enemies":"Lagavulin Event","floor":4,"turns":9},{"damage":2,"enemies":"Small Slimes","floor":6,"turns":4},{"damage":0,"enemies":"Exordium Wildlife","floor":9,"turns":3},{"damage":1,"enemies":"Blue Slaver","floor":11,"turns":5},{"damage":15,"enemies":"Large Slime","floor":12,"turns":4},{"damage":0,"enemies":"2 Fungi Beasts","floor":14,"turns":3},{"damage":0,"enemies":"3 Louse","floor":15,"turns":4},{"damage":72,"enemies":"WA_ARCHETYPE_RETAIN","floor":16,"turns":14},{"damage":14,"enemies":"Shell Parasite","floor":19,"turns":7},{"damage":32,"enemies":"Snake Plant","floor":20,"turns":5},{"damage":0,"enemies":"downfall:FleeingMerchant","floor":28,"turns":4},{"damage":80,"enemies":"Chosen and Byrds","floor":30,"turns":10},{"damage":42,"enemies":"Book of Stabbing","floor":31,"turns":4}],"seed_played":"-4463429078465485602","potions_obtained":[{"floor":2,"key":"LiquidBronze"},{"floor":12,"key":"Block Potion"},{"floor":14,"key":"Slimebound:ThreeZeroPotion"},{"floor":16,"key":"PowerPotion"},{"floor":20,"key":"champ:CounterPotion"},{"floor":30,"key":"SkillPotion"}],"is_trial":false,"path_per_floor":["R","M","M","?","?","M","T","R","M","R","M","M","R","M","M","B",null,"R","M","M","?","?","R","T","R","T","R","$","?","M","E"],"character_chosen":"THE_SNECKO","items_purchased":["Sling"],"campfire_rested":3,"item_purchase_floors":[28],"current_hp_per_floor":[99,99,99,34,34,32,32,61,61,61,65,54,83,93,99,37,99,99,92,60,60,63,93,93,103,103,112,112,112,38,0,0,0],"gold":49,"neow_bonus":"TEN_PERCENT_HP_BONUS","is_daily":false,"chose_seed":false,"campfire_upgraded":2,"win_rate":0.0,"timestamp":1611398781,"path_taken":["R","M","M","?","?","?","T","R","M","R","M","M","R","M","M","BOSS","R","M","M","?","?","R","T","R","?","R","$","?","M","E"],"items_purchased_type":["Relic"],"build_version":"2020-12-22","purchased_purges":0,"victory":false,"max_hp_per_floor":[99,99,99,99,99,99,99,99,99,99,99,99,99,99,99,99,99,99,99,99,99,102,102,102,112,112,112,112,112,112,112,112,112],"card_choices":[{"not_picked":["sneckomod:DiceBoulder","sneckomod:SoulRoll"],"picked":"sneckomod:UnknownDraw","floor":2},{"not_picked":["sneckomod:UnknownDraw","sneckomod:IronFang"],"picked":"sneckomod:UnknownStrike","floor":3},{"not_picked":["sneckomod:Unknown1Cost","sneckomod:IronFang"],"picked":"sneckomod:SerpentIdol","floor":4},{"not_picked":["sneckomod:SoulRoll","sneckomod:UnknownBlock"],"picked":"sneckomod:SlitherStrike","floor":6},{"not_picked":["sneckomod:UnknownVulnerable","sneckomod:ImprovisedGuard"],"picked":"sneckomod:SoulDraw","floor":9},{"not_picked":["sneckomod:QuickMove","sneckomod:SlitherStrike"],"picked":"sneckomod:UnknownCommonSkill","floor":11},{"not_picked":["sneckomod:MasterEye","sneckomod:DiceCrush"],"picked":"sneckomod:DangerNoodle","floor":12},{"not_picked":["sneckomod:QuickBite","sneckomod:UnknownX"],"picked":"sneckomod:Unknown1Cost","floor":14},{"not_picked":["sneckomod:Unknown2Cost","sneckomod:QuickMove"],"picked":"sneckomod:UnknownCommonAttack","floor":15},{"not_picked":["sneckomod:SoulExchange","sneckomod:DangerNoodle"],"picked":"sneckomod:UnknownRareSkill","floor":16},{"not_picked":["Buffer","Recycle"],"picked":"Sunder","floor":19},{"not_picked":["sneckomod:DiceCrush","sneckomod:SoulCleanse"],"picked":"sneckomod:WideSting+1","floor":19},{"not_picked":["sneckomod:UnknownCommonAttack","sneckomod:DiceBoulder"],"picked":"sneckomod:DefensiveFlair","floor":20},{"not_picked":["Amplify","Rebound","Scrape"],"picked":"SKIP","floor":20},{"not_picked":["Blizzard","Undo","Skim"],"picked":"SKIP","floor":28},{"not_picked":["sneckomod:Unknown3Cost","sneckomod:UnknownUncommonPower","sneckomod:Restock"],"picked":"SKIP","floor":28},{"not_picked":["Ball Lightning","Undo"],"picked":"Capacitor","floor":30},{"not_picked":["sneckomod:SoulRoll","sneckomod:Nope"],"picked":"sneckomod:QuickBite+1","floor":30}],"player_experience":130520,"relics_obtained":[{"floor":7,"key":"hubris:PeanutButter"},{"floor":26,"key":"Eternal Feather"}],"event_choices":[{"cards_removed":["sneckomod:UnknownDraw"],"damage_healed":0,"gold_gain":0,"player_choice":"Card Removal","damage_taken":0,"max_hp_gain":0,"max_hp_loss":0,"event_name":"Wheel of Change","floor":5,"gold_loss":0},{"damage_healed":0,"gold_gain":0,"player_choice":"Ignored","damage_taken":0,"max_hp_gain":0,"max_hp_loss":0,"event_name":"Vampires","floor":29,"gold_loss":0}],"is_beta":false,"boss_relics":[{"not_picked":["Astrolabe","sneckomod:SuperSneckoSoul"],"picked":"sneckomod:SneckoBoss"}],"items_purged_floors":[],"is_endless":false,"potions_floor_spawned":[2,12,14,16,20,30],"killed_by":"Book of Stabbing","ascension_level":0}}