{"host":"q0ahhcf6jhp3yzzb","time":1611383256,"event":{"mods":["BaseMod","Downfall","Minty Spire (QoL Compilation)","Relic Stats","StSLib"],"gold_per_floor":[99,99,99,99,99,99,99,99,125,159,172,188,198,198,215,318,318,218,232,250,250,264,275,275,275,292,120,138,168,168,197,212,310,310,310,322,337,337,337,147,147,47,58,58,93,214,114,164,181,181,181,212,28,28,28,28],"floor_reached":57,"language":"ENG","playtime":5519,"items_purged":["downfall:Aged","Parasite","Normality","bronze:Strike"],"score":1222,"play_id":"3c926fa5-0a23-44f4-9c08-3c6036fb353d","local_time":"20210122232736","is_ascension_mode":false,"campfire_choices":[{"floor":1.0,"key":"RECALL"},{"data":"bronze:Branch","floor":6.0,"key":"SMITH"},{"data":"bronze:ChosenStrike","floor":8.0,"key":"SMITH"},{"data":"bronze:FindAndReplace","floor":18.0,"key":"SMITH"},{"data":"bronze:Boost","floor":30.0,"key":"SMITH"},{"data":"bronze:FindAndReplace","floor":35.0,"key":"SMITH"},{"data":"bronze:RecursiveStrike","floor":42.0,"key":"SMITH"},{"data":"bronze:Invalidate","floor":47.0,"key":"SMITH"},{"data":"bronze:Return","floor":54,"key":"SMITH"}],"circlet_count":0,"master_deck":["bronze:Strike","bronze:Defend","bronze:Defend","bronze:Defend","bronze:Goto","bronze:WhirlingStrike","bronze:ChosenStrike+1","bronze:Branch+1","bronze:Shield","bronze:SpaghettiCode+1","bronze:Invalidate+1","bronze:Boost+1","bronze:FindAndReplace+1","bronze:Turbo+1","bronze:Optimize+1","bronze:Shell","bronze:ForceShield","bronze:Repair","bronze:RecursiveStrike+1","Flash of Steel","bronze:DelayedSlice+1","bronze:Iterate","bronze:FindAndReplace+1","bronze:FineTuning+1","bronze:Repair+1","bronze:Deprecate+1","bronze:Repulsor+1","bronze:Overheat","bronze:ForceShield+1","bronze:Fortify+1","bronze:FollowUp+1","bronze:Return+1","expansioncontent:AwakenDeath"],"relics":["bronze:BronzeCore","downfall:HeartsMalice","Ornamental Fan","Odd Mushroom","Pen Nib","SlaversCollar","downfall:HeartBlessingRed","Prayer Wheel","Strawberry","Mercury Hourglass","Cursed Key","downfall:HeartBlessingBlue","Pear","Membership Card","downfall:HeartBlessingGreen","Incense Burner","Shuriken"],"acts_visited":["Exordium","TheCity","TheBeyond","TheEnding"],"potions_floor_usage":[50,50,55,56],"damage_taken":[{"damage":0.0,"enemies":"Small Slimes","floor":2.0,"turns":1.0},{"damage":0.0,"enemies":"2 Louse","floor":3.0,"turns":1.0},{"damage":0.0,"enemies":"Jaw Worm","floor":5.0,"turns":1.0},{"damage":0.0,"enemies":"The Mushroom Lair","floor":9.0,"turns":3.0},{"damage":10.0,"enemies":"Gremlin Nob","floor":10.0,"turns":4.0},{"damage":0.0,"enemies":"Red Slaver","floor":11.0,"turns":3.0},{"damage":8.0,"enemies":"3 Louse","floor":12.0,"turns":3.0},{"damage":0.0,"enemies":"Gremlin Gang","floor":13.0,"turns":2.0},{"damage":7.0,"enemies":"2 Fungi Beasts","floor":15.0,"turns":3.0},{"damage":41.0,"enemies":"SI_SHIV_ARCHETYPE","floor":16.0,"turns":14.0},{"damage":10.0,"enemies":"Shell Parasite","floor":19.0,"turns":6.0},{"damage":2.0,"enemies":"Chosen","floor":20.0,"turns":4.0},{"damage":0.0,"enemies":"Snecko","floor":22.0,"turns":3.0},{"damage":0.0,"enemies":"Shelled Parasite and Fungi","floor":23.0,"turns":5.0},{"damage":0.0,"enemies":"Centurion and Healer","floor":26.0,"turns":5.0},{"damage":0.0,"enemies":"downfall:FleeingMerchant","floor":27.0,"turns":4.0},{"damage":11.0,"enemies":"Snecko","floor":28.0,"turns":6.0},{"damage":2.0,"enemies":"Slavers","floor":29.0,"turns":2.0},{"damage":0.0,"enemies":"Book of Stabbing","floor":31.0,"turns":3.0},{"damage":0.0,"enemies":"Cultist and Chosen","floor":32.0,"turns":3.0},{"damage":7.0,"enemies":"DF_ARCHETYPE_CLAW","floor":33.0,"turns":7.0},{"damage":3.0,"enemies":"3 Darklings","floor":36.0,"turns":2.0},{"damage":0.0,"enemies":"3 Shapes","floor":37.0,"turns":2.0},{"damage":9.0,"enemies":"Writhing Mass","floor":39.0,"turns":6.0},{"damage":0.0,"enemies":"downfall:FleeingMerchant","floor":40.0,"turns":4.0},{"damage":14.0,"enemies":"Spire Growth","floor":43.0,"turns":5.0},{"damage":36.0,"enemies":"Reptomancer","floor":45.0,"turns":7.0},{"damage":0.0,"enemies":"downfall:FleeingMerchant","floor":46.0,"turns":1.0},{"damage":0,"floor":48,"turns":4},{"damage":0,"enemies":"3 Darklings","floor":49,"turns":3},{"damage":9,"enemies":"IC_BLOCK_ARCHETYPE","floor":50,"turns":8},{"damage":35,"enemies":"downfall:CharBossMerchant","floor":52,"turns":9},{"damage":11,"enemies":"downfall:NeowBoss","floor":55,"turns":14},{"damage":31,"enemies":"downfall:NeowBossFinal","floor":56,"turns":17}],"seed_played":"-1936997827420893718","potions_obtained":[{"floor":9.0,"key":"champ:CounterPotion"},{"floor":10.0,"key":"LiquidMemories"},{"floor":11.0,"key":"bronze:BurnAndBuffPotion"},{"floor":12.0,"key":"BlessingOfTheForge"},{"floor":20.0,"key":"Energy Potion"},{"floor":23.0,"key":"ColorlessPotion"},{"floor":31.0,"key":"EssenceOfSteel"},{"floor":33.0,"key":"SteroidPotion"},{"floor":36.0,"key":"SmokeBomb"},{"floor":37.0,"key":"Regen Potion"},{"floor":45.0,"key":"PowerPotion"}],"is_trial":false,"path_per_floor":["R","M","M","?","M","R","T","R","?","E","M","M","M","?","M","B",null,"R","M","M","?","M","M","T","?","M","$","M","E","R","E","M","B",null,"R","M","M","?","M","$","T","R","M","T","E","$","R","?","M","B",null,"E","$","R","B","B",null],"character_chosen":"THE_AUTOMATON","items_purchased":["Flash of Steel","bronze:Overheat","Block Potion","Membership Card","bronze:Return","Block Potion","expansioncontent:AwakenDeath"],"campfire_rested":0,"item_purchase_floors":[27,40,40,46,53,53,53],"current_hp_per_floor":[70,70,70,75,75,75,75,75,75,65,65,57,57,57,50,9,75,75,65,63,63,63,63,63,63,63,73,62,67,67,74,74,74,82,82,79,82,82,75,79,79,89,85,85,73,73,73,90,90,99,99,84,84,84,90,73],"gold":28,"neow_bonus":"THREE_ENEMY_KILL","is_daily":false,"chose_seed":false,"campfire_upgraded":8,"win_rate":0.0,"timestamp":1611383256,"path_taken":["R","M","M","?","M","R","T","R","?","E","M","M","M","?","M","BOSS","R","M","M","?","M","?","T","?","M","$","?","E","R","E","M","BOSS","R","M","?","?","M","$","T","R","M","?","E","?","R","?","M","BOSS","E","$","R","BOSS","BOSS"],"items_purchased_type":["Card","Card","Potion","Relic","Card","Potion","Card"],"build_version":"2020-12-22","purchased_purges":4,"victory":true,"max_hp_per_floor":[70,70,70,75,75,75,75,75,75,75,75,75,75,75,75,75,75,75,75,75,75,75,75,75,75,75,75,75,82,82,82,82,82,82,82,82,82,82,82,79,79,89,89,89,99,99,99,99,99,99,99,99,99,99,99,99],"relic_stats":{"counters":[34,162],"Ornamental Fan":[188],"Shuriken":[7],"Prayer Wheel":7,"Pen Nib":[31],"Cursed Key":1,"obtain_stats":[{"bronze:BronzeCore":0,"Pear":45,"downfall:HeartBlessingRed":18,"downfall:HeartsMalice":0,"downfall:HeartBlessingGreen":47,"Pen Nib":10,"Incense Burner":48,"Odd Mushroom":9,"Cursed Key":34,"Mercury Hourglass":31,"SlaversCollar":17,"Ornamental Fan":7,"downfall:HeartBlessingBlue":42,"Shuriken":52,"Strawberry":29,"Prayer Wheel":24,"Membership Card":46},{"bronze:BronzeCore":0,"Pear":27,"downfall:HeartBlessingRed":10,"downfall:HeartsMalice":0,"downfall:HeartBlessingGreen":28,"Pen Nib":5,"Incense Burner":29,"Odd Mushroom":4,"Cursed Key":21,"Mercury Hourglass":19,"SlaversCollar":10,"Ornamental Fan":3,"downfall:HeartBlessingBlue":25,"Shuriken":32,"Strawberry":18,"Prayer Wheel":14,"Membership Card":28},{"bronze:BronzeCore":0,"Pear":106,"downfall:HeartBlessingRed":32,"downfall:HeartsMalice":0,"downfall:HeartBlessingGreen":107,"Pen Nib":7,"Incense Burner":111,"Odd Mushroom":3,"Cursed Key":80,"Mercury Hourglass":70,"SlaversCollar":32,"Ornamental Fan":0,"downfall:HeartBlessingBlue":94,"Shuriken":131,"Strawberry":67,"Prayer Wheel":50,"Membership Card":107}],"Mercury Hourglass":[227]},"card_choices":[{"not_picked":["bronze:ClassDefault","bronze:ForLoop"],"picked":"bronze:WhirlingStrike","floor":2.0},{"not_picked":["bronze:BuggyMess","bronze:Iterate"],"picked":"bronze:ChosenStrike","floor":3.0},{"not_picked":["bronze:BitShift","bronze:Terminator"],"picked":"bronze:Branch","floor":5.0},{"not_picked":["bronze:DarkDash","bronze:Branch"],"picked":"bronze:Shield","floor":9.0},{"not_picked":["bronze:DelayedGuard","bronze:Repulsor"],"picked":"bronze:SpaghettiCode","floor":10.0},{"not_picked":["bronze:ForLoop","bronze:MaxOutput"],"picked":"bronze:Invalidate","floor":11.0},{"not_picked":["bronze:WildBeam","bronze:ClassDefault"],"picked":"bronze:Boost","floor":12.0},{"not_picked":["bronze:DelayedGuard","bronze:Branch","bronze:ChosenStrike"],"picked":"SKIP","floor":13.0},{"not_picked":["bronze:ItsAFeature","bronze:DelayedGuard","bronze:WildBeam"],"picked":"SKIP","floor":15.0},{"not_picked":["bronze:HyperBeam","bronze:SpaghettiCode"],"picked":"bronze:FindAndReplace","floor":16.0},{"not_picked":["bronze:Constructor","bronze:DelayedGuard"],"picked":"bronze:Turbo+1","floor":19.0},{"not_picked":["bronze:Boost","bronze:DelayedSlice"],"picked":"bronze:Optimize+1","floor":20.0},{"not_picked":["bronze:Invalidate+1","bronze:Shield"],"picked":"bronze:Shell","floor":22.0},{"not_picked":["bronze:DelayedGuard","bronze:BitShift"],"picked":"bronze:ForceShield","floor":23.0},{"not_picked":["bronze:Backtrace","bronze:DelayedSlice"],"picked":"bronze:Repair","floor":26.0},{"not_picked":["bronze:WildBeam+1","bronze:BitShift"],"picked":"bronze:RecursiveStrike","floor":26.0},{"not_picked":["bronze:WildBeam","bronze:NullPointer","bronze:Safeguard"],"picked":"SKIP","floor":27.0},{"not_picked":["bronze:Iterate","bronze:Separator+1"],"picked":"bronze:DelayedSlice+1","floor":28.0},{"not_picked":["bronze:DelayedGuard","bronze:Branch","bronze:ClassDefault"],"picked":"SKIP","floor":28.0},{"not_picked":["bronze:OilSpill","bronze:ItsAFeature","bronze:Separator+1"],"picked":"SKIP","floor":29.0},{"not_picked":["bronze:Turbo","bronze:HyperBeam","bronze:Philosophize"],"picked":"SKIP","floor":31.0},{"not_picked":["bronze:ClassDefault","bronze:Turbo"],"picked":"bronze:Iterate","floor":32.0},{"not_picked":["bronze:Terminator+1","bronze:Philosophize+1","bronze:BuggyMess"],"picked":"SKIP","floor":32.0},{"not_picked":["bronze:ThunderWave","bronze:Virus"],"picked":"bronze:FindAndReplace","floor":33.0},{"not_picked":["bronze:Overheat","bronze:Deprecate+1"],"picked":"bronze:FineTuning+1","floor":36.0},{"not_picked":["bronze:WhirlingStrike","bronze:Turbo"],"picked":"bronze:Repair+1","floor":36.0},{"not_picked":["bronze:Iterate","bronze:Branch+1"],"picked":"bronze:Deprecate+1","floor":37.0},{"not_picked":["bronze:BitShift+1","bronze:BuggyMess+1","bronze:Boost+1"],"picked":"SKIP","floor":37.0},{"not_picked":["bronze:GetLatest+1","bronze:Constructor+1"],"picked":"bronze:Repulsor+1","floor":40.0},{"not_picked":["bronze:BuggyMess+1","bronze:WhirlingStrike+1"],"picked":"bronze:ForceShield+1","floor":43.0},{"not_picked":["bronze:Shield+1","bronze:BronzeOrb","bronze:Invalidate"],"picked":"SKIP","floor":43.0},{"not_picked":["bronze:MaxOutput","bronze:Safeguard+1"],"picked":"bronze:Fortify+1","floor":45.0},{"not_picked":["bronze:RecursiveStrike","bronze:Turbo"],"picked":"bronze:FollowUp+1","floor":46.0},{"not_picked":["bronze:ForceShield","bronze:OilSpill+1","bronze:Constructor"],"picked":"SKIP","floor":49},{"not_picked":["bronze:Constructor","bronze:DarkDash+1","bronze:WildBeam"],"picked":"SKIP","floor":49},{"not_picked":["bronze:Constructor","bronze:Turbo","bronze:Repair"],"picked":"SKIP","floor":52}],"player_experience":817583,"relics_obtained":[{"floor":7.0,"key":"Ornamental Fan"},{"floor":9.0,"key":"Odd Mushroom"},{"floor":10.0,"key":"Pen Nib"},{"floor":24.0,"key":"Prayer Wheel"},{"floor":29.0,"key":"Strawberry"},{"floor":31.0,"key":"Mercury Hourglass"},{"floor":45.0,"key":"Pear"},{"floor":48,"key":"Incense Burner"},{"floor":52,"key":"Shuriken"}],"event_choices":[{"damage_healed":0.0,"max_hp_gain":5.0,"max_hp_loss":0.0,"gold_gain":0.0,"event_name":"Big Fish","player_choice":"Donut","floor":4.0,"gold_loss":0.0,"damage_taken":0.0},{"damage_healed":0.0,"max_hp_gain":0.0,"max_hp_loss":0.0,"gold_gain":0.0,"event_name":"Mushrooms","player_choice":"Fought Mushrooms","floor":9.0,"gold_loss":0.0,"damage_taken":0.0},{"damage_healed":0.0,"max_hp_gain":0.0,"max_hp_loss":0.0,"gold_gain":0.0,"event_name":"Living Wall","player_choice":"Grow","floor":14.0,"gold_loss":0.0,"damage_taken":0.0,"cards_upgraded":["bronze:SpaghettiCode"]},{"cards_removed":["bronze:Strike"],"damage_healed":0.0,"max_hp_gain":0.0,"max_hp_loss":0.0,"gold_gain":0.0,"event_name":"Bonfire Elementals","player_choice":"Offered Basic","floor":21.0,"gold_loss":0.0,"damage_taken":0.0}],"is_beta":false,"boss_relics":[{"not_picked":["Busted Crown","Tiny House"],"picked":"SlaversCollar"},{"not_picked":["Astrolabe","Calling Bell"],"picked":"Cursed Key"}],"items_purged_floors":[27,40,46,53],"is_endless":false,"potions_floor_spawned":[9,10,11,12,20,23,31,33,36,37,45,48],"ascension_level":0}}