{"host":"n91w9dq5l8qws978","time":1611366390,"event":{"mods":["BaseMod","Bestiary","Challenge The Spire","Custom Start","Defuse TimeMaze Blight","Keyboard Shortcuts","Minty Spire (QoL Compilation)","MonsterHotkey","Relic Stats","StSLib","Uncapped"],"gold_per_floor":[113,123,141,141,153,180,180,211,262,295,307,341,351,351,351,427,427,444,454,474,113,123,123,158,158,158,191,203,232,250,261,261,336,336,348,395,395,36,36,75,75,103,103,132,132,173,192,224,224,224],"floor_reached":51,"language":"ENG","playtime":3352,"items_purged":["Strike_G","Strike_G"],"score":1501,"play_id":"0bd7c1be-e070-4e57-a31b-56426056a065","local_time":"20210123014630","is_ascension_mode":true,"campfire_choices":[{"data":"Dagger Spray","floor":7.0,"key":"SMITH"},{"floor":15.0,"key":"REST"},{"data":"Envenom","floor":23.0,"key":"SMITH"},{"data":"After Image","floor":32.0,"key":"SMITH"},{"data":"Apotheosis","floor":41,"key":"SMITH"},{"data":"Accuracy","floor":45,"key":"SMITH"},{"data":"Accuracy","floor":49,"key":"SMITH"}],"circlet_count":0,"master_deck":["AscendersBane","Strike_G","Strike_G","Strike_G","Defend_G","Defend_G+1","Defend_G","Defend_G","Defend_G","Survivor","Neutralize+1","Dodge and Roll+1","Deadly Poison","Cloak And Dagger+1","Dagger Spray+1","Dash","Accuracy+1","Backstab","Quick Slash","Flying Knee+1","Dash+1","Envenom+1","Dagger Throw+1","Catalyst","PiercingWail+1","Dagger Throw+1","After Image+1","Blade Dance+1","Infinite Blades","Accuracy+1","Burst","Crippling Poison+1","Adrenaline","Dagger Throw+1","Finisher+1","Apotheosis+1","Tactician","Accuracy+1","Reflex+1","Noxious Fumes+1","Cloak And Dagger+1"],"relics":["Ring of the Snake","PreservedInsect","Gremlin Horn","Oddly Smooth Stone","Omamori","Molten Egg 2","HoveringKite","Meat on the Bone","Strawberry","Question Card","Letter Opener","Pantograph","Black Star","TungstenRod","Singing Bowl","CeramicFish","Bird Faced Urn","Mercury Hourglass","Shuriken","Bag of Preparation","Lantern"],"acts_visited":["Exordium","TheCity","TheBeyond"],"potions_floor_usage":[40,40,44,50,50],"damage_taken":[{"damage":1.0,"enemies":"2 Louse","floor":1.0,"turns":4.0},{"damage":0.0,"enemies":"Jaw Worm","floor":2.0,"turns":6.0},{"damage":3.0,"enemies":"Small Slimes","floor":3.0,"turns":4.0},{"damage":3.0,"enemies":"Exordium Thugs","floor":5.0,"turns":6.0},{"damage":21.0,"enemies":"Lagavulin","floor":6.0,"turns":10.0},{"damage":10.0,"enemies":"3 Sentries","floor":8.0,"turns":6.0},{"damage":12.0,"enemies":"Gremlin Nob","floor":10.0,"turns":5.0},{"damage":0.0,"enemies":"Exordium Wildlife","floor":11.0,"turns":3.0},{"damage":4.0,"enemies":"3 Sentries","floor":12.0,"turns":6.0},{"damage":2.0,"enemies":"Large Slime","floor":13.0,"turns":7.0},{"damage":21.0,"enemies":"Slime Boss","floor":16.0,"turns":10.0},{"damage":1.0,"enemies":"Chosen","floor":18.0,"turns":7.0},{"damage":10.0,"enemies":"Shell Parasite","floor":19.0,"turns":6.0},{"damage":20.0,"enemies":"Snake Plant","floor":20.0,"turns":5.0},{"damage":3.0,"enemies":"Snecko","floor":22.0,"turns":6.0},{"damage":20.0,"enemies":"Slavers","floor":24.0,"turns":6.0},{"damage":0.0,"enemies":"Gremlin Leader","floor":27.0,"turns":6.0},{"damage":18.0,"enemies":"Shelled Parasite and Fungi","floor":28.0,"turns":5.0},{"damage":17.0,"enemies":"Book of Stabbing","floor":29.0,"turns":4.0},{"damage":0.0,"enemies":"Centurion and Healer","floor":30.0,"turns":6.0},{"damage":2.0,"enemies":"Cultist and Chosen","floor":31.0,"turns":5.0},{"damage":49.0,"enemies":"Automaton","floor":33.0,"turns":10.0},{"damage":21.0,"enemies":"3 Darklings","floor":35.0,"turns":7.0},{"damage":33.0,"enemies":"2 Orb Walkers","floor":36.0,"turns":6.0},{"damage":50,"enemies":"Nemesis","floor":40,"turns":7},{"damage":9,"enemies":"3 Shapes","floor":42,"turns":2},{"damage":0,"enemies":"3 Darklings","floor":44,"turns":5},{"damage":7,"enemies":"Reptomancer","floor":46,"turns":4},{"damage":27,"enemies":"Jaw Worm Horde","floor":47,"turns":4},{"damage":0,"enemies":"Giant Head","floor":48,"turns":5},{"damage":60,"enemies":"Donu and Deca","floor":50,"turns":8}],"seed_played":"-5154218346545655683","potions_obtained":[{"floor":2.0,"key":"DuplicationPotion"},{"floor":3.0,"key":"Regen Potion"},{"floor":10.0,"key":"Poison Potion"},{"floor":11.0,"key":"Regen Potion"},{"floor":12.0,"key":"SteroidPotion"},{"floor":22.0,"key":"Swift Potion"},{"floor":24.0,"key":"Energy Potion"},{"floor":28.0,"key":"Block Potion"},{"floor":29.0,"key":"SkillPotion"},{"floor":30.0,"key":"Poison Potion"},{"floor":36.0,"key":"Swift Potion"},{"floor":46,"key":"Explosive Potion"},{"floor":48,"key":"SkillPotion"}],"is_trial":false,"path_per_floor":["M","M","M","?","M","E","R","E","T","E","M","E","M","?","R","B",null,"M","M","M","$","M","R","E","?","T","E","M","E","M","M","R","B",null,"M","?","?","$","?","E","R","M","T","M","R","E","M","E","R","B",null],"character_chosen":"THE_SILENT","items_purchased":["Meat on the Bone","Dagger Throw+1","Apotheosis","Tactician"],"campfire_rested":1,"item_purchase_floors":[21,21,38,38],"current_hp_per_floor":[58,58,55,35,32,26,26,16,16,4,4,15,13,13,32,11,52,51,41,21,21,30,30,29,29,29,41,35,30,42,40,40,28,62,41,40,40,40,55,17,17,20,20,40,40,47,46,60,60,39],"gold":224,"neow_bonus":"UPGRADE_CARD","is_daily":false,"chose_seed":false,"campfire_upgraded":6,"win_rate":0.0,"timestamp":1611366390,"path_taken":["M","M","M","?","M","E","R","E","T","E","M","E","M","?","R","BOSS","M","M","M","$","M","R","E","?","T","E","M","E","M","M","R","BOSS","M","?","?","$","?","E","R","M","T","M","R","E","?","E","R","BOSS"],"items_purchased_type":["Relic","Card","Card","Card"],"build_version":"2020-12-22","purchased_purges":2,"victory":true,"max_hp_per_floor":[66,66,66,66,66,66,66,66,66,66,66,66,66,66,66,66,66,66,66,66,66,66,66,73,73,73,73,73,73,73,73,73,73,73,73,73,73,73,73,73,73,73,73,73,73,73,75,77,77,77],"relic_stats":{"Gremlin Horn":[35,35],"Singing Bowl":4,"counters":[31,181],"CeramicFish":36,"HoveringKite":[47],"PreservedInsect":463,"Bag of Preparation":[2],"Letter Opener":[110],"Question Card":14,"Mercury Hourglass":[51],"Shuriken":[13],"Pantograph":42,"Bird Faced Urn":[56],"Black Star":3,"obtain_stats":[{"Lantern":48,"Gremlin Horn":8,"Singing Bowl":40,"CeramicFish":40,"Oddly Smooth Stone":9,"HoveringKite":17,"PreservedInsect":6,"Omamori":10,"Bag of Preparation":48,"Letter Opener":27,"Question Card":26,"Mercury Hourglass":46,"Shuriken":46,"Strawberry":24,"Pantograph":29,"Bird Faced Urn":43,"Molten Egg 2":12,"Black Star":34,"TungstenRod":36,"Ring of the Snake":0,"Meat on the Bone":21},{"Lantern":30,"Gremlin Horn":6,"Singing Bowl":25,"CeramicFish":25,"Oddly Smooth Stone":6,"HoveringKite":11,"PreservedInsect":5,"Omamori":7,"Bag of Preparation":30,"Letter Opener":17,"Question Card":16,"Mercury Hourglass":28,"Shuriken":28,"Strawberry":16,"Pantograph":19,"Bird Faced Urn":26,"Molten Egg 2":9,"Black Star":22,"TungstenRod":24,"Ring of the Snake":0,"Meat on the Bone":14},{"Lantern":173,"Gremlin Horn":36,"Singing Bowl":153,"CeramicFish":153,"Oddly Smooth Stone":36,"HoveringKite":67,"PreservedInsect":30,"Omamori":41,"Bag of Preparation":173,"Letter Opener":103,"Question Card":97,"Mercury Hourglass":164,"Shuriken":164,"Strawberry":97,"Pantograph":112,"Bird Faced Urn":155,"Molten Egg 2":50,"Black Star":133,"TungstenRod":146,"Ring of the Snake":0,"Meat on the Bone":85}],"TungstenRod":14,"Ring of the Snake":[62],"Meat on the Bone":156},"card_choices":[{"not_picked":["Acrobatics","Slice"],"picked":"Dodge and Roll","floor":1.0},{"not_picked":["Escape Plan","Dagger Throw"],"picked":"Deadly Poison","floor":2.0},{"not_picked":["PiercingWail","Infinite Blades"],"picked":"Cloak And Dagger","floor":3.0},{"not_picked":["Deflect","Underhanded Strike"],"picked":"Dagger Spray","floor":5.0},{"not_picked":["Unload","Endless Agony"],"picked":"Dash","floor":6.0},{"not_picked":["Sucker Punch","Acrobatics"],"picked":"Accuracy","floor":8.0},{"not_picked":["All Out Attack","Footwork"],"picked":"Backstab","floor":10.0},{"not_picked":["Riddle With Holes","Prepared"],"picked":"Quick Slash","floor":11.0},{"not_picked":["Cloak And Dagger","Setup"],"picked":"Flying Knee+1","floor":12.0},{"not_picked":["Bouncing Flask","Underhanded Strike+1"],"picked":"Dash+1","floor":13.0},{"not_picked":["Night Terror","After Image"],"picked":"Envenom","floor":16.0},{"not_picked":["Acrobatics","Bouncing Flask"],"picked":"Dagger Throw+1","floor":18.0},{"not_picked":["Deadly Poison","Underhanded Strike+1"],"picked":"Catalyst","floor":19.0},{"not_picked":["Dodge and Roll","Reflex"],"picked":"PiercingWail+1","floor":20.0},{"not_picked":["Bouncing Flask","PiercingWail","Skewer+1"],"picked":"SKIP","floor":22.0},{"not_picked":["Slice+1","Flying Knee+1"],"picked":"After Image","floor":24.0},{"not_picked":["Flying Knee+1","Tactician","Calculated Gamble"],"picked":"Blade Dance+1","floor":27.0},{"not_picked":["Deadly Poison","Dagger Spray+1","Choke+1"],"picked":"Infinite Blades","floor":28.0},{"not_picked":["Acrobatics","Dash+1","Dagger Spray+1"],"picked":"Accuracy","floor":29.0},{"not_picked":["Dodge and Roll","Calculated Gamble+1","Outmaneuver"],"picked":"Burst","floor":30.0},{"not_picked":["Backstab+1","Blade Dance","Caltrops"],"picked":"Crippling Poison+1","floor":31.0},{"not_picked":["Grand Finale+1","Glass Knife+1","Bullet Time"],"picked":"Adrenaline","floor":33.0},{"not_picked":["Reflex+1","Outmaneuver","Accuracy"],"picked":"Dagger Throw+1","floor":35.0},{"not_picked":["Bane+1","Flying Knee+1","Deadly Poison"],"picked":"Finisher+1","floor":36.0},{"not_picked":["Cloak And Dagger","Outmaneuver+1","Quick Slash+1"],"picked":"Accuracy+1","floor":40},{"not_picked":["Dagger Spray+1","Prepared","Deadly Poison"],"picked":"Reflex+1","floor":42},{"not_picked":["Choke+1","Venomology","Acrobatics"],"picked":"Noxious Fumes+1","floor":44},{"not_picked":["All Out Attack+1","Infinite Blades","Finisher+1"],"picked":"Cloak And Dagger+1","floor":46},{"not_picked":["Blade Dance","Footwork+1","Masterful Stab+1","Quick Slash+1"],"picked":"Singing Bowl","floor":47},{"not_picked":["Prepared","Masterful Stab+1","Expertise","Deadly Poison"],"picked":"Singing Bowl","floor":48}],"player_experience":408889,"relics_obtained":[{"floor":6.0,"key":"PreservedInsect"},{"floor":8.0,"key":"Gremlin Horn"},{"floor":9.0,"key":"Oddly Smooth Stone"},{"floor":10.0,"key":"Omamori"},{"floor":12.0,"key":"Molten Egg 2"},{"floor":24.0,"key":"Strawberry"},{"floor":26.0,"key":"Question Card"},{"floor":27.0,"key":"Letter Opener"},{"floor":29.0,"key":"Pantograph"},{"floor":36.0,"key":"TungstenRod"},{"floor":40,"key":"Singing Bowl"},{"floor":40,"key":"CeramicFish"},{"floor":43,"key":"Bird Faced Urn"},{"floor":46,"key":"Mercury Hourglass"},{"floor":46,"key":"Shuriken"},{"floor":48,"key":"Bag of Preparation"},{"floor":48,"key":"Lantern"}],"event_choices":[{"damage_healed":0.0,"max_hp_gain":0.0,"max_hp_loss":0.0,"gold_gain":0.0,"event_name":"Shining Light","player_choice":"Entered Light","floor":4.0,"gold_loss":0.0,"damage_taken":20.0,"cards_upgraded":["Defend_G","Dodge and Roll"]},{"damage_healed":0.0,"max_hp_gain":0.0,"max_hp_loss":0.0,"gold_gain":0.0,"event_name":"Scrap Ooze","player_choice":"Fled","floor":14.0,"gold_loss":0.0,"damage_taken":0.0},{"damage_healed":0.0,"max_hp_gain":0.0,"max_hp_loss":0.0,"gold_gain":0.0,"event_name":"Upgrade Shrine","player_choice":"Upgraded","floor":25.0,"gold_loss":0.0,"damage_taken":0.0,"cards_upgraded":["Cloak And Dagger"]},{"damage_healed":0.0,"max_hp_gain":0.0,"max_hp_loss":0.0,"gold_gain":0.0,"event_name":"Mysterious Sphere","player_choice":"Fight","floor":36.0,"gold_loss":0.0,"damage_taken":0.0},{"damage_healed":0.0,"max_hp_gain":0.0,"max_hp_loss":0.0,"gold_gain":0.0,"event_name":"Tomb of Lord Red Mask","player_choice":"Ignored","floor":37.0,"gold_loss":0.0,"damage_taken":0.0},{"damage_healed":15.0,"max_hp_gain":0.0,"max_hp_loss":0.0,"gold_gain":0.0,"event_name":"Winding Halls","player_choice":"Writhe","floor":39.0,"gold_loss":0.0,"damage_taken":0.0,"cards_obtained":["Writhe"]}],"is_beta":false,"boss_relics":[{"not_picked":["SlaversCollar","Velvet Choker"],"picked":"HoveringKite"},{"not_picked":["Philosopher\u0027s Stone","Runic Dome"],"picked":"Black Star"}],"items_purged_floors":[21,38],"is_endless":false,"potions_floor_spawned":[2,3,10,11,12,22,24,28,29,30,31,36,46,48],"ascension_level":15}}