{"host":"uy3vg6glkp8m6iit","time":1611407335,"event":{"mods":["AchievementEnabler","BaseMod","Colored Map","DeckTracker","Highlight Path","Keyboard Shortcuts","Minty Spire (QoL Compilation)","Quick Restart","Random Character Button","Rare Cards Sparkle","Relic Stats","StSLib","everything is the same but u backflip on backflip"],"gold_per_floor":[109,120,135,146,24,24,56,56,56,68,81,81,131,149,149,221,221,234,87,107,107,107,107,134,134,134,144,144,44,144,144,144,144,144],"floor_reached":33,"language":"KOR","playtime":993,"items_purged":["Strike_G","Regret"],"score":451,"play_id":"428b9ffa-a8ba-4f0f-b826-40fa4596ce89","local_time":"20210123220855","is_ascension_mode":true,"campfire_choices":[{"data":"Poisoned Stab","floor":6.0,"key":"SMITH"},{"data":"Deadly Poison","floor":12,"key":"SMITH"},{"data":"Neutralize","floor":15,"key":"SMITH"},{"data":"Catalyst","floor":23,"key":"SMITH"},{"data":"Well Laid Plans","floor":25,"key":"SMITH"},{"data":"After Image","floor":28,"key":"SMITH"},{"data":"Bouncing Flask","floor":32,"key":"SMITH"}],"circlet_count":0,"master_deck":["AscendersBane","Strike_G","Strike_G","Strike_G","Strike_G","Defend_G","Defend_G","Defend_G","Defend_G","Defend_G","Survivor","Neutralize+1","Backstab","Deadly Poison+1","After Image+1","Catalyst+1","Poisoned Stab+1","Escape Plan","Dagger Spray","Acrobatics","Corpse Explosion","Backflip","Well Laid Plans+1","Bouncing Flask+1","PiercingWail","Dodge and Roll+1"],"relics":["Ring of the Snake","Boot","Mercury Hourglass","Gremlin Horn","Bronze Scales","Cursed Key","Juzu Bracelet","Meat on the Bone","Ice Cream","Toxic Egg 2"],"acts_visited":["Exordium","TheCity"],"potions_floor_usage":[24,30,30],"damage_taken":[{"damage":0.0,"enemies":"Cultist","floor":1.0,"turns":6.0},{"damage":0.0,"enemies":"Jaw Worm","floor":2.0,"turns":4.0},{"damage":0.0,"enemies":"Small Slimes","floor":3.0,"turns":2.0},{"damage":0.0,"enemies":"Exordium Wildlife","floor":4.0,"turns":3.0},{"damage":10.0,"enemies":"3 Sentries","floor":7.0,"turns":10.0},{"damage":0.0,"enemies":"Large Slime","floor":10.0,"turns":5.0},{"damage":0,"enemies":"Blue Slaver","floor":11,"turns":3},{"damage":0,"enemies":"2 Fungi Beasts","floor":14,"turns":2},{"damage":16,"enemies":"The Guardian","floor":16,"turns":8},{"damage":0,"enemies":"3 Byrds","floor":18,"turns":1},{"damage":0,"enemies":"Chosen","floor":20,"turns":3},{"damage":8,"enemies":"Gremlin Leader","floor":24,"turns":5},{"damage":1,"enemies":"Centurion and Healer","floor":27,"turns":4},{"damage":18,"enemies":"Colosseum Slavers","floor":30,"turns":3},{"damage":9,"enemies":"Colosseum Nobs","floor":30,"turns":3},{"damage":61,"enemies":"Automaton","floor":33,"turns":6}],"seed_played":"-1772259156831572136","potions_obtained":[{"floor":1.0,"key":"EssenceOfSteel"},{"floor":2.0,"key":"LiquidMemories"},{"floor":27,"key":"Swift Potion"}],"is_trial":false,"path_per_floor":["M","M","M","M","$","R","E","$","T","M","M","R","T","M","R","B",null,"M","$","M","?","?","R","E","R","T","M","R","$","?","?","R","B"],"character_chosen":"THE_SILENT","items_purchased":["Poisoned Stab","Well Laid Plans","Bouncing Flask"],"campfire_rested":0,"item_purchase_floors":[5,19,19],"current_hp_per_floor":[59,59,59,59,59,59,49,49,49,49,49,49,49,49,49,33,58,58,58,58,58,58,58,50,50,50,49,49,49,34,56,56,0,0],"gold":144,"neow_bonus":"RANDOM_COMMON_RELIC","is_daily":false,"chose_seed":false,"campfire_upgraded":7,"win_rate":0.0,"timestamp":1611407335,"path_taken":["M","M","M","M","$","R","E","?","T","M","M","R","?","M","R","BOSS","M","$","M","?","?","R","E","R","T","M","R","$","?","?","R","BOSS"],"items_purchased_type":["Card","Card","Card"],"build_version":"2020-12-22","purchased_purges":2,"victory":false,"max_hp_per_floor":[66,66,66,66,66,66,66,66,66,66,66,66,66,66,66,66,66,66,66,66,66,66,66,66,66,66,66,66,66,66,66,66,66,66],"relic_stats":{"Gremlin Horn":[9,9],"counters":[16,68],"Bronze Scales":[113],"Juzu Bracelet":1,"Boot":[50],"Cursed Key":1,"obtain_stats":[{"Ice Cream":30,"Gremlin Horn":9,"Bronze Scales":13,"Juzu Bracelet":24,"Toxic Egg 2":30,"Boot":0,"Cursed Key":17,"Ring of the Snake":0,"Mercury Hourglass":7,"Meat on the Bone":26},{"Ice Cream":15,"Gremlin Horn":5,"Bronze Scales":7,"Juzu Bracelet":12,"Toxic Egg 2":15,"Boot":0,"Cursed Key":9,"Ring of the Snake":0,"Mercury Hourglass":5,"Meat on the Bone":12},{"Ice Cream":62,"Gremlin Horn":25,"Bronze Scales":33,"Juzu Bracelet":52,"Toxic Egg 2":62,"Boot":0,"Cursed Key":43,"Ring of the Snake":0,"Mercury Hourglass":25,"Meat on the Bone":52}],"Ring of the Snake":[32],"Mercury Hourglass":[201],"Meat on the Bone":12},"card_choices":[{"not_picked":["Calculated Gamble","Terror"],"picked":"Backstab","floor":1.0},{"not_picked":["Dodge and Roll","Infinite Blades"],"picked":"Deadly Poison","floor":2.0},{"not_picked":["Flying Knee","Outmaneuver"],"picked":"After Image","floor":3.0},{"not_picked":["Backflip","Deadly Poison"],"picked":"Catalyst","floor":4.0},{"not_picked":["Slice","Storm of Steel"],"picked":"Escape Plan","floor":7.0},{"not_picked":["Underhanded Strike","Acrobatics"],"picked":"Dagger Spray","floor":10.0},{"not_picked":["Slice","Quick Slash"],"picked":"Acrobatics","floor":11},{"not_picked":["Prepared","Dagger Spray","Flying Knee"],"picked":"SKIP","floor":14},{"not_picked":["Die Die Die","Bullet Time"],"picked":"Corpse Explosion","floor":16},{"not_picked":["Prepared","Underhanded Strike"],"picked":"Backflip","floor":18},{"not_picked":["Flying Knee","Acrobatics"],"picked":"PiercingWail","floor":20},{"not_picked":["Eviscerate","Dagger Throw","Backflip"],"picked":"SKIP","floor":24},{"not_picked":["Dash","Acrobatics+1","Flying Knee+1"],"picked":"SKIP","floor":27},{"not_picked":["Slice","Deadly Poison+1"],"picked":"Dodge and Roll+1","floor":30}],"player_experience":1490212,"relics_obtained":[{"floor":7.0,"key":"Mercury Hourglass"},{"floor":9.0,"key":"Gremlin Horn"},{"floor":13,"key":"Bronze Scales"},{"floor":24,"key":"Juzu Bracelet"},{"floor":26,"key":"Meat on the Bone"},{"floor":30,"key":"Ice Cream"},{"floor":30,"key":"Toxic Egg 2"}],"event_choices":[{"damage_healed":0,"gold_gain":0,"player_choice":"Ignored","damage_taken":0,"max_hp_gain":0,"max_hp_loss":0,"event_name":"Beggar","floor":21,"gold_loss":0},{"damage_healed":0,"gold_gain":0,"player_choice":"Ignored","damage_taken":0,"max_hp_gain":0,"max_hp_loss":0,"event_name":"Ghosts","floor":22,"gold_loss":0},{"damage_healed":0,"gold_gain":0,"player_choice":"Fight","damage_taken":0,"max_hp_gain":0,"max_hp_loss":0,"event_name":"Colosseum","floor":30,"gold_loss":0},{"damage_healed":0,"gold_gain":0,"player_choice":"Fought Nobs","damage_taken":0,"max_hp_gain":0,"max_hp_loss":0,"event_name":"Colosseum","floor":30,"gold_loss":0},{"damage_healed":22,"gold_gain":0,"player_choice":"Heal","damage_taken":0,"max_hp_gain":0,"max_hp_loss":0,"event_name":"The Library","floor":31,"gold_loss":0}],"is_beta":false,"boss_relics":[{"not_picked":["SlaversCollar","Ectoplasm"],"picked":"Cursed Key"}],"items_purged_floors":[5,29],"is_endless":false,"potions_floor_spawned":[1,2,10,11,20,27],"killed_by":"Automaton","ascension_level":14}}