{"host":"jpzdg3po3tjxdjri","time":1611441156,"event":{"mods":["BaseMod","Better Third Choice","Colored Map","Colored Powertips","Minty Spire (QoL Compilation)","StSLib"],"gold_per_floor":[216,233,245,420,14,14,40,55,55,5,40,40,58,75,75,174,174,187,46,56,69,79,79,96,106,130,130,140,170,186,186,186,186,186],"floor_reached":33,"language":"ENG","playtime":1708,"items_purged":["Doubt","Defend_P","Strike_P"],"score":421,"play_id":"84042dc1-8d93-4643-9710-6439cdd429d9","local_time":"20210123223236","is_ascension_mode":true,"campfire_choices":[{"data":"Eruption","floor":6,"key":"SMITH"},{"floor":15,"key":"REST"},{"floor":23,"key":"REST"},{"floor":27,"key":"REST"},{"data":"Vault","floor":32,"key":"SMITH"}],"circlet_count":0,"master_deck":["Strike_P","Strike_P","Strike_P","Defend_P","Defend_P","Defend_P+1","Eruption+1","Vigilance","ReachHeaven","WheelKick","Evaluate","Protect","ThirdEye+1","EmptyBody","Vault+1","FlurryOfBlows","WindmillStrike","Omniscience","WindmillStrike+1","EmptyFist","LikeWater","DeceiveReality","Protect+1","Nirvana+1","EmptyFist+1","CutThroughFate","Perseverance","Vengeance+1"],"relics":["PureWater","Membership Card","CloakClasp","Lantern","War Paint","Yang","Oddly Smooth Stone","Peace Pipe","VioletLotus","Juzu Bracelet","Dream Catcher","Red Mask"],"acts_visited":["Exordium","TheCity"],"potions_floor_usage":[7,11,16,20,29,29,31],"damage_taken":[{"damage":0,"enemies":"Jaw Worm","floor":1,"turns":3},{"damage":2,"enemies":"2 Louse","floor":2,"turns":3},{"damage":0,"enemies":"Cultist","floor":3,"turns":2},{"damage":24,"enemies":"Gremlin Nob","floor":7,"turns":3},{"damage":0,"enemies":"Looter","floor":8,"turns":3},{"damage":0,"enemies":"3 Sentries","floor":11,"turns":3},{"damage":0,"enemies":"2 Fungi Beasts","floor":13,"turns":4},{"damage":0,"enemies":"Exordium Thugs","floor":14,"turns":5},{"damage":27,"enemies":"The Guardian","floor":16,"turns":10},{"damage":0,"enemies":"Shell Parasite","floor":18,"turns":4},{"damage":30,"enemies":"2 Thieves","floor":20,"turns":4},{"damage":0,"enemies":"Snecko","floor":21,"turns":4},{"damage":1,"enemies":"Shelled Parasite and Fungi","floor":22,"turns":4},{"damage":13,"enemies":"3 Cultists","floor":24,"turns":7},{"damage":1,"enemies":"Centurion and Healer","floor":25,"turns":6},{"damage":7,"enemies":"Sentry and Sphere","floor":28,"turns":6},{"damage":24,"enemies":"Masked Bandits","floor":29,"turns":7},{"damage":0,"enemies":"Snecko","floor":30,"turns":5},{"damage":0,"enemies":"Shelled Parasite and Fungi","floor":31,"turns":1},{"damage":29,"enemies":"Champ","floor":33,"turns":12}],"seed_played":"-6884038367747635773","potions_obtained":[{"floor":3,"key":"BottledMiracle"},{"floor":7,"key":"FearPotion"},{"floor":8,"key":"BottledMiracle"},{"floor":13,"key":"PowerPotion"},{"floor":21,"key":"SmokeBomb"},{"floor":24,"key":"Block Potion"},{"floor":25,"key":"Fire Potion"}],"is_trial":false,"path_per_floor":["M","M","M","?","$","R","E","M","T","$","E","?","M","M","R","B",null,"M","$","M","M","M","R","M","M","T","R","M","?","M","M","R","B"],"character_chosen":"WATCHER","items_purchased":["Membership Card","CloakClasp","Protect","Juzu Bracelet"],"campfire_rested":3,"item_purchase_floors":[5,5,5,19],"current_hp_per_floor":[65,63,63,63,63,63,39,39,39,39,39,10,10,10,31,4,55,55,55,25,25,24,45,32,31,31,52,45,21,21,21,21,0,0],"gold":186,"neow_bonus":"HUNDRED_GOLD","is_daily":false,"chose_seed":false,"campfire_upgraded":2,"win_rate":0.0,"timestamp":1611441156,"path_taken":["M","M","M","?","$","R","E","M","T","$","E","?","M","M","R","BOSS","M","$","M","M","M","R","M","M","T","R","M","?","M","M","R","BOSS"],"items_purchased_type":["Relic","Relic","Card","Relic"],"build_version":"2020-12-22","purchased_purges":3,"victory":false,"max_hp_per_floor":[72,72,72,72,72,72,72,72,72,72,72,72,72,72,72,72,72,72,72,72,72,72,72,72,72,72,72,72,72,72,72,72,72,72],"card_choices":[{"not_picked":["CrushJoints","FollowUp"],"picked":"ReachHeaven","floor":1},{"not_picked":["WreathOfFlame","Indignation"],"picked":"WheelKick","floor":2},{"not_picked":["CrushJoints","BowlingBash"],"picked":"Evaluate","floor":3},{"not_picked":["Protect","Wireheading"],"picked":"ThirdEye","floor":7},{"not_picked":["ThirdEye","SashWhip"],"picked":"EmptyBody","floor":8},{"not_picked":["EmptyMind","EmptyFist"],"picked":"Vault","floor":11},{"not_picked":["EmptyBody","Halt"],"picked":"FlurryOfBlows","floor":13},{"not_picked":["FlyingSleeves","Perseverance"],"picked":"WindmillStrike","floor":14},{"not_picked":["Blasphemy","Vault"],"picked":"Omniscience","floor":16},{"not_picked":["Crescendo","Halt"],"picked":"WindmillStrike+1","floor":18},{"not_picked":["Consecrate","Prostrate"],"picked":"EmptyFist","floor":20},{"not_picked":["FlyingSleeves","Brilliance"],"picked":"LikeWater","floor":21},{"not_picked":["Prostrate","Wallop"],"picked":"DeceiveReality","floor":22},{"not_picked":["Crescendo","Halt"],"picked":"Protect+1","floor":24},{"not_picked":["Halt","ThirdEye"],"picked":"Nirvana+1","floor":25},{"not_picked":["ClearTheMind","BowlingBash"],"picked":"EmptyFist+1","floor":27},{"not_picked":["ClearTheMind+1","Conclude+1"],"picked":"CutThroughFate","floor":28},{"not_picked":["FlyingSleeves","Halt+1"],"picked":"Perseverance","floor":29},{"not_picked":["WreathOfFlame","JustLucky+1"],"picked":"Vengeance+1","floor":30}],"player_experience":855407,"relics_obtained":[{"floor":7,"key":"Lantern"},{"floor":9,"key":"War Paint"},{"floor":11,"key":"Yang"},{"floor":26,"key":"Dream Catcher"},{"floor":29,"key":"Red Mask"}],"event_choices":[{"damage_healed":0,"gold_gain":175,"player_choice":"AGREE","damage_taken":245,"max_hp_gain":0,"max_hp_loss":0,"event_name":"betterThird:BetterSerpent","floor":4,"gold_loss":0},{"damage_healed":0,"gold_gain":1,"player_choice":"Relic Relic ","damage_taken":29,"max_hp_gain":0,"max_hp_loss":0,"event_name":"betterThird:BetterScrap","floor":12,"gold_loss":0,"cards_obtained":["Dropkick"]},{"damage_healed":0,"gold_gain":0,"player_choice":"Fought Bandits","damage_taken":0,"max_hp_gain":0,"max_hp_loss":0,"event_name":"Masked Bandits","floor":29,"gold_loss":0}],"is_beta":false,"boss_relics":[{"not_picked":["Sozu","Empty Cage"],"picked":"VioletLotus"}],"items_purged_floors":[5,10,19],"is_endless":false,"potions_floor_spawned":[3,7,8,13,21,24,25,28],"killed_by":"Champ","ascension_level":9}}