{"host":"CK","time":1611374235,"event":{"mods":["2.2 Compatiblity","BaseMod","Bestiary","Block Reminder","Colored Powertips","DeckTracker","Displayed Cursed Tome","Minty Spire (QoL Compilation)","Permanent Neow","Slay-I","Unknown Chances"],"gold_per_floor":[13,29,41,41,53,81,81,109,109,143,143,68,68,80,80,153,153,171,53,70,70,70,70,105,105,105,130,150,164,204,214,214,291,291,318,328,351,364,107,139,139,177,177,194,194,203,78,99,99,99,99,99,19,54,54],"floor_reached":56,"language":"ENG","playtime":8701,"items_purged":["Defend_P","Evaluate","Judgement+1"],"score":2400,"play_id":"e494db03-da6d-4d78-9c07-6307e1f23c8b","local_time":"20210122195715","is_ascension_mode":true,"campfire_choices":[{"floor":7.0,"key":"REST"},{"data":"Eruption","floor":11.0,"key":"SMITH"},{"data":"BowlingBash","floor":13.0,"key":"SMITH"},{"data":"Sanctity","floor":15.0,"key":"SMITH"},{"data":"Judgement","floor":23,"key":"SMITH"},{"data":"ForeignInfluence","floor":25,"key":"SMITH"},{"data":"Devotion","floor":32,"key":"SMITH"},{"data":"CrushJoints","floor":41,"key":"SMITH"},{"data":"Ragnarok","floor":45,"key":"SMITH"},{"floor":49,"key":"RECALL"},{"data":"Wallop","floor":52,"key":"SMITH"}],"circlet_count":0,"master_deck":["AscendersBane","Strike_P+1","Defend_P+1","Eruption+1","Vigilance+1","Crescendo","EmptyFist+1","FlurryOfBlows","CutThroughFate","CutThroughFate","BowlingBash+1","Sanctity+1","Evaluate+1","Wallop+1","Tantrum","Devotion+1","ForeignInfluence+1","FlurryOfBlows+1","JustLucky","JustLucky","CrushJoints+1","Ragnarok+1","Devotion+1","Halt+1","MentalFortress"],"relics":["PureWater","Omamori","War Paint","Pantograph","FossilizedHelix","Runic Pyramid","CultistMask","Shuriken","StrikeDummy","CeramicFish","Calling Bell","Oddly Smooth Stone","Ornamental Fan","Unceasing Top","Happy Flower","Pocketwatch","CaptainsWheel","Mango","White Beast Statue"],"acts_visited":["Exordium","TheCity","TheBeyond","TheEnding"],"potions_floor_usage":[24,28,50,50,54,55],"damage_taken":[{"damage":7.0,"enemies":"Small Slimes","floor":1.0,"turns":5.0},{"damage":0.0,"enemies":"Jaw Worm","floor":2.0,"turns":3.0},{"damage":0.0,"enemies":"2 Louse","floor":3.0,"turns":3.0},{"damage":6.0,"enemies":"Looter","floor":5.0,"turns":3.0},{"damage":0.0,"enemies":"Gremlin Nob","floor":6.0,"turns":2.0},{"damage":26.0,"enemies":"3 Sentries","floor":8.0,"turns":5.0},{"damage":20.0,"enemies":"Gremlin Nob","floor":10.0,"turns":3.0},{"damage":0.0,"enemies":"Gremlin Gang","floor":14.0,"turns":2.0},{"damage":13.0,"enemies":"Hexaghost","floor":16.0,"turns":8.0},{"damage":0,"enemies":"Shell Parasite","floor":18,"turns":2},{"damage":0,"enemies":"3 Byrds","floor":20,"turns":3},{"damage":0,"enemies":"Gremlin Leader","floor":24,"turns":4},{"damage":0,"enemies":"Slavers","floor":27,"turns":4},{"damage":10,"enemies":"Snake Plant","floor":28,"turns":4},{"damage":0,"enemies":"Snecko","floor":29,"turns":2},{"damage":10,"enemies":"Gremlin Leader","floor":30,"turns":3},{"damage":0,"enemies":"Centurion and Healer","floor":31,"turns":3},{"damage":0,"enemies":"Champ","floor":33,"turns":6},{"damage":0,"enemies":"3 Darklings","floor":35,"turns":4},{"damage":0,"enemies":"Orb Walker","floor":36,"turns":2},{"damage":0,"enemies":"Transient","floor":37,"turns":6},{"damage":0,"enemies":"3 Darklings","floor":38,"turns":3},{"damage":0,"enemies":"Giant Head","floor":40,"turns":4},{"damage":0,"enemies":"Nemesis","floor":42,"turns":3},{"damage":27,"enemies":"Writhing Mass","floor":44,"turns":4},{"damage":0,"enemies":"4 Shapes","floor":48,"turns":3},{"damage":2,"enemies":"Donu and Deca","floor":50,"turns":4},{"damage":0,"enemies":"Shield and Spear","floor":54,"turns":4},{"damage":76,"enemies":"The Heart","floor":55,"turns":8}],"seed_played":"-9118012710250756809","potions_obtained":[{"floor":1.0,"key":"SkillPotion"},{"floor":2.0,"key":"SpeedPotion"},{"floor":14.0,"key":"BottledMiracle"},{"floor":16.0,"key":"Regen Potion"},{"floor":18,"key":"LiquidMemories"},{"floor":27,"key":"Dexterity Potion"},{"floor":31,"key":"DistilledChaos"},{"floor":33,"key":"Strength Potion"},{"floor":54,"key":"SpeedPotion"}],"is_trial":false,"path_per_floor":["M","M","M","?","M","E","R","E","T","E","R","?","R","M","R","B",null,"M","$","M","?","?","R","E","R","T","E","M","M","E","M","R","B",null,"M","M","M","M","$","E","R","E","T","M","R","?","$","M","R","B",null,"R","$","E","B",null],"character_chosen":"WATCHER","items_purchased":["Wallop","Happy Flower","StancePotion"],"campfire_rested":1,"item_purchase_floors":[19,39,53],"current_hp_per_floor":[54,54,54,34,28,28,48,22,22,2,2,2,2,2,2,14,55,55,55,55,55,55,55,67,67,67,67,57,57,47,47,47,68,68,68,68,68,68,68,68,68,68,82,55,55,55,55,55,55,78,81,81,81,81,6],"gold":54,"neow_bonus":"REMOVE_TWO","is_daily":false,"chose_seed":false,"campfire_upgraded":9,"win_rate":0.0,"timestamp":1611374235,"path_taken":["M","M","M","?","M","E","R","E","T","E","R","?","R","M","R","BOSS","M","$","M","?","?","R","E","R","T","E","M","?","E","M","R","BOSS","M","M","M","M","$","E","R","E","T","M","R","?","$","M","R","BOSS","R","$","E","BOSS"],"items_purchased_type":["Card","Relic","Potion"],"build_version":"2020-12-18","purchased_purges":3,"victory":true,"max_hp_per_floor":[68,68,68,68,68,68,68,68,68,68,68,68,68,68,68,68,68,68,68,68,68,68,68,68,68,68,68,68,68,68,68,68,68,68,68,68,68,68,68,68,68,68,82,82,82,82,82,82,82,82,82,82,82,82,82],"card_choices":[{"not_picked":["Collect","WreathOfFlame"],"picked":"Crescendo","floor":1.0},{"not_picked":["JustLucky","ThirdEye"],"picked":"EmptyFist","floor":2.0},{"not_picked":["PathToVictory","FlyingSleeves"],"picked":"FlurryOfBlows","floor":3.0},{"not_picked":["WaveOfTheHand","EmptyBody"],"picked":"CutThroughFate","floor":5.0},{"not_picked":["Halt","Omniscience"],"picked":"CutThroughFate","floor":6.0},{"not_picked":["LikeWater","Collect"],"picked":"BowlingBash","floor":8.0},{"not_picked":["FollowUp","Crescendo"],"picked":"Sanctity","floor":10.0},{"not_picked":["Evaluate","Sanctity","Weave"],"picked":"SKIP","floor":14.0},{"not_picked":["Omniscience","DeusExMachina"],"picked":"Judgement","floor":16.0},{"not_picked":["WindmillStrike","FlurryOfBlows"],"picked":"Evaluate+1","floor":18},{"not_picked":["Evaluate","LikeWater"],"picked":"Tantrum","floor":20},{"not_picked":["FlyingSleeves+1","SignatureMove+1"],"picked":"ForeignInfluence","floor":24},{"not_picked":["Weave+1","Tantrum+1"],"picked":"FlurryOfBlows+1","floor":27},{"not_picked":["Crescendo","FollowUp","WreathOfFlame"],"picked":"SKIP","floor":28},{"not_picked":["EmptyMind","FearNoEvil","ThirdEye"],"picked":"SKIP","floor":29},{"not_picked":["Protect+1","Omniscience"],"picked":"JustLucky","floor":30},{"not_picked":["Protect+1","EmptyBody","Evaluate"],"picked":"SKIP","floor":31},{"not_picked":["Protect","EmptyMind"],"picked":"JustLucky","floor":35},{"not_picked":["DeceiveReality","WheelKick","Conclude"],"picked":"SKIP","floor":36},{"not_picked":["EmptyFist","Pray"],"picked":"CrushJoints","floor":37},{"not_picked":["CutThroughFate","Prostrate","LikeWater+1"],"picked":"SKIP","floor":38},{"not_picked":["Scrawl","ThirdEye","WaveOfTheHand"],"picked":"SKIP","floor":40},{"not_picked":["Vengeance","Worship"],"picked":"Ragnarok","floor":42},{"not_picked":["Study","CrushJoints","LikeWater"],"picked":"SKIP","floor":44},{"not_picked":["Crescendo+1","BowlingBash"],"picked":"Halt+1","floor":48},{"not_picked":["CrushJoints","Devotion"],"picked":"MentalFortress","floor":54}],"player_experience":1161826,"relics_obtained":[{"floor":6.0,"key":"Omamori"},{"floor":8.0,"key":"War Paint"},{"floor":9.0,"key":"Pantograph"},{"floor":10.0,"key":"FossilizedHelix"},{"floor":24,"key":"Shuriken"},{"floor":27,"key":"StrikeDummy"},{"floor":30,"key":"CeramicFish"},{"floor":34,"key":"Oddly Smooth Stone"},{"floor":34,"key":"Ornamental Fan"},{"floor":34,"key":"Unceasing Top"},{"floor":40,"key":"Pocketwatch"},{"floor":42,"key":"CaptainsWheel"},{"floor":43,"key":"Mango"},{"floor":54,"key":"White Beast Statue"}],"event_choices":[{"damage_healed":0.0,"max_hp_gain":0.0,"max_hp_loss":0.0,"gold_gain":0.0,"event_name":"Shining Light","player_choice":"Entered Light","floor":4.0,"gold_loss":0.0,"damage_taken":20.0,"cards_upgraded":["EmptyFist","Strike_P"]},{"cards_removed":["Strike_P"],"damage_healed":0.0,"max_hp_gain":0.0,"max_hp_loss":0.0,"gold_gain":0.0,"event_name":"The Cleric","player_choice":"Card Removal","floor":12.0,"gold_loss":75.0,"damage_taken":0.0},{"damage_healed":0,"gold_gain":0,"cards_transformed":["Defend_P","Strike_P"],"player_choice":"Became Test Subject","damage_taken":0,"max_hp_gain":0,"max_hp_loss":0,"event_name":"Drug Dealer","floor":21,"gold_loss":0,"cards_obtained":["Devotion","Evaluate"]},{"damage_healed":0,"gold_gain":0,"player_choice":"Trade","damage_taken":0,"relics_obtained":["CultistMask"],"max_hp_gain":0,"max_hp_loss":0,"event_name":"FaceTrader","floor":22,"gold_loss":0},{"damage_healed":0,"gold_gain":0,"player_choice":"Copied","damage_taken":0,"max_hp_gain":0,"max_hp_loss":0,"event_name":"Duplicator","floor":46,"gold_loss":0,"cards_obtained":["Devotion"]}],"is_beta":true,"boss_relics":[{"not_picked":["Runic Dome","SacredBark"],"picked":"Runic Pyramid"},{"not_picked":["VioletLotus","Astrolabe"],"picked":"Calling Bell"}],"items_purged_floors":[19,39,47],"is_endless":false,"potions_floor_spawned":[1,2,14,16,18,27,31,33,35,37,44,48,54],"ascension_level":17}}