{"host":"zhec3g4cvsmevugl","time":1611390438,"event":{"mods":["BaseMod","BetterRewards","Curses Come First","Minty Spire (QoL Compilation)","Relic Stats","Slay-I","StSLib"],"gold_per_floor":[18,36,111,111,121,121,6,24,24,24,45,45,69,83,83,211,211,234,267,267,24,24,24,24],"floor_reached":23,"language":"ENG","playtime":980,"items_purged":[],"score":309,"play_id":"c6e5e52c-98e7-4ae3-aa2a-ec1f214ce343","local_time":"20210123162718","is_ascension_mode":true,"campfire_choices":[{"data":"Combust","floor":10,"key":"SMITH"},{"data":"Armaments","floor":12,"key":"SMITH"},{"floor":15,"key":"REST"}],"circlet_count":0,"master_deck":["Bash","Hemokinesis","Cleave","Flex","Injury","Combust+1","Armaments+1","Armaments","Headbutt","Metallicize","Demon Form","Dual Wield","Blood for Blood","Rampage","Armaments","Brutality","Blood for Blood","Fire Breathing","Juggernaut","Rupture","Power Through","Flex","Berserk"],"relics":["Burning Blood","PreservedInsect","Singing Bowl","Golden Idol","Incense Burner","Orichalcum","Pandora\u0027s Box","Red Mask","Shuriken"],"acts_visited":["Exordium","TheCity"],"potions_floor_usage":[16,16,19,23],"damage_taken":[{"damage":0,"enemies":"Cultist","floor":1,"turns":4},{"damage":2,"enemies":"Small Slimes","floor":2,"turns":2},{"damage":0,"enemies":"2 Louse","floor":5,"turns":2},{"damage":31,"enemies":"Gremlin Gang","floor":8,"turns":4},{"damage":15,"enemies":"Blue Slaver","floor":11,"turns":3},{"damage":8,"enemies":"Exordium Wildlife","floor":14,"turns":3},{"damage":28,"enemies":"Hexaghost","floor":16,"turns":9},{"damage":12,"enemies":"Spheric Guardian","floor":18,"turns":5},{"damage":30,"enemies":"Masked Bandits","floor":19,"turns":4},{"damage":45,"enemies":"2 Thieves","floor":22,"turns":4},{"damage":18,"enemies":"Slavers","floor":23,"turns":3}],"seed_played":"-4543005804041890462","potions_obtained":[{"floor":1,"key":"AttackPotion"},{"floor":5,"key":"FearPotion"},{"floor":16,"key":"AttackPotion"},{"floor":19,"key":"DuplicationPotion"},{"floor":22,"key":"HeartOfIron"}],"is_trial":false,"path_per_floor":["M","M","?","?","M","?","$","M","T","R","M","R","T","M","R","B",null,"M","?","?","$","M","E"],"character_chosen":"IRONCLAD","items_purchased":["PreservedInsect","Singing Bowl","Combust","Armaments","Shuriken"],"campfire_rested":1,"item_purchase_floors":[0,0,7,7,21],"current_hp_per_floor":[67,71,60,60,66,66,66,41,41,41,32,32,32,30,54,32,80,74,50,50,50,13,0,0],"gold":24,"neow_bonus":"","is_daily":false,"chose_seed":false,"campfire_upgraded":2,"win_rate":0.0,"timestamp":1611390438,"path_taken":["M","?","?","?","?","?","?","M","T","R","M","R","?","?","R","BOSS","M","?","?","$","M","E"],"items_purchased_type":["Relic","Relic","Card","Card","Relic"],"build_version":"2020-12-22","purchased_purges":0,"victory":false,"max_hp_per_floor":[80,80,80,80,80,80,80,80,80,80,80,80,80,80,80,80,80,80,80,80,80,82,82,82],"relic_stats":{"Singing Bowl":2,"counters":[38,167],"Golden Idol":52,"Shuriken":[0],"Pandora\u0027s Box":["Dual Wield","Blood for Blood","Rampage","Armaments","Brutality","Blood for Blood","Fire Breathing","Juggernaut","Rupture"],"PreservedInsect":39,"Orichalcum":[60],"obtain_stats":[{"Regal Pillow":11,"Torii":38,"Singing Bowl":0,"Black Blood":17,"Incense Burner":9,"Ancient Tea Set":0,"Boot":19,"Burning Blood":0,"Dream Catcher":23,"Strawberry":0,"MealTicket":0,"WingedGreaves":5,"Red Mask":19,"Self Forming Clay":9,"Golden Idol":6,"Dead Branch":0,"PreservedInsect":0,"Orichalcum":6,"Frozen Egg 2":6,"Question Card":3,"Busted Crown":34,"Shuriken":21,"Bronze Scales":8,"Pandora\u0027s Box":17,"Bag of Marbles":3,"Toy Ornithopter":30},{"Regal Pillow":6,"Torii":26,"Singing Bowl":27,"Black Blood":15,"Incense Burner":31,"Ancient Tea Set":0,"Boot":16,"Burning Blood":0,"Dream Catcher":17,"Strawberry":0,"MealTicket":0,"WingedGreaves":2,"Red Mask":36,"Self Forming Clay":10,"Golden Idol":30,"Dead Branch":0,"PreservedInsect":27,"Orichalcum":3,"Frozen Egg 2":10,"Question Card":8,"Busted Crown":23,"Shuriken":36,"Bronze Scales":5,"Pandora\u0027s Box":34,"Bag of Marbles":2,"Toy Ornithopter":21},{"Regal Pillow":24,"Torii":119,"Singing Bowl":124,"Black Blood":63,"Incense Burner":136,"Ancient Tea Set":0,"Boot":71,"Burning Blood":0,"Dream Catcher":78,"Strawberry":0,"MealTicket":0,"WingedGreaves":6,"Red Mask":160,"Self Forming Clay":42,"Golden Idol":132,"Dead Branch":0,"PreservedInsect":124,"Orichalcum":10,"Frozen Egg 2":42,"Question Card":30,"Busted Crown":105,"Shuriken":160,"Bronze Scales":19,"Pandora\u0027s Box":151,"Bag of Marbles":6,"Toy Ornithopter":95}],"Burning Blood":268},"card_choices":[{"not_picked":["Pommel Strike","Headbutt"],"picked":"Hemokinesis","floor":1},{"not_picked":["Flex","Armaments"],"picked":"Cleave","floor":2},{"not_picked":["Sentinel","Havoc"],"picked":"Flex","floor":5},{"not_picked":["Burning Pact","Rampage"],"picked":"Armaments","floor":8},{"not_picked":["Iron Wave","Cleave"],"picked":"Headbutt","floor":11},{"not_picked":["Clothesline","Juggernaut"],"picked":"Metallicize","floor":14},{"not_picked":["Exhume","Reaper"],"picked":"Demon Form","floor":16},{"not_picked":["Rupture","Whirlwind"],"picked":"Power Through","floor":18},{"not_picked":["Armaments","Pommel Strike"],"picked":"Flex","floor":19},{"not_picked":["Second Wind","Shockwave","Cleave+1"],"picked":"Singing Bowl","floor":22}],"player_experience":212613,"relics_obtained":[{"floor":9,"key":"Incense Burner"},{"floor":13,"key":"Orichalcum"},{"floor":19,"key":"Red Mask"}],"event_choices":[{"damage_healed":0,"gold_gain":75,"player_choice":"Gather Gold","damage_taken":11,"max_hp_gain":0,"max_hp_loss":0,"event_name":"World of Goop","floor":3,"gold_loss":0},{"damage_healed":0,"gold_gain":0,"player_choice":"Ignored","damage_taken":0,"max_hp_gain":0,"max_hp_loss":0,"event_name":"Purifier","floor":4,"gold_loss":0},{"damage_healed":0,"gold_gain":0,"player_choice":"Take Wound","damage_taken":0,"relics_obtained":["Golden Idol"],"max_hp_gain":0,"max_hp_loss":0,"event_name":"Golden Idol","floor":6,"gold_loss":0,"cards_obtained":["Injury"]},{"damage_healed":0,"gold_gain":0,"player_choice":"Fought Bandits","damage_taken":0,"max_hp_gain":0,"max_hp_loss":0,"event_name":"Masked Bandits","floor":19,"gold_loss":0},{"damage_healed":0,"gold_gain":0,"player_choice":"1 cards matched","damage_taken":0,"max_hp_gain":0,"max_hp_loss":0,"event_name":"Match and Keep!","floor":20,"gold_loss":0,"cards_obtained":["Berserk"]}],"is_beta":false,"boss_relics":[{"not_picked":["Fusion Hammer","Runic Dome"],"picked":"Pandora\u0027s Box"}],"items_purged_floors":[],"is_endless":false,"potions_floor_spawned":[1,5,16,19,22],"killed_by":"Slavers","ascension_level":2}}