{"host":"dhyczjm99amxd3qx","time":1611441080,"event":{"mods":["BaseMod","Colored Map","Googly Eyes","Highlight Path","Minty Spire (QoL Compilation)","Quick Restart","StSLib"],"gold_per_floor":[113,113,127,142,217,244,244,269,342,371,371,296,296,311,311,311,311],"floor_reached":16,"language":"ENG","playtime":676,"items_purged":["Strike_G"],"score":239,"play_id":"395c79d2-2eb3-43db-9e29-47b176890021","local_time":"20210123173120","is_ascension_mode":true,"campfire_choices":[{"floor":7.0,"key":"REST"},{"floor":11.0,"key":"REST"},{"data":"Noxious Fumes","floor":13.0,"key":"SMITH"},{"data":"Noxious Fumes","floor":15,"key":"SMITH"}],"circlet_count":0,"master_deck":["AscendersBane","Strike_G","Strike_G","Strike_G","Strike_G","Defend_G","Defend_G","Defend_G","Defend_G","Defend_G","Survivor","Neutralize","Bouncing Flask","Crippling Poison","Noxious Fumes+1","Noxious Fumes+1","Poisoned Stab"],"relics":["Ring of the Snake","FaceOfCleric","Mango","Anchor","Gremlin Horn","Oddly Smooth Stone"],"acts_visited":["Exordium"],"potions_floor_usage":[14],"damage_taken":[{"damage":2.0,"enemies":"Small Slimes","floor":1.0,"turns":4.0},{"damage":0.0,"enemies":"Cultist","floor":3.0,"turns":4.0},{"damage":10.0,"enemies":"2 Louse","floor":4.0,"turns":2.0},{"damage":33.0,"enemies":"3 Sentries","floor":6.0,"turns":10.0},{"damage":28.0,"enemies":"Gremlin Nob","floor":8.0,"turns":4.0},{"damage":20.0,"enemies":"3 Sentries","floor":10.0,"turns":6.0},{"damage":0,"enemies":"2 Fungi Beasts","floor":14,"turns":3},{"damage":56,"enemies":"Hexaghost","floor":16,"turns":10}],"seed_played":"-2779344268299139785","potions_obtained":[{"floor":4.0,"key":"Fruit Juice"},{"floor":6.0,"key":"ColorlessPotion"},{"floor":8.0,"key":"SteroidPotion"},{"floor":14,"key":"Fruit Juice"}],"is_trial":false,"path_per_floor":["M","?","M","M","?","E","R","E","T","E","R","$","R","M","R","B"],"character_chosen":"THE_SILENT","items_purchased":[],"campfire_rested":2,"item_purchase_floors":[],"current_hp_per_floor":[68,68,69,65,54,36,65,38,38,19,49,49,49,55,55,0,0],"gold":311,"neow_bonus":"TEN_PERCENT_HP_BONUS","is_daily":false,"chose_seed":false,"campfire_upgraded":2,"win_rate":0.0,"timestamp":1611441080,"path_taken":["M","?","?","M","?","E","R","E","T","E","R","$","R","M","R","BOSS"],"items_purchased_type":[],"build_version":"2020-12-22","purchased_purges":1,"victory":false,"max_hp_per_floor":[77,77,78,84,84,99,99,100,100,101,101,101,101,107,107,107,107],"card_choices":[{"not_picked":["Deflect","Dagger Spray"],"picked":"Bouncing Flask","floor":1.0},{"not_picked":["Expertise","Quick Slash"],"picked":"Crippling Poison","floor":3.0},{"not_picked":["Blur","Poisoned Stab"],"picked":"Noxious Fumes","floor":4.0},{"not_picked":["Escape Plan","Envenom"],"picked":"Noxious Fumes","floor":6.0},{"not_picked":["Acrobatics","Deflect"],"picked":"Poisoned Stab","floor":8.0},{"not_picked":["Dagger Spray","Sucker Punch","Finisher"],"picked":"SKIP","floor":10.0},{"not_picked":["Backflip","Underhanded Strike","Cloak And Dagger"],"picked":"SKIP","floor":14}],"player_experience":362065,"relics_obtained":[{"floor":6.0,"key":"Mango"},{"floor":8.0,"key":"Anchor"},{"floor":9.0,"key":"Gremlin Horn"},{"floor":10.0,"key":"Oddly Smooth Stone"}],"event_choices":[{"damage_healed":0.0,"max_hp_gain":0.0,"max_hp_loss":0.0,"gold_gain":0.0,"event_name":"FaceTrader","player_choice":"Trade","floor":2.0,"gold_loss":0.0,"damage_taken":0.0,"relics_obtained":["FaceOfCleric"]},{"damage_healed":0.0,"max_hp_gain":0.0,"max_hp_loss":0.0,"gold_gain":75.0,"event_name":"World of Goop","player_choice":"Gather Gold","floor":5.0,"gold_loss":0.0,"damage_taken":11.0}],"is_beta":false,"boss_relics":[],"items_purged_floors":[12],"is_endless":false,"potions_floor_spawned":[4,6,8,14],"killed_by":"Hexaghost","ascension_level":12}}