{"host":"sav7uxregyirlf69","time":1611367960,"event":{"mods":["AchievementEnabler","BaseMod","Colored Map","DeckTracker","Keyboard Shortcuts","Minty Spire (QoL Compilation)","READ ME - Guardian Mod","StSLib","SuperFastMode"],"gold_per_floor":[116,116,41,56,19,46,64,64,64,80,92,110,110,126,126,201,201,218,218,133,144,159,179,179,197,243,269,303,313,323,282,282,356,356,372,372,297,313,324,358,358,358],"floor_reached":41,"language":"KOR","playtime":1361,"items_purged":["Pain"],"score":948,"play_id":"7f24ec62-c086-4855-9d6d-f3e2ff76bada","local_time":"20210123111240","is_ascension_mode":true,"campfire_choices":[{"data":"Well Laid Plans","floor":8,"key":"SMITH"},{"data":"Caltrops","floor":13,"key":"SMITH"},{"data":"Neutralize","floor":15,"key":"SMITH"},{"floor":24,"key":"REST"},{"floor":32,"key":"REST"}],"circlet_count":0,"master_deck":["AscendersBane","Strike_G+1","Strike_G+1","Strike_G+1","Strike_G+1","Strike_G+1","Defend_G+1","Defend_G+1","Defend_G+1","Defend_G+1","Defend_G+1","Survivor+1","Neutralize+1","Dagger Throw","Well Laid Plans+1","Cloak And Dagger","Caltrops+1","Malaise","Escape Plan+1","Prepared+1","Tactician","Acrobatics","Blade Dance+1","Backflip","Footwork","Calculated Gamble","After Image","Blur","Crippling Poison","PiercingWail","Leg Sweep+1","Blur+1"],"relics":["Ring of the Serpent","NeowsBlessing","WarpedTongs","Ginger","Letter Opener","Fusion Hammer","Prayer Wheel","Toy Ornithopter","Red Mask","War Paint","PreservedInsect"],"acts_visited":["Exordium","TheCity","TheBeyond"],"potions_floor_usage":[16,27,28,33,40,40],"damage_taken":[{"damage":0,"enemies":"Jaw Worm","floor":1,"turns":1},{"damage":0,"enemies":"Cultist","floor":4,"turns":1},{"damage":0,"enemies":"Gremlin Nob","floor":6,"turns":1},{"damage":0,"enemies":"2 Louse","floor":7,"turns":3},{"damage":5,"enemies":"2 Fungi Beasts","floor":10,"turns":3},{"damage":3,"enemies":"3 Louse","floor":11,"turns":3},{"damage":8,"enemies":"Exordium Thugs","floor":12,"turns":4},{"damage":11,"enemies":"Exordium Wildlife","floor":14,"turns":4},{"damage":5,"enemies":"Hexaghost","floor":16,"turns":9},{"damage":15,"enemies":"2 Thieves","floor":18,"turns":4},{"damage":11,"enemies":"Chosen","floor":21,"turns":5},{"damage":1,"enemies":"Snecko","floor":22,"turns":6},{"damage":2,"enemies":"Cultist and Chosen","floor":23,"turns":7},{"damage":12,"enemies":"Sentry and Sphere","floor":25,"turns":6},{"damage":13,"enemies":"Masked Bandits","floor":27,"turns":4},{"damage":21,"enemies":"Slavers","floor":28,"turns":4},{"damage":8,"enemies":"Centurion and Healer","floor":29,"turns":7},{"damage":0,"enemies":"Snecko","floor":30,"turns":4},{"damage":36,"enemies":"Automaton","floor":33,"turns":11},{"damage":34,"enemies":"3 Darklings","floor":35,"turns":6},{"damage":5,"enemies":"Orb Walker","floor":38,"turns":5},{"damage":0,"enemies":"Maw","floor":39,"turns":10},{"damage":6,"enemies":"Nemesis","floor":40,"turns":19},{"damage":0,"enemies":"Sphere and 2 Shapes","floor":41,"turns":1}],"seed_played":"-2608181850547024176","potions_obtained":[{"floor":1,"key":"SteroidPotion"},{"floor":10,"key":"BlessingOfTheForge"},{"floor":14,"key":"LiquidBronze"},{"floor":18,"key":"GhostInAJar"},{"floor":22,"key":"FairyPotion"},{"floor":27,"key":"LiquidBronze"},{"floor":28,"key":"GhostInAJar"},{"floor":38,"key":"Swift Potion"},{"floor":39,"key":"Fire Potion"},{"floor":40,"key":"Swift Potion"}],"is_trial":false,"path_per_floor":["M","?","$","M","$","E","M","R","T","M","M","M","R","M","R","B",null,"M","?","?","M","M","M","R","M","T","?","E","M","M","$","R","B",null,"M","?","?","M","M","E","M"],"character_chosen":"THE_SILENT","items_purchased":["Well Laid Plans","Calculated Gamble"],"campfire_rested":2,"item_purchase_floors":[5,31],"current_hp_per_floor":[59,59,59,59,59,59,59,59,59,54,51,43,43,32,32,27,56,41,41,41,30,29,27,46,34,34,26,10,2,2,2,21,12,53,19,19,19,14,14,18,18,18],"gold":358,"neow_bonus":"THREE_ENEMY_KILL","is_daily":false,"chose_seed":false,"campfire_upgraded":3,"win_rate":0.0,"timestamp":1611367960,"path_taken":["M","?","?","M","$","E","M","R","T","M","M","M","R","M","R","BOSS","M","?","?","M","M","M","R","M","T","?","E","M","?","$","R","BOSS","M","?","?","M","M","E","M"],"items_purchased_type":["Card","Card"],"build_version":"2020-12-22","purchased_purges":1,"victory":false,"max_hp_per_floor":[66,66,66,66,66,66,66,66,66,66,66,66,66,66,66,66,66,66,66,66,66,66,66,66,66,66,66,66,66,66,66,66,66,66,66,66,66,66,66,66,66,66],"card_choices":[{"not_picked":["Choke","Poisoned Stab"],"picked":"Dagger Spray","floor":1},{"not_picked":["Poisoned Stab","Acrobatics"],"picked":"Dagger Throw","floor":4},{"not_picked":["Dagger Spray","Burst"],"picked":"Quick Slash","floor":6},{"not_picked":["Dodge and Roll","Heel Hook"],"picked":"Cloak And Dagger","floor":7},{"not_picked":["Sucker Punch","Backflip"],"picked":"Caltrops","floor":10},{"not_picked":["Choke","Heel Hook","Dagger Spray"],"picked":"SKIP","floor":11},{"not_picked":["Outmaneuver","Prepared","Dodge and Roll"],"picked":"SKIP","floor":12},{"not_picked":["Poisoned Stab","Crippling Poison","Bane"],"picked":"SKIP","floor":14},{"not_picked":["Die Die Die","Unload"],"picked":"Malaise","floor":16},{"not_picked":["Bane+1","Flying Knee"],"picked":"Escape Plan","floor":18},{"not_picked":["Cloak And Dagger","Crippling Poison"],"picked":"Prepared+1","floor":21},{"not_picked":["Eviscerate","Cloak And Dagger"],"picked":"Tactician","floor":21},{"not_picked":["Envenom","Underhanded Strike+1"],"picked":"Acrobatics","floor":22},{"not_picked":["Caltrops","Quick Slash","Dagger Throw"],"picked":"SKIP","floor":22},{"not_picked":["Bouncing Flask","Tools of the Trade"],"picked":"Blade Dance+1","floor":23},{"not_picked":["Dagger Spray+1","Quick Slash","Flying Knee"],"picked":"SKIP","floor":23},{"not_picked":["Skewer","Flying Knee","Expertise"],"picked":"SKIP","floor":25},{"not_picked":["Deadly Poison","All Out Attack","Blade Dance"],"picked":"SKIP","floor":25},{"not_picked":["Underhanded Strike","Infinite Blades","Unload"],"picked":"SKIP","floor":28},{"not_picked":["Acrobatics","Bane"],"picked":"Backflip","floor":29},{"not_picked":["Underhanded Strike","Backstab","Flying Knee"],"picked":"SKIP","floor":29},{"not_picked":["Deflect+1","Choke"],"picked":"Footwork","floor":30},{"not_picked":["Prepared","PiercingWail","Backflip"],"picked":"SKIP","floor":30},{"not_picked":["Bullet Time","Grand Finale"],"picked":"After Image","floor":33},{"not_picked":["Acrobatics+1","Deflect"],"picked":"Blur","floor":35},{"not_picked":["Well Laid Plans","Predator","Slice"],"picked":"SKIP","floor":35},{"not_picked":["Acrobatics+1","Dagger Throw"],"picked":"Leg Sweep+1","floor":38},{"not_picked":["Flying Knee","Dagger Spray","Skewer+1"],"picked":"SKIP","floor":38},{"not_picked":["Bane","Deadly Poison"],"picked":"Blur+1","floor":39},{"not_picked":["Backflip","Bane","Expertise"],"picked":"SKIP","floor":39},{"not_picked":["Well Laid Plans+1","All Out Attack","Outmaneuver"],"picked":"SKIP","floor":40}],"player_experience":1360876,"relics_obtained":[{"floor":6,"key":"Ginger"},{"floor":9,"key":"Letter Opener"},{"floor":26,"key":"Toy Ornithopter"},{"floor":27,"key":"Red Mask"},{"floor":28,"key":"War Paint"},{"floor":40,"key":"PreservedInsect"}],"event_choices":[{"damage_healed":0,"gold_gain":0,"player_choice":"Rummage","damage_taken":0,"relics_obtained":["WarpedTongs"],"max_hp_gain":0,"max_hp_loss":0,"event_name":"Accursed Blacksmith","floor":2,"gold_loss":0,"cards_obtained":["Pain"]},{"damage_healed":0,"gold_gain":0,"player_choice":"Simplicity","damage_taken":0,"max_hp_gain":0,"max_hp_loss":0,"event_name":"Back to Basics","floor":19,"gold_loss":0,"cards_upgraded":["Strike_G","Strike_G","Strike_G","Strike_G","Strike_G","Defend_G","Defend_G","Defend_G","Defend_G","Defend_G"]},{"damage_healed":0,"gold_gain":0,"player_choice":"Obtained Relic","damage_taken":0,"relics_obtained":["Prayer Wheel"],"max_hp_gain":0,"max_hp_loss":0,"event_name":"Addict","floor":20,"gold_loss":85},{"damage_healed":0,"gold_gain":0,"player_choice":"Fought Bandits","damage_taken":0,"max_hp_gain":0,"max_hp_loss":0,"event_name":"Masked Bandits","floor":27,"gold_loss":0},{"damage_healed":0,"gold_gain":0,"player_choice":"Ignored","damage_taken":0,"max_hp_gain":0,"max_hp_loss":0,"event_name":"Mysterious Sphere","floor":36,"gold_loss":0},{"damage_healed":0,"gold_gain":0,"cards_transformed":["Dagger Spray","Quick Slash"],"player_choice":"Transformed Cards","damage_taken":0,"max_hp_gain":0,"max_hp_loss":0,"event_name":"Designer","floor":37,"gold_loss":75,"cards_obtained":["Crippling Poison","PiercingWail"]}],"is_beta":false,"boss_relics":[{"not_picked":["Empty Cage","HoveringKite"],"picked":"Fusion Hammer"},{"not_picked":["Snecko Eye","Coffee Dripper"],"picked":"Ring of the Serpent"}],"items_purged_floors":[3],"is_endless":false,"potions_floor_spawned":[1,10,11,14,18,22,27,28,38,39,40],"killed_by":"Sphere and 2 Shapes","ascension_level":20}}