{"host":"r3eb5kff0hcmimdq","time":1611376975,"event":{"mods":["ATMod(°¢èªMod)","BaseMod","Colored Powertips","Conspire","Highlight Path","Luminous","Minty Spire (QoL Compilation)","MostiFishMod","Quick Restart","Relic Filter","Replay The Spire","RyuuouÁúÍõ","Shop Mod","Spicy Shops","StSLib","TestMod","The Jungle","The Mystic","The Senshi","vexMod","¡¾ÒÅÎï¿¨ÅÆ¡¿REMEMod","óô»ðÖ¸ÄÏ"],"gold_per_floor":[113,132,146,162,174,181,216,216,269,269,103,130,130,144,144,239,239,253,272,289,1,17,45,61,91,146,146,160,177,1,21,21,119,119,133,153,168,181,122,153,153,180,205,319,319,319,319,405,405,530],"floor_reached":51,"language":"ZHS","playtime":1566,"items_purged":["Languid","theSenshi:SailorBlock"],"score":1315,"play_id":"f1e55799-c6d3-49a9-8014-b74b7a25af02","local_time":"20210123124255","is_ascension_mode":false,"campfire_choices":[{"data":"theSenshi:FatedKiss","floor":8.0,"key":"SMITH"},{"data":"theSenshi:MercurysCunning","floor":10.0,"key":"SMITH"},{"data":"theSenshi:SailorV","floor":15.0,"key":"SMITH"},{"data":"theSenshi:IWillPunishYou","floor":27,"key":"SMITH"},{"data":"theSenshi:SailorBlock","floor":32,"key":"PURGE"},{"data":"theSenshi:LunaSensingAllies","floor":41,"key":"SMITH"},{"data":"theSenshi:StudyParty","floor":45,"key":"SMITH"}],"circlet_count":0,"master_deck":["theSenshi:SailorKick","theSenshi:SailorKick","theSenshi:SailorKick","theSenshi:SailorKick","theSenshi:SailorBlock","theSenshi:SailorBlock","theSenshi:RoseThrow","theSenshi:MoonPrismPowerMakeUp","AT_FamilyPortrait","theSenshi:MercurysCunning+1","theSenshi:TuxedoSmokingBomber+1","theSenshi:SailorV+1","theSenshi:FatedKiss+1","theSenshi:IWillPunishYou+1","theSenshi:EncouragingSpeech+1","theSenshi:JupitersPower","theSenshi:StudyParty+1","theSenshi:LunaSensingAllies+1","theSenshi:TallSilhouette+1","theSenshi:NeptunesGrace+1","theSenshi:RainbowMoonHeartAche+1"],"relics":["theSenshi:TransformationBroochRelic","DaveBox","REME_ComplimentaryCards","AT_ATBox","testmod-TestBox","OneHitWonderSystem","testmod-ArcanaOfDestiny","NeowsBlessing","SynthV:TestCard","MerchantsRug","ReplayTheSpireMod:CursedCoin","vexMod:InvisibilityCloak","testmod-OneHitWonder","Simple Rune","AT_RedTearstoneRing","conspire:SpecialSausage","vexMod:Spyglass","theSenshi:CrisisMoonCompactRelic","ImprovedEquipment","Replay:Bottled Steam","testmod-Antiphasic","Lantern","ChiXiaoBlade","Replay:Bottled Eggs","AT_ChloranthyRing","PreservedInsect","AT_MibuBalloonWealth"],"acts_visited":["Exordium","TheCity","TheBeyond"],"potions_floor_usage":[],"damage_taken":[{"damage":0.0,"enemies":"Small Slimes","floor":1.0,"turns":1.0},{"damage":0.0,"enemies":"Cultist","floor":2.0,"turns":1.0},{"damage":0.0,"enemies":"2 Louse","floor":3.0,"turns":1.0},{"damage":0.0,"enemies":"Red Slaver","floor":4.0,"turns":2.0},{"damage":0.0,"enemies":"Exordium Thugs","floor":5.0,"turns":3.0},{"damage":0.0,"enemies":"Gremlin Nob","floor":7.0,"turns":4.0},{"damage":0.0,"enemies":"Lagavulin","floor":12.0,"turns":2.0},{"damage":0.0,"enemies":"Large Slime","floor":14.0,"turns":1.0},{"damage":0.0,"enemies":"The Guardian","floor":16.0,"turns":4.0},{"damage":0.0,"enemies":"Shell Parasite","floor":18.0,"turns":2.0},{"damage":0.0,"enemies":"Spheric Guardian","floor":19.0,"turns":1.0},{"damage":0.0,"enemies":"Snake Plant","floor":20.0,"turns":1.0},{"damage":0.0,"enemies":"Sentry and Sphere","floor":22.0,"turns":2.0},{"damage":0.0,"enemies":"Book of Stabbing","floor":23.0,"turns":1.0},{"damage":0.0,"enemies":"Chosen and Byrds","floor":24.0,"turns":2.0},{"damage":0.0,"enemies":"conspire:SneckoGhost","floor":25.0,"turns":1.0},{"damage":0,"enemies":"3 Cultists","floor":28,"turns":2},{"damage":0,"enemies":"Snake Plant","floor":29,"turns":1},{"damage":0,"enemies":"Shelled Parasite and Fungi","floor":31,"turns":2},{"damage":0,"enemies":"conspire:MysteriousRune","floor":33,"turns":1},{"damage":0,"enemies":"3 Shapes","floor":35,"turns":2},{"damage":0,"enemies":"3 Darklings","floor":36,"turns":1},{"damage":0,"enemies":"Maw","floor":37,"turns":1},{"damage":0,"enemies":"Transient","floor":38,"turns":1},{"damage":0,"enemies":"Reptomancer","floor":40,"turns":1},{"damage":0,"enemies":"Nemesis","floor":42,"turns":1},{"damage":0,"enemies":"4 Shapes","floor":44,"turns":2},{"damage":0,"enemies":"Sphere and 2 Shapes","floor":48,"turns":1},{"damage":0,"enemies":"Awakened One","floor":50,"turns":6}],"seed_played":"-8499501052556405149","potions_obtained":[{"floor":1.0,"key":"EssenceOfSteel"},{"floor":2.0,"key":"SkillPotion"},{"floor":3.0,"key":"DistilledChaos"},{"floor":12.0,"key":"Dexterity Potion"},{"floor":14.0,"key":"Adrenaline Potion"},{"floor":16.0,"key":"Weak Potion"},{"floor":22.0,"key":"Strength Potion"},{"floor":24.0,"key":"SneckoOil"},{"floor":25.0,"key":"PowerPotion"},{"floor":31,"key":"Elixir"},{"floor":33,"key":"Adrenaline Potion"},{"floor":37,"key":"PowerPotion"},{"floor":44,"key":"Elixir"},{"floor":48,"key":"SkillPotion"}],"is_trial":false,"path_per_floor":["M","M","M","M","M","R","E","R","T","R","$","E","?","M","R","B",null,"M","M","M","$","M","E","M","E","T","R","M","M","R","M","R","B",null,"M","M","M","M","$","E","R","E","T","M","R","?","?","M","R","B",null],"character_chosen":"THE_SENSHI","items_purchased":["MerchantsRug","ReplayTheSpireMod:CursedCoin","Simple Rune","vexMod:Spyglass","theSenshi:CrisisMoonCompactRelic","Lantern","Replay:Bottled Eggs"],"campfire_rested":0,"item_purchase_floors":[6,6,11,21,21,30,39],"current_hp_per_floor":[1,1,1,1,1,1,1,1,1,1,1,1,1,1,1,1,1,1,1,1,1,1,1,1,1,1,1,1,1,1,1,1,1,1,1,1,1,1,1,1,1,1,1,1,1,1,1,1,1,1],"gold":530,"neow_bonus":"THREE_ENEMY_KILL","is_daily":false,"chose_seed":false,"campfire_upgraded":6,"win_rate":0.0,"timestamp":1611376975,"path_taken":["M","M","M","M","M","R","E","R","T","R","$","E","?","M","R","BOSS","M","?","M","$","?","E","M","E","T","R","M","M","R","M","R","BOSS","M","M","M","M","$","E","R","E","T","M","R","?","?","M","R","BOSS"],"items_purchased_type":["Relic","Relic","Relic","Relic","Relic","Relic","Relic"],"build_version":"2020-12-22","purchased_purges":2,"victory":true,"max_hp_per_floor":[1,1,1,1,1,1,1,1,1,1,1,1,1,1,1,1,1,1,1,1,1,1,1,1,1,1,1,1,1,1,1,1,1,1,1,1,1,1,1,1,1,1,1,1,1,1,1,1,1,1],"card_choices":[{"not_picked":["theSenshi:MoonsReflection","theSenshi:SchoolBag","theSenshi:SailorV"],"picked":"SKIP","floor":1.0},{"not_picked":["theSenshi:SailorUranusAssists","theSenshi:HesSoDreamy","theSenshi:SailorStarFighterAssists","theSenshi:EncouragingSpeech"],"picked":"theSenshi:MercurysCunning","floor":2.0},{"not_picked":["theSenshi:SaturnsMystery","theSenshi:Sidestep","theSenshi:LunasBite","theSenshi:PlutosSolemnity"],"picked":"theSenshi:TuxedoSmokingBomber","floor":3.0},{"not_picked":["theSenshi:SupersonicWaves","theSenshi:LunaWiseMentor","theSenshi:MoonTwilightFlash","theSenshi:MoonTiaraMagic"],"picked":"theSenshi:SailorV","floor":4.0},{"not_picked":["theSenshi:SailorMercuryAssists","theSenshi:MercurysCunning","theSenshi:LunasBite","theSenshi:SailorUranusAssists","theSenshi:SailorMarsAssists"],"picked":"SKIP","floor":5.0},{"not_picked":["theSenshi:MoonCrisisMakeUp","theSenshi:SchoolBag","theSenshi:SailorMarsAssists","theSenshi:CrisisMakeUp"],"picked":"theSenshi:FatedKiss","floor":7.0},{"not_picked":["theSenshi:SailorStarFighterAssists","theSenshi:SteeledNerves","theSenshi:YouCanTalk","theSenshi:MoonCrystalPowerMakeUp","theSenshi:TuxedoSmokingBomber"],"picked":"SKIP","floor":12.0},{"not_picked":["theSenshi:MoonCrisisMakeUp","theSenshi:PlutosSolemnity","theSenshi:HesSoDreamy","theSenshi:SailorMercuryAssists","theSenshi:SupersonicWaves"],"picked":"SKIP","floor":14.0},{"not_picked":["theSenshi:SilverMoonCrystalPowerKiss","theSenshi:SailorPlutoAssists","theSenshi:MoonGorgeousMeditation","theSenshi:InTheNameOfTheMoon"],"picked":"theSenshi:IWillPunishYou","floor":16.0},{"not_picked":["theSenshi:HesSoDreamy","theSenshi:TallSilhouette","theSenshi:MoonHealingEscalation+1","theSenshi:MoonPrincessHalation","theSenshi:SailorMercuryAssists"],"picked":"SKIP","floor":18.0},{"not_picked":["theSenshi:CrisisMakeUp","theSenshi:MoonKick","theSenshi:SupersonicWaves","theSenshi:LateForSchool+1","theSenshi:SailorChibiMoonAssists"],"picked":"SKIP","floor":19.0},{"not_picked":["theSenshi:MoonsReflection+1","theSenshi:SailorNeptuneAssists","theSenshi:LunasBite","theSenshi:MoonPrincessHalation+1","theSenshi:SailorMercuryAssists"],"picked":"SKIP","floor":20.0},{"not_picked":["theSenshi:MoonTiaraMagic","theSenshi:LateForSchool+1","theSenshi:MoonsReflection","theSenshi:InTheNickOfTime","theSenshi:SaturnsMystery"],"picked":"SKIP","floor":22.0},{"not_picked":["theSenshi:Sidestep","theSenshi:MoonsReflection","theSenshi:SailorVenusAssists+1","theSenshi:SailorCosmosAssists","theSenshi:TallSilhouette"],"picked":"SKIP","floor":23.0},{"not_picked":["theSenshi:EncouragingSpeech","theSenshi:TallSilhouette","theSenshi:UranusStrength","theSenshi:DramaticEntrance","theSenshi:LunasBite"],"picked":"SKIP","floor":24.0},{"not_picked":["theSenshi:MercurysCunning","theSenshi:MoonlightKnight","theSenshi:MoonGorgeousMeditation","theSenshi:MoonCrisisMakeUp","theSenshi:MoonTiaraMagic"],"picked":"SKIP","floor":25.0},{"not_picked":["theSenshi:OdangoHead","theSenshi:SupersonicWaves","theSenshi:MoonKick","theSenshi:MoonPrincessHalation","theSenshi:EncouragingSpeech"],"picked":"SKIP","floor":28},{"not_picked":["theSenshi:MoonsReflection+1","theSenshi:LateForSchool","theSenshi:SailorChibiMoonAssists","theSenshi:TuxedoSmokingBomber"],"picked":"theSenshi:EncouragingSpeech+1","floor":29},{"not_picked":["theSenshi:CrisisMakeUp","theSenshi:VenusGlamour","theSenshi:MoonKick","theSenshi:MoonTwilightFlash+1"],"picked":"theSenshi:JupitersPower","floor":31},{"not_picked":["theSenshi:SailorCosmosAssists","theSenshi:ChibiMoonsLove","theSenshi:SailorStarHealerAssists","theSenshi:MoonGorgeousMeditation"],"picked":"theSenshi:StudyParty","floor":33},{"not_picked":["theSenshi:SupersonicWaves","theSenshi:SteeledNerves","theSenshi:SchoolBag+1","theSenshi:SailorMercuryAssists+1","theSenshi:KlutzyLuck+1"],"picked":"SKIP","floor":35},{"not_picked":["theSenshi:EncouragingSpeech+1","theSenshi:SailorMercuryAssists","theSenshi:MercurysCunning","theSenshi:MoonPrincessHalation+1","theSenshi:SailorMarsAssists+1"],"picked":"SKIP","floor":36},{"not_picked":["theSenshi:SchoolBag","theSenshi:YouCanTalk+1","theSenshi:MoonPrincessHalation","theSenshi:NeptunesGrace","theSenshi:SailorStarFighterAssists"],"picked":"SKIP","floor":37},{"not_picked":["theSenshi:MoonPunch","theSenshi:SailorMercuryAssists+1","theSenshi:EncouragingSpeech+1","theSenshi:MoonCrystalPowerMakeUp+1"],"picked":"theSenshi:LunaSensingAllies","floor":38},{"not_picked":["theSenshi:Sidestep+1","theSenshi:SailorChibiMoonAssists+1","theSenshi:SailorNeptuneAssists+1","theSenshi:SupersonicWaves"],"picked":"theSenshi:TallSilhouette+1","floor":40},{"not_picked":["theSenshi:SailorPlanetAttack+1","theSenshi:MoonKick","theSenshi:EncouragingSpeech+1","theSenshi:SupersonicWaves","theSenshi:GatheringStrength+1"],"picked":"SKIP","floor":42},{"not_picked":["theSenshi:MoonsReflection+1","theSenshi:GatheringStrength+1","theSenshi:MoonTiaraMagic+1","theSenshi:UranusStrength+1"],"picked":"theSenshi:NeptunesGrace+1","floor":44},{"not_picked":["theSenshi:SupersonicWaves","theSenshi:SteeledNerves","theSenshi:MoonlightKnight","theSenshi:SailorPlutoAssists"],"picked":"theSenshi:RainbowMoonHeartAche+1","floor":48}],"player_experience":162865,"relics_obtained":[{"floor":1.0,"key":"SynthV:TestCard"},{"floor":7.0,"key":"vexMod:InvisibilityCloak"},{"floor":9.0,"key":"testmod-OneHitWonder"},{"floor":12.0,"key":"AT_RedTearstoneRing"},{"floor":23.0,"key":"ImprovedEquipment"},{"floor":25.0,"key":"Replay:Bottled Steam"},{"floor":26.0,"key":"testmod-Antiphasic"},{"floor":40,"key":"AT_ChloranthyRing"},{"floor":42,"key":"PreservedInsect"},{"floor":43,"key":"AT_MibuBalloonWealth"}],"event_choices":[{"cards_removed":["Hemogenesis"],"damage_healed":0.0,"max_hp_gain":0.0,"max_hp_loss":0.0,"gold_gain":0.0,"event_name":"Purifier","player_choice":"Purged","floor":13.0,"gold_loss":0.0,"damage_taken":0.0},{"cards_removed":["Clumsy"],"damage_healed":0,"gold_gain":0,"player_choice":"Removed Curses","damage_taken":0,"max_hp_gain":0,"max_hp_loss":0,"event_name":"Fountain of Cleansing","floor":46,"gold_loss":0},{"damage_healed":0,"gold_gain":0,"player_choice":"Ignored","damage_taken":0,"max_hp_gain":0,"max_hp_loss":0,"event_name":"SecretPortal","floor":47,"gold_loss":0}],"is_beta":false,"boss_relics":[{"not_picked":["Empty Cage","Cursed Key"],"picked":"conspire:SpecialSausage"},{"not_picked":["vexMod:DeviousBotling","NightmareShop"],"picked":"ChiXiaoBlade"}],"items_purged_floors":[11,30],"is_endless":false,"potions_floor_spawned":[1,2,3,12,14,16,18,22,24,25,28,31,33,37,44,48],"ascension_level":0}}