{"host":"hzinic87vu8p95wn","time":1611410008,"event":{"mods":["BaseMod","Minty Spire (QoL Compilation)"],"gold_per_floor":[114,114,13,28,28,60,60,95,169,169,203,220,220,233,233,308,308,327,327,327],"floor_reached":19,"language":"ENG","playtime":724,"items_purged":[],"score":399,"play_id":"4166e3e9-1beb-459e-b556-bd0ba41168c9","local_time":"20210124005328","is_ascension_mode":true,"campfire_choices":[{"data":"Eruption","floor":7,"key":"SMITH"},{"data":"Consecrate","floor":13,"key":"SMITH"},{"data":"LikeWater","floor":15,"key":"SMITH"}],"circlet_count":0,"master_deck":["AscendersBane","Strike_P","Strike_P","Strike_P","Strike_P","Defend_P","Defend_P","Defend_P","Defend_P","Eruption+1","Vigilance","Evaluate","CutThroughFate","EmptyBody","EmptyFist","JustLucky","Prostrate","Consecrate+1","LikeWater+1","Omniscience","FollowUp"],"relics":["PureWater","NeowsBlessing","Toy Ornithopter","Omamori","Letter Opener","Boot","Sozu"],"acts_visited":["Exordium","TheCity"],"potions_floor_usage":[8,8,16,16],"damage_taken":[{"damage":0,"enemies":"Cultist","floor":1,"turns":1},{"damage":0,"enemies":"2 Louse","floor":4,"turns":1},{"damage":0,"enemies":"3 Sentries","floor":6,"turns":2},{"damage":28,"enemies":"Gremlin Nob","floor":8,"turns":4},{"damage":22,"enemies":"Lagavulin","floor":11,"turns":9},{"damage":5,"enemies":"Jaw Worm","floor":12,"turns":4},{"damage":0,"enemies":"Large Slime","floor":14,"turns":4},{"damage":9,"enemies":"The Guardian","floor":16,"turns":11},{"damage":45,"enemies":"Chosen","floor":18,"turns":8},{"damage":0,"enemies":"3 Byrds","floor":19,"turns":1}],"seed_played":"-7054059676029195155","potions_obtained":[{"floor":2,"key":"SteroidPotion"},{"floor":2,"key":"BlessingOfTheForge"},{"floor":12,"key":"ColorlessPotion"},{"floor":14,"key":"DistilledChaos"}],"is_trial":false,"path_per_floor":["M","?","$","M","$","E","R","E","T","?","E","M","R","M","R","B",null,"M","M"],"character_chosen":"WATCHER","items_purchased":["CutThroughFate","EmptyBody"],"campfire_rested":0,"item_purchase_floors":[3,3],"current_hp_per_floor":[61,61,61,61,61,61,61,43,43,68,46,41,41,41,41,42,62,17,17,17],"gold":327,"neow_bonus":"THREE_ENEMY_KILL","is_daily":false,"chose_seed":false,"campfire_upgraded":3,"win_rate":0.0,"timestamp":1611410008,"path_taken":["M","?","$","?","$","E","R","E","T","?","E","M","R","M","R","BOSS","M","?"],"items_purchased_type":["Card","Card"],"build_version":"2020-12-22","purchased_purges":0,"victory":false,"max_hp_per_floor":[68,68,68,68,68,68,68,68,68,68,68,68,68,68,68,68,68,68,68,68],"card_choices":[{"not_picked":["BowlingBash","PathToVictory"],"picked":"Evaluate","floor":1},{"not_picked":["Halt","FlyingSleeves"],"picked":"EmptyFist","floor":4},{"not_picked":["ReachHeaven","CrushJoints"],"picked":"JustLucky","floor":6},{"not_picked":["PathToVictory","ReachHeaven"],"picked":"Prostrate","floor":8},{"not_picked":["Wireheading","Adaptation","ForeignInfluence"],"picked":"SKIP","floor":11},{"not_picked":["EmptyBody","ThirdEye"],"picked":"Consecrate","floor":12},{"not_picked":["Adaptation","CarveReality"],"picked":"LikeWater","floor":14},{"not_picked":["Alpha","LessonLearned"],"picked":"Omniscience","floor":16},{"not_picked":["CarveReality","Consecrate"],"picked":"FollowUp","floor":18}],"player_experience":1597574,"relics_obtained":[{"floor":6,"key":"Toy Ornithopter"},{"floor":8,"key":"Omamori"},{"floor":9,"key":"Letter Opener"},{"floor":11,"key":"Boot"}],"event_choices":[{"damage_healed":0,"gold_gain":0,"player_choice":"Got Potions","damage_taken":0,"max_hp_gain":0,"max_hp_loss":0,"event_name":"Lab","floor":2,"gold_loss":0},{"damage_healed":25,"gold_gain":0,"player_choice":"Full Heal","damage_taken":0,"max_hp_gain":0,"max_hp_loss":0,"event_name":"Wheel of Change","floor":10,"gold_loss":0}],"is_beta":false,"boss_relics":[{"not_picked":["Pandora\u0027s Box","Coffee Dripper"],"picked":"Sozu"}],"items_purged_floors":[],"is_endless":false,"potions_floor_spawned":[4,12,14,18],"killed_by":"3 Byrds","ascension_level":18}}