{"host":"hwrdjx5eod2cxh09","time":1611390992,"event":{"mods":["AchievementEnabler","BaseMod","Bestiary","Minty Spire (QoL Compilation)","Relic Stats"],"gold_per_floor":[118,118,132,142,158,158,192,204,256,286,333,364,376,376],"floor_reached":13,"language":"ENG","playtime":429,"items_purged":[],"score":99,"play_id":"0bd78b59-d94e-4c56-a4b5-5cabd21d8aa5","local_time":"20210123173632","is_ascension_mode":false,"campfire_choices":[{"data":"Eruption","floor":6.0,"key":"SMITH"}],"circlet_count":0,"master_deck":["Strike_P+1","Strike_P","Strike_P","Strike_P","Defend_P+1","Defend_P","Defend_P","Defend_P","Eruption+1","Vigilance","Tantrum","Meditate","Protect","ClearTheMind","Vault","Pray","JustLucky"],"relics":["PureWater","NeowsBlessing","Mercury Hourglass","MawBank","Darkstone Periapt"],"acts_visited":["Exordium"],"potions_floor_usage":[13,13],"damage_taken":[{"damage":0.0,"enemies":"Cultist","floor":1.0,"turns":1.0},{"damage":0.0,"enemies":"Small Slimes","floor":3.0,"turns":2.0},{"damage":0.0,"enemies":"2 Louse","floor":4.0,"turns":1.0},{"damage":6.0,"enemies":"Large Slime","floor":5.0,"turns":4.0},{"damage":33.0,"enemies":"Gremlin Nob","floor":7.0,"turns":4.0},{"damage":0.0,"enemies":"Blue Slaver","floor":8.0,"turns":3.0},{"damage":0.0,"enemies":"3 Louse","floor":10.0,"turns":2.0},{"damage":13.0,"enemies":"Lagavulin","floor":11.0,"turns":3.0},{"damage":0.0,"enemies":"Large Slime","floor":12.0,"turns":3.0},{"damage":7,"enemies":"3 Sentries","floor":13,"turns":2}],"seed_played":"4541008429574142247","potions_obtained":[{"floor":3.0,"key":"Explosive Potion"},{"floor":4.0,"key":"BlessingOfTheForge"},{"floor":5.0,"key":"Strength Potion"},{"floor":12.0,"key":"Swift Potion"}],"is_trial":false,"path_per_floor":["M","?","M","M","M","R","E","M","T","M","E","M","E"],"character_chosen":"WATCHER","items_purchased":[],"campfire_rested":0,"item_purchase_floors":[],"current_hp_per_floor":[72,58,58,58,52,52,19,19,19,19,6,6,0,0],"gold":376,"neow_bonus":"THREE_ENEMY_KILL","is_daily":false,"chose_seed":false,"campfire_upgraded":1,"win_rate":0.0,"timestamp":1611390992,"path_taken":["M","?","M","M","M","R","E","M","T","M","E","M","E"],"items_purchased_type":[],"build_version":"2020-12-22","purchased_purges":0,"victory":false,"max_hp_per_floor":[72,72,72,72,72,72,72,72,72,72,72,72,72,72],"relic_stats":{"Darkstone Periapt":0,"counters":[10,25],"MawBank":48,"obtain_stats":[{"Darkstone Periapt":11,"NeowsBlessing":0,"PureWater":0,"MawBank":9,"Mercury Hourglass":7},{"Darkstone Periapt":8,"NeowsBlessing":0,"PureWater":0,"MawBank":6,"Mercury Hourglass":5},{"Darkstone Periapt":20,"NeowsBlessing":0,"PureWater":0,"MawBank":15,"Mercury Hourglass":12}],"Mercury Hourglass":[61]},"card_choices":[{"not_picked":["SashWhip","CrushJoints"],"picked":"Tantrum","floor":1.0},{"not_picked":["Perseverance","Sanctity"],"picked":"Meditate","floor":3.0},{"not_picked":["Consecrate","Perseverance"],"picked":"Protect","floor":4.0},{"not_picked":["SashWhip","Pray"],"picked":"ClearTheMind","floor":5.0},{"not_picked":["FlyingSleeves","ClearTheMind"],"picked":"Vault","floor":7.0},{"not_picked":["PathToVictory","DeceiveReality","Nirvana"],"picked":"SKIP","floor":8.0},{"not_picked":["Crescendo","Sanctity"],"picked":"Pray","floor":10.0},{"not_picked":["Prostrate","MasterReality","Protect"],"picked":"SKIP","floor":11.0},{"not_picked":["Vengeance","EmptyMind"],"picked":"JustLucky","floor":12.0}],"player_experience":252687,"relics_obtained":[{"floor":7.0,"key":"Mercury Hourglass"},{"floor":9.0,"key":"MawBank"},{"floor":11.0,"key":"Darkstone Periapt"}],"event_choices":[{"damage_healed":0.0,"max_hp_gain":0.0,"max_hp_loss":0.0,"gold_gain":0.0,"event_name":"Shining Light","player_choice":"Entered Light","floor":2.0,"gold_loss":0.0,"damage_taken":14.0,"cards_upgraded":["Strike_P","Defend_P"]}],"is_beta":false,"boss_relics":[],"items_purged_floors":[],"is_endless":false,"potions_floor_spawned":[3,4,5,7,12],"killed_by":"3 Sentries","ascension_level":0}}