{"host":"rupmf8lnk599ormj","time":1611431329,"event":{"mods":["2.2 Compatiblity","AchievementEnabler","BaseMod","Better Match","Better Third Choice","BetterRewards","Colored Map","Colored Powertips","Conspire","Downfall","Evolution","Gold Saver","Googly Eyes","Hubris","Minty Spire (QoL Compilation)","Quick Restart","Rare Cards Sparkle","Shade Mod","Spicy Shops","StSLib","The Cursed"],"gold_per_floor":[1137,496,496,496,496,516,549,549,549,560,572,587,269,284,284,383,383,401,48,65,82,94,105,105,135,135,170,190,190,220,235,235,333,333,349,259,286,286,305,332,332,363,434,142,156,156,51,63,63,63,63,63,4,37,37,37],"floor_reached":55,"language":"ENG","playtime":3736,"items_purged":[],"score":877,"play_id":"757ae443-a217-4211-afe0-a7b76f8c530a","local_time":"20210123144849","is_ascension_mode":true,"campfire_choices":[{"floor":15,"key":"RECALL"},{"floor":29,"key":"REST"},{"floor":32,"key":"REST"},{"floor":41,"key":"REST"},{"floor":46,"key":"REST"},{"floor":49,"key":"REST"},{"data":"hubris:DuctTapeCard","floor":52,"key":"SMITH"}],"circlet_count":0,"master_deck":["Strike_G+1","Strike_G","Defend_G","Defend_G","Defend_G","Defend_G","Defend_G","Survivor+1","Neutralize","Bane","Riddle With Holes","Dash","Bouncing Flask","Magnetism","Trip","Malaise","Cloak And Dagger","Crippling Poison+1","Prepared","Infinite Blades","Bandage Up","Flying Knee","Slice","Envenom","Bane","Corpse Explosion+1","Poisoned Stab","Backflip","Well Laid Plans","Poisoned Stab+1","Quick Slash+1","Poisoned Stab","Bane+1","Skewer+1","All Out Attack","Endless Agony+1","Accuracy","Die Die Die","Deadly Poison+1","Glass Knife","conspire:PoisonWeapons+1","Catalyst","Endless Agony","hubris:DuctTapeCard+2","Terror","Discovery","Deadly Poison+1","Predator","PiercingWail+1"],"relics":["EVO:Axolotl","Tiny House","Happy Flower","Membership Card","Tiny Chest","PreservedInsect","Anchor","Omamori","Toy Ornithopter","Oddly Smooth Stone","SacredBark","TwistedFunnel","Sling","Strawberry","Smiling Mask","Boot","Nunchaku","conspire:TopHat","hubris:GrandSneckoEye","WarpedTongs","Art of War","War Paint","hubris:MysteriousPyramids","Blood Vial","hubris:DuctTape","OrangePellets","The Specimen"],"acts_visited":["Exordium","TheCity","TheBeyond","TheEnding"],"potions_floor_usage":[7,16,30,31,39,42,50,50,55],"damage_taken":[{"damage":0,"enemies":"2 Louse","floor":1,"turns":3},{"damage":2,"enemies":"conspire:RoseBush","floor":6,"turns":3},{"damage":16,"enemies":"Gremlin Nob","floor":7,"turns":4},{"damage":0,"enemies":"Jaw Worm","floor":10,"turns":2},{"damage":0,"enemies":"conspire:2 RoseBushes","floor":11,"turns":5},{"damage":2,"enemies":"Lots of Slimes","floor":12,"turns":4},{"damage":1,"enemies":"Gremlin Gang","floor":14,"turns":4},{"damage":8,"enemies":"Hexaghost","floor":16,"turns":8},{"damage":0,"enemies":"Chosen","floor":18,"turns":5},{"damage":17,"enemies":"Spheric Guardian","floor":20,"turns":5},{"damage":4,"enemies":"Snake Plant","floor":21,"turns":3},{"damage":6,"enemies":"conspire:HollyBat","floor":22,"turns":8},{"damage":14,"enemies":"Shelled Parasite and Fungi","floor":23,"turns":8},{"damage":10,"enemies":"Book of Stabbing","floor":25,"turns":4},{"damage":16,"enemies":"Slavers","floor":27,"turns":4},{"damage":5,"enemies":"Snake Plant","floor":28,"turns":4},{"damage":7,"enemies":"Book of Stabbing","floor":30,"turns":4},{"damage":9,"enemies":"Chosen and Byrds","floor":31,"turns":4},{"damage":61,"enemies":"hubris:MusketHawk","floor":33,"turns":9},{"damage":0,"enemies":"3 Shapes","floor":35,"turns":4},{"damage":18,"enemies":"3 Darklings","floor":39,"turns":3},{"damage":37,"enemies":"Reptomancer","floor":40,"turns":4},{"damage":28,"enemies":"Nemesis","floor":42,"turns":5},{"damage":6,"enemies":"Maw","floor":45,"turns":6},{"damage":30,"enemies":"Writhing Mass","floor":48,"turns":4},{"damage":61,"enemies":"Awakened One","floor":50,"turns":9},{"damage":35,"enemies":"Shield and Spear","floor":54,"turns":3},{"damage":61,"enemies":"The Heart","floor":55,"turns":5}],"seed_played":"-5021475812334522997","potions_obtained":[{"floor":0,"key":"LiquidMemories"},{"floor":1,"key":"Dexterity Potion"},{"floor":11,"key":"Poison Potion"},{"floor":14,"key":"Weak Potion"},{"floor":18,"key":"PowerPotion"},{"floor":33,"key":"GamblersBrew"},{"floor":35,"key":"CunningPotion"},{"floor":39,"key":"sneckomod:MuddlingPotion"},{"floor":42,"key":"ColorlessPotion"},{"floor":48,"key":"DuplicationPotion"},{"floor":54,"key":"Strength Potion"}],"is_trial":false,"path_per_floor":["M","$","?","?","?","M","E","T","T","M","M","M","$","M","R","B",null,"M","$","M","M","M","M","?","E","T","E","M","R","E","M","R","B",null,"M","?","T","?","M","E","R","E","T","$","M","R","$","M","R","B",null,"R","$","E","B"],"character_chosen":"THE_SILENT","items_purchased":["Dash","Bouncing Flask","Happy Flower","Membership Card","Tiny Chest","Magnetism","Trip","Toy Ornithopter","Oddly Smooth Stone","Bandage Up","Flying Knee","Slice","Envenom","TwistedFunnel","Sling","Strawberry","Backflip","Well Laid Plans","Blood Vial","Catalyst","Endless Agony","hubris:DuctTape","OrangePellets","Discovery","Predator"],"campfire_rested":5,"item_purchase_floors":[2,2,2,2,2,2,2,13,13,13,13,13,13,19,19,19,19,19,44,44,44,44,47,47,53],"current_hp_per_floor":[75,75,75,75,75,73,57,57,57,57,57,55,55,58,58,59,75,75,82,69,69,67,57,57,47,47,31,30,54,56,52,76,19,82,82,82,82,82,69,36,60,37,37,37,33,57,57,29,53,8,82,82,82,47,0,0],"gold":37,"neow_bonus":"BOSS_RELIC","is_daily":false,"chose_seed":false,"campfire_upgraded":1,"win_rate":0.0,"timestamp":1611431329,"path_taken":["M","$","?","?","?","M","E","?","T","M","M","M","$","M","R","BOSS","M","$","M","M","M","M","?","E","T","E","?","R","E","M","R","BOSS","M","?","?","?","M","E","R","E","T","$","?","R","?","M","R","BOSS","R","$","E","BOSS"],"items_purchased_type":["Card","Card","Relic","Relic","Relic","Card","Card","Relic","Relic","Card","Card","Card","Card","Relic","Relic","Relic","Card","Card","Relic","Card","Card","Relic","Relic","Card","Card"],"build_version":"2020-12-22","purchased_purges":0,"victory":false,"max_hp_per_floor":[75,75,75,75,75,75,75,75,75,75,75,75,75,75,75,75,75,75,82,82,82,82,82,82,82,82,82,82,82,82,82,82,82,82,82,82,82,82,82,82,82,82,82,82,82,82,82,82,82,82,82,82,82,82,82,82],"card_choices":[{"not_picked":["Heel Hook","Sucker Punch"],"picked":"Bane","floor":0},{"not_picked":["Dagger Throw","Dagger Spray"],"picked":"Riddle With Holes","floor":1},{"not_picked":["Footwork","Choke"],"picked":"Flying Knee","floor":6},{"not_picked":["Dagger Spray","Heel Hook"],"picked":"Cloak And Dagger","floor":7},{"not_picked":["Heel Hook","Underhanded Strike"],"picked":"Crippling Poison","floor":10},{"not_picked":["Cloak And Dagger","Bane"],"picked":"Prepared","floor":11},{"not_picked":["Dagger Throw","PiercingWail"],"picked":"Infinite Blades","floor":12},{"not_picked":["Dodge and Roll","hubris:SlightOfHand"],"picked":"Bane","floor":14},{"not_picked":["Night Terror","Wraith Form v2"],"picked":"Corpse Explosion","floor":16},{"not_picked":["Blade Dance+1","Blur"],"picked":"Poisoned Stab","floor":18},{"not_picked":["Underhanded Strike","Backflip"],"picked":"Poisoned Stab+1","floor":20},{"not_picked":["Flying Knee","Deflect"],"picked":"Quick Slash+1","floor":21},{"not_picked":["Night Terror","hubris:SlightOfHand"],"picked":"Poisoned Stab","floor":22},{"not_picked":["Prepared","Sucker Punch"],"picked":"Bane+1","floor":23},{"not_picked":["hubris:SlightOfHand+1","Expertise"],"picked":"Skewer+1","floor":25},{"not_picked":["Storm of Steel","Dagger Spray"],"picked":"All Out Attack","floor":27},{"not_picked":["Deadly Poison","Skewer+1"],"picked":"Endless Agony+1","floor":28},{"not_picked":["Finisher","Blade Dance"],"picked":"Accuracy","floor":30},{"not_picked":["Sucker Punch","Blur"],"picked":"Outmaneuver","floor":31},{"not_picked":["Malaise","Unload"],"picked":"Die Die Die","floor":33},{"not_picked":["Blade Dance","Dodge and Roll+1"],"picked":"Deadly Poison+1","floor":35},{"not_picked":["Tactician+1","Prepared","Bane"],"picked":"SKIP","floor":39},{"not_picked":["Prepared","Blade Dance"],"picked":"Glass Knife","floor":40},{"not_picked":["Backflip","Phantasmal Killer"],"picked":"conspire:PoisonWeapons+1","floor":42},{"not_picked":["Dagger Spray+1","conspire:PoisonWeapons"],"picked":"Terror","floor":45},{"not_picked":["Blade Dance","Dash"],"picked":"Deadly Poison+1","floor":48},{"not_picked":["Riddle With Holes","Quick Slash"],"picked":"PiercingWail+1","floor":54}],"player_experience":232247,"relics_obtained":[{"floor":7,"key":"PreservedInsect"},{"floor":8,"key":"Anchor"},{"floor":9,"key":"Omamori"},{"floor":25,"key":"Smiling Mask"},{"floor":26,"key":"Boot"},{"floor":27,"key":"Nunchaku"},{"floor":30,"key":"conspire:TopHat"},{"floor":40,"key":"Art of War"},{"floor":42,"key":"War Paint"},{"floor":43,"key":"hubris:MysteriousPyramids"},{"floor":54,"key":"The Specimen"}],"event_choices":[{"damage_healed":0,"gold_gain":0,"player_choice":"Leave","damage_taken":0,"max_hp_gain":0,"max_hp_loss":0,"event_name":"The Cleric","floor":3,"gold_loss":0},{"damage_healed":0,"gold_gain":0,"cards_transformed":["Strike_G"],"player_choice":"Change","damage_taken":0,"max_hp_gain":0,"max_hp_loss":0,"event_name":"Living Wall","floor":4,"gold_loss":0,"cards_obtained":["Malaise"]},{"cards_removed":["Strike_G"],"damage_healed":0,"gold_gain":0,"player_choice":"Card Removal","damage_taken":0,"max_hp_gain":0,"max_hp_loss":0,"event_name":"Wheel of Change","floor":5,"gold_loss":0},{"damage_healed":0,"gold_gain":0,"player_choice":"Bought 0 Potions","damage_taken":0,"max_hp_gain":0,"max_hp_loss":0,"event_name":"The Woman in Blue","floor":24,"gold_loss":0},{"cards_removed":["Strike_G"],"damage_healed":0,"gold_gain":0,"player_choice":"Upgrade and Remove","damage_taken":0,"max_hp_gain":0,"max_hp_loss":0,"event_name":"Designer","floor":36,"gold_loss":90,"cards_upgraded":["Crippling Poison"]},{"damage_healed":0,"gold_gain":0,"player_choice":"Rummage","damage_taken":0,"relics_obtained":["WarpedTongs"],"max_hp_gain":0,"max_hp_loss":0,"event_name":"Accursed Blacksmith","floor":38,"gold_loss":0,"cards_obtained":["Pain"]}],"is_beta":false,"boss_relics":[{"not_picked":["Empty Cage","hubris:Stopwatch"],"picked":"SacredBark"},{"not_picked":["conspire:SlowCooker","hubris:ScarierMask"],"picked":"hubris:GrandSneckoEye"}],"items_purged_floors":[],"is_endless":false,"potions_floor_spawned":[1,11,14,18,22,23,27,33,35,39,42,48,54],"killed_by":"The Heart","ascension_level":1}}