{"host":"uwn09o5xwhkruua3","time":1611370122,"event":{"mods":["BaseMod","Colored Map","Colored Powertips","Conspire","Downfall","Gold Saver","Highlight Path","Hubris","Minty Spire (QoL Compilation)","Replay The Spire","StSLib"],"gold_per_floor":[286,302,302,329,341,366,366,394,394,406,406,470,470,487,487,586,586,598,598,618,653,671,671,689,689,712,712,743,743,10,10,10,10,10],"floor_reached":33,"language":"ENG","playtime":1972,"items_purged":["Strike_B"],"score":355,"play_id":"1f99c289-af1a-4de6-b240-aa5b26232b5e","local_time":"20210122204842","is_ascension_mode":true,"campfire_choices":[{"floor":7,"key":"REST"},{"data":"Defragment","floor":11,"key":"SMITH"},{"data":"Defragment+1","floor":13,"key":"SMITH"},{"data":"Defragment+2","floor":15,"key":"SMITH"},{"data":"Defragment+3","floor":23,"key":"SMITH"},{"data":"Defragment+4","floor":25,"key":"SMITH"},{"floor":27,"key":"REST"},{"data":"Defragment+5","floor":29,"key":"SMITH"},{"floor":32,"key":"DIG"}],"circlet_count":0,"master_deck":["Strike_B","Defend_B","Defend_B","Defend_B","Defend_B","Dualcast","Gash","Defragment+6","Go for the Eyes","Go for the Eyes","Cold Snap","Gash","ReplayRNGCard","Glacier","Darkness+1","BasicCrystalCard+1","Beam Cell","Fission","hubris:DuctTapeCard","conspire:SharedLibrary"],"relics":["Cracked Core","NeowsBlessing","hubris:Towel","PreservedInsect","BranchBurnRelic","conspire:InfiniteJournal","Replay:WaspNest","hubris:SoftwareUpdate","Empty Cage","hubris:Icosahedron","Red Mask","Toy Ornithopter","hubris:Zylophone","hubris:DuctTape","Thread and Needle","Meat on the Bone"],"acts_visited":["Exordium","TheCity"],"potions_floor_usage":[6,8,10,16,21,22,28,33],"damage_taken":[{"damage":0,"enemies":"Cultist","floor":1,"turns":1},{"damage":0,"enemies":"Jaw Worm","floor":2,"turns":1},{"damage":0,"enemies":"conspire:MimicChest","floor":4,"turns":1},{"damage":10,"enemies":"Small Slimes","floor":5,"turns":3},{"damage":12,"enemies":"Gremlin Nob","floor":6,"turns":3},{"damage":8,"enemies":"Lagavulin","floor":8,"turns":7},{"damage":38,"enemies":"Exordium Thugs","floor":10,"turns":4},{"damage":5,"enemies":"3 Sentries","floor":12,"turns":7},{"damage":3,"enemies":"Looter","floor":14,"turns":2},{"damage":49,"enemies":"Slime Boss","floor":16,"turns":11},{"damage":12,"enemies":"Spheric Guardian","floor":18,"turns":5},{"damage":21,"enemies":"2 Thieves","floor":20,"turns":5},{"damage":13,"enemies":"Masked Bandits","floor":21,"turns":6},{"damage":0,"enemies":"conspire:HollyBat","floor":22,"turns":10},{"damage":7,"enemies":"Centurion and Healer","floor":24,"turns":8},{"damage":28,"enemies":"Slavers","floor":28,"turns":6},{"damage":79,"enemies":"conspire:MysteriousRune","floor":33,"turns":8}],"seed_played":"1922189487479781798","potions_obtained":[{"floor":2,"key":"conspire:TimeTravelPotion"},{"floor":4,"key":"Fruit Juice"},{"floor":6,"key":"LifebloodPotion"},{"floor":12,"key":"sneckomod:MuddlingPotion"},{"floor":18,"key":"EssenceOfSteel"},{"floor":21,"key":"FocusPotion"},{"floor":22,"key":"LiquidMemories"}],"is_trial":false,"path_per_floor":["M","M","?","?","M","E","R","E","T","M","R","?","R","M","R","B",null,"M","?","M","?","M","R","M","R","T","R","E","R","$","?","R_BF","B"],"character_chosen":"DEFECT","items_purchased":["hubris:DuctTape","Thread and Needle","conspire:SharedLibrary","Energy Potion"],"campfire_rested":2,"item_purchase_floors":[30,30,30,30],"current_hp_per_floor":[68,68,68,68,58,51,75,72,72,59,59,69,69,71,71,34,69,57,57,36,23,23,23,31,31,31,55,47,47,47,47,47,0,0],"gold":10,"neow_bonus":"THREE_ENEMY_KILL","is_daily":false,"chose_seed":false,"campfire_upgraded":6,"win_rate":0.0,"timestamp":1611370122,"path_taken":["M","M","?","?","?","E","R","E","T","M","R","?","R","M","R","BOSS","M","?","M","?","M","R","M","R","T","R","E","R","$","?","R_BF","BOSS"],"items_purchased_type":["Relic","Relic","Card","Potion"],"build_version":"2020-12-22","purchased_purges":1,"victory":false,"max_hp_per_floor":[75,75,75,75,75,80,80,80,80,80,80,80,80,80,80,80,80,80,80,80,80,80,80,80,80,80,80,80,80,80,80,80,80,80],"card_choices":[{"not_picked":["Turbo","Cold Snap"],"picked":"Gash","floor":1},{"not_picked":["FTL","Streamline"],"picked":"Defragment","floor":2},{"not_picked":["Turbo","White Noise"],"picked":"Go for the Eyes","floor":5},{"not_picked":["Static Discharge","Hologram"],"picked":"Go for the Eyes","floor":6},{"not_picked":["ReplayTheSpireMod:Dual Polarity","Doom and Gloom"],"picked":"Chill","floor":8},{"not_picked":["Hello World","Redo"],"picked":"Cold Snap","floor":10},{"not_picked":["Conserve Battery","Redo"],"picked":"Gash","floor":12},{"not_picked":["Leap","Stack","Static Discharge"],"picked":"SKIP","floor":14},{"not_picked":["Thunder Strike","Multi-Cast"],"picked":"ReplayRNGCard","floor":16},{"not_picked":["Redo+1","Hologram"],"picked":"Glacier","floor":18},{"not_picked":["ReplaySolidLightProjector+1","BootSequence","Steam"],"picked":"SKIP","floor":20},{"not_picked":["Redo","Panic Button"],"picked":"Darkness+1","floor":21},{"not_picked":["Redo","Panic Button"],"picked":"BasicCrystalCard+1","floor":22},{"not_picked":["Undo","Gash"],"picked":"Beam Cell","floor":24},{"not_picked":["BasicCrystalCard","ReplayTheSpireMod:GoodbyeWorld"],"picked":"Fission","floor":28}],"player_experience":192201,"relics_obtained":[{"floor":4,"key":"PreservedInsect"},{"floor":6,"key":"Dead Branch"},{"floor":8,"key":"conspire:InfiniteJournal"},{"floor":9,"key":"Replay:WaspNest"},{"floor":21,"key":"Red Mask"},{"floor":26,"key":"Toy Ornithopter"},{"floor":28,"key":"hubris:Zylophone"},{"floor":32,"key":"Meat on the Bone"}],"event_choices":[{"damage_healed":0,"gold_gain":0,"player_choice":"Searched \u00273\u0027 times","damage_taken":0,"relics_obtained":["hubris:SoftwareUpdate"],"max_hp_gain":0,"max_hp_loss":0,"event_name":"Dead Adventurer","floor":12,"gold_loss":0},{"damage_healed":0,"gold_gain":0,"player_choice":"Fought Bandits","damage_taken":0,"max_hp_gain":0,"max_hp_loss":0,"event_name":"Masked Bandits","floor":21,"gold_loss":0},{"damage_healed":0,"gold_gain":0,"player_choice":"Ignored","damage_taken":0,"max_hp_gain":0,"max_hp_loss":0,"event_name":"Vampires","floor":31,"gold_loss":0}],"is_beta":false,"boss_relics":[{"not_picked":["Runic Pyramid","Snecko Eye"],"picked":"Empty Cage"}],"items_purged_floors":[30],"is_endless":false,"potions_floor_spawned":[2,4,6,12,18,21,22],"killed_by":"conspire:MysteriousRune","ascension_level":6}}