{"host":"52jmisti11ysmja4","time":1611438855,"event":{"mods":["Aspiration","BaseMod","Better Third Choice","Minty Spire (QoL Compilation)","Remove Card Discount Mod","StSLib","The Bug Knight"],"gold_per_floor":[116,136,154,154,165,191,191,224,247,278,294,350,152,164,164,268,318,332,332,332,2,12,47,57,92,117,143,154,183,183,222,222,324,324,340,369,394,102,118,161,161,205,205,248,259,0,0,31,31,31],"floor_reached":51,"language":"ENG","playtime":8979,"items_purged":["HollowMod:NailStrikeStart","HollowMod:NailStrikeStart","HollowMod:NailStrikeStart","HollowMod:NailStrikeStart","HollowMod:QuickDashStart","HollowMod:FocusHealStart","HollowMod:QuickDashStart","HollowMod:QuickDashStart","HollowMod:QuickDashStart"],"score":1351,"play_id":"c30542bf-7ce6-4517-a15a-e77c05166631","local_time":"20210123135415","is_ascension_mode":true,"campfire_choices":[{"data":"HollowMod:CycloneSlash","floor":7.0,"key":"SMITH"},{"floor":15,"key":"REST"},{"data":"HollowMod:MantisMark","floor":30,"key":"SMITH"},{"data":"HollowMod:SoulShaman","floor":32,"key":"SMITH"},{"data":"HollowMod:LifebloodCore","floor":41,"key":"SMITH"},{"data":"HollowMod:CloakDash","floor":49,"key":"SMITH"}],"circlet_count":0,"master_deck":["HollowMod:PogoStrike","HollowMod:CycloneSlash+1","HollowMod:Grubsong","HollowMod:CloakDash+1","HollowMod:LifebloodCocoon","HollowMod:SharpenedNail","HollowMod:SoulStrike+1","HollowMod:FallenFury","HollowMod:SoulShaman+1","HollowMod:MantisMark+1","HollowMod:QuirrelsAssistance","HollowMod:LifebloodCore+1","HollowMod:DashSlash","HollowMod:DashSlash","HollowMod:QuirrelsAssistance","HollowMod:CloakDash+1","HollowMod:PureVessel","HollowMod:DashSlash","HollowMod:DashSlash+1","HollowMod:GreatSlash","HollowMod:CoiledNail","HollowMod:CycloneSlash+1","HollowMod:SoulSplash+1","HollowMod:FastStrike+1","HollowMod:ChannelNail+1","HollowMod:SoulEater"],"relics":["HollowMod:VesselMask","NeowsBlessing","Tiny Chest","Lantern","Bag of Marbles","Vajra","PreservedInsect","HollowMod:JonisBlessing","Tiny House","aspiration:HummingbirdHeart","Pantograph","HollowMod:IsmasTear","aspiration:Lifesprig","CeramicFish","Toy Ornithopter","Coffee Dripper","aspiration:AnachronicSnailShell","Akabeko","Omamori","Mummified Hand","Blood Vial","Red Mask","aspiration:SeaSaltIceCream","NeowsBlessing","Strawberry"],"acts_visited":["Exordium","TheCity","TheBeyond"],"potions_floor_usage":[24,33,39,40],"damage_taken":[{"damage":0.0,"enemies":"Cultist","floor":1.0,"turns":1.0},{"damage":0.0,"enemies":"2 Louse","floor":2.0,"turns":1.0},{"damage":0.0,"enemies":"Jaw Worm","floor":3.0,"turns":1.0},{"damage":14.0,"enemies":"Blue Slaver","floor":5.0,"turns":4.0},{"damage":31.0,"enemies":"3 Sentries","floor":6.0,"turns":7.0},{"damage":30.0,"enemies":"Lagavulin","floor":8.0,"turns":5.0},{"damage":13.0,"enemies":"Gremlin Nob","floor":10.0,"turns":3.0},{"damage":0.0,"enemies":"Lots of Slimes","floor":11.0,"turns":1.0},{"damage":0,"enemies":"Gremlin Nob","floor":12,"turns":2},{"damage":0,"enemies":"Exordium Thugs","floor":14,"turns":2},{"damage":26,"enemies":"HollowMod:FalseKnight","floor":16,"turns":7},{"damage":0,"enemies":"3 Byrds","floor":18,"turns":4},{"damage":0,"enemies":"Spheric Guardian","floor":22,"turns":3},{"damage":0,"enemies":"Gremlin Leader","floor":23,"turns":4},{"damage":0,"enemies":"Centurion and Healer","floor":24,"turns":5},{"damage":0,"enemies":"Slavers","floor":25,"turns":4},{"damage":0,"enemies":"Snecko","floor":28,"turns":3},{"damage":0,"enemies":"Cultist and Chosen","floor":29,"turns":4},{"damage":3,"enemies":"Book of Stabbing","floor":31,"turns":4},{"damage":0,"enemies":"Collector","floor":33,"turns":6},{"damage":0,"enemies":"3 Shapes","floor":35,"turns":2},{"damage":0,"enemies":"3 Darklings","floor":36,"turns":3},{"damage":0,"enemies":"Spire Growth","floor":37,"turns":4},{"damage":10,"enemies":"Sphere and 2 Shapes","floor":39,"turns":3},{"damage":0,"enemies":"Nemesis","floor":40,"turns":5},{"damage":0,"enemies":"Reptomancer","floor":42,"turns":4},{"damage":11,"enemies":"Giant Head","floor":44,"turns":6},{"damage":0,"enemies":"3 Darklings","floor":45,"turns":3},{"damage":0,"enemies":"HollowMod:StalkingDevout","floor":48,"turns":1},{"damage":0,"enemies":"HollowMod:Radiance","floor":50,"turns":1}],"seed_played":"4320894155222192967","potions_obtained":[{"floor":3.0,"key":"SkillPotion"},{"floor":6.0,"key":"FearPotion"},{"floor":8.0,"key":"Fire Potion"},{"floor":10.0,"key":"Strength Potion"},{"floor":14,"key":"FairyPotion"},{"floor":17,"key":"FearPotion"},{"floor":18,"key":"SneckoOil"},{"floor":23,"key":"DuplicationPotion"},{"floor":29,"key":"DistilledChaos"},{"floor":33,"key":"Weak Potion"},{"floor":36,"key":"AttackPotion"},{"floor":39,"key":"Block Potion"},{"floor":44,"key":"Explosive Potion"},{"floor":48,"key":"Weak Potion"}],"is_trial":false,"path_per_floor":["M","M","M","?","M","E","R","E","T","E","M","?","$","M","R","B",null,"M","?","?","$","M","E","M","E","T","T","M","M","R","E","R","B",null,"M","M","M","$","M","E","R","E","T","E","M","?","?","E","R","B",null],"character_chosen":"THE_BUGKNIGHT","items_purchased":["HollowMod:JonisBlessing","HollowMod:MantisMark","aspiration:HummingbirdHeart","HollowMod:QuirrelsAssistance","aspiration:AnachronicSnailShell"],"campfire_rested":1,"item_purchase_floors":[13,13,21,21,38],"current_hp_per_floor":[75,75,75,80,72,47,47,17,17,4,4,10,10,10,34,8,85,85,85,85,85,85,85,85,85,85,85,85,85,85,82,82,82,85,85,85,85,85,75,75,75,75,75,64,64,64,64,71,71,71],"gold":31,"neow_bonus":"THREE_ENEMY_KILL","is_daily":false,"chose_seed":false,"campfire_upgraded":5,"win_rate":0.0,"timestamp":1611438855,"path_taken":["M","M","M","?","M","E","R","E","T","E","M","?","$","M","R","BOSS","M","?","?","$","M","E","M","E","T","?","M","?","R","E","R","BOSS","M","M","M","$","M","E","R","E","T","E","M","?","?","E","R","BOSS"],"items_purchased_type":["Relic","Card","Relic","Card","Relic"],"build_version":"2020-12-22","purchased_purges":9,"victory":true,"max_hp_per_floor":[75,75,75,80,80,80,80,80,80,80,80,80,80,80,80,80,85,85,85,85,85,85,85,85,85,85,85,85,85,85,85,85,85,85,85,85,85,85,85,85,85,85,85,85,85,85,85,92,92,92],"card_choices":[{"not_picked":["HollowMod:LifebloodCocoon","HollowMod:VengefulSpirit"],"picked":"HollowMod:CycloneSlash","floor":1.0},{"not_picked":["HollowMod:VengefulVoid","HollowMod:ShadowDash"],"picked":"HollowMod:Grubsong","floor":2.0},{"not_picked":["HollowMod:HornetsHelp","HollowMod:HeavyBlow"],"picked":"HollowMod:CloakDash","floor":3.0},{"not_picked":["HollowMod:ShadowDash","HollowMod:SharpenedNail"],"picked":"HollowMod:LifebloodCocoon","floor":5.0},{"not_picked":["HollowMod:FallenFury","HollowMod:PerfectDash"],"picked":"HollowMod:SharpenedNail","floor":6.0},{"not_picked":["HollowMod:ElderbugsWisdom","HollowMod:HeavyBlow"],"picked":"HollowMod:SoulStrike","floor":8.0},{"not_picked":["HollowMod:BaldurShell","HollowMod:DescendingDark"],"picked":"HollowMod:FallenFury","floor":10.0},{"not_picked":["HollowMod:VengefulVoid","HollowMod:NewLittleFool","HollowMod:InfectedCysts"],"picked":"SKIP","floor":11.0},{"not_picked":["HollowMod:GoodIntentions","HollowMod:TaintedHusks"],"picked":"HollowMod:SoulShaman","floor":12},{"not_picked":["HollowMod:MothsMistake","HollowMod:ShadowDash"],"picked":"HollowMod:QuirrelsAssistance","floor":14},{"not_picked":["HollowMod:Hiveblood","HollowMod:NewInfectedGuardian"],"picked":"HollowMod:LifebloodCore","floor":16},{"not_picked":["HollowMod:LuriensSpire","HollowMod:HeavyBlow"],"picked":"HollowMod:DashSlash","floor":17},{"not_picked":["HollowMod:SiblingsShadow","HollowMod:GoodIntentions","HollowMod:DescendingDark"],"picked":"SKIP","floor":18},{"not_picked":["HollowMod:SoulStrike","HollowMod:DescendingDark"],"picked":"HollowMod:CloakDash+1","floor":22},{"not_picked":["HollowMod:SharpenedShadows","HollowMod:HowlingWraiths"],"picked":"HollowMod:PureVessel","floor":23},{"not_picked":["HollowMod:MonarchWings","HollowMod:TaintedHusks"],"picked":"HollowMod:DashSlash","floor":24},{"not_picked":["HollowMod:DesolateDive","HollowMod:MothsMistake"],"picked":"HollowMod:DashSlash+1","floor":25},{"not_picked":["HollowMod:DescendingDark","HollowMod:BlackTendrils","HollowMod:SoulSplash"],"picked":"SKIP","floor":28},{"not_picked":["HollowMod:DreamGate+1","HollowMod:InfectedAttack"],"picked":"HollowMod:GreatSlash","floor":29},{"not_picked":["HollowMod:GoodIntentions","HollowMod:PaleKingsBlessing"],"picked":"HollowMod:CoiledNail","floor":31},{"not_picked":["HollowMod:PerfectDash","HollowMod:LifebloodCocoon+1","HollowMod:BaldurShell+1"],"picked":"SKIP","floor":35},{"not_picked":["HollowMod:MonarchWings","HollowMod:HuntersJournal"],"picked":"HollowMod:CycloneSlash+1","floor":36},{"not_picked":["HollowMod:WraithStrike+1","HollowMod:DescendingDark"],"picked":"HollowMod:SoulSplash+1","floor":37},{"not_picked":["HollowMod:CoiledNail","HollowMod:WraithStrike","HollowMod:HowlingWraiths+1"],"picked":"SKIP","floor":39},{"not_picked":["HollowMod:RadiancesLament","HollowMod:GrimmsGift"],"picked":"HollowMod:FastStrike+1","floor":40},{"not_picked":["HollowMod:SoulStrike","HollowMod:RecoilStrike"],"picked":"HollowMod:ChannelNail+1","floor":42},{"not_picked":["HollowMod:BlackTendrils+1","HollowMod:FastStrike+1"],"picked":"HollowMod:SoulEater","floor":44},{"not_picked":["HollowMod:HeavyBlow+1","HollowMod:GoodIntentions+1","HollowMod:DescendingDark"],"picked":"SKIP","floor":45},{"not_picked":["HollowMod:HowlingWraiths+1","HollowMod:NewInfectedGuardian","HollowMod:InfectedAttack+1"],"picked":"SKIP","floor":48}],"player_experience":551826,"relics_obtained":[{"floor":6.0,"key":"Tiny Chest"},{"floor":8.0,"key":"Lantern"},{"floor":9.0,"key":"Bag of Marbles"},{"floor":10.0,"key":"Vajra"},{"floor":12,"key":"PreservedInsect"},{"floor":23,"key":"Pantograph"},{"floor":25,"key":"HollowMod:IsmasTear"},{"floor":26,"key":"aspiration:Lifesprig"},{"floor":27,"key":"CeramicFish"},{"floor":31,"key":"Toy Ornithopter"},{"floor":40,"key":"Akabeko"},{"floor":42,"key":"Omamori"},{"floor":43,"key":"Mummified Hand"},{"floor":44,"key":"Blood Vial"},{"floor":48,"key":"Strawberry"}],"event_choices":[{"damage_healed":0.0,"max_hp_gain":5.0,"max_hp_loss":0.0,"gold_gain":0.0,"event_name":"Big Fish","player_choice":"Donut","floor":4.0,"gold_loss":0.0,"damage_taken":0.0},{"damage_healed":0,"gold_gain":0,"player_choice":"Searched \u00272\u0027 times","damage_taken":0,"max_hp_gain":0,"max_hp_loss":0,"event_name":"Dead Adventurer","floor":12,"gold_loss":0},{"damage_healed":0,"gold_gain":0,"player_choice":"Ignored","damage_taken":0,"max_hp_gain":0,"max_hp_loss":0,"event_name":"Ghosts","floor":19,"gold_loss":0},{"damage_healed":0,"gold_gain":0,"player_choice":"Copied","damage_taken":0,"max_hp_gain":0,"max_hp_loss":0,"event_name":"Duplicator","floor":20,"gold_loss":0,"cards_obtained":["HollowMod:DashSlash"]},{"damage_healed":0,"gold_gain":0,"player_choice":"Paid","damage_taken":0,"relics_obtained":["Red Mask"],"max_hp_gain":0,"max_hp_loss":0,"event_name":"Tomb of Lord Red Mask","floor":46,"gold_loss":259},{"damage_healed":0,"gold_gain":0,"player_choice":"Gave Potion","damage_taken":0,"relics_obtained":["aspiration:SeaSaltIceCream"],"max_hp_gain":0,"max_hp_loss":0,"event_name":"WeMeetAgain","floor":47,"gold_loss":0}],"is_beta":false,"boss_relics":[{"not_picked":["aspiration:RunicSpoon","Pandora\u0027s Box"],"picked":"Tiny House"},{"not_picked":["Runic Pyramid","Velvet Choker"],"picked":"Coffee Dripper"}],"items_purged_floors":[13,13,13,13,13,13,13,13,13],"is_endless":false,"potions_floor_spawned":[3,6,8,10,14,18,23,29,33,36,39,44,48],"ascension_level":4}}