{"host":"s125e4bodcwm0i3t","time":1611376131,"event":{"mods":["BaseMod","Hermit","Infinite Spire","Minty Spire (QoL Compilation)","Quick Restart","Replay The Spire","StSLib","The Cursed"],"gold_per_floor":[109,121,196,196,207,239,239,253,321,321,331,331,331],"floor_reached":12,"language":"ENG","playtime":471,"items_purged":[],"score":80,"play_id":"80bf78ab-01d8-4109-9a6f-20fe21d1255f","local_time":"20210122232851","is_ascension_mode":false,"campfire_choices":[{"floor":7,"key":"DIG"},{"floor":10,"key":"REST"}],"circlet_count":0,"master_deck":["hermit:Strike_Hermit","hermit:Strike_Hermit","hermit:Strike_Hermit","hermit:Strike_Hermit","hermit:Defend_Hermit","hermit:Defend_Hermit","hermit:Defend_Hermit","hermit:Defend_Hermit","hermit:Snapshot","hermit:Covet+1","hermit:Spite","hermit:TrackingShot","hermit:Dive","hermit:ShadowCloak","Pot Of Greed","Pot Of Greed","hermit:Roughhouse","hermit:Spite"],"relics":["hermit:Momento","NeowsBlessing","Shovel","Grinning Jar","Garlic"],"acts_visited":["Exordium"],"potions_floor_usage":[8],"damage_taken":[{"damage":0,"enemies":"infinitespire:Voidling","floor":1,"turns":1},{"damage":0,"enemies":"Small Slimes","floor":2,"turns":1},{"damage":0,"enemies":"Cultist","floor":5,"turns":1},{"damage":49,"enemies":"Gremlin Nob","floor":6,"turns":5},{"damage":2,"enemies":"Exordium Thugs","floor":8,"turns":3},{"damage":16,"enemies":"Exordium Wildlife","floor":11,"turns":4},{"damage":0,"enemies":"3 Sentries","floor":12,"turns":1}],"seed_played":"612491843833827246","potions_obtained":[{"floor":6,"key":"Energy Potion"},{"floor":8,"key":"Weak Potion"},{"floor":11,"key":"Explosive Potion"}],"is_trial":false,"path_per_floor":["M","M","?","?","M","E","R","M","T","R","M","E"],"character_chosen":"HERMIT","items_purchased":[],"campfire_rested":1,"item_purchase_floors":[],"current_hp_per_floor":[75,75,64,64,64,15,15,13,13,35,19,19,19],"gold":331,"neow_bonus":"THREE_ENEMY_KILL","is_daily":false,"chose_seed":false,"campfire_upgraded":0,"win_rate":0.0,"timestamp":1611376131,"path_taken":["M","?","?","?","M","E","R","?","T","R","M","E"],"items_purchased_type":[],"build_version":"2020-12-22","purchased_purges":0,"victory":false,"max_hp_per_floor":[75,75,75,75,75,75,75,75,75,75,75,75,75],"card_choices":[{"not_picked":["hermit:SprayPray","hermit:BodyArmor"],"picked":"hermit:Spite","floor":1},{"not_picked":["hermit:CalledShot","hermit:Virtue"],"picked":"hermit:TrackingShot","floor":2},{"not_picked":["hermit:CalledShot","hermit:FullyLoaded"],"picked":"hermit:Dive","floor":5},{"not_picked":["hermit:Maintenance","hermit:Glare"],"picked":"hermit:ShadowCloak","floor":6},{"not_picked":["hermit:Combo","hermit:HoleUp"],"picked":"hermit:Roughhouse","floor":8},{"not_picked":["hermit:Misfire","hermit:Ricochet"],"picked":"hermit:Spite","floor":11}],"player_experience":272211,"relics_obtained":[{"floor":6,"key":"Shovel"},{"floor":7,"key":"Grinning Jar"},{"floor":9,"key":"Garlic"}],"event_choices":[{"damage_healed":0,"gold_gain":75,"player_choice":"Gather Gold","damage_taken":11,"max_hp_gain":0,"max_hp_loss":0,"event_name":"World of Goop","floor":3,"gold_loss":0},{"damage_healed":0,"gold_gain":0,"player_choice":"Upgraded","damage_taken":0,"max_hp_gain":0,"max_hp_loss":0,"event_name":"Upgrade Shrine","floor":4,"gold_loss":0,"cards_upgraded":["hermit:Covet"]}],"is_beta":false,"boss_relics":[],"items_purged_floors":[],"is_endless":false,"potions_floor_spawned":[6,8,11],"killed_by":"3 Sentries","ascension_level":0}}