{"host":"vzugls1u57eppbds","time":1611427529,"event":{"mods":["AchievementEnabler","BaseMod","Better Third Choice","Minty Spire (QoL Compilation)","Relic Stats","Shop Mod","StSLib","The IronCluck"],"gold_per_floor":[211,211,211,211,286,286,172,205,205,218,252,217,235,310,310,410,710,720,645,645,122,149,183,183,183,183,215,215,248,15,35,35,136,136,151,166,216,163,189,189,209,241,266,278,324,336,361,388,400,412],"floor_reached":51,"language":"ENG","playtime":2999,"items_purged":[],"score":956,"play_id":"e0403c2c-4c8a-4d65-ba94-7a8ef2a6cb5f","local_time":"20210123194529","is_ascension_mode":true,"campfire_choices":[{"data":"FlurryOfBlows","floor":6,"key":"SMITH"},{"floor":15,"key":"REST"},{"floor":24,"key":"REST"},{"floor":28,"key":"REST"},{"floor":32,"key":"REST"},{"floor":40,"key":"REST"},{"data":"Adaptation","floor":44,"key":"SMITH"},{"data":"Judgement","floor":46,"key":"SMITH"},{"floor":49,"key":"RECALL"}],"circlet_count":0,"master_deck":["Strike_P","Strike_P","Strike_P","Defend_P","Defend_P","Defend_P","Defend_P","Eruption","Vigilance","FlurryOfBlows+1","SashWhip","Mind Blast","Ragnarok","Weave","EmptyBody","Consecrate","Judgement+1","WheelKick","CutThroughFate","MentalFortress","FollowUp+1","FlurryOfBlows+1","EmptyBody+1","Adaptation+1","Perseverance+1","Vault+1","Tantrum","ClearTheMind+1","ThirdEye+1","JustLucky","FlurryOfBlows+1"],"relics":["PureWater","Mercury Hourglass","Shuriken","Pantograph","Omamori","Tiny Chest","Calling Bell","Bag of Marbles","Toxic Egg 2","Old Coin","Orichalcum","Akabeko","Juzu Bracelet","Red Mask","Bird Faced Urn","Ancient Tea Set","White Beast Statue","Boot","Sling","SlaversCollar","FossilizedHelix","Pen Nib","Eternal Feather","MawBank","Lantern"],"acts_visited":["Exordium","TheCity","TheBeyond"],"potions_floor_usage":[16,16,22,23,33,33,47,50,50,50,50,50],"damage_taken":[{"damage":0,"enemies":"Small Slimes","floor":1,"turns":4},{"damage":18,"enemies":"Lagavulin","floor":8,"turns":5},{"damage":1,"enemies":"Jaw Worm","floor":10,"turns":2},{"damage":17,"enemies":"3 Sentries","floor":11,"turns":5},{"damage":0,"enemies":"Cultist","floor":13,"turns":2},{"damage":25,"enemies":"Hexaghost","floor":16,"turns":7},{"damage":34,"enemies":"Shell Parasite","floor":18,"turns":5},{"damage":0,"enemies":"Masked Bandits","floor":22,"turns":2},{"damage":13,"enemies":"Slavers","floor":23,"turns":3},{"damage":21,"enemies":"Gremlin Leader","floor":27,"turns":4},{"damage":0,"enemies":"Book of Stabbing","floor":29,"turns":2},{"damage":1,"enemies":"Chosen","floor":31,"turns":2},{"damage":59,"enemies":"Champ","floor":33,"turns":9},{"damage":32,"enemies":"3 Darklings","floor":35,"turns":7},{"damage":5,"enemies":"3 Shapes","floor":36,"turns":2},{"damage":13,"enemies":"Mind Bloom Boss Battle","floor":37,"turns":4},{"damage":2,"enemies":"Writhing Mass","floor":41,"turns":5},{"damage":0,"enemies":"Giant Head","floor":42,"turns":6},{"damage":0,"enemies":"Nemesis","floor":45,"turns":4},{"damage":0,"enemies":"Sphere and 2 Shapes","floor":47,"turns":3},{"damage":0,"enemies":"Spire Growth","floor":48,"turns":1},{"damage":30,"enemies":"Donu and Deca","floor":50,"turns":6}],"seed_played":"-4440251125849935973","potions_obtained":[{"floor":10,"key":"Weak Potion"},{"floor":13,"key":"AttackPotion"},{"floor":16,"key":"DuplicationPotion"},{"floor":18,"key":"Energy Potion"},{"floor":22,"key":"Block Potion"},{"floor":27,"key":"CultistPotion"},{"floor":29,"key":"DistilledChaos"},{"floor":33,"key":"EntropicBrew"},{"floor":35,"key":"SpeedPotion"},{"floor":42,"key":"Block Potion"},{"floor":47,"key":"Fruit Juice"},{"floor":48,"key":"Fire Potion"}],"is_trial":false,"path_per_floor":["M","?","?","T","?","R","$","E","T","M","E","?","M","?","R","B",null,"M","?","T","$","?","E","R","?","T","E","R","E","$","M","R","B",null,"M","M","?","$","T","R","M","E","T","R","E","R","M","M","R","B",null],"character_chosen":"WATCHER","items_purchased":["SashWhip","Mind Blast","Akabeko","Juzu Bracelet","CutThroughFate","MentalFortress","FairyPotion","Adaptation","Sling","JustLucky"],"campfire_rested":5,"item_purchase_floors":[7,7,21,21,21,21,21,30,30,38],"current_hp_per_floor":[72,72,65,65,58,58,58,40,40,39,22,40,40,29,50,47,72,38,38,38,38,38,25,46,46,46,25,46,46,46,47,68,15,72,42,37,51,51,51,72,70,72,72,72,72,72,77,77,77,49],"gold":424,"neow_bonus":"HUNDRED_GOLD","is_daily":false,"chose_seed":false,"campfire_upgraded":3,"win_rate":0.0,"timestamp":1611427529,"path_taken":["M","?","?","?","?","R","$","E","T","?","E","?","M","?","R","BOSS","M","?","?","$","?","E","R","?","T","E","R","E","$","M","R","BOSS","M","M","?","$","?","R","M","E","T","R","E","R","M","M","R","BOSS"],"items_purchased_type":["Card","Card","Relic","Relic","Card","Card","Potion","Card","Relic","Card"],"build_version":"2020-12-22","purchased_purges":0,"victory":true,"max_hp_per_floor":[72,72,72,72,72,72,72,72,72,72,72,72,72,72,72,72,72,72,72,72,72,72,72,72,72,72,72,72,72,72,72,72,72,72,72,72,72,72,72,72,72,72,72,72,72,72,77,77,77,77],"relic_stats":{"counters":[22,89],"Eternal Feather":0,"Pen Nib":[8],"Juzu Bracelet":0,"Orichalcum":[78],"Boot":[43],"MawBank":96,"Mercury Hourglass":[314],"Shuriken":[48],"Pantograph":51,"Bird Faced Urn":[12],"Tiny Chest":2,"obtain_stats":[{"Lantern":45,"Juzu Bracelet":21,"Ancient Tea Set":26,"Boot":29,"Sling":30,"Old Coin":17,"Pantograph":8,"Tiny Chest":11,"Red Mask":22,"Toxic Egg 2":17,"Eternal Feather":42,"Pen Nib":39,"Omamori":9,"Orichalcum":20,"MawBank":43,"Akabeko":21,"White Beast Statue":27,"Mercury Hourglass":2,"Calling Bell":17,"SlaversCollar":34,"Shuriken":4,"Bird Faced Urn":23,"Bag of Marbles":17,"PureWater":0,"FossilizedHelix":37},{"Lantern":19,"Juzu Bracelet":7,"Ancient Tea Set":9,"Boot":11,"Sling":11,"Old Coin":6,"Pantograph":2,"Tiny Chest":4,"Red Mask":8,"Toxic Egg 2":6,"Eternal Feather":18,"Pen Nib":16,"Omamori":2,"Orichalcum":7,"MawBank":18,"Akabeko":7,"White Beast Statue":10,"Mercury Hourglass":1,"Calling Bell":6,"SlaversCollar":13,"Shuriken":1,"Bird Faced Urn":9,"Bag of Marbles":6,"PureWater":0,"FossilizedHelix":16},{"Lantern":79,"Juzu Bracelet":30,"Ancient Tea Set":35,"Boot":41,"Sling":41,"Old Coin":25,"Pantograph":9,"Tiny Chest":16,"Red Mask":32,"Toxic Egg 2":25,"Eternal Feather":75,"Pen Nib":64,"Omamori":9,"Orichalcum":30,"MawBank":75,"Akabeko":30,"White Beast Statue":39,"Mercury Hourglass":4,"Calling Bell":25,"SlaversCollar":52,"Shuriken":4,"Bird Faced Urn":35,"Bag of Marbles":25,"PureWater":0,"FossilizedHelix":64}]},"card_choices":[{"not_picked":["JustLucky","WindmillStrike"],"picked":"FlurryOfBlows","floor":1},{"not_picked":["ConjureBlade","BowlingBash"],"picked":"Ragnarok","floor":8},{"not_picked":["SashWhip","ClearTheMind"],"picked":"Weave","floor":10},{"not_picked":["Prostrate","JustLucky"],"picked":"EmptyBody","floor":11},{"not_picked":["Sanctity","LikeWater"],"picked":"Consecrate","floor":13},{"not_picked":["Ragnarok","Establishment"],"picked":"Judgement","floor":16},{"not_picked":["Evaluate+1","Crescendo+1"],"picked":"WheelKick","floor":18},{"not_picked":["Pray+1","Prostrate+1"],"picked":"FollowUp+1","floor":22},{"not_picked":["LessonLearned","Consecrate","Study"],"picked":"SKIP","floor":23},{"not_picked":["EmptyFist","CutThroughFate+1"],"picked":"FlurryOfBlows+1","floor":27},{"not_picked":["BowlingBash","Halt+1"],"picked":"EmptyBody+1","floor":29},{"not_picked":["BowlingBash","Prostrate+1"],"picked":"Perseverance+1","floor":31},{"not_picked":["DeusExMachina+1","Ragnarok"],"picked":"Vault+1","floor":33},{"not_picked":["Adaptation+1","EmptyFist"],"picked":"Tantrum","floor":35},{"not_picked":["Swivel+1","WheelKick+1"],"picked":"ClearTheMind+1","floor":36},{"not_picked":["EmptyFist","Worship+1"],"picked":"ThirdEye+1","floor":37},{"not_picked":["SashWhip+1","Protect+1","PathToVictory+1"],"picked":"SKIP","floor":41},{"not_picked":["ThirdEye+1","Wireheading","PathToVictory+1"],"picked":"SKIP","floor":42},{"not_picked":["Crescendo+1","Protect+1","WheelKick+1"],"picked":"SKIP","floor":45},{"not_picked":["Crescendo+1","ClearTheMind+1"],"picked":"FlurryOfBlows+1","floor":47},{"not_picked":["Conclude+1","SashWhip","JustLucky+1"],"picked":"SKIP","floor":48}],"player_experience":240523,"relics_obtained":[{"floor":4,"key":"Shuriken"},{"floor":8,"key":"Pantograph"},{"floor":9,"key":"Omamori"},{"floor":11,"key":"Tiny Chest"},{"floor":17,"key":"Bag of Marbles"},{"floor":17,"key":"Toxic Egg 2"},{"floor":17,"key":"Old Coin"},{"floor":20,"key":"Orichalcum"},{"floor":22,"key":"Red Mask"},{"floor":23,"key":"Bird Faced Urn"},{"floor":26,"key":"Ancient Tea Set"},{"floor":27,"key":"White Beast Statue"},{"floor":29,"key":"Boot"},{"floor":37,"key":"FossilizedHelix"},{"floor":39,"key":"Pen Nib"},{"floor":42,"key":"Eternal Feather"},{"floor":43,"key":"MawBank"},{"floor":45,"key":"Lantern"}],"event_choices":[{"damage_healed":0,"gold_gain":0,"player_choice":"Box","damage_taken":0,"relics_obtained":["Mercury Hourglass"],"max_hp_gain":0,"max_hp_loss":0,"event_name":"Big Fish","floor":2,"gold_loss":0,"cards_obtained":["Regret"]},{"cards_removed":["Regret"],"damage_healed":0,"gold_gain":0,"player_choice":"Card Removal","damage_taken":7,"max_hp_gain":0,"max_hp_loss":0,"event_name":"Golden Wing","floor":3,"gold_loss":0},{"damage_healed":0,"gold_gain":75,"player_choice":"Touch","damage_taken":7,"max_hp_gain":0,"max_hp_loss":0,"event_name":"FaceTrader","floor":5,"gold_loss":0},{"damage_healed":18,"gold_gain":0,"player_choice":"Healed","damage_taken":0,"max_hp_gain":0,"max_hp_loss":0,"event_name":"The Cleric","floor":12,"gold_loss":35},{"damage_healed":0,"gold_gain":75,"player_choice":"Gold","damage_taken":11,"max_hp_gain":0,"max_hp_loss":0,"event_name":"betterThird:BetterGoop","floor":14,"gold_loss":0},{"cards_removed":["Strike_P"],"damage_healed":0,"gold_gain":0,"player_choice":"Gave Gold","damage_taken":0,"max_hp_gain":0,"max_hp_loss":0,"event_name":"Beggar","floor":19,"gold_loss":75},{"damage_healed":0,"gold_gain":0,"player_choice":"Fought Bandits","damage_taken":0,"max_hp_gain":0,"max_hp_loss":0,"event_name":"Masked Bandits","floor":22,"gold_loss":0},{"damage_healed":0,"gold_gain":0,"player_choice":"Ignored","damage_taken":0,"max_hp_gain":0,"max_hp_loss":0,"event_name":"Vampires","floor":25,"gold_loss":0},{"damage_healed":0,"gold_gain":0,"player_choice":"Fight","damage_taken":0,"max_hp_gain":0,"max_hp_loss":0,"event_name":"MindBloom","floor":37,"gold_loss":0}],"is_beta":false,"boss_relics":[{"not_picked":["Philosopher\u0027s Stone","Busted Crown"],"picked":"Calling Bell"},{"not_picked":["Coffee Dripper","Runic Pyramid"],"picked":"SlaversCollar"}],"items_purged_floors":[],"is_endless":false,"potions_floor_spawned":[10,13,16,18,22,27,29,31,33,35,36,37,41,42,45,47,48],"ascension_level":1}}