{"host":"l3mntlxfatf6lpxm","time":1611398243,"event":{"mods":["2.2 Compatiblity","AchievementEnabler","Arknights The Spire","Aspiration","Bard","BaseMod","Beaked The Cultist","Better Altar","Better Match","Better Note","Better Sensory Stone","Better Skull","Better Third Choice","Challenge The Spire","Colored Powertips","Defuse TimeMaze Blight","Displayed Cursed Tome","Dota2Spire","Downfall","Ekko","Energized Spire","Evolution","Gold Saver","Hubris","Infinite Spire","Jorbs\u0027s Wanderer Trilogy","Kratos Character Expansion","Luminous","Marisa????????","Minty Spire (QoL Compilation)","Replay The Spire","Retaliation","Shade Mod","Shop Mod","Somnambulant","Spicy Shops","StSLib","The Blue Laboratory","The Caster","The Construct","The Cursed","The Dragonkin","The Jungle","The Marked","The Runesmith","The Servant 0.9.4","TheVacant","Thieving Mod","Trackpad","Unceasing Turn Reminder","Virulent Crown","Wandering Minibosses"],"gold_per_floor":[264,289,35,35,55,83,98,116,116,145,145,70,70,99,99,196,196,207,207,207,219,234,234,250,250,277,277,287,320,339,354,354,456,456,472,472,490,540,540,540,559,559,606,606,624,640,640,640,640,640],"floor_reached":51,"language":"SPA","playtime":3030,"items_purged":["theDragonkin:Strike","Injury"],"score":737,"play_id":"f7ce7f4e-4243-457c-a0a8-b5ae86c74f88","local_time":"20210123113723","is_ascension_mode":false,"campfire_choices":[{"data":"theDragonkin:HolyBarrier","floor":11.0,"key":"SMITH"},{"data":"theDragonkin:AcidBreath","floor":13.0,"key":"SMITH"},{"data":"theDragonkin:SandBreath","floor":15.0,"key":"SMITH"},{"data":"theDragonkin:Subdue","floor":23.0,"key":"SMITH"},{"data":"stsjorbsmod:SpiritShield_Cull","floor":32,"key":"SMITH"},{"floor":40,"key":"REST"},{"data":"theDragonkin:FlameWard","floor":42,"key":"SMITH"},{"data":"theDragonkin:LightArmor","floor":44,"key":"SMITH"},{"data":"theDragonkin:FlameWard","floor":47,"key":"SMITH"},{"floor":49,"key":"REST"}],"circlet_count":0,"master_deck":["theDragonkin:Strike","theDragonkin:Strike","theDragonkin:Strike","theDragonkin:Defend","theDragonkin:Defend","theDragonkin:Defend","theDragonkin:Defend","theDragonkin:HolySmite","theDragonkin:BlazingBreath","theDragonkin:AcidBreath+1","theDragonkin:Ashfall","theDragonkin:FlameWard+1","theDragonkin:Ravage+1","theDragonkin:HolyBarrier+1","theDragonkin:MiasmicBreath","theDragonkin:EnduringAgony","theDragonkin:Ashfall","theDragonkin:SandBreath+1","theDragonkin:Subdue","theDragonkin:InfernoWard","stsjorbsmod:Withering","stsjorbsmod:SpiritShield_Cull+1","theDragonkin:Subdue+1","DDmod:MulticlassingSkill","infinitespire:Punishment+1","theDragonkin:LightArmor+1","theDragonkin:Ashfall+1","theDragonkin:DivineBreath+1","theMarked:UnarmedFury+1","Discovery","theDragonkin:GoldenFlames+1","theDragonkin:HammerOfWrath+1","theDragonkin:AshenArmor","theDragonkin:MagnussCorona","theDragonkin:AcidArmor","theDragonkin:FlameWard+1","theDragonkin:FlameWard+1","theDragonkin:SandBreath+1","theDragonkin:SandBreath+1"],"relics":["theDragonkin:GarnetScale","EVO:Axolotl","NeowsBlessing","Regal Pillow","Dota2Spire:ShadowBlade","Molten Egg 2","infinitespire:Beetle Shell","Dota2Spire:BlackKingBar","trackpad:PetRock","trackpad:ByrdBGone","ReplayTheSpireMod:SealedPack","Dota2Spire:RefresherOrb","aspiration:Lifesprig","Dota2Spire:BladeMail","Painkiller Herb","Bottled Tornado","Guardian:GemstoneGun","Dota2Spire:LotusOrb"],"acts_visited":["Exordium","TheCity","TheBeyond"],"potions_floor_usage":[33,41,45,50,50,50],"damage_taken":[{"damage":0.0,"enemies":"Cultist","floor":1.0,"turns":1.0},{"damage":0.0,"enemies":"Small Slimes","floor":5.0,"turns":1.0},{"damage":0.0,"enemies":"Lagavulin","floor":6.0,"turns":3.0},{"damage":0.0,"enemies":"2 Louse","floor":7.0,"turns":2.0},{"damage":0.0,"enemies":"Red Slaver","floor":8.0,"turns":5.0},{"damage":25.0,"enemies":"3 Sentries","floor":10.0,"turns":7.0},{"damage":2.0,"enemies":"Lagavulin","floor":14.0,"turns":7.0},{"damage":2.0,"enemies":"Slime Boss","floor":16.0,"turns":8.0},{"damage":0.0,"enemies":"2 Thieves","floor":18.0,"turns":3.0},{"damage":0.0,"enemies":"Shell Parasite","floor":21.0,"turns":4.0},{"damage":0.0,"enemies":"Centurion and Healer","floor":22.0,"turns":6.0},{"damage":1.0,"enemies":"Shelled Parasite and Fungi","floor":24.0,"turns":4.0},{"damage":0.0,"enemies":"Cultist and Chosen","floor":28.0,"turns":5.0},{"damage":0.0,"enemies":"Slavers","floor":29.0,"turns":5.0},{"damage":0.0,"enemies":"Centurion and Healer","floor":30.0,"turns":7.0},{"damage":0,"enemies":"Snake Plant","floor":31,"turns":3},{"damage":11,"enemies":"Automaton","floor":33,"turns":10},{"damage":14,"enemies":"3 Darklings","floor":35,"turns":6},{"damage":0,"enemies":"3 Shapes","floor":37,"turns":7},{"damage":2,"enemies":"Writhing Mass","floor":41,"turns":6},{"damage":7,"enemies":"Spire Growth","floor":45,"turns":5},{"damage":0,"enemies":"Maw","floor":46,"turns":8},{"damage":12,"enemies":"TheAcolyte","floor":50,"turns":8}],"seed_played":"-6289539263387698495","potions_obtained":[{"floor":1.0,"key":"blueLaboratory:LouseDecoction"},{"floor":5.0,"key":"blueLaboratory:HorrorPotion"},{"floor":7.0,"key":"Fire Potion"},{"floor":14.0,"key":"Energy Potion"},{"floor":22.0,"key":"infinitespire:BlackPotion"},{"floor":24.0,"key":"Dexterity Potion"},{"floor":29.0,"key":"LifebloodPotion"},{"floor":35,"key":"Swift Potion"},{"floor":38,"key":"blueLaboratory:FruitPunch"},{"floor":41,"key":"Explosive Potion"},{"floor":45,"key":"blueLaboratory:LouseDecoction"}],"is_trial":false,"path_per_floor":["M","T","$","?","M","E","M","M","T","E","R","$","R","E","R","B",null,"M","?","AVR","M","M","R","M","?","T","?","M","E","M","M","R","B",null,"?","T","?","?","?","T","?","T","T","T","?","?","T","AVR","T","B",null],"character_chosen":"THE_DRAGONKIN","items_purchased":["Dota2Spire:ShadowBlade","theDragonkin:Ashfall","theDragonkin:FlameWard"],"campfire_rested":2,"item_purchase_floors":[3,3,3],"current_hp_per_floor":[85,85,85,85,85,85,85,85,85,60,60,60,60,58,58,56,85,85,85,85,85,85,85,84,84,84,84,84,84,84,84,84,73,85,71,71,71,50,50,85,90,90,90,90,83,83,83,83,92,80],"gold":640,"neow_bonus":"THREE_ENEMY_KILL","is_daily":false,"chose_seed":false,"campfire_upgraded":8,"win_rate":0.0,"timestamp":1611398243,"path_taken":["M","?","$","?","M","E","M","M","T","E","R","$","R","E","R","BOSS","M","?","AVR","M","M","R","M","?","T","?","M","E","M","M","R","BOSS","?","T","?","?","?","T","?","T","T","T","?","?","T","AVR","T","BOSS"],"items_purchased_type":["Relic","Card","Card"],"build_version":"2020-12-22","purchased_purges":2,"victory":true,"max_hp_per_floor":[85,85,85,85,85,85,85,85,85,85,85,85,85,85,85,85,85,85,85,85,85,85,85,85,85,85,85,85,85,85,85,85,85,85,85,85,85,85,85,85,92,92,92,92,92,92,92,92,92,92],"card_choices":[{"not_picked":["theDragonkin:ControlledBreath","theDragonkin:HolyShock"],"picked":"theDragonkin:AcidBreath","floor":1.0},{"not_picked":["theDragonkin:FlameBreath+1","theDragonkin:ControlledBreath+1"],"picked":"theDragonkin:Ravage+1","floor":5.0},{"not_picked":["theDragonkin:VoiceofOrder","theDragonkin:StormFront"],"picked":"theDragonkin:HolyBarrier","floor":6.0},{"not_picked":["theDragonkin:BurningRage+1","theDragonkin:Flashpoint"],"picked":"theDragonkin:MiasmicBreath","floor":7.0},{"not_picked":["theDragonkin:DivineFire+1","theDragonkin:SlowBurn"],"picked":"theDragonkin:EnduringAgony","floor":8.0},{"not_picked":["theDragonkin:ShieldGlare","theDragonkin:MagmaScales"],"picked":"theDragonkin:Ashfall","floor":10.0},{"not_picked":["theDragonkin:BurningRage+1","theDragonkin:EnduringAgony"],"picked":"theDragonkin:Subdue","floor":14.0},{"not_picked":["theDragonkin:AkatirnsDecree+1","theDragonkin:Subdue"],"picked":"theDragonkin:InfernoWard","floor":16.0},{"not_picked":["hexamod:Float","champ:Execute"],"picked":"stsjorbsmod:SpiritShield_Cull","floor":17.0},{"not_picked":["theDragonkin:MirrorBreath","theDragonkin:DivineStorm"],"picked":"theDragonkin:Subdue","floor":17.0},{"not_picked":["Panacea","ReplayTheSpireMod:Uncanny Aura"],"picked":"DDmod:MulticlassingSkill","floor":17.0},{"not_picked":["infinitespire:NeuralNetwork","ReplayTheSpireMod:??????????????????????"],"picked":"infinitespire:Punishment","floor":17.0},{"not_picked":["theDragonkin:AcidRain+1","theDragonkin:BurningRage+1"],"picked":"theDragonkin:LightArmor","floor":18.0},{"not_picked":["theDragonkin:FlameBreath+1","theDragonkin:FlameWard"],"picked":"theDragonkin:Ashfall+1","floor":21.0},{"not_picked":["theDragonkin:AcidBreath+1","theDragonkin:FlameBreath+1","theDragonkin:ChainsOfTruth+1"],"picked":"SKIP","floor":22.0},{"not_picked":["theDragonkin:DivineJolt+1","theDragonkin:Sizzle+1"],"picked":"theDragonkin:DivineBreath+1","floor":24.0},{"not_picked":["ReplayTheSpireMod:Trickstab+1","Impatience"],"picked":"Discovery","floor":27.0},{"not_picked":["theDragonkin:BurningRage+1","theDragonkin:Sizzle"],"picked":"theDragonkin:GoldenFlames+1","floor":28.0},{"not_picked":["theDragonkin:DivineJolt+1","theDragonkin:SandBreath"],"picked":"theDragonkin:HammerOfWrath+1","floor":29.0},{"not_picked":["theDragonkin:FlameWard","theDragonkin:CorrosiveBelch+1","theDragonkin:ChainsOfTruth+1"],"picked":"SKIP","floor":30.0},{"not_picked":["theDragonkin:BurningRage+1","theDragonkin:MirrorBreath","theDragonkin:EmberSwipe+1"],"picked":"SKIP","floor":31},{"not_picked":["theDragonkin:ShieldBash+1","theDragonkin:DivineStorm+1"],"picked":"theDragonkin:AshenArmor","floor":33},{"not_picked":["theDragonkin:HallowedGround+1","theDragonkin:PlagueSwipe+1"],"picked":"theDragonkin:MagnussCorona","floor":35},{"not_picked":["theDragonkin:FlameWard","theDragonkin:HolyWordBarrier+1"],"picked":"theDragonkin:AcidArmor","floor":37},{"not_picked":["theDragonkin:CorrosiveBelch+1","theDragonkin:Sizzle"],"picked":"theDragonkin:FlameWard+1","floor":38},{"not_picked":["theDragonkin:HolyWordBarrier","theDragonkin:Sizzle"],"picked":"theDragonkin:FlameWard","floor":41},{"not_picked":["theDragonkin:LightArmor","theDragonkin:ShieldGlare"],"picked":"theDragonkin:SandBreath+1","floor":45},{"not_picked":["theDragonkin:MiasmicBreath","theDragonkin:ControlledBreath+1"],"picked":"theDragonkin:SandBreath+1","floor":46}],"player_experience":788695,"relics_obtained":[{"floor":2.0,"key":"Regal Pillow"},{"floor":6.0,"key":"infinitespire:Beetle Shell"},{"floor":9.0,"key":"Dota2Spire:BlackKingBar"},{"floor":10.0,"key":"trackpad:PetRock"},{"floor":14.0,"key":"trackpad:ByrdBGone"},{"floor":26.0,"key":"aspiration:Lifesprig"},{"floor":29.0,"key":"Dota2Spire:BladeMail"},{"floor":38,"key":"Bottled Tornado"},{"floor":43,"key":"Dota2Spire:LotusOrb"}],"event_choices":[{"damage_healed":0.0,"max_hp_gain":0.0,"max_hp_loss":0.0,"gold_gain":0.0,"event_name":"Wheel of Change","player_choice":"Full Heal","floor":19.0,"gold_loss":0.0,"damage_taken":0.0},{"cards_removed":["infinitespire:Punishment"],"damage_healed":0.0,"max_hp_gain":0.0,"max_hp_loss":0.0,"gold_gain":0.0,"event_name":"betterNote:BetterNote","player_choice":"Take \u0026 Give","floor":25.0,"gold_loss":0.0,"damage_taken":0.0,"cards_obtained":["theMarked:UnarmedFury"]},{"damage_healed":0.0,"max_hp_gain":0.0,"max_hp_loss":0.0,"gold_gain":2.0,"event_name":"betterStone:BetterStone","player_choice":"1","floor":27.0,"gold_loss":0.0,"damage_taken":0.0}],"is_beta":false,"boss_relics":[{"not_picked":["aspiration:MobileForge","Kintsugi"],"picked":"ReplayTheSpireMod:SealedPack"},{"not_picked":["Ring of Chaos","Runic Dome"],"picked":"Painkiller Herb"}],"items_purged_floors":[12,20],"is_endless":false,"potions_floor_spawned":[1,5,7,14,22,24,29,35,41,45],"ascension_level":0}}