{"host":"z9mq1tf06lkrncmk","time":1611377103,"event":{"mods":["BaseMod","Downfall","Minty Spire (QoL Compilation)","StSLib"],"gold_per_floor":[0,11,11,21,41,41,64,64,84,84,84,98,111,130,141,246,246,246,259,94,105,105,105,105,124,143,143,160,171,241,74,87,187,187,87,100,112,128,128,141,141,152,152,169,450,116,126,176,191,191],"floor_reached":51,"language":"ENG","playtime":3095,"items_purged":[],"score":791,"play_id":"74976df7-e202-4aa9-b4df-1f1c8ec7651a","local_time":"20210122234503","is_ascension_mode":true,"campfire_choices":[{"data":"Slimebound:SelfFormingGoo","floor":1,"key":"SMITH"},{"data":"Slimebound:Split","floor":6,"key":"SMITH"},{"data":"Slimebound:GoopSpray","floor":8,"key":"SMITH"},{"data":"Slimebound:FirmFortitude","floor":11,"key":"SMITH"},{"floor":18,"key":"RECALL"},{"floor":27,"key":"REST"},{"floor":35,"key":"REST"},{"floor":43,"key":"REST"}],"circlet_count":0,"master_deck":["Slimebound:Strike_Slimebound","Slimebound:Strike_Slimebound","Slimebound:Strike_Slimebound","Slimebound:Tackle","Slimebound:Defend_Slimebound+1","Slimebound:Defend_Slimebound","Slimebound:Defend_Slimebound","Slimebound:Defend_Slimebound","Slimebound:Split+1","Slimebound:CorrosiveSpit+1","Slimebound:SelfFormingGoo+1","Slimebound:SplitLeeching","Slimebound:Repurpose","Slimebound:GoopSpray+1","Slimebound:FirmFortitude+1","Slimebound:SplitBruiser","Slimebound:PressTheAttack","Slimebound:Darklings+1","Slimebound:SlimeTap","CurseOfTheBell","CurseOfTheBell","Slimebound:LeadByExample+1","Slimebound:SlimeTap","Slimebound:ServeAndProtect","Slimebound:Schlurp+1","Slimebound:MinionMaster","Slimebound:FormOfPuddle+1","Slimebound:Teamwork","Slimebound:SplitMire+1","Clumsy","Slimebound:OneTwoCombo","expansioncontent:DashGenerateEvil","downfall:Icky"],"relics":["Slimebound:AbsorbEndCombat","Pen Nib","Fusion Hammer","Medical Kit","downfall:ExtraCursedBell","War Paint","Question Card","Mango","Dead Branch","White Beast Statue","Orrery","Cursed Key","downfall:HeartBlessingRed","Frozen Egg 2","Strawberry","Boot"],"acts_visited":["Exordium","TheCity","TheBeyond"],"potions_floor_usage":[5,14,14,16,16,31,31,33,33,33,33,40,42,42,44,50,50],"damage_taken":[{"damage":12,"enemies":"Jaw Worm","floor":2,"turns":5},{"damage":3,"enemies":"2 Louse","floor":4,"turns":1},{"damage":1,"enemies":"Cultist","floor":5,"turns":5},{"damage":7,"enemies":"Red Slaver","floor":9,"turns":5},{"damage":6,"enemies":"Large Slime","floor":12,"turns":5},{"damage":6,"enemies":"Exordium Thugs","floor":13,"turns":4},{"damage":7,"enemies":"Exordium Wildlife","floor":14,"turns":4},{"damage":21,"enemies":"Gremlin Gang","floor":15,"turns":3},{"damage":30,"enemies":"DF_ARCHETYPE_STREAMLINE","floor":16,"turns":9},{"damage":22,"enemies":"3 Byrds","floor":19,"turns":4},{"damage":0,"enemies":"downfall:FleeingMerchant","floor":20,"turns":4},{"damage":29,"enemies":"Shell Parasite","floor":21,"turns":4},{"damage":3,"enemies":"Snecko","floor":25,"turns":4},{"damage":23,"enemies":"Cultist and Chosen","floor":26,"turns":5},{"damage":30,"enemies":"Snake Plant","floor":28,"turns":4},{"damage":18,"enemies":"Shelled Parasite and Fungi","floor":29,"turns":5},{"damage":6,"enemies":"downfall:FleeingMerchant","floor":31,"turns":4},{"damage":9,"enemies":"Sentry and Sphere","floor":32,"turns":4},{"damage":1,"enemies":"WA_ARCHETYPE_CALM","floor":33,"turns":5},{"damage":19,"enemies":"Orb Walker","floor":36,"turns":4},{"damage":0,"enemies":"3 Shapes","floor":37,"turns":3},{"damage":3,"enemies":"Maw","floor":38,"turns":5},{"damage":49,"enemies":"Transient","floor":40,"turns":5},{"damage":22,"enemies":"Jaw Worm Horde","floor":42,"turns":4},{"damage":0,"enemies":"3 Darklings","floor":44,"turns":2},{"damage":0,"enemies":"downfall:FleeingMerchant","floor":45,"turns":1},{"damage":0,"enemies":"Maw","floor":47,"turns":4},{"damage":0,"enemies":"Jaw Worm Horde","floor":49,"turns":2},{"damage":13,"enemies":"SI_POISON_ARCHETYPE","floor":50,"turns":5}],"seed_played":"-2400592804420483491","potions_obtained":[{"floor":4,"key":"Guardian:BlockOnCardUsePotion"},{"floor":5,"key":"Fruit Juice"},{"floor":13,"key":"EntropicBrew"},{"floor":14,"key":"Slimebound:SlimedPotion"},{"floor":21,"key":"FairyPotion"},{"floor":29,"key":"SteroidPotion"},{"floor":31,"key":"EntropicBrew"},{"floor":32,"key":"BlessingOfTheForge"},{"floor":33,"key":"Strength Potion"},{"floor":36,"key":"BlessingOfTheForge"},{"floor":40,"key":"ColorlessPotion"},{"floor":42,"key":"SkillPotion"},{"floor":44,"key":"Ancient Potion"},{"floor":45,"key":"hexamod:SoulburnPotion"}],"is_trial":false,"path_per_floor":["R","M","?","M","M","R","T","R","M","?","R","M","M","M","M","B",null,"R","M","$","M","?","?","T","M","M","R","M","M","T","$","M","B",null,"R","M","M","M","?","M","T","M","R","M","$","$","M","?","M","B",null],"character_chosen":"SLIMEBOUND","items_purchased":["Medical Kit","Orrery","PowerPotion","expansioncontent:DashGenerateEvil","Strawberry"],"campfire_rested":3,"item_purchase_floors":[20,31,45,46,46],"current_hp_per_floor":[65,57,65,62,68,68,68,68,67,67,67,63,61,60,43,19,70,70,50,58,35,49,49,49,52,33,58,30,35,35,37,30,37,84,84,67,73,78,78,35,35,21,46,54,54,61,69,69,73,68],"gold":191,"neow_bonus":"THREE_RARE_CARDS","is_daily":false,"chose_seed":false,"campfire_upgraded":4,"win_rate":0.0,"timestamp":1611377103,"path_taken":["R","M","?","M","M","R","T","R","M","?","R","M","?","M","M","BOSS","R","M","$","M","?","?","T","M","M","R","?","M","?","?","M","BOSS","R","M","M","M","?","?","T","M","R","M","?","$","M","?","M","BOSS"],"items_purchased_type":["Relic","Relic","Potion","Card","Relic"],"build_version":"2020-12-22","purchased_purges":0,"victory":true,"max_hp_per_floor":[65,65,65,65,70,70,70,70,70,70,70,70,70,70,70,70,70,70,70,70,70,84,84,84,84,84,84,84,84,84,84,84,84,84,84,84,84,84,84,84,84,84,84,84,84,91,91,91,91,91],"card_choices":[{"not_picked":["Slimebound:WasteNot","Slimebound:MinionMaster"],"picked":"Slimebound:SelfFormingGoo","floor":0},{"not_picked":["Slimebound:PressTheAttack","Slimebound:SlimeBarrage"],"picked":"Slimebound:SplitLeeching","floor":2},{"not_picked":["Slimebound:LeechEnergy","Slimebound:Prepare"],"picked":"Slimebound:Repurpose","floor":4},{"not_picked":["Slimebound:GrowthPunch","Slimebound:LeechingTouch"],"picked":"Slimebound:GoopSpray","floor":5},{"not_picked":["Slimebound:ComboTackle","Slimebound:DisruptingSlam"],"picked":"Slimebound:FirmFortitude","floor":9},{"not_picked":["Slimebound:SpikyOuterGoop","Slimebound:ItLooksTasty","Slimebound:Grow"],"picked":"SKIP","floor":12},{"not_picked":["Slimebound:RollThrough","Slimebound:SpikyOuterGoop"],"picked":"Slimebound:SplitBruiser","floor":13},{"not_picked":["Slimebound:SlimeSpikes","Slimebound:Prepare","Slimebound:LeechingTouch"],"picked":"SKIP","floor":14},{"not_picked":["Slimebound:SplitLeeching","Slimebound:SplitAcid"],"picked":"Slimebound:PressTheAttack","floor":15},{"not_picked":["Slimebound:OozeBath","Slimebound:RallyTheTroops"],"picked":"Slimebound:Darklings","floor":16},{"not_picked":["Slimebound:SlimeSpikes","Slimebound:Replication","Slimebound:FinishingTackle"],"picked":"SKIP","floor":19},{"not_picked":["Slimebound:SplitBruiser+1","Slimebound:GrowthPunch+1","Slimebound:WasteNot"],"picked":"SKIP","floor":20},{"not_picked":["Slimebound:BestDefense","Slimebound:SplitAcid"],"picked":"Slimebound:SlimeTap","floor":21},{"not_picked":["Slimebound:SplitAcid","Slimebound:GoopTackle+1","Slimebound:SlimeSpikes","Slimebound:GrowthPunch"],"picked":"SKIP","floor":25},{"not_picked":["Slimebound:SpikyOuterGoop+1","Slimebound:Recollect","Slimebound:SlimeSpikes","Slimebound:LivingWall+1"],"picked":"SKIP","floor":26},{"not_picked":["Slimebound:RejuvenatingLick","Slimebound:SlimeBarrage","Slimebound:SplitLeeching"],"picked":"Slimebound:LeadByExample+1","floor":28},{"not_picked":["Slimebound:ItLooksTasty","Slimebound:Gluttony","Slimebound:RejuvenatingLick"],"picked":"Slimebound:SlimeTap","floor":29},{"not_picked":["Slimebound:HauntingLick","Slimebound:SamplingLick+1","Slimebound:TongueLash+1","Slimebound:RainOfGoop"],"picked":"SKIP","floor":31},{"not_picked":["Slimebound:SplitMire","Slimebound:SamplingLick","Slimebound:DisruptingSlam"],"picked":"Slimebound:ServeAndProtect","floor":31},{"not_picked":["Slimebound:GoopSpray","Slimebound:PressTheAttack","Slimebound:Prepare"],"picked":"Slimebound:Schlurp+1","floor":31},{"not_picked":["Slimebound:SplitAcid","Slimebound:ItLooksTasty","Slimebound:FinishingTackle"],"picked":"Slimebound:MinionMaster","floor":31},{"not_picked":["Slimebound:FinishingTackle","Slimebound:LivingWall","Slimebound:Recycling"],"picked":"Slimebound:FormOfPuddle+1","floor":31},{"not_picked":["Slimebound:GoopTackle+1","Slimebound:SplitBruiser","Slimebound:SlimeBrawl","Slimebound:Recollect"],"picked":"SKIP","floor":32},{"not_picked":["Slimebound:PrepareCrush","Slimebound:Overexert","Slimebound:RallyTheTroops"],"picked":"Slimebound:Teamwork","floor":33},{"not_picked":["Slimebound:FinishingTackle","Slimebound:LeechEnergy+1","Slimebound:SplitSpecialist"],"picked":"Slimebound:SplitMire+1","floor":36},{"not_picked":["Slimebound:Replication","Slimebound:ComboTackle+1","Slimebound:SplitLeeching+1","Slimebound:PressTheAttack+1"],"picked":"SKIP","floor":37},{"not_picked":["Slimebound:GoopTackle+1","Slimebound:Dissolve","Slimebound:GoopSpray+1","Slimebound:SlimeSpikes+1"],"picked":"SKIP","floor":38},{"not_picked":["Slimebound:SplitBruiser","Slimebound:ItLooksTasty","Slimebound:LeechingTouch+1","Slimebound:ViciousTackle+1"],"picked":"SKIP","floor":40},{"not_picked":["Slimebound:Repurpose+1","Slimebound:SplitMire+1","Slimebound:FormOfPuddle+1"],"picked":"Slimebound:OneTwoCombo","floor":42},{"not_picked":["Slimebound:SplitSpecialist+1","Slimebound:GoopSpray","Slimebound:FinishingTackle","Slimebound:DisruptingSlam"],"picked":"SKIP","floor":44},{"not_picked":["Slimebound:Replication+1","Slimebound:GoopSpray","Slimebound:TongueLash","Slimebound:DisruptingSlam+1"],"picked":"SKIP","floor":45},{"not_picked":["Slimebound:PrepareCrush","Slimebound:HauntingLick+1","Slimebound:FinishingTackle+1","Slimebound:LeechingTouch"],"picked":"SKIP","floor":47},{"not_picked":["Slimebound:GoopTackle+1","Slimebound:FinishingTackle","Slimebound:RainOfGoop","Slimebound:SplitBruiser"],"picked":"SKIP","floor":49}],"player_experience":383100,"relics_obtained":[{"floor":7,"key":"Pen Nib"},{"floor":22,"key":"War Paint"},{"floor":22,"key":"Question Card"},{"floor":22,"key":"Mango"},{"floor":24,"key":"Dead Branch"},{"floor":30,"key":"White Beast Statue"},{"floor":41,"key":"Frozen Egg 2"},{"floor":48,"key":"Boot"}],"event_choices":[{"damage_healed":21,"gold_gain":0,"player_choice":"Banana","damage_taken":0,"max_hp_gain":0,"max_hp_loss":0,"event_name":"Big Fish","floor":3,"gold_loss":0},{"damage_healed":0,"gold_gain":0,"player_choice":"Leave","damage_taken":0,"max_hp_gain":0,"max_hp_loss":0,"event_name":"FaceTrader","floor":10,"gold_loss":0}],"is_beta":false,"boss_relics":[{"not_picked":["Coffee Dripper","Black Star"],"picked":"Fusion Hammer"},{"not_picked":["Pandora\u0027s Box","Philosopher\u0027s Stone"],"picked":"Cursed Key"}],"items_purged_floors":[],"is_endless":false,"potions_floor_spawned":[4,5,13,14,21,29,31,32,33,36,37,38,40,42,44,45,47,49],"ascension_level":2}}