{"host":"zzf13dk0jcen0ncv","time":1611389827,"event":{"mods":["AchievementEnabler","BaseMod","BetterRewards","Colored Map","Keyboard Shortcuts","Minty Spire (QoL Compilation)","Quick Restart","Shop Mod","StSLib","SuperFastMode","Waifu the Spire"],"gold_per_floor":[124,124,148,148,168,203,253,274,274,293,312,337,337,362,371,459,531,558,120,138,162,186,186,220,220,220,220,246,265,287,313,313,398,398,419,67,95,50,79,117,117,154,203,219,229,264,289,289,298,298,298,298,307,10,10,10],"floor_reached":55,"language":"KOR","playtime":2372,"items_purged":["Strike_G","Poisoned Stab"],"score":2710,"play_id":"1cb11acf-4a9d-43e4-8c0a-58d7682dd739","local_time":"20210123171707","is_ascension_mode":true,"campfire_choices":[{"data":"Apotheosis","floor":13.0,"key":"SMITH"},{"floor":15.0,"key":"REST"},{"floor":23.0,"key":"RECALL"},{"data":"Malaise","floor":25.0,"key":"SMITH"},{"data":"Setup","floor":32.0,"key":"SMITH"},{"data":"After Image","floor":41.0,"key":"SMITH"},{"floor":49.0,"key":"REST"},{"floor":53.0,"key":"REST"}],"circlet_count":0,"master_deck":["AscendersBane","Survivor","Neutralize","Caltrops","Escape Plan","Acrobatics","Heel Hook","Blind","Footwork","Crippling Poison","Apotheosis+1","Master of Strategy","Skewer","Crippling Poison","Leg Sweep","Reflex","Backflip","Deflect","Wraith Form v2","Choke","Distraction","Tools of the Trade","Prepared","Blur","Bouncing Flask","Escape Plan","Deadly Poison","Escape Plan","Deflect","Noxious Fumes","Blind","Corpse Explosion","Heel Hook","Acrobatics+1","Predator","Malaise+1","Blur","Calculated Gamble","Setup+1","After Image+1","Outmaneuver","Noxious Fumes","Escape Plan","Backflip","Infinite Blades+1","Escape Plan","Malaise","Heel Hook+1","Concentrate+1","Acrobatics","Backflip+1","Bouncing Flask"],"relics":["Ring of the Snake","Bag of Marbles","Oddly Smooth Stone","TheAbacus","Gremlin Horn","Bird Faced Urn","HandDrill","CeramicFish","Nunchaku","Omamori","ClockworkSouvenir","Eternal Feather","OrangePellets","Dream Catcher","Darkstone Periapt","Pandora\u0027s Box","Mercury Hourglass","Du-Vu Doll","Ninja Scroll","Vajra","Runic Pyramid","Sundial","Juzu Bracelet","Smiling Mask","Strawberry","Happy Flower"],"acts_visited":["Exordium","TheCity","TheBeyond","TheEnding"],"potions_floor_usage":[],"damage_taken":[{"damage":0.0,"enemies":"Small Slimes","floor":1.0,"turns":4.0},{"damage":0.0,"enemies":"2 Louse","floor":3.0,"turns":2.0},{"damage":0.0,"enemies":"Cultist","floor":5.0,"turns":2.0},{"damage":19.0,"enemies":"3 Sentries","floor":6.0,"turns":9.0},{"damage":6.0,"enemies":"Blue Slaver","floor":8.0,"turns":4.0},{"damage":9.0,"enemies":"Large Slime","floor":10.0,"turns":5.0},{"damage":0.0,"enemies":"Lots of Slimes","floor":11.0,"turns":3.0},{"damage":5.0,"enemies":"3 Louse","floor":12.0,"turns":3.0},{"damage":8.0,"enemies":"2 Fungi Beasts","floor":14.0,"turns":3.0},{"damage":35.0,"enemies":"The Guardian","floor":16.0,"turns":9.0},{"damage":0.0,"enemies":"Spheric Guardian","floor":18.0,"turns":3.0},{"damage":0.0,"enemies":"3 Byrds","floor":21.0,"turns":3.0},{"damage":0.0,"enemies":"3 Cultists","floor":22.0,"turns":2.0},{"damage":18.0,"enemies":"Book of Stabbing","floor":24.0,"turns":7.0},{"damage":7.0,"enemies":"Slavers","floor":28.0,"turns":5.0},{"damage":5.0,"enemies":"Sentry and Sphere","floor":29.0,"turns":4.0},{"damage":8.0,"enemies":"Centurion and Healer","floor":30.0,"turns":4.0},{"damage":12.0,"enemies":"Snake Plant","floor":31.0,"turns":2.0},{"damage":11.0,"enemies":"Automaton","floor":33.0,"turns":8.0},{"damage":0.0,"enemies":"3 Shapes","floor":35.0,"turns":3.0},{"damage":5.0,"enemies":"3 Darklings","floor":37.0,"turns":4.0},{"damage":18.0,"enemies":"Jaw Worm Horde","floor":39.0,"turns":4.0},{"damage":22.0,"enemies":"Giant Head","floor":40.0,"turns":9.0},{"damage":0.0,"enemies":"Nemesis","floor":42.0,"turns":7.0},{"damage":18.0,"enemies":"Writhing Mass","floor":44.0,"turns":5.0},{"damage":0.0,"enemies":"Maw","floor":45.0,"turns":5.0},{"damage":51.0,"enemies":"Reptomancer","floor":46.0,"turns":7.0},{"damage":0.0,"enemies":"3 Darklings","floor":47.0,"turns":3.0},{"damage":54.0,"enemies":"Awakened One","floor":50.0,"turns":14.0},{"damage":27.0,"enemies":"Donu and Deca","floor":51.0,"turns":8.0},{"damage":88,"enemies":"Shield and Spear","floor":55,"turns":3}],"seed_played":"6039654566200915600","potions_obtained":[{"floor":5.0,"key":"FearPotion"},{"floor":10.0,"key":"Swift Potion"},{"floor":11.0,"key":"DuplicationPotion"},{"floor":30.0,"key":"LiquidMemories"},{"floor":44.0,"key":"DistilledChaos"}],"is_trial":false,"path_per_floor":["M","?","M","?","M","E","?","M","T","M","M","M","R","M","R","B",null,"M","$","?","M","M","R","E","R","T","?","E","M","M","M","R","B",null,"M","$","M","$","M","E","R","E","T","M","M","E","M","?","R","B","B",null,"R","$","E"],"character_chosen":"THE_SILENT","items_purchased":["Bag of Marbles","Oddly Smooth Stone","TheAbacus","Caltrops","Escape Plan","Acrobatics","Heel Hook","Blind","Gremlin Horn","Footwork","Bird Faced Urn","HandDrill","Crippling Poison","CeramicFish","Nunchaku","Apotheosis","Omamori","ClockworkSouvenir","Eternal Feather","OrangePellets","Master of Strategy","Skewer","Noxious Fumes","Blind","Mercury Hourglass","Sundial","Noxious Fumes","Backflip","Happy Flower","Bouncing Flask"],"campfire_rested":3,"item_purchase_floors":[0,0,0,0,0,0,0,0,0,0,0,0,0,0,0,0,0,0,0,0,0,0,19,19,19,36,36,38,54,54],"current_hp_per_floor":[61,54,54,54,54,39,33,27,27,20,20,17,32,24,58,29,57,61,61,61,66,66,66,50,66,66,66,63,60,56,44,66,55,63,66,66,61,61,45,35,62,66,66,56,66,28,34,34,73,29,16,59,73,73,0,0],"gold":10,"neow_bonus":"","is_daily":false,"chose_seed":false,"campfire_upgraded":4,"win_rate":0.0,"timestamp":1611389827,"path_taken":["M","?","M","?","M","E","?","M","T","M","?","M","R","M","R","BOSS","M","$","?","M","M","R","E","R","T","?","E","M","M","?","R","BOSS","M","$","M","$","M","E","R","E","T","M","M","E","M","?","R","BOSS","BOSS","R","$","E"],"items_purchased_type":["Relic","Relic","Relic","Card","Card","Card","Card","Card","Relic","Card","Relic","Relic","Card","Relic","Relic","Card","Relic","Relic","Relic","Relic","Card","Card","Card","Card","Relic","Relic","Card","Card","Relic","Card"],"build_version":"2020-12-22","purchased_purges":2,"victory":false,"max_hp_per_floor":[66,66,66,66,66,66,66,66,66,66,66,66,66,66,66,66,66,66,66,66,66,66,66,66,66,66,66,66,66,66,66,66,66,66,66,66,66,66,66,66,66,66,66,66,66,73,73,73,73,73,73,73,73,73,73,73],"card_choices":[{"not_picked":["All Out Attack","Acrobatics"],"picked":"Crippling Poison","floor":1.0},{"not_picked":["Choke","Outmaneuver"],"picked":"Leg Sweep","floor":3.0},{"not_picked":["Prepared","Deflect","Expertise"],"picked":"SKIP","floor":5.0},{"not_picked":["Quick Slash","Deflect"],"picked":"Reflex","floor":6.0},{"not_picked":["Sucker Punch","Footwork"],"picked":"Backflip","floor":8.0},{"not_picked":["Quick Slash","Well Laid Plans"],"picked":"Deflect","floor":10.0},{"not_picked":["Bane","Acrobatics"],"picked":"Poisoned Stab","floor":11.0},{"not_picked":["Outmaneuver","Blade Dance"],"picked":"Wraith Form v2","floor":12.0},{"not_picked":["Backflip","Escape Plan"],"picked":"Choke","floor":14.0},{"not_picked":["Dagger Throw","Cloak And Dagger"],"picked":"Distraction","floor":15.0},{"not_picked":["Envenom","Die Die Die"],"picked":"Tools of the Trade","floor":16.0},{"not_picked":["Cloak And Dagger","Blade Dance"],"picked":"Deflect","floor":18.0},{"not_picked":["Accuracy+1","Outmaneuver"],"picked":"Acrobatics+1","floor":21.0},{"not_picked":["Poisoned Stab","Acrobatics"],"picked":"Predator","floor":22.0},{"not_picked":["Poisoned Stab","Blade Dance"],"picked":"Malaise","floor":24.0},{"not_picked":["Dodge and Roll","Endless Agony","Accuracy+1"],"picked":"SKIP","floor":28.0},{"not_picked":["Poisoned Stab","Slice"],"picked":"Blur","floor":29.0},{"not_picked":["Underhanded Strike","Predator+1"],"picked":"Calculated Gamble","floor":30.0},{"not_picked":["Finisher","Slice"],"picked":"Setup","floor":31.0},{"not_picked":["Envenom","Bullet Time"],"picked":"After Image","floor":33.0},{"not_picked":["Infinite Blades","Acrobatics"],"picked":"Outmaneuver","floor":35.0},{"not_picked":["Cloak And Dagger","Bane"],"picked":"Escape Plan","floor":37.0},{"not_picked":["Well Laid Plans+1","Endless Agony"],"picked":"Infinite Blades+1","floor":39.0},{"not_picked":["Bane","Deadly Poison"],"picked":"Escape Plan","floor":40.0},{"not_picked":["Escape Plan","Skewer"],"picked":"Malaise","floor":42.0},{"not_picked":["Calculated Gamble","Dagger Throw","Dagger Spray"],"picked":"SKIP","floor":44.0},{"not_picked":["Underhanded Strike","Accuracy","Flying Knee"],"picked":"SKIP","floor":45.0},{"not_picked":["Deadly Poison","Cloak And Dagger"],"picked":"Heel Hook+1","floor":46.0},{"not_picked":["Bane","Accuracy+1"],"picked":"Concentrate+1","floor":47.0},{"not_picked":["Prepared","Concentrate+1"],"picked":"Acrobatics","floor":49.0},{"not_picked":["Choke","Prepared"],"picked":"Backflip+1","floor":53.0}],"player_experience":926553,"relics_obtained":[{"floor":6.0,"key":"Dream Catcher"},{"floor":9.0,"key":"Darkstone Periapt"},{"floor":24.0,"key":"Du-Vu Doll"},{"floor":26.0,"key":"Ninja Scroll"},{"floor":28.0,"key":"Vajra"},{"floor":40.0,"key":"Juzu Bracelet"},{"floor":42.0,"key":"Smiling Mask"},{"floor":46.0,"key":"Strawberry"}],"event_choices":[{"cards_removed":["Strike_G"],"damage_healed":0.0,"max_hp_gain":0.0,"max_hp_loss":0.0,"gold_gain":0.0,"event_name":"Golden Wing","player_choice":"Card Removal","floor":2.0,"gold_loss":0.0,"damage_taken":7.0},{"damage_healed":0.0,"max_hp_gain":0.0,"max_hp_loss":0.0,"gold_gain":0.0,"event_name":"Liars Game","player_choice":"Ignored","floor":4.0,"gold_loss":0.0,"damage_taken":0.0},{"damage_healed":0.0,"max_hp_gain":0.0,"max_hp_loss":0.0,"gold_gain":50.0,"event_name":"FaceTrader","player_choice":"Touch","floor":7.0,"gold_loss":0.0,"damage_taken":6.0},{"damage_healed":0.0,"max_hp_gain":0.0,"max_hp_loss":0.0,"gold_gain":0.0,"cards_transformed":["Dagger Throw","Flying Knee"],"event_name":"Drug Dealer","player_choice":"Became Test Subject","floor":20.0,"gold_loss":0.0,"damage_taken":0.0,"cards_obtained":["Corpse Explosion","Heel Hook"]},{"damage_healed":0.0,"max_hp_gain":0.0,"max_hp_loss":0.0,"gold_gain":0.0,"event_name":"Match and Keep!","player_choice":"1 cards matched","floor":27.0,"gold_loss":0.0,"damage_taken":0.0,"cards_obtained":["Writhe"]},{"damage_healed":0.0,"max_hp_gain":0.0,"max_hp_loss":0.0,"gold_gain":0.0,"event_name":"Tomb of Lord Red Mask","player_choice":"Ignored","floor":48.0,"gold_loss":0.0,"damage_taken":0.0}],"is_beta":false,"boss_relics":[{"not_picked":["Velvet Choker","Snecko Eye"],"picked":"Pandora\u0027s Box"},{"not_picked":["Runic Dome","SacredBark"],"picked":"Runic Pyramid"}],"items_purged_floors":[0,54],"is_endless":false,"potions_floor_spawned":[5,10,11,12,16,18,29,30,39,44,45,46],"killed_by":"Shield and Spear","ascension_level":20}}