{"host":"5vely6jbi66u1z8q","time":1611392539,"event":{"mods":["2.2 Compatiblity","Act Like it!","Aspiration","BaseMod","Conspire","Downfall","Hermit","Hubris","Infinite Spire","Minty Spire (QoL Compilation)","Shade Mod","Spicy Shops","StSLib","The Construct"],"gold_per_floor":[112,124,135,147,160,191,191,191],"floor_reached":6,"language":"ENG","playtime":863,"items_purged":[],"score":75,"play_id":"693734cd-29f6-4f27-9597-2a11ec690f67","local_time":"20210123040219","daily_mods":["Draft","DeadlyEvents","Elite Swarm"],"is_ascension_mode":false,"campfire_choices":[],"circlet_count":0,"master_deck":["champ:PreciseThrust","champ:BerserkersShout","champ:FocusedBerserking","champ:AdrenalArmor","champ:FanOfKnives","champ:ArenaPreparation","champ:Encircle","champ:CrookedStrike","champ:CalledShot","champ:FaceSlap","champ:BringItOn","champ:EnGarde","champ:AdrenalArmor","champ:DeathBlow","champ:StanceDance","champ:IronFortress","champ:Encircle","champ:HoldFirm"],"relics":["champ:ChampionCrown","Molten Egg 2"],"acts_visited":["Exordium"],"potions_floor_usage":[],"damage_taken":[{"damage":20,"enemies":"Cultist","floor":1,"turns":2},{"damage":47,"enemies":"2 Louse","floor":2,"turns":2},{"damage":50,"enemies":"Small Slimes","floor":3,"turns":3},{"damage":15,"enemies":"2 Fungi Beasts","floor":4,"turns":2},{"damage":44,"enemies":"Blue Slaver","floor":5,"turns":3},{"damage":45,"enemies":"Lagavulin","floor":6,"turns":3}],"seed_played":"4285081280623836977","potions_obtained":[{"floor":1,"key":"LiquidBronze"},{"floor":5,"key":"SteroidPotion"}],"is_trial":true,"path_per_floor":["M","M","M","M","M","E"],"character_chosen":"THE_CHAMP","items_purchased":[],"campfire_rested":0,"item_purchase_floors":[],"current_hp_per_floor":[90,83,83,83,74,74,74,74],"gold":191,"neow_bonus":"","is_daily":false,"chose_seed":false,"campfire_upgraded":0,"win_rate":0.0,"timestamp":1611392539,"path_taken":["M","M","M","M","M","E"],"items_purchased_type":[],"build_version":"2020-12-22","purchased_purges":0,"victory":false,"max_hp_per_floor":[90,90,90,90,90,90,90,90],"card_choices":[{"not_picked":["champ:PerfectedStrike","champ:CrownThrow"],"picked":"champ:PreciseThrust","floor":0},{"not_picked":["champ:DefensiveShout","champ:Parry"],"picked":"champ:BerserkersShout","floor":0},{"not_picked":["champ:FalseCounter","champ:FancyFootwork"],"picked":"champ:FocusedBerserking","floor":0},{"not_picked":["champ:ShieldWall","champ:TornadoPunch"],"picked":"champ:AdrenalArmor","floor":0},{"not_picked":["champ:BladeFlurry","champ:BringItOn"],"picked":"champ:FanOfKnives","floor":0},{"not_picked":["champ:BerserkersShout","champ:CalledShot"],"picked":"champ:ArenaPreparation","floor":0},{"not_picked":["champ:SkillfulDodge","champ:Duel"],"picked":"champ:Encircle","floor":0},{"not_picked":["champ:Lariat","champ:FocusedBerserking"],"picked":"champ:CrookedStrike","floor":0},{"not_picked":["champ:FocusedBerserking","champ:SetATrap"],"picked":"champ:CalledShot","floor":0},{"not_picked":["champ:TornadoPunch","champ:DefensiveShout"],"picked":"champ:FaceSlap","floor":0},{"not_picked":["champ:FlashCut","champ:BladeFlurry"],"picked":"champ:BringItOn","floor":0},{"not_picked":["champ:Circumvent","champ:SetATrap"],"picked":"champ:EnGarde","floor":0},{"not_picked":["champ:TornadoPunch","champ:Parry"],"picked":"champ:AdrenalArmor","floor":0},{"not_picked":["champ:FlashCut","champ:CrownThrow"],"picked":"champ:DeathBlow","floor":0},{"not_picked":["champ:DefensiveShout","champ:Endure"],"picked":"champ:StanceDance","floor":0},{"not_picked":["champ:RisingSlash","champ:FlashCut","champ:GutPunch"],"picked":"SKIP","floor":1},{"not_picked":["champ:TornadoPunch","champ:BerserkersShout","champ:FocusedDefense"],"picked":"SKIP","floor":2},{"not_picked":["champ:CrownThrow","champ:GutPunch","champ:Duel"],"picked":"SKIP","floor":3},{"not_picked":["champ:BringItOn","champ:ShieldWall"],"picked":"champ:IronFortress","floor":4},{"not_picked":["champ:BerserkersShout","champ:CheapShot"],"picked":"champ:Encircle","floor":5},{"not_picked":["champ:IgnorePain","champ:ShieldThrow+1"],"picked":"champ:HoldFirm","floor":6}],"player_experience":117397,"relics_obtained":[{"floor":6,"key":"Molten Egg 2"}],"event_choices":[],"is_beta":false,"boss_relics":[],"items_purged_floors":[],"is_endless":false,"potions_floor_spawned":[1,5],"killed_by":"Lagavulin","ascension_level":0}}