{"host":"aqym1xxr3lb31d9m","time":1611436869,"event":{"mods":["BaseMod","Block Reminder","Colored Map","Colored Powertips","DeckTracker","Highlight Path","Minty Spire (QoL Compilation)","Quick Restart","Random Character Button","StSLib","SuperFastMode","UnlockEverythingMod"],"gold_per_floor":[215,315,335,84,98,98,129,129,129,158,175,175,92,111,111,185,185,196,142,161,161,174,207,207,152,152,152,179,179,198,225,225,303,303,313,313,62,82,101,135,135,167,167,177,10,10,35,55,55,55,55,55,55,28,59,59,59],"floor_reached":56,"language":"JPN","playtime":5940,"items_purged":["Decay"],"score":1931,"play_id":"9a23a372-9f2a-4b40-af92-6c297a33130e","local_time":"20210124062109","is_ascension_mode":true,"campfire_choices":[{"data":"Feed","floor":6.0,"key":"SMITH"},{"data":"Armaments","floor":8.0,"key":"SMITH"},{"data":"Shockwave","floor":12.0,"key":"SMITH"},{"data":"Bash","floor":15.0,"key":"SMITH"},{"data":"Shrug It Off","floor":24.0,"key":"SMITH"},{"floor":29.0,"key":"RECALL"},{"floor":32.0,"key":"REST"},{"floor":41.0,"key":"REST"},{"floor":49,"key":"REST"},{"data":"Demon Form","floor":53,"key":"SMITH"}],"circlet_count":0,"master_deck":["AscendersBane","Strike_R+1","Strike_R+1","Strike_R+1","Strike_R+1","Strike_R+1","Defend_R+1","Defend_R+1","Defend_R+1","Defend_R+1","Bash+1","Shockwave+1","Carnage","Shrug It Off+1","Feed+1","Armaments+1","Dropkick","Rage+1","Shrug It Off+1","Wild Strike","Flex+1","Limit Break+1","Ghostly Armor+1","Shrug It Off+1","Headbutt+1","Combust+1","Power Through+1","Evolve","Wild Strike+1","Thunderclap","Barricade","Flame Barrier+1","Entrench+1","Spot Weakness+1","True Grit+1","Uppercut","Parasite","Pommel Strike+1","Demon Form+1","Bloodletting+1","Writhe","Second Wind+1","Dark Shackles+1","Fire Breathing+1","Body Slam+1"],"relics":["Burning Blood","Bag of Preparation","Mercury Hourglass","Toxic Egg 2","Potion Belt","Cursed Key","Blood Vial","Sundial","Strawberry","Red Mask","Mark of Pain","Membership Card","Art of War","Anchor","Centennial Puzzle","TungstenRod","Lantern"],"acts_visited":["Exordium","TheCity","TheBeyond","TheEnding"],"potions_floor_usage":[48,50,50,56,56,56],"damage_taken":[{"damage":2.0,"enemies":"Cultist","floor":1.0,"turns":4.0},{"damage":4.0,"enemies":"Jaw Worm","floor":3.0,"turns":4.0},{"damage":1.0,"enemies":"Small Slimes","floor":5.0,"turns":4.0},{"damage":24.0,"enemies":"Gremlin Nob","floor":7.0,"turns":4.0},{"damage":16.0,"enemies":"Lagavulin","floor":10.0,"turns":6.0},{"damage":21.0,"enemies":"Exordium Wildlife","floor":11.0,"turns":7.0},{"damage":1.0,"enemies":"2 Fungi Beasts","floor":14.0,"turns":3.0},{"damage":45.0,"enemies":"Slime Boss","floor":16.0,"turns":10.0},{"damage":11.0,"enemies":"2 Thieves","floor":18.0,"turns":4.0},{"damage":6.0,"enemies":"Spheric Guardian","floor":20.0,"turns":3.0},{"damage":31.0,"enemies":"Snecko","floor":22.0,"turns":5.0},{"damage":6.0,"enemies":"Slavers","floor":23.0,"turns":4.0},{"damage":35.0,"enemies":"Book of Stabbing","floor":28.0,"turns":7.0},{"damage":28.0,"enemies":"Sentry and Sphere","floor":30.0,"turns":8.0},{"damage":21.0,"enemies":"Masked Bandits","floor":31.0,"turns":5.0},{"damage":80.0,"enemies":"Automaton","floor":33.0,"turns":12.0},{"damage":14.0,"enemies":"Orb Walker","floor":35.0,"turns":2.0},{"damage":16.0,"enemies":"3 Darklings","floor":38.0,"turns":7.0},{"damage":49.0,"enemies":"Writhing Mass","floor":39.0,"turns":10.0},{"damage":45.0,"enemies":"Reptomancer","floor":40.0,"turns":5.0},{"damage":7.0,"enemies":"Giant Head","floor":42.0,"turns":8.0},{"damage":3.0,"enemies":"4 Shapes","floor":44.0,"turns":8.0},{"damage":11.0,"enemies":"Mind Bloom Boss Battle","floor":47.0,"turns":7.0},{"damage":8,"enemies":"Sphere and 2 Shapes","floor":48,"turns":5},{"damage":63,"enemies":"Time Eater","floor":50,"turns":10},{"damage":57,"enemies":"Awakened One","floor":51,"turns":21},{"damage":93,"enemies":"Shield and Spear","floor":55,"turns":8},{"damage":117,"enemies":"The Heart","floor":56,"turns":6}],"seed_played":"-2681519642572782138","potions_obtained":[{"floor":5.0,"key":"LiquidBronze"},{"floor":7.0,"key":"BlessingOfTheForge"},{"floor":11.0,"key":"SpeedPotion"},{"floor":14.0,"key":"FairyPotion"},{"floor":20.0,"key":"Block Potion"},{"floor":23.0,"key":"Swift Potion"},{"floor":30.0,"key":"BloodPotion"},{"floor":35.0,"key":"Strength Potion"},{"floor":38.0,"key":"EntropicBrew"},{"floor":39.0,"key":"PowerPotion"},{"floor":42.0,"key":"Swift Potion"}],"is_trial":false,"path_per_floor":["M","?","M","$","M","R","E","R","T","E","M","R","$","M","R","B",null,"M","$","M","?","M","E","R","$","T","?","E","R","M","?","R","B",null,"M","?","$","M","M","E","R","E","T","M","$","?","?","M","R","B","B",null,"R","$","E","B"],"character_chosen":"IRONCLAD","items_purchased":["Shrug It Off","Fire Potion","Bag of Preparation","Shrug It Off+1","Wild Strike","Shrug It Off+1","PowerPotion","Membership Card","Spot Weakness+1","True Grit+1","PowerPotion","Second Wind+1","Centennial Puzzle","BloodPotion"],"campfire_rested":3,"item_purchase_floors":[4,4,4,13,13,19,25,37,37,37,37,45,45,54],"current_hp_per_floor":[72,72,74,74,75,75,61,61,61,55,44,44,44,53,53,18,76,71,71,75,75,54,58,58,58,58,58,38,38,22,36,72,45,106,100,100,100,96,59,22,62,67,67,76,76,76,77,77,120,69,20,118,118,118,33,0,0],"gold":59,"neow_bonus":"HUNDRED_GOLD","is_daily":false,"chose_seed":false,"campfire_upgraded":6,"win_rate":0.0,"timestamp":1611436869,"path_taken":["M","?","M","$","M","R","E","R","T","E","M","R","$","M","R","BOSS","M","$","M","?","M","E","R","?","T","?","E","R","?","?","R","BOSS","M","?","$","?","M","E","R","E","T","M","$","?","?","M","R","BOSS","BOSS","R","$","E","BOSS"],"items_purchased_type":["Card","Potion","Relic","Card","Card","Card","Potion","Relic","Card","Card","Potion","Card","Relic","Potion"],"build_version":"2020-12-22","purchased_purges":1,"victory":false,"max_hp_per_floor":[75,75,75,75,75,75,79,79,79,83,87,87,87,91,91,95,95,95,95,99,99,103,107,107,107,107,107,114,114,118,122,122,126,126,126,126,126,130,134,134,134,138,138,142,142,142,146,146,146,150,150,150,150,150,150,150,150],"card_choices":[{"not_picked":["Thunderclap","True Grit"],"picked":"Shockwave","floor":1.0},{"not_picked":["Ghostly Armor","Body Slam"],"picked":"Carnage","floor":3.0},{"not_picked":["Anger","Whirlwind"],"picked":"Feed","floor":5.0},{"not_picked":["Rampage","Havoc"],"picked":"Armaments","floor":7.0},{"not_picked":["Thunderclap","Heavy Blade"],"picked":"Dropkick","floor":10.0},{"not_picked":["Barricade","Armaments+1"],"picked":"Rage+1","floor":11.0},{"not_picked":["Rage+1","Warcry+1"],"picked":"Flex+1","floor":14.0},{"not_picked":["Reaper","Barricade"],"picked":"Limit Break+1","floor":16.0},{"not_picked":["Entrench+1","Anger"],"picked":"Ghostly Armor+1","floor":18.0},{"not_picked":["Infernal Blade+1","Heavy Blade+1"],"picked":"Headbutt+1","floor":20.0},{"not_picked":["Anger+1","Headbutt+1"],"picked":"Combust+1","floor":22.0},{"not_picked":["Clash","Disarm+1"],"picked":"Power Through+1","floor":23.0},{"not_picked":["Metallicize","Warcry+1"],"picked":"Evolve","floor":28.0},{"not_picked":["Cleave+1","Headbutt","Wild Strike+1"],"picked":"SKIP","floor":30.0},{"not_picked":["Cleave+1","Headbutt"],"picked":"Wild Strike+1","floor":30.0},{"not_picked":["Body Slam","Armaments+1"],"picked":"Thunderclap","floor":31.0},{"not_picked":["Impervious+1","Double Tap+1"],"picked":"Barricade","floor":33.0},{"not_picked":["Dropkick","Warcry+1"],"picked":"Flame Barrier+1","floor":35.0},{"not_picked":["Ghostly Armor+1","Body Slam"],"picked":"Uppercut","floor":38.0},{"not_picked":["Armaments+1","Warcry+1"],"picked":"Pommel Strike+1","floor":39.0},{"not_picked":["Entrench+1","Armaments+1"],"picked":"Demon Form","floor":40.0},{"not_picked":["Armaments+1","Headbutt"],"picked":"Bloodletting+1","floor":42.0},{"not_picked":["Anger+1","Pommel Strike","Bloodletting+1"],"picked":"SKIP","floor":44.0},{"not_picked":["Purity+1","Forethought+1"],"picked":"Dark Shackles+1","floor":46.0},{"not_picked":["Cleave+1","Sever Soul"],"picked":"Fire Breathing+1","floor":47.0},{"not_picked":["Searing Blow","Anger+1"],"picked":"Body Slam+1","floor":48},{"not_picked":["Infernal Blade+1","Twin Strike","Bludgeon"],"picked":"SKIP","floor":55}],"player_experience":3994007,"relics_obtained":[{"floor":7.0,"key":"Mercury Hourglass"},{"floor":9.0,"key":"Toxic Egg 2"},{"floor":10.0,"key":"Potion Belt"},{"floor":23.0,"key":"Blood Vial"},{"floor":26.0,"key":"Sundial"},{"floor":28.0,"key":"Strawberry"},{"floor":31.0,"key":"Red Mask"},{"floor":40.0,"key":"Art of War"},{"floor":42.0,"key":"Anchor"},{"floor":47.0,"key":"TungstenRod"},{"floor":55,"key":"Lantern"}],"event_choices":[{"damage_healed":0.0,"max_hp_gain":0.0,"max_hp_loss":0.0,"gold_gain":100.0,"event_name":"Wheel of Change","player_choice":"Gold","floor":2.0,"gold_loss":0.0,"damage_taken":0.0},{"damage_healed":0.0,"max_hp_gain":0.0,"max_hp_loss":0.0,"gold_gain":0.0,"event_name":"Back to Basics","player_choice":"Simplicity","floor":21.0,"gold_loss":0.0,"damage_taken":0.0,"cards_upgraded":["Strike_R","Strike_R","Strike_R","Strike_R","Strike_R","Defend_R","Defend_R","Defend_R","Defend_R"]},{"damage_healed":0.0,"max_hp_gain":0.0,"max_hp_loss":0.0,"gold_gain":0.0,"event_name":"The Mausoleum","player_choice":"Ignored","floor":27.0,"gold_loss":0.0,"damage_taken":0.0},{"damage_healed":0.0,"max_hp_gain":0.0,"max_hp_loss":0.0,"gold_gain":0.0,"event_name":"Masked Bandits","player_choice":"Fought Bandits","floor":31.0,"gold_loss":0.0,"damage_taken":0.0},{"damage_healed":0.0,"max_hp_gain":0.0,"max_hp_loss":0.0,"gold_gain":0.0,"event_name":"Match and Keep!","player_choice":"1 cards matched","floor":36.0,"gold_loss":0.0,"damage_taken":0.0,"cards_obtained":["Entrench"]},{"damage_healed":0.0,"max_hp_gain":0.0,"max_hp_loss":0.0,"gold_gain":0.0,"event_name":"SensoryStone","player_choice":"Memory 1","floor":46.0,"gold_loss":0.0,"damage_taken":0.0},{"damage_healed":0.0,"max_hp_gain":0.0,"max_hp_loss":0.0,"gold_gain":0.0,"event_name":"MindBloom","player_choice":"Fight","floor":47.0,"gold_loss":0.0,"damage_taken":0.0}],"is_beta":false,"boss_relics":[{"not_picked":["SacredBark","Tiny House"],"picked":"Cursed Key"},{"not_picked":["Coffee Dripper","Pandora\u0027s Box"],"picked":"Mark of Pain"}],"items_purged_floors":[45],"is_endless":false,"potions_floor_spawned":[5,7,11,14,20,23,30,35,38,39,42],"killed_by":"The Heart","ascension_level":20}}