{"host":"ydg0vn0pu4pubmdt","time":1611400776,"event":{"mods":["AchievementEnabler","BaseMod","Colored Map","Gold Saver","Minty Spire (QoL Compilation)","Quick Restart","SuperFastMode"],"gold_per_floor":[261,272,285,305,305,339,112,112,159,187,197,227,227,240,240,318,318,329,344,344,25,37,37,69,69,69,69,87,120,120,29,29,106,106,117,117,132,132,29,41,41,74,74,102,9,62,62,81,81,81],"floor_reached":51,"language":"KOR","playtime":1649,"items_purged":["Strike_R","Defend_R"],"score":1660,"play_id":"1de70d36-cebf-41d3-9b94-279c23c3944f","local_time":"20210123201936","is_ascension_mode":true,"campfire_choices":[{"floor":8.0,"key":"REST"},{"data":"Bash","floor":13.0,"key":"SMITH"},{"floor":15.0,"key":"REST"},{"floor":23.0,"key":"REST"},{"data":"Body Slam","floor":27.0,"key":"SMITH"},{"data":"Offering","floor":30.0,"key":"SMITH"},{"data":"Offering","floor":32.0,"key":"SMITH"},{"floor":47,"key":"REST"},{"floor":49,"key":"REST"}],"circlet_count":0,"master_deck":["AscendersBane","Bash+1","Immolate","Seeing Red+1","Second Wind+1","Body Slam+1","Offering+1","Body Slam+1","Offering+1","CurseOfTheBell","Shockwave","Bite+1","Bite+1","Bite+1","Bite+1","Bite+1","Ghostly Armor","Impervious","Bloodletting+1","Iron Wave+1","Iron Wave+1","Blood for Blood+1","Warcry+1","Offering","Chrysalis","Shrug It Off","Havoc+1"],"relics":["Burning Blood","Matryoshka","Molten Egg 2","War Paint","Dead Branch","StrikeDummy","Calling Bell","Smiling Mask","Pantograph","Magic Flower","Membership Card","Regal Pillow","Blood Vial","PreservedInsect","Paper Frog","CaptainsWheel","Happy Flower","Astrolabe","Lantern","Dream Catcher","Pear","Question Card","Bird Faced Urn"],"acts_visited":["Exordium","TheCity","TheBeyond"],"potions_floor_usage":[33,33,50],"damage_taken":[{"damage":7.0,"enemies":"Cultist","floor":1.0,"turns":4.0},{"damage":7.0,"enemies":"Jaw Worm","floor":2.0,"turns":3.0},{"damage":9.0,"enemies":"Small Slimes","floor":3.0,"turns":3.0},{"damage":0.0,"enemies":"2 Fungi Beasts","floor":4.0,"turns":2.0},{"damage":52.0,"enemies":"Gremlin Nob","floor":6.0,"turns":5.0},{"damage":16.0,"enemies":"Lagavulin","floor":10.0,"turns":5.0},{"damage":6.0,"enemies":"Exordium Thugs","floor":11.0,"turns":2.0},{"damage":6.0,"enemies":"Gremlin Nob","floor":12.0,"turns":2.0},{"damage":16.0,"enemies":"Gremlin Gang","floor":14.0,"turns":2.0},{"damage":42.0,"enemies":"The Guardian","floor":16.0,"turns":8.0},{"damage":23.0,"enemies":"Shell Parasite","floor":18.0,"turns":2.0},{"damage":30.0,"enemies":"3 Byrds","floor":19.0,"turns":5.0},{"damage":30.0,"enemies":"Snake Plant","floor":22.0,"turns":2.0},{"damage":28.0,"enemies":"Book of Stabbing","floor":24.0,"turns":3.0},{"damage":15.0,"enemies":"Snecko","floor":28.0,"turns":4.0},{"damage":30.0,"enemies":"Gremlin Leader","floor":29.0,"turns":3.0},{"damage":29,"enemies":"Champ","floor":33,"turns":4},{"damage":70,"enemies":"3 Darklings","floor":35,"turns":9},{"damage":15,"enemies":"Orb Walker","floor":37,"turns":1},{"damage":15,"enemies":"Sphere and 2 Shapes","floor":40,"turns":1},{"damage":6,"enemies":"Nemesis","floor":42,"turns":5},{"damage":21,"enemies":"Giant Head","floor":44,"turns":2},{"damage":48,"enemies":"2 Orb Walkers","floor":46,"turns":4},{"damage":21,"enemies":"Spire Growth","floor":48,"turns":1},{"damage":89,"enemies":"Donu and Deca","floor":50,"turns":8}],"seed_played":"-3415534814494722221","potions_obtained":[{"floor":1.0,"key":"Block Potion"},{"floor":6.0,"key":"CultistPotion"},{"floor":11.0,"key":"DuplicationPotion"},{"floor":16.0,"key":"Energy Potion"},{"floor":18.0,"key":"EssenceOfSteel"},{"floor":19.0,"key":"LiquidMemories"},{"floor":22.0,"key":"AttackPotion"},{"floor":33,"key":"GamblersBrew"},{"floor":37,"key":"Strength Potion"},{"floor":44,"key":"BlessingOfTheForge"},{"floor":48,"key":"LiquidMemories"}],"is_trial":false,"path_per_floor":["M","M","M","M","?","E","$","R","T","E","M","E","R","M","R","B",null,"M","M","?","$","M","R","E","?","T","R","M","E","R","?","R","B",null,"M","?","M","?","$","M","?","E","T","E","$","?","R","M","R","B",null],"character_chosen":"IRONCLAD","items_purchased":["Offering","Membership Card","Regal Pillow","Ghostly Armor","Lantern","Blood for Blood+1","Chrysalis"],"campfire_rested":5,"item_purchase_floors":[7,21,21,21,39,39,45],"current_hp_per_floor":[67,66,63,69,69,23,23,45,45,35,35,35,35,25,47,11,59,45,24,24,24,23,52,52,52,52,52,52,41,41,41,41,47,51,35,35,37,37,37,49,49,49,59,58,58,45,59,53,59,38],"gold":81,"neow_bonus":"ONE_RANDOM_RARE_CARD","is_daily":false,"chose_seed":false,"campfire_upgraded":4,"win_rate":0.0,"timestamp":1611400776,"path_taken":["M","M","?","M","?","E","?","R","T","E","?","E","R","M","R","BOSS","M","M","?","$","M","R","E","?","T","R","M","E","R","?","R","BOSS","M","?","?","?","$","M","?","E","T","E","$","?","R","M","R","BOSS"],"items_purchased_type":["Card","Relic","Relic","Card","Relic","Card","Card"],"build_version":"2020-12-22","purchased_purges":2,"victory":true,"max_hp_per_floor":[75,75,75,75,75,75,75,75,75,75,75,75,75,75,75,75,75,75,75,52,52,52,52,52,52,52,52,52,52,52,52,52,52,52,52,52,52,49,49,49,49,49,59,59,59,59,59,59,59,59],"card_choices":[{"not_picked":["Wild Strike","Flex"],"picked":"Seeing Red","floor":1.0},{"not_picked":["Combust","Reckless Charge","True Grit"],"picked":"SKIP","floor":2.0},{"not_picked":["True Grit","Clothesline","Twin Strike"],"picked":"SKIP","floor":3.0},{"not_picked":["Power Through","Inflame"],"picked":"Second Wind","floor":4.0},{"not_picked":["Twin Strike","Flex"],"picked":"Body Slam","floor":6.0},{"not_picked":["Whirlwind+1","Bludgeon+1","Clash+1"],"picked":"SKIP","floor":10.0},{"not_picked":["Pommel Strike+1","Iron Wave+1","Clash+1"],"picked":"SKIP","floor":11.0},{"not_picked":["Fiend Fire+1","Bloodletting"],"picked":"Body Slam+1","floor":12.0},{"not_picked":["Twin Strike+1","Iron Wave+1","Wild Strike+1"],"picked":"SKIP","floor":14.0},{"not_picked":["Bludgeon+1","Impervious"],"picked":"Offering","floor":16.0},{"not_picked":["Havoc","Hemokinesis+1","Anger+1"],"picked":"SKIP","floor":18.0},{"not_picked":["Sever Soul+1","Thunderclap+1"],"picked":"Shockwave","floor":19.0},{"not_picked":["Second Wind","Entrench","Infernal Blade"],"picked":"SKIP","floor":22.0},{"not_picked":["Searing Blow+1","Limit Break","Havoc"],"picked":"SKIP","floor":24.0},{"not_picked":["Metallicize","Pommel Strike+1","Cleave+1"],"picked":"SKIP","floor":28.0},{"not_picked":["Pummel+1","Fire Breathing","Perfected Strike+1"],"picked":"SKIP","floor":29.0},{"not_picked":["Exhume","Double Tap"],"picked":"Impervious","floor":33},{"not_picked":["Iron Wave+1","Cleave+1","Pummel+1"],"picked":"SKIP","floor":35},{"not_picked":["Headbutt+1","Clash+1","Armaments"],"picked":"SKIP","floor":37},{"not_picked":["Warcry+1","True Grit+1","Inflame"],"picked":"SKIP","floor":40},{"not_picked":["True Grit+1","Inflame"],"picked":"Warcry+1","floor":40},{"not_picked":["Reckless Charge+1","True Grit"],"picked":"Offering","floor":42},{"not_picked":["Reckless Charge+1","Uppercut+1","Pommel Strike+1"],"picked":"SKIP","floor":44},{"not_picked":["Reckless Charge+1","Sword Boomerang+1","Disarm+1"],"picked":"Shrug It Off","floor":47},{"not_picked":["Fire Breathing+1","Anger+1","Clothesline+1","Rage"],"picked":"SKIP","floor":48},{"not_picked":["Wild Strike+1","Clash+1","Bloodletting"],"picked":"Havoc+1","floor":49}],"player_experience":560081,"relics_obtained":[{"floor":6.0,"key":"Matryoshka"},{"floor":9.0,"key":"Molten Egg 2"},{"floor":9.0,"key":"War Paint"},{"floor":10.0,"key":"Dead Branch"},{"floor":12.0,"key":"StrikeDummy"},{"floor":17.0,"key":"Smiling Mask"},{"floor":17.0,"key":"Pantograph"},{"floor":17.0,"key":"Magic Flower"},{"floor":24.0,"key":"Blood Vial"},{"floor":26.0,"key":"PreservedInsect"},{"floor":26.0,"key":"Paper Frog"},{"floor":29.0,"key":"CaptainsWheel"},{"floor":42,"key":"Dream Catcher"},{"floor":43,"key":"Pear"},{"floor":44,"key":"Question Card"},{"floor":46,"key":"Bird Faced Urn"}],"event_choices":[{"damage_healed":0.0,"max_hp_gain":0.0,"max_hp_loss":0.0,"gold_gain":0.0,"event_name":"Match and Keep!","player_choice":"1 cards matched","floor":5.0,"gold_loss":0.0,"damage_taken":0.0,"cards_obtained":["Double Tap"]},{"damage_healed":0.0,"max_hp_gain":0.0,"max_hp_loss":23.0,"gold_gain":0.0,"event_name":"Vampires","player_choice":"Became a vampire","floor":20.0,"gold_loss":0.0,"damage_taken":0.0,"cards_obtained":["Bite","Bite","Bite","Bite","Bite"]},{"damage_healed":0.0,"max_hp_gain":0.0,"max_hp_loss":0.0,"gold_gain":0.0,"event_name":"WeMeetAgain","player_choice":"Paid Gold","floor":31.0,"gold_loss":91.0,"damage_taken":0.0,"relics_obtained":["Happy Flower"]},{"damage_healed":0,"gold_gain":0,"player_choice":"Upgraded","damage_taken":0,"max_hp_gain":0,"max_hp_loss":0,"event_name":"Upgrade Shrine","floor":36,"gold_loss":0,"cards_upgraded":["Second Wind"]},{"damage_healed":0,"gold_gain":0,"player_choice":"Max HP","damage_taken":0,"max_hp_gain":0,"max_hp_loss":3,"event_name":"Winding Halls","floor":38,"gold_loss":0},{"cards_removed":["Defend_R"],"damage_healed":0,"gold_gain":0,"player_choice":"Removed Skill","damage_taken":0,"max_hp_gain":0,"max_hp_loss":0,"event_name":"Falling","floor":41,"gold_loss":0},{"damage_healed":0,"gold_gain":0,"player_choice":"Fight","damage_taken":0,"max_hp_gain":0,"max_hp_loss":0,"event_name":"Mysterious Sphere","floor":46,"gold_loss":0}],"is_beta":false,"boss_relics":[{"not_picked":["Mark of Pain","SacredBark"],"picked":"Calling Bell"},{"not_picked":["Busted Crown","Philosopher\u0027s Stone"],"picked":"Astrolabe"}],"items_purged_floors":[7,21],"is_endless":false,"potions_floor_spawned":[1,6,11,16,18,19,22,24,33,37,44,48],"ascension_level":19}}