{"host":"bg8va46pgqgvtzim","time":1611380984,"event":{"mods":["BaseMod","Minty Spire (QoL Compilation)","Quick Restart","StSLib","SuperFastMode"],"gold_per_floor":[109,122,136,148,168,196,196,229,252,252,252,252,327,360,360,465,465,483,483,499,512,526,526,557,573,597,613,626,660,660,506,506,603,603,618,618,629,629,644,659,659,674,699,455,466,466,495,505,505,505,505,505,5,5,5],"floor_reached":54,"language":"ZHS","playtime":1205,"items_purged":["Defend_R","Parasite"],"score":743,"play_id":"742c9ec3-c180-4a3f-85a1-d663fd69239a","local_time":"20210123134944","is_ascension_mode":true,"campfire_choices":[{"data":"Armaments","floor":7.0,"key":"SMITH"},{"data":"True Grit","floor":11.0,"key":"SMITH"},{"data":"Shockwave","floor":15.0,"key":"SMITH"},{"data":"Body Slam","floor":23.0,"key":"SMITH"},{"data":"Immolate","floor":30.0,"key":"SMITH"},{"floor":32.0,"key":"REST"},{"data":"Fire Breathing","floor":41.0,"key":"SMITH"},{"data":"Feel No Pain","floor":46.0,"key":"SMITH"},{"floor":49.0,"key":"RECALL"},{"data":"Sentinel","floor":52.0,"key":"SMITH"}],"circlet_count":0,"master_deck":["Body Slam+1","Armaments+1","Blood for Blood","Shockwave+1","True Grit+1","Second Wind+1","Combust+1","Burning Pact+1","Sentinel+1","Fire Breathing+1","Immolate+1","Disarm","Feel No Pain","Double Tap","Shrug It Off+1","Feel No Pain+1","Rage+1","Flame Barrier","Reckless Charge"],"relics":["Burning Blood","Blue Candle","Nunchaku","Bronze Scales","Astrolabe","Anchor","Vajra","Mercury Hourglass","Empty Cage","Potion Belt","Medical Kit","MealTicket","Lantern","OrangePellets"],"acts_visited":["Exordium","TheCity","TheBeyond","TheEnding"],"potions_floor_usage":[54],"damage_taken":[{"damage":1.0,"enemies":"2 Louse","floor":1.0,"turns":3.0},{"damage":3.0,"enemies":"Small Slimes","floor":2.0,"turns":4.0},{"damage":6.0,"enemies":"Jaw Worm","floor":3.0,"turns":4.0},{"damage":4.0,"enemies":"Blue Slaver","floor":4.0,"turns":4.0},{"damage":0.0,"enemies":"3 Louse","floor":5.0,"turns":3.0},{"damage":16.0,"enemies":"3 Sentries","floor":6.0,"turns":10.0},{"damage":19.0,"enemies":"Gremlin Nob","floor":8.0,"turns":4.0},{"damage":4.0,"enemies":"Lagavulin","floor":14.0,"turns":6.0},{"damage":2.0,"enemies":"Hexaghost","floor":16.0,"turns":9.0},{"damage":10.0,"enemies":"Shell Parasite","floor":18.0,"turns":4.0},{"damage":5.0,"enemies":"2 Thieves","floor":20.0,"turns":3.0},{"damage":5.0,"enemies":"Chosen and Byrds","floor":21.0,"turns":7.0},{"damage":7.0,"enemies":"Snake Plant","floor":22.0,"turns":4.0},{"damage":41.0,"enemies":"Slavers","floor":24.0,"turns":5.0},{"damage":7.0,"enemies":"Centurion and Healer","floor":25.0,"turns":7.0},{"damage":4.0,"enemies":"Cultist and Chosen","floor":27.0,"turns":5.0},{"damage":3.0,"enemies":"Shelled Parasite and Fungi","floor":28.0,"turns":4.0},{"damage":14.0,"enemies":"Gremlin Leader","floor":29.0,"turns":5.0},{"damage":13.0,"enemies":"Collector","floor":33.0,"turns":9.0},{"damage":0.0,"enemies":"3 Shapes","floor":35.0,"turns":1.0},{"damage":2.0,"enemies":"Orb Walker","floor":37.0,"turns":3.0},{"damage":12.0,"enemies":"Writhing Mass","floor":39.0,"turns":6.0},{"damage":11.0,"enemies":"Spire Growth","floor":40.0,"turns":4.0},{"damage":0.0,"enemies":"4 Shapes","floor":42.0,"turns":1.0},{"damage":12.0,"enemies":"Transient","floor":45.0,"turns":5.0},{"damage":18.0,"enemies":"Reptomancer","floor":47.0,"turns":6.0},{"damage":0.0,"enemies":"Jaw Worm Horde","floor":48.0,"turns":1.0},{"damage":51.0,"enemies":"Awakened One","floor":50.0,"turns":10.0},{"damage":74,"enemies":"Shield and Spear","floor":54,"turns":6}],"seed_played":"8565765855805008013","potions_obtained":[{"floor":2.0,"key":"DistilledChaos"},{"floor":3.0,"key":"Dexterity Potion"},{"floor":5.0,"key":"LiquidMemories"},{"floor":6.0,"key":"BlessingOfTheForge"},{"floor":16.0,"key":"EssenceOfSteel"},{"floor":21.0,"key":"PowerPotion"},{"floor":28.0,"key":"Regen Potion"},{"floor":47.0,"key":"EssenceOfSteel"},{"floor":48.0,"key":"BlessingOfTheForge"}],"is_trial":false,"path_per_floor":["M","M","M","M","M","E","R","E","T","?","R","?","?","E","R","B",null,"M","?","M","M","M","R","E","M","T","M","M","E","R","$","R","B",null,"M","?","M","?","M","M","R","M","T","$","M","R","E","M","R","B",null,"R","$","E"],"character_chosen":"IRONCLAD","items_purchased":["Feel No Pain","Medical Kit","Flame Barrier","Lantern","OrangePellets","Dexterity Potion","Reckless Charge"],"campfire_rested":1,"item_purchase_floors":[31,44,53,53,53,53,53],"current_hp_per_floor":[72,72,72,72,72,62,62,49,49,42,42,28,17,19,19,23,72,68,68,69,70,69,69,34,33,33,35,38,30,30,30,51,44,72,72,72,72,72,66,61,61,67,67,67,61,61,49,55,55,10,69,69,69,0,0],"gold":5,"neow_bonus":"REMOVE_TWO","is_daily":false,"chose_seed":false,"campfire_upgraded":8,"win_rate":0.0,"timestamp":1611380984,"path_taken":["M","M","M","M","M","E","R","E","T","?","R","?","?","E","R","BOSS","M","?","M","M","M","R","E","M","T","M","M","E","R","$","R","BOSS","M","?","M","?","M","?","R","M","T","$","M","R","E","M","R","BOSS","R","$","E"],"items_purchased_type":["Card","Relic","Card","Relic","Relic","Potion","Card"],"build_version":"2020-12-22","purchased_purges":2,"victory":false,"max_hp_per_floor":[72,72,72,72,72,72,72,72,72,72,72,72,72,72,72,72,72,72,72,72,72,72,72,72,72,72,72,72,72,72,72,72,72,72,72,72,72,72,72,72,72,72,72,69,69,69,69,69,69,69,69,69,69,69,69],"card_choices":[{"not_picked":["Thunderclap","Havoc"],"picked":"Body Slam","floor":1.0},{"not_picked":["Body Slam","Anger"],"picked":"Armaments","floor":2.0},{"not_picked":["Armaments","Blood for Blood","Warcry"],"picked":"SKIP","floor":3.0},{"not_picked":["Armaments","Warcry"],"picked":"Blood for Blood","floor":3.0},{"not_picked":["Rupture","Searing Blow","Whirlwind"],"picked":"SKIP","floor":4.0},{"not_picked":["Flex","Headbutt"],"picked":"Shockwave","floor":5.0},{"not_picked":["Sentinel","Body Slam"],"picked":"True Grit","floor":6.0},{"not_picked":["Bludgeon","Twin Strike","Spot Weakness"],"picked":"SKIP","floor":8.0},{"not_picked":["Berserk","Blood for Blood","Rupture"],"picked":"SKIP","floor":14.0},{"not_picked":["Body Slam+1","Cleave"],"picked":"Sentinel","floor":18.0},{"not_picked":["Headbutt","Infernal Blade+1","Thunderclap"],"picked":"SKIP","floor":20.0},{"not_picked":["Iron Wave","Brutality"],"picked":"Fire Breathing","floor":21.0},{"not_picked":["Ghostly Armor+1","Sentinel","Clash"],"picked":"SKIP","floor":22.0},{"not_picked":["Warcry","Pommel Strike","Clash"],"picked":"SKIP","floor":24.0},{"not_picked":["True Grit+1","Flex"],"picked":"Immolate","floor":25.0},{"not_picked":["Fire Breathing","Searing Blow","Cleave"],"picked":"SKIP","floor":27.0},{"not_picked":["Iron Wave+1","Sentinel"],"picked":"Disarm","floor":28.0},{"not_picked":["Combust+1","Iron Wave","Armaments"],"picked":"SKIP","floor":29.0},{"not_picked":["Feed","Limit Break"],"picked":"Double Tap","floor":33.0},{"not_picked":["True Grit+1","Body Slam+1","Hemokinesis+1"],"picked":"SKIP","floor":35.0},{"not_picked":["Havoc","Armaments","Headbutt+1"],"picked":"SKIP","floor":37.0},{"not_picked":["Pummel+1","Heavy Blade+1","Anger+1"],"picked":"SKIP","floor":39.0},{"not_picked":["Feed","Disarm"],"picked":"Shrug It Off+1","floor":40.0},{"not_picked":["Clash+1","Warcry","Second Wind"],"picked":"SKIP","floor":42.0},{"not_picked":["Havoc+1","Iron Wave+1"],"picked":"Feel No Pain","floor":45.0},{"not_picked":["Juggernaut","Shrug It Off+1","Clothesline+1"],"picked":"SKIP","floor":47.0},{"not_picked":["True Grit","Clothesline+1"],"picked":"Rage+1","floor":48.0}],"player_experience":2308571,"relics_obtained":[{"floor":6.0,"key":"Blue Candle"},{"floor":8.0,"key":"Nunchaku"},{"floor":14.0,"key":"Bronze Scales"},{"floor":24.0,"key":"Anchor"},{"floor":26.0,"key":"Vajra"},{"floor":29.0,"key":"Mercury Hourglass"},{"floor":43.0,"key":"Potion Belt"},{"floor":47.0,"key":"MealTicket"}],"event_choices":[{"cards_removed":["Strike_R"],"damage_healed":0.0,"max_hp_gain":0.0,"max_hp_loss":0.0,"gold_gain":0.0,"event_name":"Golden Wing","player_choice":"Card Removal","floor":10.0,"gold_loss":0.0,"damage_taken":7.0},{"damage_healed":0.0,"max_hp_gain":0.0,"max_hp_loss":0.0,"gold_gain":0.0,"event_name":"Shining Light","player_choice":"Entered Light","floor":12.0,"gold_loss":0.0,"damage_taken":14.0,"cards_upgraded":["Strike_R","Defend_R"]},{"damage_healed":0.0,"max_hp_gain":0.0,"max_hp_loss":0.0,"gold_gain":75.0,"event_name":"World of Goop","player_choice":"Gather Gold","floor":13.0,"gold_loss":0.0,"damage_taken":11.0},{"damage_healed":0.0,"max_hp_gain":0.0,"max_hp_loss":0.0,"gold_gain":0.0,"event_name":"The Mausoleum","player_choice":"Ignored","floor":19.0,"gold_loss":0.0,"damage_taken":0.0},{"damage_healed":0.0,"max_hp_gain":0.0,"max_hp_loss":0.0,"gold_gain":0.0,"event_name":"Tomb of Lord Red Mask","player_choice":"Ignored","floor":36.0,"gold_loss":0.0,"damage_taken":0.0},{"cards_removed":["Defend_R"],"damage_healed":0.0,"max_hp_gain":0.0,"max_hp_loss":0.0,"gold_gain":0.0,"event_name":"Purifier","player_choice":"Purged","floor":38.0,"gold_loss":0.0,"damage_taken":0.0}],"is_beta":false,"boss_relics":[{"not_picked":["Cursed Key","Tiny House"],"picked":"Astrolabe"},{"not_picked":["Pandora\u0027s Box","Sozu"],"picked":"Empty Cage"}],"items_purged_floors":[31,44],"is_endless":false,"potions_floor_spawned":[2,3,5,6,16,21,22,28,29,33,47,48],"killed_by":"Shield and Spear","ascension_level":1}}