{"host":"4qkvkh7pd9qr2mca","time":1611446283,"event":{"mods":["AchievementEnabler","Act Like it!","BaseMod","Colored Map","Colored Powertips","Highlight Path","Minty Spire (QoL Compilation)","Pale of the Ancients","Permanent Neow","Quick Restart","Relic Stats","StSLib","SuperFastMode"],"gold_per_floor":[13,28,39,39,39,39,66,66,114,143,143,187,242,282,282,282,282],"floor_reached":16,"language":"ENG","playtime":440,"items_purged":[],"score":236,"play_id":"4bd9b852-b28b-454d-a251-7a58c0615acc","local_time":"20210124005803","is_ascension_mode":true,"campfire_choices":[{"data":"Fission","floor":6,"key":"SMITH"},{"floor":8,"key":"REST"},{"floor":11,"key":"REST"},{"floor":15,"key":"REST"}],"circlet_count":0,"master_deck":["AscendersBane","Strike_B","Strike_B","Defend_B","Defend_B","Defend_B","Defend_B","Zap","Dualcast","Ball Lightning","Fission+1","Static Discharge","Loop","Defragment","White Noise","Melter","Conserve Battery"],"relics":["Cracked Core","Emotion Chip","Omamori","CeramicFish","Blood Vial","Potion Belt","Kunai"],"acts_visited":["Exordium"],"potions_floor_usage":[],"damage_taken":[{"damage":14,"enemies":"Small Slimes","floor":1,"turns":4},{"damage":0,"enemies":"2 Louse","floor":2,"turns":2},{"damage":0,"enemies":"Cultist","floor":3,"turns":3},{"damage":20,"enemies":"Lagavulin","floor":7,"turns":5},{"damage":17,"enemies":"Exordium Thugs","floor":10,"turns":4},{"damage":25,"enemies":"3 Sentries","floor":12,"turns":5},{"damage":20,"enemies":"Lagavulin","floor":14,"turns":5},{"damage":30,"enemies":"Slime Boss","floor":16,"turns":4}],"seed_played":"7576569413900905347","potions_obtained":[{"floor":2,"key":"LiquidBronze"},{"floor":7,"key":"Explosive Potion"}],"is_trial":false,"path_per_floor":["M","M","M","?","?","R","E","R","T","M","R","E","T","E","R","B"],"character_chosen":"DEFECT","items_purchased":[],"campfire_rested":3,"item_purchase_floors":[],"current_hp_per_floor":[50,50,50,43,43,43,23,44,44,27,48,23,23,5,26,0,0],"gold":282,"neow_bonus":"ONE_RARE_RELIC","is_daily":false,"chose_seed":false,"campfire_upgraded":1,"win_rate":0.0,"timestamp":1611446283,"path_taken":["M","M","M","?","?","R","E","R","T","?","R","E","?","E","R","BOSS"],"items_purchased_type":[],"build_version":"2020-12-22","purchased_purges":0,"victory":false,"max_hp_per_floor":[71,71,71,71,71,71,71,71,71,71,71,71,71,71,71,71,71],"relic_stats":{"Blood Vial":4,"Emotion Chip":[18,18,0,0,0],"counters":[8,31],"CeramicFish":27,"Kunai":[1],"obtain_stats":[{"Blood Vial":12,"Potion Belt":13,"Emotion Chip":0,"CeramicFish":9,"Omamori":7,"Kunai":14,"Cracked Core":0},{"Blood Vial":6,"Potion Belt":6,"Emotion Chip":0,"CeramicFish":4,"Omamori":4,"Kunai":7,"Cracked Core":0},{"Blood Vial":22,"Potion Belt":22,"Emotion Chip":0,"CeramicFish":14,"Omamori":14,"Kunai":27,"Cracked Core":0}]},"card_choices":[{"not_picked":["Hologram","Gash"],"picked":"Ball Lightning","floor":1},{"not_picked":["Ball Lightning","Consume"],"picked":"Fission","floor":2},{"not_picked":["Leap","Force Field"],"picked":"Static Discharge","floor":3},{"not_picked":["Reprogram","Coolheaded"],"picked":"Defragment","floor":7},{"not_picked":["Storm","Hologram"],"picked":"White Noise","floor":10},{"not_picked":["Beam Cell","Redo"],"picked":"Melter","floor":12},{"not_picked":["Hologram","Reprogram"],"picked":"Conserve Battery","floor":14}],"player_experience":582302,"relics_obtained":[{"floor":7,"key":"Omamori"},{"floor":9,"key":"CeramicFish"},{"floor":12,"key":"Blood Vial"},{"floor":13,"key":"Potion Belt"},{"floor":14,"key":"Kunai"}],"event_choices":[{"cards_removed":["Strike_B"],"damage_healed":0,"gold_gain":0,"player_choice":"Card Removal","damage_taken":7,"max_hp_gain":0,"max_hp_loss":0,"event_name":"Golden Wing","floor":4,"gold_loss":0},{"damage_healed":0,"gold_gain":0,"cards_transformed":["Strike_B"],"player_choice":"Transformed","damage_taken":0,"max_hp_gain":0,"max_hp_loss":0,"event_name":"Transmorgrifier","floor":5,"gold_loss":0,"cards_obtained":["Loop"]}],"is_beta":false,"boss_relics":[],"items_purged_floors":[],"is_endless":false,"potions_floor_spawned":[2,7,10,12],"killed_by":"Slime Boss","ascension_level":20}}