{"host":"5p9hybygolzp0efr","time":1611369485,"event":{"mods":["AchievementEnabler","BaseMod","Bestiary","Colored Map","Googly Eyes","Minty Spire (QoL Compilation)","Permanent Neow","Relic Stats"],"gold_per_floor":[111,129,142,142,152,186,186,186,186,201,219,246,261,275,275,378,378,397,410,410,335,351,385,385,385,385,400,425,425,435,448,448,544,544,559,569,569,586,586,618,618,618,691,701,711,725,754,770,770,770,770,770,62,93,93],"floor_reached":56,"language":"ENG","playtime":3248,"items_purged":["Strike_G","Pain"],"score":1242,"play_id":"66516f32-821d-4ab6-af99-7d7a8be285cd","local_time":"20210123103805","is_ascension_mode":false,"campfire_choices":[{"floor":7.0,"key":"REST"},{"floor":15.0,"key":"RECALL"},{"floor":24.0,"key":"REST"},{"floor":29.0,"key":"REST"},{"floor":32.0,"key":"REST"},{"floor":42.0,"key":"REST"},{"floor":49.0,"key":"REST"},{"floor":52.0,"key":"REST"}],"circlet_count":0,"master_deck":["Strike_G","Strike_G","Strike_G","Strike_G+1","Defend_G","Defend_G","Defend_G","Defend_G","Survivor","Crippling Poison","Backflip","Dagger Spray","Bane+1","Bouncing Flask","Footwork","After Image","Corpse Explosion","Predator+1","Slice","Catalyst","Deadly Poison+1","Parasite","Deadly Poison+1","Backflip+1","PiercingWail","Outmaneuver+1","Blur+1","Catalyst","Noxious Fumes+1","Purity"],"relics":["Fusion Hammer","Lizard Tail","CaptainsWheel","Oddly Smooth Stone","Pantograph","Snecko Eye","Pen Nib","HornCleat","Cursed Key","Frozen Egg 2","Darkstone Periapt","Prayer Wheel","Snake Skull","OrangePellets","Whetstone"],"acts_visited":["Exordium","TheCity","TheBeyond","TheEnding"],"potions_floor_usage":[55],"damage_taken":[{"damage":2.0,"enemies":"Small Slimes","floor":1.0,"turns":4.0},{"damage":0.0,"enemies":"Jaw Worm","floor":2.0,"turns":4.0},{"damage":0.0,"enemies":"Cultist","floor":3.0,"turns":3.0},{"damage":5.0,"enemies":"2 Fungi Beasts","floor":5.0,"turns":3.0},{"damage":26.0,"enemies":"Lagavulin","floor":6.0,"turns":7.0},{"damage":6.0,"enemies":"Blue Slaver","floor":10.0,"turns":3.0},{"damage":0.0,"enemies":"Exordium Wildlife","floor":11.0,"turns":4.0},{"damage":20.0,"enemies":"Gremlin Nob","floor":12.0,"turns":5.0},{"damage":0.0,"enemies":"Looter","floor":13.0,"turns":3.0},{"damage":1.0,"enemies":"2 Fungi Beasts","floor":14.0,"turns":3.0},{"damage":20.0,"enemies":"The Guardian","floor":16.0,"turns":12.0},{"damage":0.0,"enemies":"Spheric Guardian","floor":18.0,"turns":3.0},{"damage":4.0,"enemies":"Chosen","floor":19.0,"turns":4.0},{"damage":8.0,"enemies":"Snecko","floor":22.0,"turns":5.0},{"damage":8.0,"enemies":"Book of Stabbing","floor":23.0,"turns":5.0},{"damage":0.0,"enemies":"Centurion and Healer","floor":27.0,"turns":2.0},{"damage":15.0,"enemies":"Slavers","floor":28.0,"turns":4.0},{"damage":0.0,"enemies":"3 Cultists","floor":30.0,"turns":3.0},{"damage":10.0,"enemies":"Snake Plant","floor":31.0,"turns":4.0},{"damage":38.0,"enemies":"Collector","floor":33.0,"turns":7.0},{"damage":6.0,"enemies":"Orb Walker","floor":35.0,"turns":3.0},{"damage":0.0,"enemies":"3 Shapes","floor":36.0,"turns":4.0},{"damage":0.0,"enemies":"Writhing Mass","floor":38.0,"turns":4.0},{"damage":45.0,"enemies":"Nemesis","floor":40.0,"turns":7.0},{"damage":16.0,"enemies":"Jaw Worm Horde","floor":44.0,"turns":4.0},{"damage":15.0,"enemies":"Spire Growth","floor":45.0,"turns":4.0},{"damage":5.0,"enemies":"Sphere and 2 Shapes","floor":46.0,"turns":5.0},{"damage":20.0,"enemies":"Reptomancer","floor":47.0,"turns":6.0},{"damage":0.0,"enemies":"Jaw Worm Horde","floor":48.0,"turns":2.0},{"damage":49.0,"enemies":"Donu and Deca","floor":50.0,"turns":7.0},{"damage":4.0,"enemies":"Shield and Spear","floor":54.0,"turns":4.0},{"damage":127,"enemies":"The Heart","floor":55,"turns":11}],"seed_played":"-1168062083965387047","potions_obtained":[{"floor":1.0,"key":"Block Potion"},{"floor":3.0,"key":"Regen Potion"},{"floor":5.0,"key":"Block Potion"},{"floor":18.0,"key":"Fire Potion"},{"floor":33.0,"key":"Weak Potion"},{"floor":40.0,"key":"CunningPotion"},{"floor":46.0,"key":"Regen Potion"},{"floor":48.0,"key":"FairyPotion"}],"is_trial":false,"path_per_floor":["M","M","M","?","M","E","R","T","T","M","M","E","M","M","R","B",null,"M","M","?","$","M","E","R","?","T","M","E","R","M","M","R","B",null,"M","M","?","M","?","E","T","R","T","M","M","M","E","M","R","B",null,"R","$","E","B",null],"character_chosen":"THE_SILENT","items_purchased":["Snake Skull","Catalyst","Noxious Fumes+1","OrangePellets","PowerPotion","Fire Potion","Purity"],"campfire_rested":7,"item_purchase_floors":[53,53,53,53,53,53,53],"current_hp_per_floor":[68,68,68,73,68,42,64,64,64,58,58,38,38,37,37,42,75,75,71,57,57,49,41,65,65,65,65,50,74,74,64,80,42,80,74,74,74,74,74,29,29,53,53,37,22,32,27,27,51,27,80,80,80,76,18],"gold":93,"neow_bonus":"BOSS_RELIC","is_daily":false,"chose_seed":false,"campfire_upgraded":0,"win_rate":0.0,"timestamp":1611369485,"path_taken":["M","M","M","?","M","E","R","?","T","M","M","E","M","M","R","BOSS","M","M","?","$","M","E","R","?","T","M","E","R","M","M","R","BOSS","M","?","?","M","?","E","?","R","T","M","?","M","E","M","R","BOSS","R","$","E","BOSS"],"items_purchased_type":["Relic","Card","Card","Relic","Potion","Potion","Card"],"build_version":"2020-12-22","purchased_purges":2,"victory":true,"max_hp_per_floor":[70,70,70,75,75,75,75,75,75,75,75,75,75,75,75,75,75,75,75,80,80,80,80,80,80,80,80,80,80,80,80,80,80,80,80,80,80,80,80,80,80,80,80,80,80,80,80,80,80,80,80,80,80,80,80],"relic_stats":{"Darkstone Periapt":0,"OrangePellets":[3],"Lizard Tail":40,"counters":[32,149],"Pantograph":54,"Snecko Eye":[174,160,166,192],"Prayer Wheel":1,"Pen Nib":[8],"Snake Skull":[38],"Whetstone":["Strike_G","Bane"],"Cursed Key":1,"obtain_stats":[{"Darkstone Periapt":43,"Oddly Smooth Stone":9,"Pen Nib":23,"Snake Skull":53,"Whetstone":54,"Frozen Egg 2":40,"Cursed Key":34,"OrangePellets":53,"Lizard Tail":6,"CaptainsWheel":8,"HornCleat":28,"Pantograph":12,"Snecko Eye":17,"Prayer Wheel":47,"Fusion Hammer":0,"Ring of the Snake":0},{"Darkstone Periapt":24,"Oddly Smooth Stone":5,"Pen Nib":15,"Snake Skull":30,"Whetstone":31,"Frozen Egg 2":24,"Cursed Key":20,"OrangePellets":30,"Lizard Tail":5,"CaptainsWheel":5,"HornCleat":17,"Pantograph":8,"Snecko Eye":11,"Prayer Wheel":28,"Fusion Hammer":0,"Ring of the Snake":0},{"Darkstone Periapt":106,"Oddly Smooth Stone":21,"Pen Nib":68,"Snake Skull":134,"Whetstone":138,"Frozen Egg 2":106,"Cursed Key":88,"OrangePellets":134,"Lizard Tail":21,"CaptainsWheel":21,"HornCleat":74,"Pantograph":33,"Snecko Eye":51,"Prayer Wheel":125,"Fusion Hammer":0,"Ring of the Snake":0}]},"card_choices":[{"not_picked":["Setup","Dash"],"picked":"Crippling Poison","floor":1.0},{"not_picked":["Terror","Sucker Punch"],"picked":"Backflip","floor":2.0},{"not_picked":["Slice","Deflect"],"picked":"Dagger Spray","floor":3.0},{"not_picked":["Distraction","Expertise"],"picked":"Bane","floor":5.0},{"not_picked":["Grand Finale","Cloak And Dagger"],"picked":"Bouncing Flask","floor":6.0},{"not_picked":["Blade Dance","Slice"],"picked":"Footwork","floor":10.0},{"not_picked":["Riddle With Holes","Prepared","Backflip"],"picked":"SKIP","floor":11.0},{"not_picked":["Bane","Backflip"],"picked":"After Image","floor":12.0},{"not_picked":["Outmaneuver","Underhanded Strike","Flying Knee"],"picked":"SKIP","floor":13.0},{"not_picked":["Eviscerate","Skewer","Tactician"],"picked":"SKIP","floor":14.0},{"not_picked":["Burst","Unload"],"picked":"Corpse Explosion","floor":16.0},{"not_picked":["Backflip","Prepared","Dodge and Roll"],"picked":"SKIP","floor":18.0},{"not_picked":["Flying Knee+1","Flechettes"],"picked":"Predator+1","floor":19.0},{"not_picked":["Flechettes+1","Sucker Punch","Setup"],"picked":"SKIP","floor":22.0},{"not_picked":["Cloak And Dagger","Accuracy","Flying Knee"],"picked":"SKIP","floor":23.0},{"not_picked":["Setup","Backflip","Tools of the Trade"],"picked":"SKIP","floor":27.0},{"not_picked":["Eviscerate","Blade Dance","Doppelganger"],"picked":"SKIP","floor":28.0},{"not_picked":["Poisoned Stab","Escape Plan"],"picked":"Catalyst","floor":30.0},{"not_picked":["Sucker Punch+1","Grand Finale"],"picked":"Deadly Poison+1","floor":31.0},{"not_picked":["PiercingWail","Prepared","Quick Slash+1"],"picked":"SKIP","floor":35.0},{"not_picked":["Acrobatics+1","Choke","Deflect"],"picked":"SKIP","floor":36.0},{"not_picked":["Slice","Reflex+1"],"picked":"Deadly Poison+1","floor":38.0},{"not_picked":["Flying Knee+1","Dodge and Roll"],"picked":"Backflip+1","floor":40.0},{"not_picked":["Distraction+1","Acrobatics+1","Setup"],"picked":"SKIP","floor":44.0},{"not_picked":["Sucker Punch","Eviscerate+1"],"picked":"PiercingWail","floor":45.0},{"not_picked":["Prepared","Acrobatics","Sucker Punch"],"picked":"SKIP","floor":46.0},{"not_picked":["Envenom+1","Riddle With Holes"],"picked":"Outmaneuver+1","floor":47.0},{"not_picked":["All Out Attack","Storm of Steel"],"picked":"Blur+1","floor":48.0},{"not_picked":["Poisoned Stab","Flying Knee+1","Backflip"],"picked":"SKIP","floor":48.0},{"not_picked":["Phantasmal Killer","Dodge and Roll+1","Dagger Throw+1"],"picked":"SKIP","floor":54.0}],"player_experience":501616,"relics_obtained":[{"floor":6.0,"key":"Lizard Tail"},{"floor":8.0,"key":"CaptainsWheel"},{"floor":9.0,"key":"Oddly Smooth Stone"},{"floor":12.0,"key":"Pantograph"},{"floor":23.0,"key":"Pen Nib"},{"floor":28.0,"key":"HornCleat"},{"floor":40.0,"key":"Frozen Egg 2"},{"floor":43.0,"key":"Darkstone Periapt"},{"floor":47.0,"key":"Prayer Wheel"},{"floor":54.0,"key":"Whetstone"}],"event_choices":[{"damage_healed":0.0,"max_hp_gain":5.0,"max_hp_loss":0.0,"gold_gain":0.0,"event_name":"Big Fish","player_choice":"Donut","floor":4.0,"gold_loss":0.0,"damage_taken":0.0},{"damage_healed":0.0,"max_hp_gain":5.0,"max_hp_loss":0.0,"gold_gain":0.0,"event_name":"Forgotten Altar","player_choice":"Shed Blood","floor":20.0,"gold_loss":0.0,"damage_taken":19.0},{"damage_healed":0.0,"max_hp_gain":0.0,"max_hp_loss":0.0,"gold_gain":0.0,"cards_transformed":["Defend_G"],"event_name":"Transmorgrifier","player_choice":"Transformed","floor":25.0,"gold_loss":0.0,"damage_taken":0.0,"cards_obtained":["Slice"]},{"damage_healed":0.0,"max_hp_gain":0.0,"max_hp_loss":0.0,"gold_gain":0.0,"event_name":"SensoryStone","player_choice":"Memory 1","floor":37.0,"gold_loss":0.0,"damage_taken":0.0},{"cards_removed":["Neutralize"],"damage_healed":0.0,"max_hp_gain":0.0,"max_hp_loss":0.0,"gold_gain":0.0,"event_name":"Falling","player_choice":"Removed Attack","floor":39.0,"gold_loss":0.0,"damage_taken":0.0}],"is_beta":false,"boss_relics":[{"not_picked":["Calling Bell","WristBlade"],"picked":"Snecko Eye"},{"not_picked":["Runic Pyramid","Tiny House"],"picked":"Cursed Key"}],"items_purged_floors":[21,53],"is_endless":false,"potions_floor_spawned":[1,3,5,18,23,31,33,40,45,46,48],"ascension_level":0}}