{"host":"a5lz0e76zb3fcwkm","time":1611386566,"event":{"mods":["AchievementEnabler","BaseMod","Colored Map","Colored Powertips","Minty Spire (QoL Compilation)","StSLib","SuperFastMode"],"gold_per_floor":[113,38,58,133,33,33,58,71,71,71,89,122,136,167,167,244,244,254,254,254,154,154,154,169,169,169,169,169,169,180,199,199,274,274,287,114,114,129,154,154,188,188,239,258,608,608,278,292,292,292,292,292,292,23,51,51],"floor_reached":57,"language":"KOR","playtime":2071,"items_purged":["Defend_G","Corpse Explosion"],"score":2942,"play_id":"70b08ccd-7825-4714-b619-cd1e8d0f40e3","local_time":"20210123162246","is_ascension_mode":true,"campfire_choices":[{"data":"Neutralize","floor":6,"key":"SMITH"},{"data":"Corpse Explosion","floor":10,"key":"SMITH"},{"data":"Deadly Poison","floor":15,"key":"SMITH"},{"data":"Tactician","floor":23,"key":"SMITH"},{"data":"Calculated Gamble","floor":25,"key":"SMITH"},{"data":"Venomology","floor":29,"key":"SMITH"},{"floor":32,"key":"REST"},{"data":"A Thousand Cuts","floor":40,"key":"SMITH"},{"floor":49,"key":"RECALL"},{"floor":53,"key":"REST"}],"circlet_count":0,"master_deck":["AscendersBane","Survivor","Neutralize+1","Dagger Throw","Corpse Explosion+1","Backflip","Escape Plan","Deadly Poison+1","Adrenaline","Storm of Steel","Backflip","Escape Plan","Venomology+1","Heel Hook","Blur+1","A Thousand Cuts+1","Eviscerate","Tactician+1","Calculated Gamble+1","After Image","Calculated Gamble+1"],"relics":["Ring of the Snake","NeowsBlessing","Mercury Hourglass","StrikeDummy","Kunai","Tough Bandages","Pandora\u0027s Box","Paper Crane","Busted Crown","DollysMirror","WingedGreaves","Bronze Scales","Blood Vial","Potion Belt","Old Coin","Ancient Tea Set","Anchor","PrismaticShard","Oddly Smooth Stone"],"acts_visited":["Exordium","TheCity","TheBeyond","TheEnding"],"potions_floor_usage":[12,14,16,24,31,33,35,38,41,48,50,51,51,51,55,55,56,56,56,56],"damage_taken":[{"damage":0,"enemies":"2 Louse","floor":1,"turns":1},{"damage":0,"enemies":"Jaw Worm","floor":3,"turns":1},{"damage":0,"enemies":"Gremlin Nob","floor":7,"turns":1},{"damage":0,"enemies":"Cultist","floor":8,"turns":3},{"damage":3,"enemies":"Large Slime","floor":11,"turns":4},{"damage":5,"enemies":"3 Sentries","floor":12,"turns":2},{"damage":2,"enemies":"2 Fungi Beasts","floor":13,"turns":2},{"damage":15,"enemies":"Gremlin Nob","floor":14,"turns":4},{"damage":6,"enemies":"Hexaghost","floor":16,"turns":7},{"damage":0,"enemies":"Chosen","floor":18,"turns":5},{"damage":0,"enemies":"Spheric Guardian","floor":24,"turns":4},{"damage":0,"enemies":"Snake Plant","floor":30,"turns":3},{"damage":9,"enemies":"Sentry and Sphere","floor":31,"turns":4},{"damage":0,"enemies":"Automaton","floor":33,"turns":11},{"damage":0,"enemies":"Orb Walker","floor":35,"turns":2},{"damage":0,"enemies":"3 Darklings","floor":38,"turns":2},{"damage":0,"enemies":"Mind Bloom Boss Battle","floor":39,"turns":4},{"damage":0,"enemies":"Giant Head","floor":41,"turns":9},{"damage":0,"enemies":"Maw","floor":44,"turns":6},{"damage":0,"enemies":"2 Orb Walkers","floor":45,"turns":2},{"damage":0,"enemies":"4 Shapes","floor":48,"turns":2},{"damage":0,"enemies":"Awakened One","floor":50,"turns":15},{"damage":58,"enemies":"Time Eater","floor":51,"turns":14},{"damage":0,"enemies":"Shield and Spear","floor":55,"turns":5},{"damage":37,"enemies":"The Heart","floor":56,"turns":11}],"seed_played":"2615512271473426739","potions_obtained":[{"floor":1,"key":"Block Potion"},{"floor":11,"key":"PowerPotion"},{"floor":13,"key":"Energy Potion"},{"floor":16,"key":"Dexterity Potion"},{"floor":38,"key":"DuplicationPotion"}],"is_trial":false,"path_per_floor":["M","?","M","?","$","R","E","M","T","R","M","E","M","E","R","B",null,"M","?","?","$","?","R","M","R","T","?","T","R","M","M","R","B",null,"M","$","?","M","?","R","E","T","T","M","?","?","$","M","R","B","B",null,"R","$","E","B",null],"character_chosen":"THE_SILENT","items_purchased":["Backflip","DollysMirror","Ancient Tea Set","Anchor","Dexterity Potion","Block Potion","PrismaticShard"],"campfire_rested":2,"item_purchase_floors":[5,36,47,47,54,54,54],"current_hp_per_floor":[59,59,59,48,48,48,48,48,48,48,45,40,38,23,23,17,54,54,54,54,54,54,54,54,54,54,36,36,36,36,27,48,48,65,65,65,65,65,65,65,65,65,65,67,69,69,69,71,71,71,13,57,71,71,71,34],"gold":51,"neow_bonus":"THREE_ENEMY_KILL","is_daily":false,"chose_seed":false,"campfire_upgraded":7,"win_rate":0.0,"timestamp":1611386566,"path_taken":["M","?","M","?","?","R","E","M","T","R","M","E","M","E","R","BOSS","M","?","?","$","?","R","M","R","T","?","?","R","M","M","R","BOSS","M","$","?","M","?","R","E","?","T","?","?","?","$","M","R","BOSS","BOSS","R","$","E","BOSS"],"items_purchased_type":["Card","Relic","Relic","Relic","Potion","Potion","Relic"],"build_version":"2020-12-22","purchased_purges":2,"victory":true,"max_hp_per_floor":[66,66,66,66,66,66,66,66,66,66,66,66,66,66,66,66,66,66,66,66,66,66,66,66,66,66,71,71,71,71,71,71,71,71,71,71,71,71,71,71,71,71,71,71,71,71,71,71,71,71,71,71,71,71,71,71],"card_choices":[{"not_picked":["Prepared","Underhanded Strike"],"picked":"Dagger Throw","floor":1},{"not_picked":["Crippling Poison","Blade Dance"],"picked":"Corpse Explosion","floor":3},{"not_picked":["Leg Sweep","Caltrops"],"picked":"Escape Plan","floor":7},{"not_picked":["Blade Dance","Quick Slash","Predator"],"picked":"SKIP","floor":8},{"not_picked":["Bane","Concentrate"],"picked":"Deadly Poison","floor":11},{"not_picked":["All Out Attack","Masterful Stab","Skewer"],"picked":"SKIP","floor":12},{"not_picked":["Quick Slash","Reflex","Masterful Stab"],"picked":"SKIP","floor":13},{"not_picked":["Cloak And Dagger","Masterful Stab"],"picked":"Deadly Poison","floor":14},{"not_picked":["Die Die Die","Venomology"],"picked":"Adrenaline","floor":16},{"not_picked":["Dodge and Roll","Outmaneuver"],"picked":"Blur+1","floor":18},{"not_picked":["Flying Knee","Underhanded Strike"],"picked":"Calculated Gamble","floor":24},{"not_picked":["Flying Knee","Quick Slash+1"],"picked":"After Image","floor":30},{"not_picked":["Quick Slash","Dagger Throw+1","Underhanded Strike+1"],"picked":"SKIP","floor":31},{"not_picked":["Cloak And Dagger"],"picked":"SKIP","floor":35},{"not_picked":["Bane+1"],"picked":"SKIP","floor":38},{"not_picked":["Doppelganger"],"picked":"SKIP","floor":41},{"not_picked":["Choke"],"picked":"SKIP","floor":44},{"not_picked":["Choke"],"picked":"SKIP","floor":44},{"not_picked":["Distraction"],"picked":"SKIP","floor":48},{"not_picked":["Streamline+1"],"picked":"SKIP","floor":55}],"player_experience":1789586,"relics_obtained":[{"floor":7,"key":"Mercury Hourglass"},{"floor":9,"key":"StrikeDummy"},{"floor":12,"key":"Kunai"},{"floor":14,"key":"Tough Bandages"},{"floor":28,"key":"Paper Crane"},{"floor":39,"key":"WingedGreaves"},{"floor":41,"key":"Bronze Scales"},{"floor":42,"key":"Blood Vial"},{"floor":43,"key":"Potion Belt"},{"floor":45,"key":"Old Coin"},{"floor":55,"key":"Oddly Smooth Stone"}],"event_choices":[{"cards_removed":["Strike_G"],"damage_healed":0,"gold_gain":0,"player_choice":"Card Removal","damage_taken":0,"max_hp_gain":0,"max_hp_loss":0,"event_name":"The Cleric","floor":2,"gold_loss":75},{"damage_healed":0,"gold_gain":75,"player_choice":"Gather Gold","damage_taken":11,"max_hp_gain":0,"max_hp_loss":0,"event_name":"World of Goop","floor":4,"gold_loss":0},{"damage_healed":0,"gold_gain":0,"cards_transformed":["Riddle With Holes","Deadly Poison"],"player_choice":"Became Test Subject","damage_taken":0,"max_hp_gain":0,"max_hp_loss":0,"event_name":"Drug Dealer","floor":19,"gold_loss":0,"cards_obtained":["A Thousand Cuts","Eviscerate"]},{"damage_healed":0,"gold_gain":0,"player_choice":"Read","damage_taken":0,"max_hp_gain":0,"max_hp_loss":0,"event_name":"The Library","floor":20,"gold_loss":0,"cards_obtained":["Tactician"]},{"damage_healed":0,"gold_gain":0,"player_choice":"Ignored","damage_taken":0,"max_hp_gain":0,"max_hp_loss":0,"event_name":"The Mausoleum","floor":22,"gold_loss":0},{"damage_healed":0,"gold_gain":0,"player_choice":"Shed Blood","damage_taken":23,"max_hp_gain":5,"max_hp_loss":0,"event_name":"Forgotten Altar","floor":27,"gold_loss":0},{"cards_removed":["Flechettes"],"damage_healed":0,"gold_gain":0,"player_choice":"Removed Attack","damage_taken":0,"max_hp_gain":0,"max_hp_loss":0,"event_name":"Falling","floor":37,"gold_loss":0},{"damage_healed":0,"gold_gain":0,"player_choice":"Fight","damage_taken":0,"max_hp_gain":0,"max_hp_loss":0,"event_name":"MindBloom","floor":39,"gold_loss":0},{"damage_healed":0,"gold_gain":0,"player_choice":"Fight","damage_taken":0,"max_hp_gain":0,"max_hp_loss":0,"event_name":"Mysterious Sphere","floor":45,"gold_loss":0},{"damage_healed":0,"gold_gain":0,"player_choice":"Ignored","damage_taken":0,"max_hp_gain":0,"max_hp_loss":0,"event_name":"Tomb of Lord Red Mask","floor":46,"gold_loss":0}],"is_beta":false,"boss_relics":[{"not_picked":["Ectoplasm","HoveringKite"],"picked":"Pandora\u0027s Box"},{"not_picked":["Ring of the Serpent","Tiny House"],"picked":"Busted Crown"}],"items_purged_floors":[5,21],"is_endless":false,"potions_floor_spawned":[1,11,13,16,30,31,38,41],"ascension_level":20}}