{"host":"qsusua7l529r8z9k","time":1611417965,"event":{"mods":["BaseMod","Good Game Mod","Minty Spire (QoL Compilation)","Spicy Shops","StSLib"],"gold_per_floor":[112,187,337,262,262,262,295,295,346,359,19,19,44,61,61,138,138,148,163,163,178,196,225,243,72,119,119,119,147,147,180,180,180,180],"floor_reached":33,"language":"ZHS","playtime":701,"items_purged":["Regret","Strike_P"],"score":652,"play_id":"f9e74108-013c-40eb-a2fa-3dbd8216182f","local_time":"20210124000605","is_ascension_mode":true,"campfire_choices":[{"data":"Eruption","floor":6.0,"key":"SMITH"},{"data":"Hyperbeam","floor":8.0,"key":"SMITH"},{"data":"BowlingBash","floor":12.0,"key":"SMITH"},{"data":"WheelKick","floor":15.0,"key":"SMITH"},{"data":"Ragnarok","floor":28,"key":"SMITH"},{"data":"Ghostly","floor":32,"key":"SMITH"}],"circlet_count":0,"master_deck":["AscendersBane","Strike_P","Strike_P","Strike_P","Defend_P","Defend_P","Defend_P","Defend_P","Eruption+1","Vigilance","Hyperbeam+1","BowlingBash+1","WheelKick+1","Ragnarok+1","Swivel","Writhe","Ghostly+1","Ghostly","Ghostly","Wallop+1"],"relics":["REME:ComplimentaryCards","Coffee Dripper","Yang","Happy Flower","Nunchaku","Chemical X","Tiny Chest","Philosopher\u0027s Stone","MealTicket","ClockworkSouvenir","Damaru","Calipers","Oddly Smooth Stone","Letter Opener"],"acts_visited":["Exordium","TheCity"],"potions_floor_usage":[23],"damage_taken":[{"damage":0.0,"enemies":"Small Slimes","floor":1.0,"turns":1.0},{"damage":29.0,"enemies":"Lagavulin","floor":7.0,"turns":5.0},{"damage":0.0,"enemies":"2 Louse","floor":10.0,"turns":1.0},{"damage":0.0,"enemies":"Jaw Worm","floor":14.0,"turns":2.0},{"damage":18.0,"enemies":"The Guardian","floor":16.0,"turns":7.0},{"damage":0.0,"enemies":"Spheric Guardian","floor":18.0,"turns":1.0},{"damage":0.0,"enemies":"2 Thieves","floor":19.0,"turns":1.0},{"damage":0.0,"enemies":"3 Cultists","floor":21.0,"turns":3.0},{"damage":11.0,"enemies":"Shelled Parasite and Fungi","floor":22.0,"turns":2.0},{"damage":29,"enemies":"Slavers","floor":23,"turns":6},{"damage":0,"enemies":"Snecko","floor":24,"turns":2},{"damage":25,"enemies":"Book of Stabbing","floor":29,"turns":2},{"damage":0,"enemies":"Slavers","floor":31,"turns":4},{"damage":2,"enemies":"Automaton","floor":33,"turns":2}],"seed_played":"9093930501604781414","potions_obtained":[{"floor":1.0,"key":"Dexterity Potion"},{"floor":7.0,"key":"Block Potion"},{"floor":18.0,"key":"DistilledChaos"},{"floor":22.0,"key":"Fire Potion"},{"floor":23,"key":"LiquidBronze"}],"is_trial":false,"path_per_floor":["M","?","?","?","?","R","E","R","T","M","$","R","T","M","R","B",null,"M","M","?","M","M","E","M","$","T","?","R","E","?","E","R","B"],"character_chosen":"WATCHER","items_purchased":["Chemical X","ClockworkSouvenir"],"campfire_rested":0,"item_purchase_floors":[11,25],"current_hp_per_floor":[61,50,50,50,50,50,21,21,21,21,21,21,21,21,21,3,52,52,52,52,52,41,12,12,27,27,27,27,2,2,2,2,0,0],"gold":180,"neow_bonus":"BOSS_RELIC","is_daily":false,"chose_seed":false,"campfire_upgraded":6,"win_rate":0.0,"timestamp":1611417965,"path_taken":["M","?","?","?","?","R","E","R","T","M","$","R","?","M","R","BOSS","M","M","?","M","M","E","M","$","T","?","R","E","?","E","R","BOSS"],"items_purchased_type":["Relic","Relic"],"build_version":"2020-12-22","purchased_purges":2,"victory":false,"max_hp_per_floor":[68,68,68,68,68,68,68,68,68,68,68,68,68,68,68,68,68,68,68,68,68,68,68,68,68,68,68,68,68,34,34,34,34,34],"card_choices":[{"not_picked":["WreathOfFlame","JustLucky"],"picked":"BowlingBash","floor":1.0},{"not_picked":["BowlingBash","CutThroughFate","ForeignInfluence"],"picked":"SKIP","floor":7.0},{"not_picked":["FollowUp","FlyingSleeves","SandsOfTime"],"picked":"SKIP","floor":10.0},{"not_picked":["JustLucky","EmptyFist"],"picked":"WheelKick","floor":14.0},{"not_picked":["DevaForm","Scrawl"],"picked":"Ragnarok","floor":16.0},{"not_picked":["JustLucky+1","ClearTheMind","Consecrate"],"picked":"SKIP","floor":18.0},{"not_picked":["CutThroughFate","FlurryOfBlows","Weave"],"picked":"SKIP","floor":19.0},{"not_picked":["Consecrate","Swivel","FlurryOfBlows"],"picked":"SKIP","floor":21.0},{"not_picked":["Consecrate","FlurryOfBlows"],"picked":"Swivel","floor":21.0},{"not_picked":["FlurryOfBlows","ClearTheMind","BowlingBash"],"picked":"SKIP","floor":22.0},{"not_picked":["FlurryOfBlows","ClearTheMind","BowlingBash"],"picked":"SKIP","floor":22.0},{"not_picked":["FlurryOfBlows","WheelKick","SandsOfTime"],"picked":"SKIP","floor":23},{"not_picked":["ForeignInfluence","CrushJoints","ThirdEye"],"picked":"SKIP","floor":24},{"not_picked":["Crescendo","DeceiveReality","Halt"],"picked":"SKIP","floor":29},{"not_picked":["Fasting2","Consecrate"],"picked":"Wallop+1","floor":31}],"player_experience":485478,"relics_obtained":[{"floor":7.0,"key":"Happy Flower"},{"floor":9.0,"key":"Nunchaku"},{"floor":13.0,"key":"Tiny Chest"},{"floor":23,"key":"MealTicket"},{"floor":26,"key":"Damaru"},{"floor":29,"key":"Oddly Smooth Stone"},{"floor":31,"key":"Letter Opener"}],"event_choices":[{"damage_healed":0.0,"max_hp_gain":0.0,"max_hp_loss":0.0,"gold_gain":75.0,"event_name":"World of Goop","player_choice":"Gather Gold","floor":2.0,"gold_loss":0.0,"damage_taken":11.0},{"damage_healed":0.0,"max_hp_gain":0.0,"max_hp_loss":0.0,"gold_gain":150.0,"event_name":"Liars Game","player_choice":"AGREE","floor":3.0,"gold_loss":0.0,"damage_taken":0.0,"cards_obtained":["Doubt"]},{"cards_removed":["Doubt"],"damage_healed":0.0,"max_hp_gain":0.0,"max_hp_loss":0.0,"gold_gain":0.0,"event_name":"The Cleric","player_choice":"Card Removal","floor":4.0,"gold_loss":75.0,"damage_taken":0.0},{"damage_healed":0.0,"max_hp_gain":0.0,"max_hp_loss":0.0,"gold_gain":0.0,"event_name":"Big Fish","player_choice":"Box","floor":5.0,"gold_loss":0.0,"damage_taken":0.0,"relics_obtained":["Yang"],"cards_obtained":["Regret"]},{"damage_healed":0.0,"max_hp_gain":0.0,"max_hp_loss":0.0,"gold_gain":0.0,"event_name":"Vampires","player_choice":"Ignored","floor":20.0,"gold_loss":0.0,"damage_taken":0.0},{"damage_healed":0,"gold_gain":0,"player_choice":"Opened","damage_taken":0,"relics_obtained":["Calipers"],"max_hp_gain":0,"max_hp_loss":0,"event_name":"The Mausoleum","floor":27,"gold_loss":0,"cards_obtained":["Writhe"]},{"damage_healed":0,"gold_gain":0,"player_choice":"Became a Ghost","damage_taken":0,"max_hp_gain":0,"max_hp_loss":34,"event_name":"Ghosts","floor":30,"gold_loss":0,"cards_obtained":["Ghostly","Ghostly","Ghostly"]}],"is_beta":false,"boss_relics":[{"not_picked":["Black Star","SacredBark"],"picked":"Philosopher\u0027s Stone"}],"items_purged_floors":[11,11],"is_endless":false,"potions_floor_spawned":[1,7,18,22,23],"killed_by":"Automaton","ascension_level":20}}