{"host":"shb6fs4xkmgx64v4","time":1611428663,"event":{"mods":["AchievementEnabler","BaseMod","Colored Map","Downfall","Minty Spire (QoL Compilation)","StSLib"],"gold_per_floor":[99,109,109,259,278,295,295,470,770,670,17,29,55,2,22,121,121,21,38,54,54,54,54,54,89,89,89,103,113,13,13,31,135,135,135,150,34,34,84,84,84,98,98,150,168,168,184,184,203,203,203,203,203,203],"floor_reached":52,"language":"ENG","playtime":3833,"items_purged":["Doubt"],"score":770,"play_id":"429ccd30-c127-4cf4-9e6a-42355771f629","local_time":"20210123140423","is_ascension_mode":false,"campfire_choices":[{"floor":1.0,"key":"RECALL"},{"data":"bronze:Overheat","floor":10.0,"key":"SMITH"},{"data":"bronze:Verify","floor":18.0,"key":"SMITH"},{"floor":23.0,"key":"REST"},{"floor":30.0,"key":"REST"},{"data":"bronze:FindAndReplace","floor":35.0,"key":"SMITH"},{"data":"bronze:Invalidate","floor":40.0,"key":"SMITH"},{"data":"bronze:Optimize","floor":46.0,"key":"SMITH"}],"circlet_count":0,"master_deck":["bronze:Strike","bronze:Strike","bronze:Strike","bronze:Defend","bronze:Defend","bronze:Defend","bronze:Defend","bronze:Replicate","bronze:Goto","bronze:Overheat+1","bronze:BronzeArmor","bronze:Repair","expansioncontent:DashGenerateEvil","bronze:Iterate","bronze:ItsAFeature","bronze:Shell","bronze:BugBarrage","bronze:Optimize+1","bronze:FindAndReplace+1","bronze:Verify+1","bronze:BronzeArmor+1","RitualDagger","bronze:FineTuning","bronze:Repair+1","bronze:Backtrace","bronze:Backtrace","bronze:DarkDash","bronze:Repulsor","bronze:BugBarrage","expansioncontent:LastStand","bronze:Invalidate+1","bronze:WildBeam+1","bronze:Backtrace","bronze:Shell+1","bronze:GetLatest+1","bronze:Allocate+1"],"relics":["bronze:BronzeCore","Meat on the Bone","Bottled Flame","Old Coin","downfall:HeartBlessingRed","Oddly Smooth Stone","Omamori","Mango","Busted Crown","downfall:HeartBlessingGreen","Pen Nib","Letter Opener","downfall:HeartBlessingBlue","Cursed Key","Du-Vu Doll","Thread and Needle"],"acts_visited":["Exordium","TheCity","TheBeyond","TheEnding"],"potions_floor_usage":[],"damage_taken":[{"damage":7.0,"enemies":"2 Louse","floor":2.0,"turns":3.0},{"damage":0.0,"enemies":"Small Slimes","floor":5.0,"turns":3.0},{"damage":11.0,"enemies":"Jaw Worm","floor":6.0,"turns":5.0},{"damage":0.0,"enemies":"downfall:FleeingMerchant","floor":11.0,"turns":4.0},{"damage":7.0,"enemies":"Blue Slaver","floor":12.0,"turns":4.0},{"damage":38.0,"enemies":"Lagavulin","floor":13.0,"turns":7.0},{"damage":0.0,"enemies":"downfall:FleeingMerchant","floor":14.0,"turns":4.0},{"damage":4.0,"enemies":"Exordium Thugs","floor":15.0,"turns":3.0},{"damage":56.0,"enemies":"DF_ARCHETYPE_STREAMLINE","floor":16.0,"turns":10.0},{"damage":3.0,"enemies":"Chosen","floor":19.0,"turns":4.0},{"damage":8.0,"enemies":"Snecko","floor":20.0,"turns":5.0},{"damage":37.0,"enemies":"Gremlin Leader","floor":25.0,"turns":5.0},{"damage":20.0,"enemies":"Centurion and Healer","floor":28.0,"turns":6.0},{"damage":27.0,"enemies":"Snake Plant","floor":29.0,"turns":4.0},{"damage":0.0,"enemies":"3 Cultists","floor":32.0,"turns":5.0},{"damage":61.0,"enemies":"WA_ARCHETYPE_CALM","floor":33.0,"turns":14.0},{"damage":5.0,"enemies":"Orb Walker","floor":36.0,"turns":3.0},{"damage":0.0,"enemies":"downfall:FleeingMerchant","floor":37.0,"turns":4.0},{"damage":2.0,"enemies":"downfall:FleeingMerchant","floor":39.0,"turns":5.0},{"damage":1.0,"enemies":"3 Shapes","floor":42.0,"turns":5.0},{"damage":33.0,"enemies":"2 Orb Walkers","floor":44.0,"turns":5.0},{"damage":0.0,"enemies":"Jaw Worm Horde","floor":45.0,"turns":3.0},{"damage":24.0,"enemies":"Writhing Mass","floor":47.0,"turns":4.0},{"damage":13,"enemies":"Maw","floor":49,"turns":6},{"damage":5,"enemies":"SI_POISON_ARCHETYPE","floor":50,"turns":12},{"damage":141,"enemies":"downfall:CharBossMerchant","floor":52,"turns":9}],"seed_played":"-8972560091994845252","potions_obtained":[{"floor":6.0,"key":"SteroidPotion"},{"floor":13.0,"key":"Swift Potion"},{"floor":15.0,"key":"SneckoOil"},{"floor":19.0,"key":"bronze:FreeFunctionsPotion"},{"floor":25.0,"key":"Energy Potion"},{"floor":28.0,"key":"Energy Potion"},{"floor":36.0,"key":"DistilledChaos"},{"floor":44.0,"key":"DistilledChaos"},{"floor":47.0,"key":"DuplicationPotion"}],"is_trial":false,"path_per_floor":["R","M","?","?","M","M","T","?","T","R","$","M","E","$","M","B",null,"R","M","M","?","?","R","T","E","T","?","M","M","R","?","M","B",null,"R","M","$","?","?","R","T","M","?","?","M","R","M","?","M","B",null,"E"],"character_chosen":"THE_AUTOMATON","items_purchased":["Oddly Smooth Stone","Omamori","expansioncontent:DashGenerateEvil","bronze:Iterate","bronze:ItsAFeature","bronze:Optimize","bronze:Repulsor","bronze:BugBarrage"],"campfire_rested":2,"item_purchase_floors":[11,11,11,11,11,14,37,37],"current_hp_per_floor":[77,70,63,63,63,52,52,52,52,52,52,52,47,47,53,19,91,91,91,83,65,59,87,87,60,60,60,50,35,76,76,86,54,106,106,101,106,96,104,104,104,105,105,82,92,92,78,78,72,84,106,0,0,0],"gold":203,"neow_bonus":"TEN_PERCENT_HP_BONUS","is_daily":false,"chose_seed":false,"campfire_upgraded":5,"win_rate":0.0,"timestamp":1611428663,"path_taken":["R","M","?","?","?","M","T","?","?","R","$","M","E","?","M","BOSS","R","M","M","?","?","R","T","E","?","?","M","?","R","?","M","BOSS","R","M","$","?","?","R","T","M","?","?","M","R","?","?","M","BOSS","E"],"items_purchased_type":["Relic","Relic","Card","Card","Card","Card","Card","Card"],"build_version":"2020-12-22","purchased_purges":1,"victory":false,"max_hp_per_floor":[77,77,77,77,77,77,77,77,77,77,77,77,91,91,91,91,91,91,91,91,96,96,96,96,96,96,96,96,96,106,106,106,106,106,106,106,106,106,106,106,106,106,106,106,106,106,106,106,106,106,106,106,106,106],"card_choices":[{"not_picked":["bronze:Invalidate","bronze:BuggyMess"],"picked":"bronze:Overheat","floor":2.0},{"not_picked":["bronze:BuggyMess","bronze:Invalidate"],"picked":"bronze:BronzeArmor","floor":5.0},{"not_picked":["bronze:DelayedSlice","bronze:NullPointer","bronze:DelayedGuard"],"picked":"SKIP","floor":6.0},{"not_picked":["bronze:Deprecate","bronze:BuggyMess"],"picked":"bronze:Repair","floor":11.0},{"not_picked":["bronze:Iterate","bronze:DigitalCarnage"],"picked":"bronze:Shell","floor":12.0},{"not_picked":["bronze:Deprecate","bronze:Branch"],"picked":"bronze:BugBarrage","floor":13.0},{"not_picked":["bronze:WildBeam","bronze:DelayedGuard","bronze:BronzeArmor"],"picked":"SKIP","floor":14.0},{"not_picked":["bronze:Iterate","bronze:Backtrace"],"picked":"bronze:FindAndReplace","floor":15.0},{"not_picked":["bronze:HardenedForm","bronze:BurnOut"],"picked":"bronze:Verify","floor":16.0},{"not_picked":[],"picked":"bronze:BronzeArmor+1","floor":19.0},{"not_picked":["bronze:Branch"],"picked":"SKIP","floor":20.0},{"not_picked":["bronze:DelayedSlice"],"picked":"SKIP","floor":25.0},{"not_picked":[],"picked":"bronze:FineTuning","floor":28.0},{"not_picked":[],"picked":"bronze:Repair+1","floor":29.0},{"not_picked":[],"picked":"bronze:BitShift","floor":32.0},{"not_picked":[],"picked":"bronze:Backtrace","floor":36.0},{"not_picked":[],"picked":"bronze:DarkDash","floor":37.0},{"not_picked":[],"picked":"expansioncontent:LastStand","floor":38.0},{"not_picked":[],"picked":"bronze:Invalidate","floor":39.0},{"not_picked":[],"picked":"bronze:WildBeam+1","floor":42.0},{"not_picked":[],"picked":"bronze:Backtrace","floor":44.0},{"not_picked":[],"picked":"bronze:Shell+1","floor":45.0},{"not_picked":[],"picked":"bronze:GetLatest+1","floor":47.0},{"not_picked":[],"picked":"bronze:Allocate+1","floor":49}],"player_experience":242048,"relics_obtained":[{"floor":7.0,"key":"Bottled Flame"},{"floor":9.0,"key":"Old Coin"},{"floor":13.0,"key":"Mango"},{"floor":25.0,"key":"Pen Nib"},{"floor":26.0,"key":"Letter Opener"},{"floor":39.0,"key":"Du-Vu Doll"},{"floor":44.0,"key":"Thread and Needle"}],"event_choices":[{"damage_healed":0.0,"max_hp_gain":0.0,"max_hp_loss":0.0,"gold_gain":0.0,"event_name":"Scrap Ooze","player_choice":"Success","floor":3.0,"gold_loss":0.0,"damage_taken":7.0,"relics_obtained":["Meat on the Bone"]},{"cards_removed":["bronze:BitShift"],"damage_healed":0.0,"max_hp_gain":0.0,"max_hp_loss":0.0,"gold_gain":0.0,"event_name":"Falling","player_choice":"Removed Skill","floor":43.0,"gold_loss":0.0,"damage_taken":0.0},{"damage_healed":0.0,"max_hp_gain":0.0,"max_hp_loss":0.0,"gold_gain":0.0,"event_name":"Mysterious Sphere","player_choice":"Fight","floor":44.0,"gold_loss":0.0,"damage_taken":0.0}],"is_beta":false,"boss_relics":[{"not_picked":["Pandora\u0027s Box","Coffee Dripper"],"picked":"Busted Crown"},{"not_picked":["bronze:MakeshiftBattery","Runic Dome"],"picked":"Cursed Key"}],"items_purged_floors":[11],"is_endless":false,"potions_floor_spawned":[6,13,15,19,25,28,36,44,47,49],"killed_by":"downfall:CharBossMerchant","ascension_level":0}}