{"host":"jumrmhf584hajrnz","time":1611426174,"event":{"mods":["BaseMod","Duelist Mod","GifTheSpireLib","Minty Spire (QoL Compilation)","Quick Restart","Replay The Spire","StSLib"],"gold_per_floor":[188,255,255,23,23,67,91,130,130,130,130,143,183,264,264,362,362,386,386,386,426,426,426,426],"floor_reached":23,"language":"ENG","playtime":3138,"items_purged":[],"score":410,"play_id":"c6a89644-448d-484a-a519-f14fa299f703","local_time":"20210123192254","is_ascension_mode":true,"campfire_choices":[{"floor":10,"key":"REST"},{"floor":15,"key":"REST"}],"circlet_count":0,"master_deck":["AscendersBane","theDuelist:CastleWalls","theDuelist:CastleWalls","theDuelist:DarkMagician","theDuelist:GoldenSparks","theDuelist:MysticalElf","theDuelist:MysticalElf","theDuelist:NeoMagic","theDuelist:NeoMagic","theDuelist:Sparks","theDuelist:Sparks","theDuelist:CallAtlanteans","theDuelist:SangaEarth","theDuelist:DarkMagicianGirl","theDuelist:FrontierWiseman","theDuelist:BlizzardPrincess","theDuelist:InariFire","Injury","theDuelist:MythicalBeast","theDuelist:Yami","theDuelist:IrisEarthMother","theDuelist:CallAtlanteans","theDuelist:Yami","theDuelist:SangaEarth","theDuelist:TimeWizard","theDuelist:IceQueen","theDuelist:RainbowOverdragon+1","Regret","theDuelist:DarkMagicianGirl+1"],"relics":["theDuelist:MillenniumPuzzle","theDuelist:CardPoolRelic","theDuelist:CardPoolBasicRelic","theDuelist:BoosterPackPoolRelic","theDuelist:CardPoolAddRelic","theDuelist:CardPoolMinusRelic","theDuelist:CardPoolSaveRelic","theDuelist:CardPoolOptionsRelic","theDuelist:CursedHealer","Bloody Idol","Snack Pack","Singing Bowl","Garlic","Odd Mushroom","Snecko Heart","Snake Skull","Red Mask"],"acts_visited":["Exordium","TheCity"],"potions_floor_usage":[8,21,21],"damage_taken":[{"damage":0,"enemies":"2 Louse","floor":1,"turns":5},{"damage":0,"enemies":"Small Slimes","floor":2,"turns":4},{"damage":4,"enemies":"3 Sentries","floor":6,"turns":8},{"damage":0,"enemies":"Cultist","floor":7,"turns":3},{"damage":32,"enemies":"Gremlin Nob","floor":8,"turns":5},{"damage":0,"enemies":"Large Slime","floor":12,"turns":7},{"damage":10,"enemies":"3 Sentries","floor":13,"turns":9},{"damage":13,"enemies":"The Mushroom Lair","floor":14,"turns":5},{"damage":42,"enemies":"Hexaghost","floor":16,"turns":10},{"damage":4,"enemies":"2 Thieves","floor":18,"turns":5},{"damage":29,"enemies":"Masked Bandits","floor":21,"turns":6},{"damage":32,"enemies":"Book of Stabbing","floor":23,"turns":5}],"seed_played":"-5651462618949134335","potions_obtained":[{"floor":1,"key":"theDuelist:VampireVial"},{"floor":7,"key":"EssenceOfSteel"},{"floor":13,"key":"BlessingOfTheForge"}],"is_trial":false,"path_per_floor":["M","M","?","$","?","E","M","E","T","R","?","M","E","?","R","B",null,"M","?","?","?","?","E"],"character_chosen":"THE_DUELIST","items_purchased":["theDuelist:FrontierWiseman","theDuelist:BlizzardPrincess","theDuelist:InariFire"],"campfire_rested":2,"item_purchase_floors":[4,4,4],"current_hp_per_floor":[63,63,70,70,70,66,66,36,36,57,57,59,51,38,59,19,57,55,55,55,28,28,0,0],"gold":426,"neow_bonus":"THREE_CARDS","is_daily":false,"chose_seed":false,"campfire_upgraded":0,"win_rate":0.0,"timestamp":1611426174,"path_taken":["M","M","?","$","?","E","M","E","T","R","?","?","E","?","R","BOSS","M","?","?","?","?","E"],"items_purchased_type":["Card","Card","Card"],"build_version":"2020-12-22","purchased_purges":0,"victory":false,"max_hp_per_floor":[70,70,70,70,70,70,70,70,70,70,70,70,70,70,70,70,70,70,70,70,70,70,70,70],"card_choices":[{"not_picked":["theDuelist:FlyingSaucer","theDuelist:NeoMagic"],"picked":"theDuelist:CallAtlanteans","floor":0},{"not_picked":["theDuelist:NeoMagic","theDuelist:FlyingSaucer","theDuelist:Mudballman","theDuelist:DarkMagician"],"picked":"theDuelist:SangaEarth","floor":1},{"not_picked":["theDuelist:SpellShatteringArrow","theDuelist:LordD","theDuelist:BlizzardWarrior","theDuelist:LegendaryExodia"],"picked":"theDuelist:DarkMagicianGirl","floor":2},{"not_picked":["theDuelist:BlizzardWarrior","theDuelist:ExodiaLL","theDuelist:BlueDragonSummoner","theDuelist:ExodiaRL"],"picked":"theDuelist:MythicalBeast","floor":6},{"not_picked":["theDuelist:WhiteHowling","theDuelist:VoidExpansion","theDuelist:StatueAnguishPattern"],"picked":"theDuelist:Yami","floor":7},{"not_picked":["theDuelist:ExodiaNecross","theDuelist:ThousandEyesRestrict","theDuelist:IceQueen","theDuelist:GateGuardian"],"picked":"theDuelist:IrisEarthMother","floor":8},{"not_picked":["theDuelist:SpellShatteringArrow","theDuelist:DiffusionWaveMotion","theDuelist:MagiciansRobe","theDuelist:GoblinSecret"],"picked":"theDuelist:Yami","floor":12},{"not_picked":["theDuelist:InariFire","theDuelist:MythicalBeast","theDuelist:FrontierWiseman","theDuelist:DarkMagicianGirl"],"picked":"theDuelist:SangaEarth","floor":13},{"not_picked":["theDuelist:SangaThunder","theDuelist:MythicalBeast","theDuelist:ExodiaLL","theDuelist:CrystalWingDragon"],"picked":"theDuelist:TimeWizard","floor":14},{"not_picked":["theDuelist:Wildfire","theDuelist:ThousandEyesRestrict","theDuelist:GateGuardian","theDuelist:SangaWater"],"picked":"theDuelist:IceQueen","floor":16},{"not_picked":["theDuelist:GreyGreedOni","theDuelist:RedHeadedOni","theDuelist:Electrowhip","theDuelist:PowerGiant"],"picked":"theDuelist:RainbowOverdragon+1","floor":18},{"not_picked":["theDuelist:SpellShatteringArrow","theDuelist:WhiteMagicalHat+1","theDuelist:LordD","theDuelist:Graverobber"],"picked":"theDuelist:DarkMagicianGirl+1","floor":21}],"player_experience":1496445,"relics_obtained":[{"floor":6,"key":"Snack Pack"},{"floor":8,"key":"Singing Bowl"},{"floor":13,"key":"Garlic"},{"floor":14,"key":"Odd Mushroom"},{"floor":21,"key":"Red Mask"}],"event_choices":[{"damage_healed":0,"gold_gain":0,"player_choice":"Succumb - +25HP/Cursed Relic","duelist":true,"damage_taken":0,"max_hp_gain":0,"max_hp_loss":0,"event_name":"Tomb of the Nameless","floor":3,"gold_loss":0},{"damage_healed":0,"gold_gain":0,"player_choice":"Take Wound","damage_taken":0,"relics_obtained":["Golden Idol"],"max_hp_gain":0,"max_hp_loss":0,"event_name":"Golden Idol","floor":5,"gold_loss":0,"cards_obtained":["Injury"]},{"damage_healed":0,"gold_gain":0,"player_choice":"1 cards matched","damage_taken":0,"max_hp_gain":0,"max_hp_loss":0,"event_name":"Match and Keep!","floor":11,"gold_loss":0,"cards_obtained":["theDuelist:CallAtlanteans"]},{"damage_healed":0,"gold_gain":0,"player_choice":"Fought Mushrooms","damage_taken":0,"max_hp_gain":0,"max_hp_loss":0,"event_name":"Mushrooms","floor":14,"gold_loss":0},{"damage_healed":0,"gold_gain":0,"player_choice":"Ignored","damage_taken":0,"max_hp_gain":0,"max_hp_loss":0,"event_name":"Vampires","floor":19,"gold_loss":0},{"damage_healed":0,"gold_gain":0,"player_choice":"Fought Bandits","damage_taken":0,"max_hp_gain":0,"max_hp_loss":0,"event_name":"Masked Bandits","floor":21,"gold_loss":0},{"damage_healed":0,"gold_gain":0,"player_choice":"Gave Idol","damage_taken":0,"relics_obtained":["Bloody Idol"],"max_hp_gain":0,"max_hp_loss":0,"event_name":"Forgotten Altar","floor":22,"relics_lost":["Golden Idol"],"gold_loss":0}],"is_beta":false,"boss_relics":[{"not_picked":["Runic Pyramid","Empty Cage"],"picked":"Snecko Heart"}],"items_purged_floors":[],"is_endless":false,"potions_floor_spawned":[1,7,13,14],"killed_by":"Book of Stabbing","ascension_level":20}}