{"host":"l6vifo5ajdb3p20b","time":1611405879,"event":{"mods":["2.2 Compatiblity","Arknights The Spire","BaseMod","Better Altar","Better Sensory Stone","Better Skull","Better Third Choice","BetterRewards","Block Reminder","Booster Modes","Card Forge","Colored Map","Defuse TimeMaze Blight","Energized Spire","Evolution","Minty Spire (QoL Compilation)","Relic Stats","StSLib","The Marked"],"gold_per_floor":[115,69,85,97,111,111,142,142,169,169,169,200,218,244,244,348,348,359,59,84,98,110,136,136,166,192,227,242,277,292,216,216,316,316,329,406,406,406],"floor_reached":37,"language":"ENG","playtime":3392,"items_purged":["Parasite"],"score":618,"play_id":"54c96daf-375e-4f63-bae1-f905be1220bc","local_time":"20210123194439","is_ascension_mode":true,"campfire_choices":[{"data":"Armaments","floor":6,"key":"SMITH"},{"data":"Uppercut","floor":8,"key":"SMITH"},{"data":"Pommel Strike","floor":11,"key":"SMITH"},{"floor":15,"key":"REST"},{"data":"True Grit","floor":24,"key":"SMITH"},{"data":"Demon Form","floor":32,"key":"SMITH"}],"circlet_count":0,"master_deck":["Sword Boomerang","Sword Boomerang","Sword Boomerang","Sword Boomerang","Armaments+1","Defend_R","Defend_R","Bash","Uppercut+1","Disarm","Pommel Strike+1","Dark Shackles","Inflame","Shrug It Off","Bloodletting","Feed","True Grit+1","Evolve","Self Repair","theMarked:ComboAttacks+1","Sentinel","Wallop","Inflame","Conserve Battery","Demon Form+1","theMarked:ChainLightning","Inflame","ats:Calcification","Armaments+1"],"relics":["Hammer of Thor","Seething Fire","Anvil of the Gods","EVO:Axolotl","Empty Cage","betterThird:SlimedRelic","Tiny Chest","Ancient Tea Set","Regal Pillow","Anchor","Runic Pyramid","PrismaticShard","Red Mask","Potion Belt","Eternal Feather","Orichalcum","Centennial Puzzle","Bronze Scales","Black Star","Letter Opener"],"acts_visited":["Exordium","TheCity","TheBeyond"],"potions_floor_usage":[7,14,20,23,25],"damage_taken":[{"damage":0,"enemies":"2 Louse","floor":1,"turns":2},{"damage":2,"enemies":"Jaw Worm","floor":3,"turns":4},{"damage":0,"enemies":"Cultist","floor":4,"turns":3},{"damage":13,"enemies":"Large Slime","floor":5,"turns":8},{"damage":7,"enemies":"Lagavulin","floor":7,"turns":8},{"damage":24,"enemies":"3 Sentries","floor":12,"turns":6},{"damage":12,"enemies":"Exordium Wildlife","floor":13,"turns":4},{"damage":0,"enemies":"Lagavulin","floor":14,"turns":9},{"damage":37,"enemies":"The Guardian","floor":16,"turns":12},{"damage":5,"enemies":"2 Thieves","floor":18,"turns":3},{"damage":3,"enemies":"Masked Bandits","floor":20,"turns":3},{"damage":6,"enemies":"Spheric Guardian","floor":21,"turns":4},{"damage":14,"enemies":"Centurion and Healer","floor":22,"turns":7},{"damage":10,"enemies":"Gremlin Leader","floor":23,"turns":7},{"damage":6,"enemies":"Book of Stabbing","floor":25,"turns":4},{"damage":22,"enemies":"Slavers","floor":27,"turns":5},{"damage":0,"enemies":"Snecko","floor":28,"turns":7},{"damage":6,"enemies":"Gremlin Leader","floor":29,"turns":7},{"damage":1,"enemies":"Snake Plant","floor":30,"turns":3},{"damage":18,"enemies":"Automaton","floor":33,"turns":7},{"damage":2,"enemies":"Orb Walker","floor":35,"turns":4},{"damage":0,"enemies":"3 Darklings","floor":37,"turns":1}],"seed_played":"-1806785443936595732","potions_obtained":[{"floor":1,"key":"Strength Potion"},{"floor":4,"key":"SpeedPotion"},{"floor":5,"key":"SkillPotion"},{"floor":7,"key":"Weak Potion"},{"floor":14,"key":"Explosive Potion"},{"floor":20,"key":"DuplicationPotion"},{"floor":21,"key":"SkillPotion"},{"floor":23,"key":"FearPotion"},{"floor":27,"key":"CultistPotion"},{"floor":29,"key":"BlessingOfTheForge"},{"floor":35,"key":"ElixirPotion"}],"is_trial":false,"path_per_floor":["M","?","M","M","M","R","E","R","T","?","R","E","M","E","R","B",null,"M","$","?","M","M","E","R","E","T","E","M","E","M","$","R","B",null,"M","T","M"],"character_chosen":"IRONCLAD","items_purchased":["PrismaticShard","Evolve","Inflame"],"campfire_rested":1,"item_purchase_floors":[19,19,31],"current_hp_per_floor":[80,69,67,67,54,54,47,47,47,47,47,23,11,11,50,13,80,79,79,79,80,80,84,84,92,92,83,93,98,107,107,109,101,112,113,113,113,113],"gold":406,"neow_bonus":"BOSS_RELIC","is_daily":false,"chose_seed":false,"campfire_upgraded":5,"win_rate":0.0,"timestamp":1611405879,"path_taken":["M","?","M","M","M","R","E","R","T","?","R","E","?","E","R","BOSS","M","$","?","M","M","E","R","E","T","E","M","E","M","$","R","BOSS","M","?","M"],"items_purchased_type":["Relic","Card","Card"],"build_version":"2020-12-22","purchased_purges":1,"victory":false,"max_hp_per_floor":[80,80,80,80,80,80,80,80,80,80,80,80,80,80,80,80,80,84,81,84,84,88,92,92,96,96,99,102,106,109,109,109,112,112,115,115,115,115],"relic_stats":{"Regal Pillow":15,"Centennial Puzzle":[12],"counters":[22,118],"Bronze Scales":[51],"Tiny Chest":1,"Eternal Feather":2,"Black Star":0,"Letter Opener":[0],"Orichalcum":[36],"obtain_stats":[{"Potion Belt":23,"Regal Pillow":12,"Eternal Feather":25,"Hammer of Thor":0,"EVO:Axolotl":0,"Seething Fire":0,"Letter Opener":36,"Orichalcum":26,"Empty Cage":0,"Ancient Tea Set":9,"PrismaticShard":19,"Burning Blood":0,"Anchor":14,"Centennial Puzzle":27,"Anvil of the Gods":0,"betterThird:SlimedRelic":2,"Bronze Scales":29,"Tiny Chest":7,"Red Mask":20,"Black Star":34,"Runic Pyramid":17},{"Potion Belt":14,"Regal Pillow":6,"Eternal Feather":15,"Hammer of Thor":0,"EVO:Axolotl":0,"Seething Fire":0,"Letter Opener":21,"Orichalcum":15,"Empty Cage":0,"Ancient Tea Set":5,"PrismaticShard":10,"Burning Blood":0,"Anchor":8,"Centennial Puzzle":16,"Anvil of the Gods":0,"betterThird:SlimedRelic":1,"Bronze Scales":18,"Tiny Chest":5,"Red Mask":11,"Black Star":20,"Runic Pyramid":9},{"Potion Belt":80,"Regal Pillow":31,"Eternal Feather":84,"Hammer of Thor":0,"EVO:Axolotl":0,"Seething Fire":0,"Letter Opener":117,"Orichalcum":84,"Empty Cage":0,"Ancient Tea Set":25,"PrismaticShard":59,"Burning Blood":0,"Anchor":44,"Centennial Puzzle":89,"Anvil of the Gods":0,"betterThird:SlimedRelic":2,"Bronze Scales":103,"Tiny Chest":25,"Red Mask":62,"Black Star":113,"Runic Pyramid":56}]},"card_choices":[{"not_picked":["Flame Barrier","Anger","Reckless Charge"],"picked":"SKIP","floor":1},{"not_picked":["Headbutt","Heavy Blade"],"picked":"Uppercut","floor":3},{"not_picked":["Headbutt","Iron Wave"],"picked":"Disarm","floor":4},{"not_picked":["Headbutt","Clash","Thunderclap"],"picked":"SKIP","floor":5},{"not_picked":["Infernal Blade","Wild Strike"],"picked":"Pommel Strike","floor":7},{"not_picked":["Metallicize","Dropkick"],"picked":"Inflame","floor":12},{"not_picked":["Dropkick","Carnage"],"picked":"Shrug It Off","floor":13},{"not_picked":["Reaper","Pommel Strike"],"picked":"Bloodletting","floor":14},{"not_picked":["Reaper","Demon Form"],"picked":"Feed","floor":16},{"not_picked":["Headbutt","Sword Boomerang"],"picked":"True Grit","floor":18},{"not_picked":["Slice","Consume"],"picked":"Self Repair","floor":20},{"not_picked":["ClearTheMind+1","theMarked:MysticalArsenal"],"picked":"theMarked:ComboAttacks+1","floor":21},{"not_picked":["theMarked:Reabsorb+1","Indignation","ats:Very Hot Blade"],"picked":"SKIP","floor":22},{"not_picked":["Heel Hook","ats:Leaping Hammer"],"picked":"Sentinel","floor":23},{"not_picked":["Evaluate","ats:Healing Drone"],"picked":"Wallop","floor":25},{"not_picked":["ats:Roar Of Ursus","Flex+1"],"picked":"Inflame","floor":27},{"not_picked":["Deflect","ats:Rat Pack"],"picked":"Conserve Battery","floor":28},{"not_picked":["theMarked:ElectricStrings","Go for the Eyes"],"picked":"Demon Form","floor":29},{"not_picked":["Coolheaded","Barrage"],"picked":"theMarked:ChainLightning","floor":30},{"not_picked":["Rainbow","Creative AI"],"picked":"ats:Calcification","floor":33},{"not_picked":["Pommel Strike","PanicButton"],"picked":"Armaments+1","floor":35}],"player_experience":845223,"relics_obtained":[{"floor":7,"key":"Tiny Chest"},{"floor":9,"key":"Ancient Tea Set"},{"floor":12,"key":"Regal Pillow"},{"floor":14,"key":"Anchor"},{"floor":20,"key":"Red Mask"},{"floor":23,"key":"Potion Belt"},{"floor":25,"key":"Eternal Feather"},{"floor":26,"key":"Orichalcum"},{"floor":27,"key":"Centennial Puzzle"},{"floor":29,"key":"Bronze Scales"},{"floor":36,"key":"Letter Opener"}],"event_choices":[{"damage_healed":0,"gold_gain":0,"player_choice":"Slimed","damage_taken":11,"max_hp_gain":0,"max_hp_loss":0,"event_name":"betterThird:BetterGoop","floor":2,"gold_loss":46},{"damage_healed":0,"gold_gain":0,"player_choice":"2 cards matched","damage_taken":0,"max_hp_gain":0,"max_hp_loss":0,"event_name":"Match and Keep!","floor":10,"gold_loss":0,"cards_obtained":["Parasite","Dark Shackles"]},{"damage_healed":0,"gold_gain":0,"player_choice":"Fought Bandits","damage_taken":0,"max_hp_gain":0,"max_hp_loss":0,"event_name":"Masked Bandits","floor":20,"gold_loss":0}],"is_beta":false,"boss_relics":[{"not_picked":["Ectoplasm","Runic Dome"],"picked":"Runic Pyramid"},{"not_picked":["Tiny House","energizedSpire:HugeHouse"],"picked":"Black Star"}],"items_purged_floors":[19],"is_endless":false,"potions_floor_spawned":[1,4,5,7,14,20,21,23,27,29,35],"killed_by":"3 Darklings","ascension_level":1}}