{"host":"2zc57igszyqgae0y","time":1611386935,"event":{"mods":["ATMod(°¢èªMod)","Act Like it!","Aspiration","BaseMod","CapriCore","GifTheSpireLib","Minty Spire (QoL Compilation)","Quick Restart","Rare Cards Sparkle","Replay The Spire","RumiaBox-Â¶Ã×æ«µÄÉñÃØºÐ×Ó","Shop Mod","StSLib","[IsaacMod]ÒÔÈö¼âËþ","vexMod","¡¾ÒÅÎï¿¨ÅÆ¡¿REMEMod"],"gold_per_floor":[136,136,136,155,165,165,175,210,210,210,54,84,8,25,25,25,25],"floor_reached":16,"language":"ZHS","playtime":495,"items_purged":[],"score":165,"play_id":"3058f5e8-1b2e-4270-bd6c-ee460d1aaf97","local_time":"20210123152855","is_ascension_mode":true,"campfire_choices":[{"data":"AT_EMC2","floor":6.0,"key":"SMITH"},{"floor":10.0,"key":"REST"},{"floor":15.0,"key":"REST"}],"circlet_count":0,"master_deck":["AscendersBane","Strike_B","Strike_B","Strike_B","Strike_B","Defend_B","Defend_B","Defend_B","Zap","Dualcast","DoctorFetus","AT_FamilyPortrait","AT_EMC2+1","Regret","Electrodynamics","Turbo","ReplayTheSpireMod:Calculation Training","Conserve Battery","ReplayTheSpireMod:Calculation Training","Reprogram","ElectricPowerLearning"],"relics":["Cracked Core","HushsDoor","AT_ATBox","REME_ComplimentaryCards","GuppysTail","Replay:PocketPolymizer","Bag of Preparation","Snack Pack","Replay:Frozen Program","Symbiotic Virus"],"acts_visited":["Exordium"],"potions_floor_usage":[],"damage_taken":[{"damage":13.0,"enemies":"Jaw Worm","floor":1.0,"turns":5.0},{"damage":18.0,"enemies":"2 Louse","floor":4.0,"turns":3.0},{"damage":8.0,"enemies":"Small Slimes","floor":5.0,"turns":3.0},{"damage":2.0,"enemies":"Exordium Wildlife","floor":7.0,"turns":2.0},{"damage":31.0,"enemies":"Replay:BlueRogue","floor":8.0,"turns":4.0},{"damage":13.0,"enemies":"Gremlin Nob","floor":12.0,"turns":3.0},{"damage":0.0,"enemies":"Red Slaver","floor":14.0,"turns":1.0},{"damage":41,"enemies":"Hexaghost","floor":16,"turns":7}],"seed_played":"-5817657079955714172","potions_obtained":[{"floor":5.0,"key":"Block Potion"},{"floor":8.0,"key":"Elixir"}],"is_trial":true,"path_per_floor":["M","?","?","M","M","R","M","E","T","R","$","E","$","M","R","B"],"character_chosen":"DEFECT","items_purchased":["Replay:Frozen Program","ReplayTheSpireMod:Calculation Training"],"campfire_rested":2,"item_purchase_floors":[11,13],"current_hp_per_floor":[55,55,62,44,36,36,34,3,3,25,25,14,14,14,36,0,0],"gold":25,"neow_bonus":"","is_daily":false,"chose_seed":false,"campfire_upgraded":1,"win_rate":0.0,"timestamp":1611386935,"path_taken":["M","?","?","M","M","R","M","E","T","R","?","E","$","?","R","BOSS"],"items_purchased_type":["Relic","Card"],"build_version":"2020-12-22","purchased_purges":0,"victory":false,"max_hp_per_floor":[75,75,75,75,75,75,75,75,75,75,75,75,75,75,75,75,75],"card_choices":[{"not_picked":[],"picked":"Bomb","floor":0.0},{"not_picked":["Chaos","Tempest"],"picked":"AT_EMC2","floor":1.0},{"not_picked":["AT_RobotInSpace","Chill"],"picked":"Electrodynamics","floor":4.0},{"not_picked":["Hologram","AT_HeatAcrobatics"],"picked":"Turbo","floor":5.0},{"not_picked":["AT_HeatAcrobatics","Turbo"],"picked":"ReplayTheSpireMod:Calculation Training","floor":7.0},{"not_picked":["Steam","REME_DataAnalysis"],"picked":"Conserve Battery","floor":8.0},{"not_picked":["Gash","Darkness","Fan"],"picked":"SKIP","floor":12.0},{"not_picked":["Gash","Hologram"],"picked":"Reprogram","floor":14.0}],"player_experience":311361,"relics_obtained":[{"floor":8.0,"key":"Bag of Preparation"},{"floor":9.0,"key":"Snack Pack"},{"floor":12.0,"key":"Symbiotic Virus"}],"event_choices":[{"damage_healed":0.0,"max_hp_gain":0.0,"max_hp_loss":0.0,"gold_gain":0.0,"event_name":"Big Fish","player_choice":"Box","floor":2.0,"gold_loss":0.0,"damage_taken":0.0,"relics_obtained":["Replay:PocketPolymizer"],"cards_obtained":["Regret"]}],"is_beta":false,"boss_relics":[],"items_purged_floors":[],"is_endless":false,"potions_floor_spawned":[5,8],"killed_by":"Hexaghost","ascension_level":10}}