{"host":"bq4pt811tk9yrmjl","time":1611364894,"event":{"mods":["AchievementEnabler","BaseMod","Colored Map","Colored Powertips","Defuse TimeMaze Blight","Hermit","Minty Spire (QoL Compilation)","StSLib","SuperFastMode"],"gold_per_floor":[113,113,113,130,130,157,157,212,237,251,262,287,287,312,312,414,414,427,427,427,427,437,437,464,478,478,505,206,206,224,243,243,341,341,361,380,65,77,93,93,112,112,164,176,176,176,5,23,23,23],"floor_reached":51,"language":"ENG","playtime":1163,"items_purged":[],"score":844,"play_id":"83ace46e-aaa6-45a8-afba-5994ccdb5336","local_time":"20210122232134","is_ascension_mode":true,"campfire_choices":[{"data":"TalkToTheHand","floor":7.0,"key":"SMITH"},{"data":"Pray","floor":15,"key":"SMITH"},{"data":"Devotion","floor":23,"key":"SMITH"},{"floor":29,"key":"REST"},{"floor":32,"key":"REST"},{"floor":40,"key":"REST"},{"data":"Vault","floor":42,"key":"SMITH"},{"floor":49,"key":"REST"}],"circlet_count":0,"master_deck":["Strike_P","Strike_P","Defend_P","Defend_P","Defend_P","Defend_P","Eruption","Vigilance","Pray+1","TalkToTheHand+1","TalkToTheHand+1","Consecrate+1","CutThroughFate+1","FollowUp+1","SignatureMove+1","Weave+1","Devotion+1","TalkToTheHand+1","Consecrate+1","WheelKick+1","WindmillStrike+1","Pray+1","Wireheading+1","FollowUp+1","Brilliance+1","Weave+1","Vault+1","TalkToTheHand+1","Bandage Up","Apotheosis","Consecrate+1"],"relics":["PureWater","NeowsBlessing","Molten Egg 2","Turnip","PreservedInsect","Smiling Mask","Empty Cage","MutagenicStrength","Blue Candle","Regal Pillow","Frozen Egg 2","Mercury Hourglass","Bronze Scales","ClockworkSouvenir","Sozu","Meat on the Bone","Art of War"],"acts_visited":["Exordium","TheCity","TheBeyond"],"potions_floor_usage":[22,25,30,38],"damage_taken":[{"damage":0.0,"enemies":"Cultist","floor":1.0,"turns":1.0},{"damage":0.0,"enemies":"Small Slimes","floor":4.0,"turns":1.0},{"damage":0.0,"enemies":"3 Sentries","floor":6.0,"turns":2.0},{"damage":8.0,"enemies":"Lagavulin Event","floor":8.0,"turns":10.0},{"damage":0.0,"enemies":"2 Louse","floor":10.0,"turns":2.0},{"damage":0.0,"enemies":"Blue Slaver","floor":11.0,"turns":3.0},{"damage":6.0,"enemies":"Gremlin Nob","floor":12.0,"turns":4.0},{"damage":0,"enemies":"Lagavulin","floor":14,"turns":6},{"damage":10,"enemies":"Slime Boss","floor":16,"turns":7},{"damage":1,"enemies":"Chosen","floor":18,"turns":3},{"damage":16,"enemies":"Spheric Guardian","floor":22,"turns":4},{"damage":14,"enemies":"Slavers","floor":24,"turns":5},{"damage":0,"enemies":"Chosen and Byrds","floor":25,"turns":5},{"damage":21,"enemies":"Book of Stabbing","floor":27,"turns":5},{"damage":10,"enemies":"Cultist and Chosen","floor":30,"turns":4},{"damage":8,"enemies":"Snake Plant","floor":31,"turns":4},{"damage":18,"enemies":"Champ","floor":33,"turns":4},{"damage":6,"enemies":"3 Shapes","floor":35,"turns":4},{"damage":31,"enemies":"3 Darklings","floor":36,"turns":4},{"damage":28,"enemies":"Spire Growth","floor":38,"turns":4},{"damage":10,"enemies":"4 Shapes","floor":39,"turns":8},{"damage":8,"enemies":"Writhing Mass","floor":41,"turns":6},{"damage":14,"enemies":"Jaw Worm Horde","floor":44,"turns":3},{"damage":16,"enemies":"3 Darklings","floor":48,"turns":4},{"damage":57,"enemies":"Time Eater","floor":50,"turns":7}],"seed_played":"5120189256834144450","potions_obtained":[{"floor":1.0,"key":"BlessingOfTheForge"},{"floor":6.0,"key":"Block Potion"},{"floor":11.0,"key":"Fruit Juice"},{"floor":12.0,"key":"Energy Potion"},{"floor":14,"key":"EssenceOfSteel"},{"floor":16,"key":"SneckoOil"},{"floor":24,"key":"PowerPotion"},{"floor":27,"key":"CultistPotion"},{"floor":33,"key":"StancePotion"}],"is_trial":false,"path_per_floor":["M","$","$","M","$","E","R","?","T","M","M","E","?","E","R","B",null,"M","?","?","T","M","R","E","M","T","E","$","R","M","M","R","B",null,"M","M","$","M","M","R","M","R","T","M","?","?","$","M","R","B",null],"character_chosen":"WATCHER","items_purchased":["Bronze Scales","ClockworkSouvenir","Meat on the Bone","Weave+1","Apotheosis"],"campfire_rested":4,"item_purchase_floors":[28,28,37,37,47],"current_hp_per_floor":[72,72,72,72,72,72,72,64,64,64,69,63,63,63,63,53,77,76,76,76,76,60,60,46,46,46,25,25,63,53,45,77,59,77,71,40,40,24,26,64,56,56,56,42,42,42,42,38,76,31],"gold":23,"neow_bonus":"THREE_ENEMY_KILL","is_daily":false,"chose_seed":false,"campfire_upgraded":4,"win_rate":0.0,"timestamp":1611364894,"path_taken":["M","?","$","M","$","E","R","?","T","M","M","E","?","E","R","BOSS","M","?","?","?","?","R","E","M","T","E","$","R","M","M","R","BOSS","M","?","$","M","M","R","M","R","T","M","?","?","$","M","R","BOSS"],"items_purchased_type":["Relic","Relic","Relic","Card","Card"],"build_version":"2020-12-22","purchased_purges":0,"victory":true,"max_hp_per_floor":[72,72,72,72,72,72,72,72,72,72,77,77,77,77,77,77,77,77,77,77,77,77,77,77,77,77,77,77,77,77,77,77,77,77,77,77,77,77,77,77,77,77,77,77,77,77,77,77,77,77],"card_choices":[{"not_picked":["SignatureMove","CarveReality"],"picked":"Pray","floor":1.0},{"not_picked":["Worship","Meditate"],"picked":"TalkToTheHand","floor":4.0},{"not_picked":["EmptyBody","Protect"],"picked":"TalkToTheHand+1","floor":6.0},{"not_picked":["SashWhip+1","FlurryOfBlows+1"],"picked":"Consecrate+1","floor":8.0},{"not_picked":["CrushJoints+1","FlurryOfBlows+1"],"picked":"CutThroughFate+1","floor":10.0},{"not_picked":["PathToVictory","Collect"],"picked":"FollowUp+1","floor":11.0},{"not_picked":["Evaluate","CutThroughFate+1"],"picked":"SignatureMove+1","floor":12.0},{"not_picked":["Wish","DeceiveReality"],"picked":"Weave+1","floor":14},{"not_picked":["Brilliance+1","Omniscience"],"picked":"Devotion","floor":16},{"not_picked":["CrushJoints+1","ForeignInfluence"],"picked":"TalkToTheHand+1","floor":18},{"not_picked":["EmptyFist+1","Meditate"],"picked":"WheelKick+1","floor":22},{"not_picked":["CutThroughFate+1","MentalFortress"],"picked":"WindmillStrike+1","floor":24},{"not_picked":["EmptyBody+1","Protect+1"],"picked":"Pray+1","floor":25},{"not_picked":["ThirdEye","EmptyBody"],"picked":"Wireheading+1","floor":27},{"not_picked":["Evaluate","EmptyFist+1"],"picked":"FollowUp+1","floor":30},{"not_picked":["Blasphemy","Wireheading+1","FlurryOfBlows+1"],"picked":"SKIP","floor":31},{"not_picked":["Scrawl","Judgement"],"picked":"Brilliance+1","floor":33},{"not_picked":["WindmillStrike+1","BowlingBash+1","PathToVictory+1"],"picked":"SKIP","floor":35},{"not_picked":["BowlingBash+1","ClearTheMind"],"picked":"MentalFortress+1","floor":36},{"not_picked":["ThirdEye","SashWhip+1","Crescendo"],"picked":"SKIP","floor":38},{"not_picked":["Consecrate+1","ThirdEye+1"],"picked":"Vault","floor":39},{"not_picked":["Swivel","Halt","CrushJoints+1"],"picked":"SKIP","floor":41},{"not_picked":["CutThroughFate+1","ThirdEye"],"picked":"TalkToTheHand+1","floor":44},{"not_picked":["Finesse","Impatience"],"picked":"Bandage Up","floor":45},{"not_picked":["Weave+1","CrushJoints+1"],"picked":"Consecrate+1","floor":48}],"player_experience":213588,"relics_obtained":[{"floor":6.0,"key":"Molten Egg 2"},{"floor":8.0,"key":"Turnip"},{"floor":12.0,"key":"PreservedInsect"},{"floor":14,"key":"Smiling Mask"},{"floor":21,"key":"Blue Candle"},{"floor":24,"key":"Regal Pillow"},{"floor":26,"key":"Frozen Egg 2"},{"floor":27,"key":"Mercury Hourglass"},{"floor":43,"key":"Art of War"}],"event_choices":[{"damage_healed":0.0,"max_hp_gain":0.0,"max_hp_loss":0.0,"gold_gain":30.0,"event_name":"Dead Adventurer","player_choice":"Searched \u00272\u0027 times","floor":8.0,"gold_loss":0.0,"damage_taken":0.0},{"damage_healed":0,"gold_gain":0,"player_choice":"Leave","damage_taken":0,"max_hp_gain":0,"max_hp_loss":0,"event_name":"FaceTrader","floor":13,"gold_loss":0},{"damage_healed":0,"gold_gain":0,"player_choice":"Read","damage_taken":0,"max_hp_gain":0,"max_hp_loss":0,"event_name":"The Library","floor":19,"gold_loss":0,"cards_obtained":["Consecrate"]},{"damage_healed":0,"gold_gain":0,"player_choice":"Inject Mutagens","damage_taken":0,"relics_obtained":["MutagenicStrength"],"max_hp_gain":0,"max_hp_loss":0,"event_name":"Drug Dealer","floor":20,"gold_loss":0},{"damage_healed":0,"gold_gain":0,"player_choice":"Memory 1","damage_taken":0,"max_hp_gain":0,"max_hp_loss":0,"event_name":"SensoryStone","floor":45,"gold_loss":0},{"cards_removed":["MentalFortress"],"damage_healed":0,"gold_gain":0,"player_choice":"Removed Power","damage_taken":0,"max_hp_gain":0,"max_hp_loss":0,"event_name":"Falling","floor":46,"gold_loss":0}],"is_beta":false,"boss_relics":[{"not_picked":["Runic Dome","Snecko Eye"],"picked":"Empty Cage"},{"not_picked":["Calling Bell","Tiny House"],"picked":"Sozu"}],"items_purged_floors":[],"is_endless":false,"potions_floor_spawned":[1,6,11,12,14,16,24,27,33,38,44,48],"ascension_level":1}}