{"host":"xervbyl8oukkrn1w","time":1611365195,"event":{"mods":["BaseMod","Downfall","Hubris","Infinite Spire","Mad Scientist","Minty Spire (QoL Compilation)","Quick Restart","READ ME - Guardian Mod","Replay The Spire","Shade Mod","StSLib","The Blackbeard","The Cursed","The Elementalist","The Jungle","The Necromancer","The Runesmith"],"gold_per_floor":[115,69,69,69,85,114,134,134,134,153,164,181,181,181,181,280,280,290,290,343,343,343],"floor_reached":21,"language":"ENG","playtime":1845,"items_purged":[],"score":204,"play_id":"14d3ca89-1ded-41df-ac8a-402982a3cc94","local_time":"20210123012635","is_ascension_mode":false,"campfire_choices":[{"floor":15,"key":"DIG"}],"circlet_count":0,"master_deck":["Shade:Strike_Shade","Shade:Strike_Shade","Shade:Strike_Shade","Shade:Defend_Shade","Shade:Defend_Shade","Shade:Defend_Shade","Shade:Defend_Shade","Shade:AnimateDead","Shade:CarefulCut","Shade:FingerOfDeath","Shade:FreshBones","Writhe","Shade:Patience","elementalist:Wards","Negative_Energy_Shield","Replay:ManipulateFuture","Shade:GraveStillness","WindmillStrike","PathToVictory","Replay:DivineShield","Slimebound:FlameTackle","Regret","hexamod:WildfireWeapon","downfall:Bewildered","Survivor","Shade:Tombstone","Dramatic Entrance","infinitespire:TheBestDefense","sneckomod:UnendingSupply"],"relics":["Shade:YorickSkull","NeowsBlessing","PrismaticShard","Bag of Preparation","Replay:Bottled Steam","Vajra","Dream Catcher","ReplayTheSpireMod:SealedPack","elementalistmod:RedRibbon","Regal Pillow"],"acts_visited":["Exordium","TheCity"],"potions_floor_usage":[16,16],"damage_taken":[{"damage":0,"enemies":"Cultist","floor":1,"turns":1},{"damage":0,"enemies":"Jaw Worm","floor":5,"turns":1},{"damage":0,"enemies":"Lagavulin","floor":6,"turns":1},{"damage":0,"enemies":"Small Slimes","floor":7,"turns":3},{"damage":7,"enemies":"Exordium Thugs","floor":10,"turns":6},{"damage":0,"enemies":"Gremlin Gang","floor":11,"turns":6},{"damage":0,"enemies":"Looter","floor":12,"turns":3},{"damage":30,"enemies":"Fading Forest","floor":16,"turns":11},{"damage":28,"enemies":"Spheric Guardian","floor":18,"turns":8},{"damage":38,"enemies":"3 Byrds","floor":21,"turns":3}],"seed_played":"241326581898055999","potions_obtained":[{"floor":6,"key":"SkillPotion"},{"floor":7,"key":"Weak Potion"},{"floor":8,"key":"champ:CounterPotion"}],"is_trial":false,"path_per_floor":["M","$","?","?","M","E","M","?","T","M","M","M","R","?","R","B",null,"M","?","T","M"],"character_chosen":"SHADE","items_purchased":["Shade:FreshBones"],"campfire_rested":0,"item_purchase_floors":[2],"current_hp_per_floor":[65,65,65,65,65,65,65,65,65,58,58,58,58,58,58,28,65,37,37,37,0,0],"gold":343,"neow_bonus":"THREE_ENEMY_KILL","is_daily":false,"chose_seed":false,"campfire_upgraded":0,"win_rate":0.0,"timestamp":1611365195,"path_taken":["M","?","?","?","M","E","?","?","T","?","M","M","R","?","R","BOSS","M","?","?","?"],"items_purchased_type":["Card"],"build_version":"2020-12-22","purchased_purges":0,"victory":false,"max_hp_per_floor":[65,65,65,65,65,65,65,65,65,65,65,65,65,65,65,65,65,65,65,65,65,65],"card_choices":[{"not_picked":["Shade:FeralStrike","Shade:Bonestorm"],"picked":"Shade:FingerOfDeath","floor":1},{"not_picked":["Guardian:Incinerate","Replay:AtTheReady"],"picked":"elementalist:Wards","floor":5},{"not_picked":["MadScienceMod:Sprocket","Die Die Die"],"picked":"Negative_Energy_Shield","floor":6},{"not_picked":["Vampiric_Strike","champ:PreciseThrust"],"picked":"Replay:ManipulateFuture","floor":7},{"not_picked":["champ:StanceDance","blackbeard:Shrapnel"],"picked":"Shade:GraveStillness","floor":10},{"not_picked":["MadScienceMod:AutoStrike","sneckomod:UnknownClassPURPLE"],"picked":"WindmillStrike","floor":11},{"not_picked":["hexamod:HauntingEcho","TheCursedMod:Wield"],"picked":"PathToVictory","floor":12},{"not_picked":["Wraith Form v2","Berserk"],"picked":"hexamod:WildfireWeapon","floor":16},{"not_picked":["bronze:Goto","Zap"],"picked":"Survivor","floor":17},{"not_picked":["Shade:SoulPierce","Shade:SelfBurial"],"picked":"Shade:Tombstone","floor":17},{"not_picked":["Mind Blast","Deep Breath"],"picked":"Dramatic Entrance","floor":17},{"not_picked":["infinitespire:Oblivion","infinitespire:DeathsTouch"],"picked":"infinitespire:TheBestDefense","floor":17},{"not_picked":["Shade:RitualOffering","hexamod:BurningTouch+1"],"picked":"sneckomod:UnendingSupply","floor":18}],"player_experience":89165,"relics_obtained":[{"floor":6,"key":"Bag of Preparation"},{"floor":9,"key":"Replay:Bottled Steam"},{"floor":15,"key":"Dream Catcher"},{"floor":20,"key":"Regal Pillow"}],"event_choices":[{"damage_healed":0,"gold_gain":0,"cards_transformed":["Shade:Strike_Shade"],"player_choice":"Transformed","damage_taken":0,"max_hp_gain":0,"max_hp_loss":0,"event_name":"Transmorgrifier","floor":4,"gold_loss":0,"cards_obtained":["Shade:Patience"]},{"damage_healed":0,"gold_gain":0,"player_choice":"Got Potions","damage_taken":0,"max_hp_gain":0,"max_hp_loss":0,"event_name":"Lab","floor":8,"gold_loss":0},{"damage_healed":0,"gold_gain":0,"player_choice":"Box","damage_taken":0,"relics_obtained":["Vajra"],"max_hp_gain":0,"max_hp_loss":0,"event_name":"Big Fish","floor":14,"gold_loss":0,"cards_obtained":["Regret"]}],"is_beta":false,"boss_relics":[{"not_picked":["ChewingGum","Sozu"],"picked":"ReplayTheSpireMod:SealedPack"}],"items_purged_floors":[],"is_endless":false,"potions_floor_spawned":[6,7,12],"killed_by":"3 Byrds","ascension_level":0}}