{"host":"9slw7l0ws16384qq","time":1611415509,"event":{"mods":["A Penny For Your Troubles","BaseMod","Clockwork Mod","Colored Map","Evolution","Hubris","Minty Spire (QoL Compilation)","Replay The Spire","Shedinja","StS++","StSLib","The Dragon Tamer","The Marked"],"gold_per_floor":[112,112,125,151,164,164,89,104,130,157,57,77,96,96,96,221,221,245,245,120,133,133,133,147,147,147,187,200,225,75,100,100,220,220,240,240,65,65,84,84,84,84,84,147,206,206,226,262,262,263],"floor_reached":51,"language":"FRA","playtime":1170,"items_purged":["Zap","Dualcast","Defend_B","Defend_B","Sweeping Beam"],"score":968,"play_id":"c1a003e0-f51f-41f3-b086-72c6fcfc502e","local_time":"20210123162509","is_ascension_mode":false,"campfire_choices":[{"data":"Sweeping Beam","floor":6,"key":"SMITH"},{"data":"Sweeping Beam","floor":15,"key":"SMITH"},{"data":"Defend_B","floor":23,"key":"SMITH"},{"data":"Defend_B","floor":25,"key":"SMITH"},{"data":"Reboot","floor":32,"key":"SMITH"},{"data":"Echo Form","floor":40,"key":"SMITH"},{"floor":42,"key":"RECALL"},{"floor":49,"key":"REST"}],"circlet_count":0,"master_deck":["Sweeping Beam+1","Sweeping Beam+1","Defend_B+1","Defend_B+1","Hyperbeam+1","Reboot+1","Hyperbeam+1","Echo Form+1","Fusion+1"],"relics":["Cracked Core","EVO:Axolotl","ReplayTheSpireMod:TigerMarble","Vajra","hubris:TinFlute","Golden Idol","hubris:CrackedHourglass","Replay:WaspNest","Replay:Bottled Snecko","Strawberry","hubris:Backtick","hubris:PeanutButter","hubris:TenFootPole","FossilizedHelix","hubris:CuriousFeather","Replay:Kaleidoscope"],"acts_visited":["Exordium","TheCity","TheBeyond"],"potions_floor_usage":[48,48,48,48,50],"damage_taken":[{"damage":0,"enemies":"2 Louse","floor":1,"turns":2},{"damage":0,"enemies":"Cultist","floor":3,"turns":2},{"damage":0,"enemies":"Jaw Worm","floor":5,"turns":1},{"damage":10,"enemies":"Large Slime","floor":8,"turns":3},{"damage":0,"enemies":"3 Sentries","floor":10,"turns":1},{"damage":0,"enemies":"Lots of Slimes","floor":12,"turns":1},{"damage":0,"enemies":"Looter","floor":13,"turns":2},{"damage":35,"enemies":"Slime Boss","floor":16,"turns":5},{"damage":0,"enemies":"3 Byrds","floor":18,"turns":2},{"damage":0,"enemies":"Spheric Guardian","floor":21,"turns":1},{"damage":5,"enemies":"Shelled Parasite and Fungi","floor":24,"turns":2},{"damage":0,"enemies":"Slavers","floor":27,"turns":1},{"damage":0,"enemies":"Sentry and Sphere","floor":28,"turns":2},{"damage":0,"enemies":"Centurion and Healer","floor":31,"turns":2},{"damage":17,"enemies":"Pondfish","floor":33,"turns":6},{"damage":0,"enemies":"3 Darklings","floor":35,"turns":1},{"damage":0,"enemies":"3 Shapes","floor":39,"turns":1},{"damage":0,"enemies":"Mind Bloom Boss Battle","floor":44,"turns":3},{"damage":0,"enemies":"2 Orb Walkers","floor":45,"turns":2},{"damage":0,"enemies":"Jaw Worm Horde","floor":47,"turns":1},{"damage":15,"enemies":"Nemesis","floor":48,"turns":5},{"damage":41,"enemies":"Donu and Deca","floor":50,"turns":4}],"seed_played":"-6088351334999558532","potions_obtained":[{"floor":1,"key":"Elixir"},{"floor":5,"key":"Weak Potion"},{"floor":12,"key":"SneckoOil"},{"floor":16,"key":"PowerPotion"},{"floor":18,"key":"StSpp:ScatteredPotion"},{"floor":48,"key":"Block Potion"}],"is_trial":false,"path_per_floor":["M","?","M","T","M","R","$","M","T","E","$","M","M","?","R","B",null,"M","?","$","M","?","R","M","R","T","E","M","T","$","M","R","B",null,"M","?","$","?","M","R","$","R","T","?","?","?","M","E","R","B",null],"character_chosen":"DEFECT","items_purchased":[],"campfire_rested":1,"item_purchase_floors":[],"current_hp_per_floor":[68,68,68,68,68,68,68,58,58,58,58,58,58,41,41,6,68,68,68,68,68,68,68,63,63,63,63,63,70,70,70,70,57,75,75,75,75,75,75,75,75,75,75,75,75,75,75,60,75,34],"gold":263,"neow_bonus":"THREE_RARE_CARDS","is_daily":false,"chose_seed":false,"campfire_upgraded":6,"win_rate":0.0,"timestamp":1611415509,"path_taken":["M","?","?","?","M","R","$","M","T","E","$","M","M","?","R","BOSS","M","?","$","?","?","R","M","R","T","E","M","?","$","M","R","BOSS","M","?","$","?","?","R","?","R","T","?","?","?","M","E","R","BOSS"],"items_purchased_type":[],"build_version":"2020-12-22","purchased_purges":5,"victory":true,"max_hp_per_floor":[68,68,68,68,68,68,68,68,68,68,68,68,68,68,68,68,68,68,68,68,68,68,68,68,68,68,68,68,75,75,75,75,75,75,75,75,75,75,75,75,75,75,75,75,75,75,75,75,75,75],"card_choices":[{"not_picked":["StSpp:CopyPaste","Mirror Shield"],"picked":"Hyperbeam","floor":0},{"not_picked":["Force Field","Storm","Beam Cell"],"picked":"SKIP","floor":1},{"not_picked":["Gash","Leap","Stack"],"picked":"SKIP","floor":3},{"not_picked":["Fusion","Glacier","Steam"],"picked":"SKIP","floor":5},{"not_picked":["Turbo","Barrage","Leap"],"picked":"SKIP","floor":8},{"not_picked":["hubris:Ukulele","Electrodynamics","Hello World"],"picked":"SKIP","floor":10},{"not_picked":["Cold Snap","Genetic Algorithm","Rebound"],"picked":"SKIP","floor":12},{"not_picked":["Chill","Gash","Go for the Eyes"],"picked":"SKIP","floor":13},{"not_picked":["hubris:Prefetch","Machine Learning"],"picked":"Reboot","floor":16},{"not_picked":["Streamline","Barrage","Compile Driver"],"picked":"SKIP","floor":18},{"not_picked":["Gash","Go for the Eyes","Compile Driver"],"picked":"SKIP","floor":21},{"not_picked":["Cold Snap","Beam Cell+1","Streamline"],"picked":"SKIP","floor":24},{"not_picked":["ReplayTheSpireMod:Repulse","Double Energy","Beam Cell"],"picked":"SKIP","floor":27},{"not_picked":["Barrage+1","FTL+1","StSpp:Mask"],"picked":"SKIP","floor":28},{"not_picked":["Sweeping Beam","Cold Snap","BasicCrystalCard+1"],"picked":"SKIP","floor":31},{"not_picked":["Fission","Rainbow"],"picked":"Echo Form","floor":33},{"not_picked":["Recycle","Stack+1","Rebound"],"picked":"SKIP","floor":35},{"not_picked":["Sunder+1","Stack+1","Defragment"],"picked":"SKIP","floor":39},{"not_picked":["Go for the Eyes+1","Beam Cell+1","Cold Snap+1"],"picked":"SKIP","floor":47},{"not_picked":["Electrodynamics","BasicCrystalCard+1"],"picked":"Fusion+1","floor":48}],"player_experience":1777993,"relics_obtained":[{"floor":4,"key":"ReplayTheSpireMod:TigerMarble"},{"floor":9,"key":"Vajra"},{"floor":10,"key":"hubris:TinFlute"},{"floor":26,"key":"Replay:WaspNest"},{"floor":27,"key":"Replay:Bottled Snecko"},{"floor":29,"key":"Strawberry"},{"floor":43,"key":"hubris:TenFootPole"},{"floor":44,"key":"FossilizedHelix"},{"floor":45,"key":"hubris:CuriousFeather"},{"floor":48,"key":"Replay:Kaleidoscope"}],"event_choices":[{"damage_healed":0,"gold_gain":0,"player_choice":"Upgraded","damage_taken":0,"max_hp_gain":0,"max_hp_loss":0,"event_name":"Upgrade Shrine","floor":2,"gold_loss":0,"cards_upgraded":["Hyperbeam"]},{"damage_healed":0,"gold_gain":0,"player_choice":"Take Damage","damage_taken":17,"relics_obtained":["Golden Idol"],"max_hp_gain":0,"max_hp_loss":0,"event_name":"Golden Idol","floor":14,"gold_loss":0},{"damage_healed":0,"gold_gain":0,"player_choice":"Copied","damage_taken":0,"max_hp_gain":0,"max_hp_loss":0,"event_name":"Duplicator","floor":19,"gold_loss":0,"cards_obtained":["Hyperbeam"]},{"damage_healed":0,"gold_gain":0,"player_choice":"Ignored","damage_taken":0,"max_hp_gain":0,"max_hp_loss":0,"event_name":"Vampires","floor":22,"gold_loss":0},{"cards_removed":["Sweeping Beam"],"damage_healed":0,"gold_gain":0,"player_choice":"Purged","damage_taken":0,"max_hp_gain":0,"max_hp_loss":0,"event_name":"Purifier","floor":38,"gold_loss":0},{"damage_healed":0,"gold_gain":0,"player_choice":"Fight","damage_taken":0,"max_hp_gain":0,"max_hp_loss":0,"event_name":"MindBloom","floor":44,"gold_loss":0},{"damage_healed":0,"gold_gain":0,"player_choice":"Fight","damage_taken":0,"max_hp_gain":0,"max_hp_loss":0,"event_name":"Mysterious Sphere","floor":45,"gold_loss":0},{"damage_healed":0,"gold_gain":0,"player_choice":"Memory 1","damage_taken":0,"max_hp_gain":0,"max_hp_loss":0,"event_name":"SensoryStone","floor":46,"gold_loss":0}],"is_beta":false,"boss_relics":[{"not_picked":["Coffee Dripper","StSpp:Balance"],"picked":"hubris:CrackedHourglass"},{"not_picked":["Replay:Drink Me","hubris:GrandSneckoEye"],"picked":"hubris:Backtick"}],"items_purged_floors":[7,11,20,30,37],"is_endless":false,"potions_floor_spawned":[1,5,12,16,18,27,28,31,35,44,48],"ascension_level":0}}