{"host":"v4tuy5ykrbdcm9o9","time":1611422607,"event":{"mods":["BaseMod","Duelist Mod","Minty Spire (QoL Compilation)","Replay The Spire","StSLib"],"gold_per_floor":[115,134,134,8,8,40,50,76,155,155,184,207,238,270,270,389,389,374,374,374,374,374,374,374,374],"floor_reached":24,"language":"ENG","playtime":2174,"items_purged":[],"score":395,"play_id":"eae83519-97dd-4a1d-830e-a13eb8f4a5cb","local_time":"20210123122327","is_ascension_mode":true,"campfire_choices":[{"floor":10,"key":"RECALL"},{"floor":15,"key":"REST"}],"circlet_count":0,"master_deck":["Strike_G","Strike_G","Strike_G","Strike_G","Strike_G","Defend_G","Defend_G","Defend_G","Defend_G","Defend_G","Survivor","Neutralize","Finisher","Crippling Poison","Bane+1","Specialist","theDuelist:DuelistAscender","Survey Options","Underhanded Strike","Blade Dance","Dagger Throw","Bouncing Flask","Underhanded Strike","Deadly Poison","Cloak And Dagger","Corpse Explosion","Caltrops+1","Ghostly","Ghostly","Ghostly","Ghostly","Ghostly","Concentrate","Flying Knee","Backstab","Masterful Stab+1"],"relics":["Ring of the Snake","Ice Cream","Bag of Preparation","Replay:Bandana","Ectoplasm","Smiling Mask"],"acts_visited":["Exordium","TheCity"],"potions_floor_usage":[8,8,11,22,23],"damage_taken":[{"damage":1,"enemies":"2 Louse","floor":1,"turns":3},{"damage":0,"enemies":"Cultist","floor":2,"turns":4},{"damage":9,"enemies":"Replay:BlueRogue","floor":6,"turns":5},{"damage":6,"enemies":"Jaw Worm","floor":7,"turns":6},{"damage":14,"enemies":"Lagavulin","floor":8,"turns":7},{"damage":0,"enemies":"Gremlin Nob","floor":11,"turns":3},{"damage":0,"enemies":"Exordium Wildlife","floor":12,"turns":2},{"damage":0,"enemies":"Large Slime","floor":13,"turns":5},{"damage":0,"enemies":"Exordium Thugs","floor":14,"turns":3},{"damage":31,"enemies":"The Guardian","floor":16,"turns":10},{"damage":11,"enemies":"2 Thieves","floor":18,"turns":2},{"damage":2,"enemies":"Chosen","floor":20,"turns":4},{"damage":1,"enemies":"Snake Plant","floor":21,"turns":4},{"damage":2,"enemies":"Sentry and Sphere","floor":22,"turns":5},{"damage":30,"enemies":"Replay:Snechameleon","floor":23,"turns":3},{"damage":0,"enemies":"Masked Bandits","floor":24,"turns":1}],"seed_played":"-1915545675647757351","potions_obtained":[{"floor":2,"key":"Flashbang"},{"floor":6,"key":"Regen Potion"},{"floor":7,"key":"Block Potion"},{"floor":13,"key":"Ancient Potion"},{"floor":16,"key":"Ancient Potion"},{"floor":20,"key":"Energy Potion"},{"floor":23,"key":"BlessingOfTheForge"}],"is_trial":false,"path_per_floor":["M","M","?","$","?","E","M","E","T","R","E","M","M","M","R","B",null,"M","?","M","M","M","E","?"],"character_chosen":"THE_SILENT","items_purchased":["Bane+1","Specialist"],"campfire_rested":1,"item_purchase_floors":[4,4],"current_hp_per_floor":[69,69,69,69,69,60,54,55,55,55,55,55,55,55,77,46,69,58,38,36,35,33,3,3,3],"gold":374,"neow_bonus":"TEN_PERCENT_HP_BONUS","is_daily":false,"chose_seed":false,"campfire_upgraded":0,"win_rate":0.0,"timestamp":1611422607,"path_taken":["M","M","?","$","?","E","M","E","T","R","E","M","M","?","R","BOSS","M","?","M","M","M","E","?"],"items_purchased_type":["Card","Card"],"build_version":"2020-12-22","purchased_purges":0,"victory":false,"max_hp_per_floor":[77,77,77,77,77,77,77,77,77,77,77,77,77,77,77,77,77,77,38,38,38,38,38,38,38],"card_choices":[{"not_picked":["Acrobatics","Deflect"],"picked":"Finisher","floor":1},{"not_picked":["Quick Slash","All Out Attack"],"picked":"Crippling Poison","floor":2},{"not_picked":["Expertise","ReplayTheSpireMod:The Works"],"picked":"Underhanded Strike","floor":6},{"not_picked":["Blur","Riddle With Holes"],"picked":"Blade Dance","floor":7},{"not_picked":["Terror","Dodge and Roll"],"picked":"Dagger Throw","floor":8},{"not_picked":["ReplayTheSpireMod:Speed Training","PiercingWail"],"picked":"Bouncing Flask","floor":11},{"not_picked":["Outmaneuver","Flying Knee"],"picked":"Underhanded Strike","floor":12},{"not_picked":["Cloak And Dagger","Expertise"],"picked":"Deadly Poison","floor":13},{"not_picked":["Dodge and Roll","Leg Sweep"],"picked":"Cloak And Dagger","floor":14},{"not_picked":["Bullet Time","Phantasmal Killer"],"picked":"Corpse Explosion","floor":16},{"not_picked":["Cloak And Dagger","Deflect"],"picked":"Caltrops+1","floor":18},{"not_picked":["Fluid Movement+1","Dagger Spray"],"picked":"Concentrate","floor":20},{"not_picked":["All Out Attack+1","Dagger Spray"],"picked":"Flying Knee","floor":21},{"not_picked":["Dagger Spray","Sucker Punch"],"picked":"Backstab","floor":22},{"not_picked":["Glass Knife","ReplayTheSpireMod:Shiv Toss+1"],"picked":"Masterful Stab+1","floor":23}],"player_experience":657748,"relics_obtained":[{"floor":6,"key":"Ice Cream"},{"floor":8,"key":"Bag of Preparation"},{"floor":11,"key":"Replay:Bandana"},{"floor":23,"key":"Smiling Mask"}],"event_choices":[{"damage_healed":0,"gold_gain":0,"player_choice":"Ignored","damage_taken":0,"max_hp_gain":0,"max_hp_loss":0,"event_name":"Golden Wing","floor":3,"gold_loss":0},{"damage_healed":0,"gold_gain":0,"player_choice":"2 cards matched","damage_taken":0,"max_hp_gain":0,"max_hp_loss":0,"event_name":"Match and Keep!","floor":5,"gold_loss":0,"cards_obtained":["theDuelist:DuelistAscender","Survey Options"]},{"damage_healed":0,"gold_gain":0,"player_choice":"Became a Ghost","damage_taken":0,"max_hp_gain":0,"max_hp_loss":39,"event_name":"Ghosts","floor":19,"gold_loss":0,"cards_obtained":["Ghostly","Ghostly","Ghostly","Ghostly","Ghostly"]},{"damage_healed":0,"gold_gain":0,"player_choice":"Fought Bandits","damage_taken":0,"max_hp_gain":0,"max_hp_loss":0,"event_name":"Masked Bandits","floor":24,"gold_loss":0}],"is_beta":false,"boss_relics":[{"not_picked":["Coffee Dripper","Velvet Choker"],"picked":"Ectoplasm"}],"items_purged_floors":[],"is_endless":false,"potions_floor_spawned":[2,6,7,13,16,20,23],"killed_by":"Masked Bandits","ascension_level":6}}