{"host":"r10yh36zs2k9z1sa","time":1611435379,"event":{"mods":["AchievementEnabler","Act Like it!","Aspiration","Astrologer","BaseMod","Colored Map","Conspire","Decade(¤ý¤p©ú)","Gensokyo","Hermit","Highlight Path","KinomotoSakuraMod(¤ì¤§¥»?)","Koishi","KomeijiMod","Marisa¡]Ãú«B¡@Å]²z¨F¡^","Minty Spire (QoL Compilation)","Permanent Neow","Quick Restart","Reimu¡]³Õ???¡^","Remilia¡]Á¢¦Ì²ú?¡^","StSLib","SuperFastMode","The Administrix","The Blackbeard","The Bug Knight","The Cursed","The Gatherer","The Marked","The Mystic","The Saiyan","The Senshi","The Servant 0.9.4","Youmu¡]»î¾z§¯?¡^","Yuri Mod","Yuyuko"],"gold_per_floor":[116,116,135,135,150,185,197,224,251,261,161,161,161,227,227,346,346,403,403,38,38,65,65,65,65,113,113,168,211,211,278,278,411,411,465,465,96,108,165,199,258,258,327,386,4,84,422,422,422,634],"floor_reached":51,"language":"ZHS","playtime":21213,"items_purged":[],"score":1041,"play_id":"99c4e21e-293c-402a-bfe3-5e19aed88b15","local_time":"20210124045619","is_ascension_mode":true,"campfire_choices":[{"floor":13.0,"key":"REST"},{"data":"MikOfLucky:ReiMu","floor":15.0,"key":"SMITH"},{"data":"VanishingEverything+1","floor":23.0,"key":"SWEEP"},{"data":"Apotheosis","floor":25.0,"key":"SMITH"},{"data":"MikOfLucky:ReiMu","floor":32.0,"key":"SMITH"},{"floor":42.0,"key":"DIG"},{"floor":49,"key":"DIG"}],"circlet_count":0,"master_deck":["Defend_Lin:ReiMu","Defend_Lin:ReiMu","Defend_Lin:ReiMu","Defend_Lin:ReiMu","NB:ReiMu","Stagnation:ReiMu","Mountainwind:ReiMu","Conquer:ReiMu","HakureiPhantom:ReiMu","KamiRite:ReiMu","Conquer:ReiMu","MikOfLucky:ReiMu+1","conspire:SpireCoStock","conspire:SpireCoStock","SpreadBorder2:ReiMu","Apotheosis+1","Meditation:ReiMu","VanishingEverything+1","MikOfLucky:ReiMu+1","Bite","Bite","Bite","Bite","Bite","YinYang:ReiMu","Gathering:ReiMu","Revelation:ReiMu","RainPray2:ReiMu+1","MikOfLucky:ReiMu","FoulBorder2:ReiMu","Gensokyo:BlemishedSteel","Gensokyo:LockedMedkit","KamiRite:ReiMu+1"],"relics":["FlyPower:ReiMu","Nunchaku","aspiration:HiddenCompartment","Pen Nib","SkyOrb:ReiMu","Whetstone","Darkstone Periapt","conspire:SlowCooker","CheatingSign:ReiMu","Vajra","aspiration:FrozenJewel","DonationBox:ReiMu","TurtleShell:ReiMu","Shovel","Question Card","HornCleat","Toxic Egg 2","OrangePellets","HollowMod:PaleOreRelic","Ancient Tea Set","Bird Faced Urn"],"acts_visited":["Exordium","TheCity","TheCity"],"potions_floor_usage":[50,50],"damage_taken":[{"damage":10.0,"enemies":"Cultist","floor":1.0,"turns":6.0},{"damage":2.0,"enemies":"2 Louse","floor":3.0,"turns":4.0},{"damage":0.0,"enemies":"Small Slimes","floor":5.0,"turns":3.0},{"damage":15.0,"enemies":"3 Sentries","floor":6.0,"turns":7.0},{"damage":0.0,"enemies":"Looter","floor":7.0,"turns":4.0},{"damage":0.0,"enemies":"Gremlin Nob","floor":8.0,"turns":2.0},{"damage":0.0,"enemies":"Blue Slaver","floor":10.0,"turns":5.0},{"damage":0.0,"enemies":"Lagavulin","floor":14.0,"turns":6.0},{"damage":2.0,"enemies":"Hexaghost","floor":16.0,"turns":10.0},{"damage":21.0,"enemies":"Shell Parasite","floor":18.0,"turns":8.0},{"damage":24.0,"enemies":"3 Byrds","floor":22.0,"turns":6.0},{"damage":0.0,"enemies":"conspire:SneckoGhost","floor":28.0,"turns":15.0},{"damage":0.0,"enemies":"Snake Plant","floor":29.0,"turns":6.0},{"damage":17.0,"enemies":"Centurion and Healer","floor":31.0,"turns":10.0},{"damage":5.0,"enemies":"conspire:MysteriousRune","floor":33.0,"turns":8.0},{"damage":0.0,"enemies":"Gensokyo:AncientGuardian","floor":35.0,"turns":6.0},{"damage":0.0,"enemies":"Gensokyo:3_Bats","floor":38.0,"turns":4.0},{"damage":0.0,"enemies":"Gensokyo:Sharpion","floor":39.0,"turns":8.0},{"damage":0.0,"enemies":"Gensokyo:Kasen","floor":40.0,"turns":6.0},{"damage":0.0,"enemies":"Gensokyo:SeedOfUnknown","floor":41.0,"turns":7.0},{"damage":0,"enemies":"Gensokyo:Marisa","floor":44,"turns":10},{"damage":0,"enemies":"Gensokyo:Doremy","floor":46,"turns":7},{"damage":7,"enemies":"Gensokyo:Dusk_and_Dawn","floor":47,"turns":7},{"damage":0,"enemies":"Gensokyo:Scarlet_Devils","floor":50,"turns":9}],"seed_played":"2793154697508409875","potions_obtained":[{"floor":1.0,"key":"SkillPotion"},{"floor":5.0,"key":"DistilledChaos"},{"floor":6.0,"key":"MagicPotion:ReiMu"},{"floor":10.0,"key":"HakureiPotion:ReiMu"},{"floor":14.0,"key":"JyouchiReiPotion"},{"floor":16.0,"key":"EssenceOfSteel"},{"floor":22.0,"key":"SkillPotion"},{"floor":29.0,"key":"DuplicationPotion"},{"floor":33.0,"key":"Weak Potion"},{"floor":38.0,"key":"Energy Potion"},{"floor":41.0,"key":"GrandPatriotsElixir:ReiMu"},{"floor":46,"key":"Explosive Potion"}],"is_trial":false,"path_per_floor":["M","?","M","?","M","E","M","E","T","M","?","T","R","E","R","B",null,"M","?","$","?","M","R","?","R","T","?","E","M","?","M","R","B",null,"M","?","$","M","M","E","M","R","T","E","COS","E","M","?","R","B",null],"character_chosen":"REIMU","items_purchased":["CheatingSign:ReiMu","Apotheosis","Meditation:ReiMu","TurtleShell:ReiMu","Gathering:ReiMu"],"campfire_rested":1,"item_purchase_floors":[20,20,20,37,37],"current_hp_per_floor":[55,43,41,46,46,31,31,31,31,33,33,33,54,56,56,56,70,49,49,49,36,14,21,36,36,36,36,43,45,45,75,75,75,75,75,75,75,75,75,75,75,75,75,75,75,75,71,75,75,75],"gold":634,"neow_bonus":"RANDOM_COMMON_RELIC","is_daily":false,"chose_seed":false,"campfire_upgraded":3,"win_rate":0.0,"timestamp":1611435379,"path_taken":["M","?","M","?","M","E","M","E","T","M","?","?","R","E","R","BOSS","M","?","$","?","M","R","?","R","T","?","E","M","?","M","R","BOSS","M","?","?","M","?","E","?","R","T","E","COS","E","M","?","R","BOSS"],"items_purchased_type":["Relic","Card","Card","Relic","Card"],"build_version":"2020-12-22","purchased_purges":0,"victory":true,"max_hp_per_floor":[65,65,65,70,70,70,70,70,70,70,70,70,70,70,70,70,70,70,70,70,75,75,75,75,75,75,75,75,75,75,75,75,75,75,75,75,75,75,75,75,75,75,75,75,75,75,75,75,75,75],"card_choices":[{"not_picked":["Crusade:ReiMu","Enchanting:ReiMu"],"picked":"Mountainwind:ReiMu","floor":1.0},{"not_picked":["AirStrike:ReiMu","OrbThrow:ReiMu"],"picked":"Conquer:ReiMu","floor":3.0},{"not_picked":["Enchanting:ReiMu","AlertArray:ReiMu"],"picked":"HakureiPhantom:ReiMu","floor":5.0},{"not_picked":["SubAcupoint:ReiMu","OrbThrow:ReiMu"],"picked":"KamiRite:ReiMu","floor":6.0},{"not_picked":["AlertArray:ReiMu","SafetyPray:ReiMu"],"picked":"Conquer:ReiMu","floor":7.0},{"not_picked":["Conquer:ReiMu","CareerPray:ReiMu"],"picked":"MikOfLucky:ReiMu","floor":8.0},{"not_picked":["MountainWay:ReiMu","SpringWay:ReiMu","Enchanting:ReiMu"],"picked":"SKIP","floor":10.0},{"not_picked":["AirStrike:ReiMu","EmergencyTakeOff:ReiMu"],"picked":"SpreadBorder2:ReiMu","floor":14.0},{"not_picked":["HakureiPhantom:ReiMu","Authority:ReiMu"],"picked":"KamiRite:ReiMu","floor":16.0},{"not_picked":["LearningPray:ReiMu+1","EmergencyTakeOff:ReiMu","OrbThrow:ReiMu"],"picked":"SKIP","floor":18.0},{"not_picked":["AirStrike:ReiMu","Intuition:ReiMu","AlertArray:ReiMu"],"picked":"SKIP","floor":22.0},{"not_picked":["PrepareRite:ReiMu","Revelation:ReiMu","Conquer:ReiMu"],"picked":"SKIP","floor":28.0},{"not_picked":["SubAcupoint:ReiMu","SafetyPray:ReiMu"],"picked":"MikOfLucky:ReiMu","floor":29.0},{"not_picked":["AirStrike:ReiMu","TightArray:ReiMu","AlertArray:ReiMu"],"picked":"SKIP","floor":31.0},{"not_picked":["Dreaming:ReiMu","Determination:ReiMu"],"picked":"YinYang:ReiMu","floor":33.0},{"not_picked":["Intuition:ReiMu+1","Enchanting:ReiMu","TightArray:ReiMu+1"],"picked":"SKIP","floor":35.0},{"not_picked":["TightArray:ReiMu+1","SafetyPray:ReiMu+1"],"picked":"Revelation:ReiMu","floor":38.0},{"not_picked":["Amulet:ReiMu","FoulBorder2:ReiMu+1"],"picked":"RainPray2:ReiMu+1","floor":39.0},{"not_picked":["SafetyPray:ReiMu","BarrageOfMoneybags:ReiMu"],"picked":"MikOfLucky:ReiMu","floor":40.0},{"not_picked":["FantasyBorder:ReiMu+1","TightArray:ReiMu+1"],"picked":"FoulBorder2:ReiMu","floor":41.0},{"not_picked":["UniversalSpiritual:ReiMu+1","Free:ReiMu+1","SubAcupoint:ReiMu+1","Amulet:ReiMu+1"],"picked":"SKIP","floor":44},{"not_picked":["BlastKick2:ReiMu","Meditation:ReiMu+1","TightArray:ReiMu+1"],"picked":"KamiRite:ReiMu+1","floor":46},{"not_picked":["EmergencyTakeOff:ReiMu+1","SafetyPray:ReiMu+1","CareerPray:ReiMu+1","Meditation:ReiMu+1"],"picked":"SKIP","floor":47}],"player_experience":316179,"relics_obtained":[{"floor":6.0,"key":"Pen Nib"},{"floor":8.0,"key":"SkyOrb:ReiMu"},{"floor":9.0,"key":"Blood Vial"},{"floor":12.0,"key":"Whetstone"},{"floor":14.0,"key":"Darkstone Periapt"},{"floor":26.0,"key":"Vajra"},{"floor":28.0,"key":"aspiration:FrozenJewel"},{"floor":40.0,"key":"Shovel"},{"floor":42.0,"key":"Question Card"},{"floor":43.0,"key":"HornCleat"},{"floor":44,"key":"Toxic Egg 2"},{"floor":46,"key":"HollowMod:PaleOreRelic"},{"floor":49,"key":"Bird Faced Urn"}],"event_choices":[{"damage_healed":0.0,"max_hp_gain":0.0,"max_hp_loss":0.0,"gold_gain":0.0,"event_name":"Scrap Ooze","player_choice":"Success","floor":2.0,"gold_loss":0.0,"damage_taken":12.0,"relics_obtained":["aspiration:HiddenCompartment"]},{"damage_healed":0.0,"max_hp_gain":5.0,"max_hp_loss":0.0,"gold_gain":0.0,"event_name":"Big Fish","player_choice":"Donut","floor":4.0,"gold_loss":0.0,"damage_taken":0.0},{"damage_healed":0.0,"max_hp_gain":0.0,"max_hp_loss":0.0,"gold_gain":0.0,"event_name":"conspire:Investor","player_choice":"Invest 2","floor":11.0,"gold_loss":0.0,"damage_taken":0.0},{"damage_healed":0.0,"max_hp_gain":5.0,"max_hp_loss":0.0,"gold_gain":0.0,"event_name":"Forgotten Altar","player_choice":"Shed Blood","floor":21.0,"gold_loss":0.0,"damage_taken":18.0},{"damage_healed":0.0,"max_hp_gain":0.0,"max_hp_loss":0.0,"gold_gain":0.0,"event_name":"Ghosts","player_choice":"Ignored","floor":27.0,"gold_loss":0.0,"damage_taken":0.0},{"damage_healed":0.0,"max_hp_gain":0.0,"max_hp_loss":0.0,"gold_gain":0.0,"event_name":"Vampires","player_choice":"Became a vampire (Vial)","floor":30.0,"relics_lost":["Blood Vial"],"gold_loss":0.0,"damage_taken":0.0,"cards_obtained":["Bite","Bite","Bite","Bite","Bite"]}],"is_beta":false,"boss_relics":[{"not_picked":["SacredBark","Velvet Choker"],"picked":"conspire:SlowCooker"},{"not_picked":["aspiration:RunicSpoon","Astrolabe"],"picked":"DonationBox:ReiMu"}],"items_purged_floors":[],"is_endless":false,"potions_floor_spawned":[1,5,6,10,14,16,22,29,33,38,39,41,46],"ascension_level":1}}