{"host":"vex7walpoxzv48nx","time":1611367395,"event":{"mods":["BaseMod","Bestiary","Minty Spire (QoL Compilation)","Permanent Neow","Quick Restart","Relic Stats"],"gold_per_floor":[115,128,47,47,63,63,63],"floor_reached":6,"language":"ENG","playtime":615,"items_purged":[],"score":86,"play_id":"5f8c7ee1-18fc-438f-b147-45656c45ee63","local_time":"20210123030315","daily_mods":["Draft","Heirloom","Elite Swarm"],"is_ascension_mode":false,"campfire_choices":[],"circlet_count":0,"master_deck":["Power Through","True Grit","Pommel Strike","Uppercut","True Grit","Clothesline","Whirlwind","Dark Embrace","Warcry","True Grit","Flame Barrier","Armaments","Wild Strike","Cleave","Pummel","Pommel Strike","Combust","Sentinel"],"relics":["Burning Blood","FossilizedHelix","Incense Burner"],"acts_visited":["Exordium"],"potions_floor_usage":[],"damage_taken":[{"damage":0,"enemies":"Jaw Worm","floor":1,"turns":2},{"damage":0,"enemies":"Cultist","floor":2,"turns":3},{"damage":0,"enemies":"Small Slimes","floor":5,"turns":2},{"damage":0,"enemies":"Lagavulin","floor":6,"turns":3}],"seed_played":"8295214392583615047","potions_obtained":[{"floor":1,"key":"SpeedPotion"}],"is_trial":true,"path_per_floor":["M","M","$","?","M","E"],"character_chosen":"IRONCLAD","items_purchased":["Combust"],"campfire_rested":0,"item_purchase_floors":[3],"current_hp_per_floor":[80,80,80,80,80,80,80],"gold":63,"neow_bonus":"","is_daily":false,"chose_seed":false,"campfire_upgraded":0,"win_rate":0.0,"timestamp":1611367395,"path_taken":["M","M","$","?","M","E"],"items_purchased_type":["Card"],"build_version":"2020-12-22","purchased_purges":0,"victory":false,"max_hp_per_floor":[80,80,80,80,80,80,80],"relic_stats":{"counters":[4,10],"obtain_stats":[{"Incense Burner":4,"Burning Blood":0,"FossilizedHelix":0},{"Incense Burner":2,"Burning Blood":0,"FossilizedHelix":0},{"Incense Burner":5,"Burning Blood":0,"FossilizedHelix":0}],"Burning Blood":0},"card_choices":[{"not_picked":["Rupture","Metallicize"],"picked":"Power Through","floor":0},{"not_picked":["Bloodletting","Blood for Blood"],"picked":"True Grit","floor":0},{"not_picked":["Dual Wield","Anger"],"picked":"Pommel Strike","floor":0},{"not_picked":["True Grit","Iron Wave"],"picked":"Uppercut","floor":0},{"not_picked":["Twin Strike","Heavy Blade"],"picked":"True Grit","floor":0},{"not_picked":["Infernal Blade","Anger"],"picked":"Clothesline","floor":0},{"not_picked":["Clothesline","Sword Boomerang"],"picked":"Whirlwind","floor":0},{"not_picked":["Sentinel","Havoc"],"picked":"Dark Embrace","floor":0},{"not_picked":["Sword Boomerang","Body Slam"],"picked":"Warcry","floor":0},{"not_picked":["Bloodletting","Armaments"],"picked":"True Grit","floor":0},{"not_picked":["Clothesline","Shrug It Off"],"picked":"Flame Barrier","floor":0},{"not_picked":["Perfected Strike","Headbutt"],"picked":"Armaments","floor":0},{"not_picked":["Burning Pact","Shrug It Off"],"picked":"Wild Strike","floor":0},{"not_picked":["Bloodletting","Heavy Blade"],"picked":"Cleave","floor":0},{"not_picked":["Flame Barrier","Carnage"],"picked":"Pummel","floor":0},{"not_picked":["Clothesline","Iron Wave","True Grit"],"picked":"SKIP","floor":1},{"not_picked":["Armaments","Searing Blow"],"picked":"Pommel Strike","floor":2},{"not_picked":["Havoc","Thunderclap"],"picked":"Sentinel","floor":5}],"player_experience":196919,"relics_obtained":[],"event_choices":[{"damage_healed":0,"gold_gain":0,"player_choice":"Gave Potion","damage_taken":0,"relics_obtained":["Incense Burner"],"max_hp_gain":0,"max_hp_loss":0,"event_name":"WeMeetAgain","floor":4,"gold_loss":0}],"is_beta":false,"boss_relics":[],"items_purged_floors":[],"is_endless":true,"potions_floor_spawned":[1],"killed_by":"Lagavulin","ascension_level":0}}