{"host":"0bf1j2iyw2812bby","time":1611410412,"event":{"mods":["BaseMod","Colored Map","Downfall","Highlight Path","Minty Spire (QoL Compilation)","StSLib"],"gold_per_floor":[167,182,182,182,201,201,226,189,270,290,304,304,322,374,386,498,510,450,450,450,450,450,450],"floor_reached":22,"language":"ENG","playtime":902,"items_purged":[],"score":219,"play_id":"75db4ce2-6d4f-4dfc-8ace-6c14fbe096f2","local_time":"20210123090012","is_ascension_mode":true,"campfire_choices":[{"data":"Sunder","floor":6,"key":"SMITH"},{"floor":12,"key":"REST"},{"floor":15,"key":"REST"}],"circlet_count":0,"master_deck":["Strike_B","Strike_B","Strike_B","Defend_B","Defend_B+1","Defend_B","Defend_B","Zap","Dualcast","Sunder+1","Storm","Ball Lightning","Turbo","Loop+1","Ball Lightning","Turbo","Machine Learning+1","Steam","Streamline","Stack","Genetic Algorithm"],"relics":["Tiny House","Boot","Frozen Egg 2","MawBank","Ectoplasm"],"acts_visited":["Exordium","TheCity"],"potions_floor_usage":[7,18,21,21,21,21,21],"damage_taken":[{"damage":1,"enemies":"Cultist","floor":1,"turns":3},{"damage":4,"enemies":"Small Slimes","floor":2,"turns":3},{"damage":8,"enemies":"2 Louse","floor":5,"turns":2},{"damage":34,"enemies":"Gremlin Nob","floor":7,"turns":4},{"damage":8,"enemies":"Blue Slaver","floor":10,"turns":3},{"damage":10,"enemies":"Gremlin Gang","floor":11,"turns":4},{"damage":5,"enemies":"2 Fungi Beasts","floor":13,"turns":3},{"damage":37,"enemies":"Hexaghost","floor":16,"turns":9},{"damage":14,"enemies":"2 Thieves","floor":18,"turns":4},{"damage":0,"enemies":"Chosen","floor":19,"turns":4},{"damage":38,"enemies":"Centurion and Healer","floor":20,"turns":8},{"damage":23,"enemies":"Snake Plant","floor":21,"turns":4},{"damage":9,"enemies":"Snecko","floor":22,"turns":2}],"seed_played":"-4083455047881515324","potions_obtained":[{"floor":0,"key":"Slimebound:ThreeZeroPotion"},{"floor":2,"key":"BlessingOfTheForge"},{"floor":5,"key":"Swift Potion"},{"floor":10,"key":"Block Potion"},{"floor":18,"key":"Explosive Potion"},{"floor":20,"key":"EntropicBrew"}],"is_trial":false,"path_per_floor":["M","M","?","?","M","R","E","?","T","M","M","R","M","T","R","B",null,"M","M","M","M","M"],"character_chosen":"DEFECT","items_purchased":[],"campfire_rested":2,"item_purchase_floors":[],"current_hp_per_floor":[79,75,75,75,67,67,33,33,33,25,15,39,34,34,58,21,80,66,66,28,5,0,0],"gold":450,"neow_bonus":"BOSS_RELIC","is_daily":false,"chose_seed":false,"campfire_upgraded":1,"win_rate":0.0,"timestamp":1611410412,"path_taken":["M","M","?","?","?","R","E","?","T","M","M","R","M","?","R","BOSS","M","M","M","?","M"],"items_purchased_type":[],"build_version":"2020-12-13","purchased_purges":0,"victory":false,"max_hp_per_floor":[80,80,80,80,80,80,80,80,80,80,80,80,80,80,80,80,80,80,80,80,80,80,80],"card_choices":[{"not_picked":["Beam Cell","Compile Driver"],"picked":"Sunder","floor":0},{"not_picked":["Beam Cell","Undo"],"picked":"Storm","floor":1},{"not_picked":["Barrage","Recycle"],"picked":"Ball Lightning","floor":2},{"not_picked":["BootSequence","Lockon"],"picked":"Turbo","floor":5},{"not_picked":["Barrage","Beam Cell","Melter"],"picked":"SKIP","floor":7},{"not_picked":["Streamline","Darkness"],"picked":"Loop+1","floor":10},{"not_picked":["Double Energy","Hologram"],"picked":"Ball Lightning","floor":11},{"not_picked":["Chill","Cold Snap"],"picked":"Turbo","floor":13},{"not_picked":["All For One","Meteor Strike"],"picked":"Machine Learning+1","floor":16},{"not_picked":["Melter","Darkness"],"picked":"Steam","floor":18},{"not_picked":["Sweeping Beam","Go for the Eyes"],"picked":"Streamline","floor":19},{"not_picked":["Doom and Gloom+1","Rip and Tear+1"],"picked":"Stack","floor":20},{"not_picked":["Go for the Eyes","Double Energy"],"picked":"Genetic Algorithm","floor":21}],"player_experience":381540,"relics_obtained":[{"floor":7,"key":"Boot"},{"floor":9,"key":"Frozen Egg 2"},{"floor":14,"key":"MawBank"}],"event_choices":[{"cards_removed":["Strike_B"],"damage_healed":0,"gold_gain":0,"player_choice":"Forget","damage_taken":0,"max_hp_gain":0,"max_hp_loss":0,"event_name":"Living Wall","floor":3,"gold_loss":0},{"damage_healed":0,"gold_gain":0,"player_choice":"Bought 0 Potions","damage_taken":0,"max_hp_gain":0,"max_hp_loss":0,"event_name":"The Woman in Blue","floor":4,"gold_loss":0},{"damage_healed":0,"gold_gain":0,"player_choice":"Left Gold","damage_taken":0,"max_hp_gain":0,"max_hp_loss":0,"event_name":"World of Goop","floor":8,"gold_loss":37}],"is_beta":false,"boss_relics":[{"not_picked":["Runic Pyramid","Black Star"],"picked":"Ectoplasm"}],"items_purged_floors":[],"is_endless":false,"potions_floor_spawned":[2,5,10,11,18,20],"killed_by":"Snecko","ascension_level":3}}