{"host":"jd8ca16pxkooz5tw","time":1611409750,"event":{"mods":["AchievementEnabler","BaseMod","Colored Map","Defuse TimeMaze Blight","Downfall","GifTheSpireLib","Highlight Path","Minty Spire (QoL Compilation)","StSLib"],"gold_per_floor":[99,117,117,117,217,12,12,12,42,69,102,136,36,0,10,106,106,6,23,23,48,59,94,119,119,149,176,210,62,62,82,93,192,192,92,108,160,210,210,236,288,25,56,56,83,113,124,152,165,165,165,200,23,23,23,23],"floor_reached":57,"language":"ENG","playtime":3248,"items_purged":["downfall:Haunted"],"score":1833,"play_id":"e39bf015-dc6d-41bc-9828-455dd1b7e36f","local_time":"20210123144910","daily_mods":["Vintage","Heirloom","Time Dilation","Flight","downfall:Improvised","downfall:Lament"],"is_ascension_mode":true,"campfire_choices":[{"floor":1,"key":"RECALL"},{"floor":13,"key":"REST"},{"floor":18,"key":"REST"},{"floor":30,"key":"REST"},{"data":"sneckomod:Mudshield","floor":35,"key":"SMITH"},{"floor":44,"key":"DIG"},{"floor":54,"key":"DIG"}],"circlet_count":0,"master_deck":["sneckomod:Strike","sneckomod:Defend+1","sneckomod:TailWhip","sneckomod:SnekBite+1","sneckomod:Unknown+1","sneckomod:Unknown","sneckomod:UnknownCommonAttack+1","sneckomod:UnknownCommonAttack","sneckomod:UnknownCommonAttack","sneckomod:UnknownCommonSkill","sneckomod:UnknownCommonSkill","sneckomod:UnknownCommonSkill","sneckomod:UnknownUncommonSkill","sneckomod:UnknownUncommonPower+1","sneckomod:Unknown+1","downfall:Malfunctioning","downfall:Icky","sneckomod:Unknown3Cost","Doubt","Doubt","sneckomod:UnknownCommonAttack","sneckomod:UnendingSupply","sneckomod:UnknownStrike","Shame","Doubt","Carnage","sneckomod:QuickMove","sneckomod:MasterEye","sneckomod:SerpentMind+1","sneckomod:UnknownUncommonPower","sneckomod:MorePower","CurseOfTheBell","sneckomod:TrashToTreasure","downfall:Bewildered","Writhe","Writhe","sneckomod:DiceCrush+1","Pain","sneckomod:Cheat","sneckomod:SlitherStrike+1","Parasite","sneckomod:UnknownUncommonPower","sneckomod:UnknownUncommonAttack+1","sneckomod:UnendingSupply+1","sneckomod:WideSting+1","sneckomod:UnknownBoss","sneckomod:DiceCrush+1","sneckomod:UnknownRarePower+1","sneckomod:Mudshield+1","sneckomod:UnknownStrike+1","sneckomod:SnekBeam+1","sneckomod:UnknownClassTHE_CHAMP_GRAY+1","sneckomod:QuickBite+1","Decay","downfall:Aged","sneckomod:UnknownUncommonPower","sneckomod:WideSting+1","sneckomod:UnknownClassRED+1","sneckomod:RainOfDice+1","sneckomod:IronFang+1","sneckomod:UnknownRarePower","sneckomod:UnendingSupply","sneckomod:UnknownColorless+1"],"relics":["sneckomod:SneckoSoul","NeowsBlessing","champ:DeflectingBracers","Potion Belt","downfall:ExtraCursedKey","Blue Candle","Toolbox","Question Card","Gremlin Horn","Anchor","Molten Egg 2","Akabeko","downfall:HeartBlessingRed","Dream Catcher","Calling Bell","Bronze Scales","Slimebound:PreparedRelic","hexamod:Sixitude","downfall:HeartBlessingGreen","Pantograph","sneckomod:BabySnecko","StrikeDummy","sneckomod:ConfusingCodex","Bag of Preparation","Oddly Smooth Stone","Toy Ornithopter","Vajra","champ:Barbells","Mummified Hand","Boot","Black Star","downfall:HeartBlessingBlue","Lantern","Prayer Wheel","TungstenRod","hexamod:CandleOfCauterizing","Bird Faced Urn","Pen Nib","Lee\u0027s Waffle","Shovel","Bottled Flame","InkBottle","Guardian:PocketSentry","Omamori","Meat on the Bone","Eternal Feather","HornCleat","CaptainsWheel","StoneCalendar","bronze:BronzeIdol","Happy Flower","Unceasing Top","Letter Opener"],"acts_visited":["Exordium","TheCity","TheBeyond","TheEnding"],"potions_floor_usage":[23,28,50,52,56,56,56,56],"damage_taken":[{"damage":0,"enemies":"Small Slimes","floor":2,"turns":1},{"damage":0,"enemies":"downfall:FleeingMerchant","floor":6,"turns":1},{"damage":5,"enemies":"Gremlin Nob","floor":9,"turns":1},{"damage":27,"enemies":"3 Sentries","floor":10,"turns":3},{"damage":31,"enemies":"Lagavulin","floor":11,"turns":5},{"damage":16,"enemies":"Gremlin Nob","floor":12,"turns":3},{"damage":0,"enemies":"2 Louse","floor":15,"turns":2},{"damage":31,"enemies":"WA_ARCHETYPE_RETAIN","floor":16,"turns":5},{"damage":19,"enemies":"Chosen","floor":19,"turns":3},{"damage":2,"enemies":"3 Byrds","floor":22,"turns":2},{"damage":32,"enemies":"Gremlin Leader","floor":23,"turns":5},{"damage":20,"enemies":"Slavers","floor":26,"turns":4},{"damage":7,"enemies":"Gremlin Leader","floor":27,"turns":3},{"damage":18,"enemies":"Book of Stabbing","floor":28,"turns":3},{"damage":17,"enemies":"Sentry and Sphere","floor":31,"turns":3},{"damage":0,"enemies":"Snake Plant","floor":32,"turns":2},{"damage":36,"enemies":"SI_MIRROR_ARCHETYPE","floor":33,"turns":4},{"damage":4,"enemies":"3 Darklings","floor":36,"turns":1},{"damage":10,"enemies":"2 Orb Walkers","floor":37,"turns":2},{"damage":7,"enemies":"2 Orb Walkers","floor":38,"turns":3},{"damage":19,"enemies":"Giant Head","floor":40,"turns":5},{"damage":20,"enemies":"Reptomancer","floor":43,"turns":4},{"damage":4,"enemies":"Nemesis","floor":45,"turns":3},{"damage":0,"enemies":"Reptomancer","floor":46,"turns":1},{"damage":0,"enemies":"3 Shapes","floor":47,"turns":1},{"damage":1,"enemies":"Nemesis","floor":48,"turns":4},{"damage":0,"enemies":"Jaw Worm Horde","floor":49,"turns":1},{"damage":4,"enemies":"IC_BLOCK_ARCHETYPE","floor":50,"turns":1},{"damage":34,"enemies":"downfall:CharBossMerchant","floor":52,"turns":6},{"damage":0,"enemies":"downfall:NeowBoss","floor":55,"turns":8},{"damage":28,"enemies":"downfall:NeowBossFinal","floor":56,"turns":6}],"seed_played":"3214421114327408899","potions_obtained":[{"floor":2,"key":"EssenceOfSteel"},{"floor":10,"key":"Dexterity Potion"},{"floor":12,"key":"Fire Potion"},{"floor":15,"key":"FairyPotion"},{"floor":16,"key":"SteroidPotion"},{"floor":26,"key":"Energy Potion"},{"floor":31,"key":"Block Potion"},{"floor":38,"key":"DistilledChaos"}],"is_trial":true,"path_per_floor":["R","M","?","?","?","$","T","R","E","E","E","E","R","$","M","B",null,"R","M","?","T","M","E","T","?","E","E","E","$","R","M","M","B",null,"R","M","?","?","?","E","T","$","E","R","E","E","M","E","M","B",null,"E","$","R","B","B",null],"character_chosen":"THE_SNECKO","items_purchased":["Blue Candle","Toolbox","sneckomod:UnendingSupply","sneckomod:UnknownStrike","sneckomod:UnknownUncommonPower","champ:Barbells","Lee\u0027s Waffle","sneckomod:UnknownUncommonPower","sneckomod:WideSting+1","ColorlessPotion","ColorlessPotion"],"campfire_rested":3,"item_purchase_floors":[6,6,6,6,14,29,42,42,42,53,53],"current_hp_per_floor":[90,90,90,90,95,95,95,95,90,63,32,16,44,44,44,13,95,95,86,86,86,84,52,52,52,32,25,12,12,40,23,23,27,95,105,101,91,84,84,65,65,112,98,98,104,112,112,112,112,112,112,86,86,112,112,107],"gold":23,"neow_bonus":"","is_daily":false,"chose_seed":false,"campfire_upgraded":1,"win_rate":0.0,"timestamp":1611409750,"path_taken":["R","M","?","?","?","$","T","R","E","E","E","E","R","$","M","BOSS","R","M","?","?","?","E","T","?","E","E","E","$","R","?","M","BOSS","R","M","?","?","?","E","T","?","E","R","E","E","?","E","M","BOSS","E","$","R","BOSS","BOSS"],"items_purchased_type":["Relic","Relic","Card","Card","Card","Relic","Relic","Card","Card","Potion","Potion"],"build_version":"2020-12-22","purchased_purges":1,"victory":true,"max_hp_per_floor":[90,90,90,90,95,95,95,95,95,95,95,95,95,95,95,95,95,95,95,95,95,95,95,95,95,95,95,95,95,95,95,95,95,95,105,105,105,105,105,105,105,112,112,112,112,112,112,112,112,112,112,112,112,112,112,112],"card_choices":[{"not_picked":["sneckomod:IronFang","sneckomod:SoulCleanse"],"picked":"sneckomod:UnknownCommonAttack","floor":6},{"not_picked":["sneckomod:UnknownStrike","sneckomod:IronFang","sneckomod:DiceBoulder"],"picked":"sneckomod:QuickMove","floor":9},{"not_picked":["sneckomod:UnknownUncommonAttack","sneckomod:Nope","sneckomod:UnknownCommonSkill"],"picked":"sneckomod:MasterEye","floor":10},{"not_picked":["sneckomod:Unknown1Cost","sneckomod:UnknownCommonSkill","sneckomod:UnknownUncommonSkill"],"picked":"sneckomod:SoulRoll","floor":11},{"not_picked":["sneckomod:Unknown0Cost","sneckomod:WideSting+1","sneckomod:Nope"],"picked":"sneckomod:SerpentMind","floor":12},{"not_picked":["sneckomod:UnknownRarePower","sneckomod:DangerNoodle+1","sneckomod:SoulExchange"],"picked":"sneckomod:MorePower","floor":16},{"not_picked":["sneckomod:UnknownVulnerable","sneckomod:Nope","sneckomod:UnknownCommonSkill"],"picked":"sneckomod:TrashToTreasure","floor":18},{"not_picked":["sneckomod:IronFang+1","sneckomod:UnknownUncommonSkill","sneckomod:QuickBite+1"],"picked":"sneckomod:DiceCrush+1","floor":23},{"not_picked":["sneckomod:Unknown2Cost+1","sneckomod:UnknownX+1","sneckomod:UnknownUncommonSkill+1"],"picked":"sneckomod:UnknownUncommonAttack+1","floor":26},{"not_picked":["sneckomod:MasterEye","sneckomod:ImprovisedGuard","sneckomod:RainOfDice+1"],"picked":"sneckomod:UnendingSupply+1","floor":26},{"not_picked":["sneckomod:UnknownCommonAttack+1","sneckomod:IronFang+1","sneckomod:UnknownClassTHE_CHAMP_GRAY+1"],"picked":"sneckomod:WideSting+1","floor":27},{"not_picked":["sneckomod:QuickMove+1","sneckomod:RainOfDice+1","sneckomod:Memorize"],"picked":"sneckomod:UnknownBoss","floor":28},{"not_picked":["sneckomod:UnknownCommonSkill","sneckomod:UnknownUncommonSkill","sneckomod:SoulCleanse"],"picked":"sneckomod:DiceCrush+1","floor":30},{"not_picked":["sneckomod:UnknownVulnerable+1","sneckomod:UnknownClassHEXA_GHOST_PURPLE+1","sneckomod:Unknown0Cost+1"],"picked":"sneckomod:UnknownRarePower+1","floor":33},{"not_picked":["sneckomod:UnknownRareAttack+1","sneckomod:SerpentMind","sneckomod:UnknownBoss"],"picked":"sneckomod:Mudshield","floor":33},{"not_picked":["sneckomod:UnknownClassTHE_BRONZE_AUTOMATON+1","sneckomod:UnknownClassSLIMEBOUND+1","sneckomod:Unknown1Cost+1"],"picked":"sneckomod:UnknownStrike+1","floor":36},{"not_picked":["sneckomod:SoulRoll+1","sneckomod:UnknownClassTHE_CHAMP_GRAY+1","sneckomod:UnknownUncommonSkill"],"picked":"sneckomod:SnekBeam+1","floor":37},{"not_picked":["sneckomod:SlitherStrike+1","sneckomod:Rotation+1","sneckomod:DiceCrush+1"],"picked":"sneckomod:UnknownClassTHE_CHAMP_GRAY+1","floor":38},{"not_picked":["sneckomod:SnakeSap+1","sneckomod:WideSting+1","sneckomod:SoulDraw+1"],"picked":"sneckomod:QuickBite+1","floor":40},{"not_picked":["sneckomod:SerpentMind","sneckomod:DiceBlock","sneckomod:Unknown0Cost+1"],"picked":"sneckomod:UnknownClassRED+1","floor":43},{"not_picked":["sneckomod:TrashToTreasure+1","sneckomod:UnknownUncommonPower","sneckomod:DiceCrush+1"],"picked":"sneckomod:RainOfDice+1","floor":45},{"not_picked":["sneckomod:UnknownBlock+1","sneckomod:UnknownX+1","sneckomod:ImprovisedGuard+1"],"picked":"sneckomod:IronFang+1","floor":46},{"not_picked":["sneckomod:Restock","sneckomod:UnknownUncommonPower","sneckomod:UnknownStrike+1"],"picked":"sneckomod:UnknownRarePower","floor":48},{"not_picked":["sneckomod:UnknownClassTHE_CHAMP_GRAY+1","sneckomod:ImprovisedGuard","sneckomod:SlitherStrike+1"],"picked":"sneckomod:UnendingSupply","floor":52},{"not_picked":["sneckomod:UnknownClassHEXA_GHOST_PURPLE+1","sneckomod:UnknownStrike+1","sneckomod:Unknown2Cost+1"],"picked":"sneckomod:UnknownColorless+1","floor":52}],"player_experience":323208,"relics_obtained":[{"floor":2,"key":"Potion Belt"},{"floor":7,"key":"Question Card"},{"floor":9,"key":"Gremlin Horn"},{"floor":10,"key":"Anchor"},{"floor":11,"key":"Molten Egg 2"},{"floor":12,"key":"Akabeko"},{"floor":15,"key":"Dream Catcher"},{"floor":17,"key":"Bronze Scales"},{"floor":17,"key":"Slimebound:PreparedRelic"},{"floor":17,"key":"hexamod:Sixitude"},{"floor":19,"key":"Pantograph"},{"floor":22,"key":"StrikeDummy"},{"floor":23,"key":"sneckomod:ConfusingCodex"},{"floor":24,"key":"Bag of Preparation"},{"floor":26,"key":"Oddly Smooth Stone"},{"floor":27,"key":"Toy Ornithopter"},{"floor":28,"key":"Vajra"},{"floor":31,"key":"Mummified Hand"},{"floor":32,"key":"Boot"},{"floor":36,"key":"Lantern"},{"floor":37,"key":"Prayer Wheel"},{"floor":38,"key":"TungstenRod"},{"floor":40,"key":"hexamod:CandleOfCauterizing"},{"floor":40,"key":"Bird Faced Urn"},{"floor":41,"key":"Pen Nib"},{"floor":43,"key":"Shovel"},{"floor":43,"key":"Bottled Flame"},{"floor":44,"key":"InkBottle"},{"floor":45,"key":"Guardian:PocketSentry"},{"floor":45,"key":"Omamori"},{"floor":46,"key":"Meat on the Bone"},{"floor":46,"key":"Eternal Feather"},{"floor":47,"key":"HornCleat"},{"floor":48,"key":"CaptainsWheel"},{"floor":48,"key":"StoneCalendar"},{"floor":49,"key":"bronze:BronzeIdol"},{"floor":52,"key":"Happy Flower"},{"floor":52,"key":"Unceasing Top"},{"floor":54,"key":"Letter Opener"}],"event_choices":[{"damage_healed":0,"gold_gain":0,"player_choice":"Fight","damage_taken":0,"max_hp_gain":0,"max_hp_loss":0,"event_name":"Mysterious Sphere","floor":37,"gold_loss":0},{"cards_removed":["sneckomod:SoulRoll"],"damage_healed":0,"gold_gain":0,"player_choice":"Removed Skill","damage_taken":0,"max_hp_gain":0,"max_hp_loss":0,"event_name":"Falling","floor":39,"gold_loss":0}],"is_beta":false,"boss_relics":[{"not_picked":["Philosopher\u0027s Stone","sneckomod:SneckoTalon"],"picked":"Calling Bell"},{"not_picked":["Snecko Eye","Runic Dome"],"picked":"Black Star"}],"items_purged_floors":[53],"is_endless":false,"potions_floor_spawned":[2,10,12,15,16,26,27,31,32,33,38,45,46,49],"ascension_level":1}}