{"host":"qnw6fh3z6mhgqap2","time":1611367154,"event":{"mods":["BaseMod","Downfall","Minty Spire (QoL Compilation)","Quick Restart","Replay The Spire","StSLib","SuperFastMode"],"gold_per_floor":[113,125,151,151,151,151,182,208,208,234,234,234,244,259,259,362,362,376,52,127,142,15,46,92,92,115,143,143,172,172,188,188,293,293,307,307,41,54,69,103,121,153,225,225,254,254,289,299,299,299],"floor_reached":51,"language":"ENG","playtime":3959,"items_purged":[],"score":1179,"play_id":"1da0dfe0-795e-4da9-8aff-9cc27693b29c","local_time":"20210123025914","is_ascension_mode":true,"campfire_choices":[{"data":"Noxious Fumes","floor":6,"key":"SMITH"},{"data":"Replay:Poison Smokescreen","floor":12,"key":"SMITH"},{"data":"Underhanded Strike","floor":15,"key":"SMITH"},{"data":"ReplayTheSpireMod:Scrap Shanks","floor":28,"key":"SMITH"},{"data":"Envenom","floor":30,"key":"SMITH"},{"data":"Apotheosis","floor":46,"key":"SMITH"}],"circlet_count":0,"master_deck":["Strike_G","Strike_G","Strike_G","Strike_G","Strike_G","Defend_G","Defend_G","Defend_G","Defend_G","Defend_G","Flying Knee","Noxious Fumes+1","Leap","Beam Cell+1","Replay:Poison Smokescreen+1","Bane+1","Blade Dance","Underhanded Strike+1","ReplayTheSpireMod:Necrosis","CurseOfTheBell","Catalyst+1","Sadistic Nature","Reflex","ReplayTheSpireMod:Scrap Shanks+1","Midas Touch","The Bomb","Midas Touch+1","Envenom+1","Dagger Throw+1","Venomology","Apotheosis+1","Accuracy","Infinite Blades","Noxious Fumes+1","Chrysalis","HandOfGreed","Secret Technique","Blade Dance+1","Fluid Movement"],"relics":["Snecko Scales","Tiny Chest","Vajra","Akabeko","Replay:Ringing Soul","ReplayTheSpireMod:Lightbulb","Sundial","Calling Bell","Juzu Bracelet","Garlic","Counterbalance","ReplayTheSpireMod:ShopPack","The Courier","Omamori","Anchor","Toy Ornithopter","TungstenRod","bronze:MakeshiftBattery","Thread and Needle","Mirror","Iron Hammer","Divine Protection","Oddly Smooth Stone"],"acts_visited":["Exordium","TheCity","TheBeyond"],"potions_floor_usage":[10,35,35,38,41,42,45,45,50,50],"damage_taken":[{"damage":0,"enemies":"Cultist","floor":1,"turns":3},{"damage":0,"enemies":"Jaw Worm","floor":2,"turns":4},{"damage":8,"enemies":"Lagavulin","floor":7,"turns":5},{"damage":14,"enemies":"Gremlin Nob","floor":10,"turns":3},{"damage":0,"enemies":"2 Louse","floor":13,"turns":2},{"damage":0,"enemies":"Looter","floor":14,"turns":2},{"damage":0,"enemies":"Slime Boss","floor":16,"turns":7},{"damage":0,"enemies":"Chosen","floor":18,"turns":3},{"damage":0,"enemies":"Spheric Guardian","floor":21,"turns":2},{"damage":18,"enemies":"Slavers","floor":23,"turns":4},{"damage":0,"enemies":"Gremlin Leader","floor":27,"turns":3},{"damage":13,"enemies":"Book of Stabbing","floor":29,"turns":4},{"damage":0,"enemies":"Shelled Parasite and Fungi","floor":31,"turns":3},{"damage":27,"enemies":"Pondfish","floor":33,"turns":6},{"damage":2,"enemies":"3 Shapes","floor":35,"turns":2},{"damage":2,"enemies":"3 Darklings","floor":38,"turns":3},{"damage":0,"enemies":"Spire Growth","floor":39,"turns":4},{"damage":3,"enemies":"R_Hoarder","floor":40,"turns":4},{"damage":9,"enemies":"Maw","floor":41,"turns":4},{"damage":1,"enemies":"Nemesis","floor":42,"turns":4},{"damage":0,"enemies":"Giant Head","floor":45,"turns":5},{"damage":0,"enemies":"4 Shapes","floor":47,"turns":4},{"damage":9,"enemies":"Writhing Mass","floor":48,"turns":3},{"damage":81,"enemies":"Awakened One","floor":50,"turns":6}],"seed_played":"-50014719361362791","potions_obtained":[{"floor":7,"key":"Strength Potion"},{"floor":10,"key":"SpeedPotion"},{"floor":14,"key":"Ancient Potion"},{"floor":18,"key":"Milkshake"},{"floor":25,"key":"Guardian:BlockOnCardUsePotion"},{"floor":25,"key":"SneckoOil"},{"floor":33,"key":"sneckomod:MuddlingPotion"},{"floor":38,"key":"champ:CounterPotion"},{"floor":45,"key":"sneckomod:MuddlingPotion"}],"is_trial":false,"path_per_floor":["M","M","T","?","?","R","E","T","T","E","T","R","M","M","R","B",null,"M","$","?","M","$","E","T","?","T","E","R","E","R","M","R","B",null,"M","?","$","M","M","E","M","E","T","?","E","R","M","M","R","B",null],"character_chosen":"THE_SILENT","items_purchased":["Sadistic Nature","Reflex","ReplayTheSpireMod:Scrap Shanks","ReplayTheSpireMod:ShopPack","Apotheosis","Accuracy","Infinite Blades"],"campfire_rested":0,"item_purchase_floors":[19,19,19,22,37,37,37],"current_hp_per_floor":[70,70,70,70,70,70,62,62,62,51,51,51,54,57,57,60,85,88,91,82,82,85,70,70,70,70,70,70,60,60,60,90,66,103,101,101,104,104,104,104,100,104,104,98,111,111,114,105,118,47],"gold":299,"neow_bonus":"BOSS_RELIC","is_daily":false,"chose_seed":false,"campfire_upgraded":6,"win_rate":0.0,"timestamp":1611367154,"path_taken":["M","M","?","?","?","R","E","?","T","E","?","R","?","M","R","BOSS","M","$","?","M","?","E","?","?","T","E","R","E","R","M","R","BOSS","M","?","$","M","M","E","M","E","T","?","E","R","M","M","R","BOSS"],"items_purchased_type":["Card","Card","Card","Relic","Card","Card","Card"],"build_version":"2020-12-22","purchased_purges":0,"victory":true,"max_hp_per_floor":[70,70,70,70,70,70,70,70,70,73,73,73,76,79,79,82,85,88,91,91,91,94,97,97,97,97,97,97,100,100,100,100,103,103,103,103,106,106,106,109,109,109,109,112,115,115,118,118,118,118],"card_choices":[{"not_picked":["Dagger Spray","Outmaneuver"],"picked":"Flying Knee","floor":1},{"not_picked":["Masterful Stab","Cloak And Dagger"],"picked":"Noxious Fumes","floor":2},{"not_picked":["Poisoned Stab","Blur"],"picked":"Replay:Poison Smokescreen","floor":7},{"not_picked":["ReplayTheSpireMod:Exploit Weakness","Quick Slash"],"picked":"Bane","floor":10},{"not_picked":["Bouncing Flask","Poisoned Stab"],"picked":"Blade Dance","floor":13},{"not_picked":["Hidden Blade","Prepared"],"picked":"Underhanded Strike","floor":14},{"not_picked":["Night Terror","Adrenaline"],"picked":"ReplayTheSpireMod:Necrosis","floor":16},{"not_picked":["Sneak Up+1","Expertise"],"picked":"Catalyst+1","floor":18},{"not_picked":["Flying Knee+1","Sneak Up","Bane+1"],"picked":"SKIP","floor":21},{"not_picked":["Master of Strategy","ReplayTheSpireMod:Brewmster"],"picked":"Midas Touch","floor":22},{"not_picked":["Flash of Steel","Replay:Bootleg Shield Generator"],"picked":"The Bomb","floor":22},{"not_picked":["Discovery","Enlightenment"],"picked":"Midas Touch","floor":22},{"not_picked":["Bane","Backflip"],"picked":"Envenom","floor":23},{"not_picked":["ReplayTheSpireMod:Tripwire+1","Flying Knee","Expertise"],"picked":"SKIP","floor":27},{"not_picked":["Toxin Wave","Acrobatics"],"picked":"Dagger Throw+1","floor":29},{"not_picked":["Bane+1","Backflip","ReplayTheSpireMod:Exploit Weakness+1"],"picked":"SKIP","floor":31},{"not_picked":["Night Terror","Tools of the Trade"],"picked":"Venomology","floor":33},{"not_picked":["Slice+1","Leg Sweep+1","Bane+1"],"picked":"SKIP","floor":35},{"not_picked":["Sucker Punch+1","Distraction","Deflect+1"],"picked":"SKIP","floor":38},{"not_picked":["Sucker Punch","Hidden Blade+1","Choke"],"picked":"SKIP","floor":39},{"not_picked":["Dash+1","Flying Knee"],"picked":"Noxious Fumes+1","floor":40},{"not_picked":["Cloak And Dagger","Backstab+1","Bane+1"],"picked":"SKIP","floor":41},{"not_picked":["Backstab+1","Phantasmal Killer","Flying Knee+1"],"picked":"SKIP","floor":42},{"not_picked":["Replay:Parry","ReplayTheSpireMod:Private Reserves"],"picked":"Chrysalis","floor":44},{"not_picked":["Blind","Dramatic Entrance"],"picked":"HandOfGreed","floor":44},{"not_picked":["Deep Breath","Discovery"],"picked":"Secret Technique","floor":44},{"not_picked":["Deflect","Deadly Poison+1"],"picked":"Blade Dance+1","floor":45},{"not_picked":["Deadly Poison+1","Underhanded Strike"],"picked":"Fluid Movement","floor":47},{"not_picked":["Deflect","Eviscerate","Dagger Throw+1"],"picked":"SKIP","floor":48}],"player_experience":156427,"relics_obtained":[{"floor":3,"key":"Tiny Chest"},{"floor":7,"key":"Vajra"},{"floor":8,"key":"Akabeko"},{"floor":9,"key":"Replay:Ringing Soul"},{"floor":10,"key":"ReplayTheSpireMod:Lightbulb"},{"floor":11,"key":"Sundial"},{"floor":17,"key":"Juzu Bracelet"},{"floor":17,"key":"Garlic"},{"floor":17,"key":"Counterbalance"},{"floor":23,"key":"The Courier"},{"floor":24,"key":"Omamori"},{"floor":26,"key":"Anchor"},{"floor":27,"key":"Toy Ornithopter"},{"floor":29,"key":"TungstenRod"},{"floor":40,"key":"Mirror"},{"floor":42,"key":"Iron Hammer"},{"floor":43,"key":"Divine Protection"},{"floor":45,"key":"Oddly Smooth Stone"}],"event_choices":[{"damage_healed":0,"gold_gain":0,"player_choice":"Grow","damage_taken":0,"max_hp_gain":0,"max_hp_loss":0,"event_name":"Living Wall","floor":5,"gold_loss":0,"cards_upgraded":["Beam Cell"]},{"damage_healed":0,"gold_gain":75,"player_choice":"Touch","damage_taken":9,"max_hp_gain":0,"max_hp_loss":0,"event_name":"FaceTrader","floor":20,"gold_loss":0},{"damage_healed":0,"gold_gain":0,"player_choice":"Got Potions","damage_taken":0,"max_hp_gain":0,"max_hp_loss":0,"event_name":"Lab","floor":25,"gold_loss":0},{"damage_healed":0,"gold_gain":0,"player_choice":"Gave Potion","damage_taken":0,"relics_obtained":["Thread and Needle"],"max_hp_gain":0,"max_hp_loss":0,"event_name":"WeMeetAgain","floor":36,"gold_loss":0},{"damage_healed":0,"gold_gain":0,"player_choice":"Memory 3","damage_taken":10,"max_hp_gain":0,"max_hp_loss":0,"event_name":"SensoryStone","floor":44,"gold_loss":0}],"is_beta":false,"boss_relics":[{"not_picked":["Coffee Dripper","Replay:Wanted Poster"],"picked":"Calling Bell"},{"not_picked":["Snecko Eye","Fusion Hammer"],"picked":"bronze:MakeshiftBattery"}],"items_purged_floors":[],"is_endless":false,"potions_floor_spawned":[7,10,14,18,31,33,38,41,45,47],"ascension_level":1}}