{"host":"qsusua7l529r8z9k","time":1611407121,"event":{"mods":["BaseMod","LagranYue(¿≠∏Ò¿ °§‘¬)","Minty Spire (QoL Compilation)","Shop Mod","Spicy Shops","StSLib"],"gold_per_floor":[119,119,119,129,129,160,160,177,177,235,235,410,410,439,439,439,439],"floor_reached":16,"language":"ZHS","playtime":757,"items_purged":[],"score":131,"play_id":"4a45ab6e-e65c-494d-b540-00839707ce71","local_time":"20210123210521","is_ascension_mode":false,"campfire_choices":[{"data":"LagranYue:TestChooseCard","floor":7,"key":"SMITH"},{"data":"LagranYue:AttackTopazCard","floor":11,"key":"SMITH"},{"data":"LagranYue:AttackKingCard","floor":13,"key":"SMITH"},{"data":"LagranYue:PrematureBurialCard","floor":15,"key":"SMITH"}],"circlet_count":0,"master_deck":["LagranYue:BaseAttackCard","LagranYue:BaseDefendCard","LagranYue:BaseDefendCard","LagranYue:BaseDefendCard","LagranYue:AttackTopazCard+1","LagranYue:SkillBrokenSwordCard","LagranYue:BaseAttackCard","LagranYue:BaseDefendCard","LagranYue:AttackKingCard+1","LagranYue:PrematureBurialCard+1","LagranYue:TestChooseCard+1","LagranYue:PowerRemoveArmorCard","LagranYue:RubyDefendCard+1","Doubt","LagranYue:SkillKadeboSwordCard"],"relics":["LagranYue:ArmsProficiencyRelics","LagranYue:RandomDrawCardRelic","NeowsBlessing","Potion Belt","Meat on the Bone","Toxic Egg 2","Shovel"],"acts_visited":["Exordium"],"potions_floor_usage":[16],"damage_taken":[{"damage":0.0,"enemies":"2 Louse","floor":1.0,"turns":1.0},{"damage":1,"enemies":"Small Slimes","floor":4,"turns":2},{"damage":0,"enemies":"3 Sentries","floor":6,"turns":2},{"damage":6,"enemies":"Cultist","floor":8,"turns":5},{"damage":42,"enemies":"Gremlin Nob","floor":10,"turns":6},{"damage":7,"enemies":"Gremlin Nob","floor":14,"turns":4},{"damage":50,"enemies":"The Guardian","floor":16,"turns":8}],"seed_played":"5699939821946192746","potions_obtained":[{"floor":1.0,"key":"SmokeBomb"},{"floor":14,"key":"Weak Potion"}],"is_trial":false,"path_per_floor":["M","?","?","M","?","E","R","M","T","?","R","?","R","E","R","B"],"character_chosen":"LagranYueCharacter","items_purchased":[],"campfire_rested":0,"item_purchase_floors":[],"current_hp_per_floor":[75,75,75,74,74,74,74,68,68,38,38,38,38,43,43,0,0],"gold":439,"neow_bonus":"THREE_ENEMY_KILL","is_daily":false,"chose_seed":false,"campfire_upgraded":4,"win_rate":0.0,"timestamp":1611407121,"path_taken":["M","?","?","M","?","E","R","?","T","?","R","?","R","E","R","BOSS"],"items_purchased_type":[],"build_version":"2020-12-22","purchased_purges":0,"victory":false,"max_hp_per_floor":[75,75,75,75,75,75,75,75,75,75,75,75,75,75,75,75,75],"card_choices":[{"not_picked":["LagranYue:SkillDistortionCard","LagranYue:SkillBrokenSwordCard"],"picked":"LagranYue:AttackKingCard","floor":1.0},{"not_picked":["LagranYue:AttackDevilCard","LagranYue:SapphirePrayerCard"],"picked":"LagranYue:TestChooseCard","floor":4},{"not_picked":["LagranYue:EatTigerCard","LagranYue:AttackAerCard"],"picked":"LagranYue:PowerRemoveArmorCard","floor":6},{"not_picked":["LagranYue:MultipleThornsCard","LagranYue:AttackRavagedCard","LagranYue:AttackCrowCrossbowCard"],"picked":"SKIP","floor":8},{"not_picked":["LagranYue:AttackSapphireCard","LagranYue:MagicSkyrocketCard+1"],"picked":"LagranYue:RubyDefendCard+1","floor":10},{"not_picked":["LagranYue:PowerRemoveArmorCard","LagranYue:SkillGaeBolgCard"],"picked":"LagranYue:SkillKadeboSwordCard","floor":14}],"player_experience":481751,"relics_obtained":[{"floor":6,"key":"Potion Belt"},{"floor":9,"key":"Meat on the Bone"},{"floor":14,"key":"Shovel"}],"event_choices":[{"damage_healed":0,"gold_gain":0,"player_choice":"Ignored","damage_taken":0,"max_hp_gain":0,"max_hp_loss":0,"event_name":"Shining Light","floor":2,"gold_loss":0},{"damage_healed":0,"gold_gain":0,"cards_transformed":["LagranYue:BaseAttackCard"],"player_choice":"Change","damage_taken":0,"max_hp_gain":0,"max_hp_loss":0,"event_name":"Living Wall","floor":3,"gold_loss":0,"cards_obtained":["LagranYue:PrematureBurialCard"]},{"cards_removed":["LagranYue:BaseAttackCard"],"damage_healed":0,"gold_gain":0,"player_choice":"Offered Basic","damage_taken":0,"max_hp_gain":0,"max_hp_loss":0,"event_name":"Bonfire Elementals","floor":5,"gold_loss":0},{"damage_healed":0,"gold_gain":0,"player_choice":"Searched \u00273\u0027 times","damage_taken":0,"relics_obtained":["Toxic Egg 2"],"max_hp_gain":0,"max_hp_loss":0,"event_name":"Dead Adventurer","floor":10,"gold_loss":0},{"damage_healed":0,"gold_gain":175,"player_choice":"AGREE","damage_taken":0,"max_hp_gain":0,"max_hp_loss":0,"event_name":"Liars Game","floor":12,"gold_loss":0,"cards_obtained":["Doubt"]}],"is_beta":false,"boss_relics":[],"items_purged_floors":[],"is_endless":false,"potions_floor_spawned":[1,14],"killed_by":"The Guardian","ascension_level":0}}