{"host":"y7b1p9nkx4idorr2","time":1611399609,"event":{"mods":["AchievementEnabler","Act Like it!","Aspiration","Bard","BaseMod","Beaked The Cultist","Better Altar","Better Match","Better Note","Better Sensory Stone","Better Skull","Better Third Choice","BetterRewards","CCEM","Colored Map","Conspire","Downfall","GifTheSpireLib","Googly Eyes","Halation","Hallownest","Hermit","Highlight Path","Hubris","Hunter ??","Infinite Spire","Jedi Mod","Jorbs\u0027s Wanderer Trilogy","Mad Scientist","Marisa????????","Mimic Mod","Minty Spire (QoL Compilation)","Permanent Neow","Replay The Spire","Shade Mod","Shop Mod","Spicy Shops","StSLib","Stuff the Spire","The Administrix","The Blackbeard","The Bug Knight","The Construct","The Cursed","The Disciple","The Gatherer","The Hierophant","The Jungle","The Mystic","The Necromancer","The Problem Sleuth","The Runesmith","The Servant 0.9.4","The Spell Scribe","The Witch","Unceasing Turn Reminder"],"gold_per_floor":[99,116,291,15,28,44,44,44,44,44,71,85,85,98,111,212,212,112,129,149,149,163,163,196,96,96,108,140,151,181,193,213,309,309,209,219,219,22,22,55,55,67,67,85,96,111,111,111,111],"floor_reached":47,"language":"ENG","playtime":4269,"items_purged":["downfall:Aged","downfall:Haunted"],"score":581,"play_id":"e66f272e-da1b-49ae-a935-da720777d16f","local_time":"20210123050009","is_ascension_mode":false,"campfire_choices":[{"floor":1,"key":"RECALL"},{"data":"Slimebound:Repurpose","floor":10,"key":"SMITH"},{"data":"Slimebound:AcidTongue","floor":13,"key":"SMITH"},{"data":"Slimebound:MassRepurpose","floor":18,"key":"SMITH"},{"data":"Slimebound:Overexert","floor":25,"key":"SMITH"},{"data":"Slimebound:SelfFormingGoo","floor":35,"key":"SMITH"}],"circlet_count":0,"master_deck":["Slimebound:Strike_Slimebound","Slimebound:Tackle","Slimebound:Defend_Slimebound","Slimebound:Defend_Slimebound","Slimebound:Defend_Slimebound","Slimebound:Split","Slimebound:CorrosiveSpit","Slimebound:SplitMire","Doubt","Slimebound:LeadByExample","Slimebound:Repurpose+1","Slimebound:RejuvenatingLick","Slimebound:SpikyOuterGoop","Slimebound:Repurpose","Slimebound:AcidTongue+1","Slimebound:ServeAndProtect","Slimebound:SplitLeeching+1","Slimebound:MassRepurpose+1","Slimebound:SplitSpecialist","Slimebound:Schlurp+1","Slimebound:SplitLeeching","Slimebound:Replication","Slimebound:Overexert+1","Slimebound:ViciousTackle","Pain","Slimebound:SplitAcid+1","Slimebound:OozeBath","Slimebound:GrowthPunch","Slimebound:SelfFormingGoo+1","Slimebound:RollThrough+1","Slimebound:MinionMaster","Slimebound:SlimeTap+1","Madness+1","Slimebound:PressTheAttack","expansioncontent:Chronoboost","Slimebound:Recollect+1","Slimebound:SplitSpecialist+1","Slimebound:Repurpose","Slimebound:HauntingLick+1"],"relics":["Slimebound:AbsorbEndCombat","Ginger","Slimebound:AggressiveSlimeRelic","FossilizedHelix","Replay:Ringing Soul","aspiration:MobileForge","downfall:HeartBlessingRed","Bottled Flame","downfall:HeartBlessingBlue","infinitespire:Eraser","MealTicket","hubris:TerracottaHorce","downfall:HeartBlessingGreen","halation:PapillonHeart","hubris:ToyBattleship","Shuriken","StuffTheSpire:Expresso"],"acts_visited":["Exordium","TheCity","TheBeyond"],"potions_floor_usage":[11,12,16,31,33],"damage_taken":[{"damage":9,"enemies":"2 Louse","floor":2,"turns":4},{"damage":5,"enemies":"downfall:FleeingMerchant","floor":4,"turns":4},{"damage":6,"enemies":"Jaw Worm","floor":5,"turns":3},{"damage":16,"enemies":"infinitespire:Voidling","floor":6,"turns":4},{"damage":14,"enemies":"3 Sentries","floor":11,"turns":6},{"damage":0,"enemies":"Exordium Wildlife","floor":12,"turns":3},{"damage":1,"enemies":"2 Fungi Beasts","floor":14,"turns":3},{"damage":0,"enemies":"Blue Slaver","floor":15,"turns":3},{"damage":11,"enemies":"SI_SHIV_ARCHETYPE","floor":16,"turns":8},{"damage":1,"enemies":"Shell Parasite","floor":19,"turns":6},{"damage":0,"enemies":"Spheric Guardian","floor":20,"turns":5},{"damage":6,"enemies":"Snecko","floor":22,"turns":5},{"damage":2,"enemies":"Sentry and Sphere","floor":24,"turns":7},{"damage":8,"enemies":"Sentry and Sphere","floor":27,"turns":4},{"damage":1,"enemies":"conspire:HollyBat","floor":28,"turns":7},{"damage":15,"enemies":"conspire:HollyBat","floor":29,"turns":10},{"damage":9,"enemies":"conspire:SneckoGhost","floor":30,"turns":6},{"damage":0,"enemies":"Cultist and Chosen","floor":31,"turns":6},{"damage":32,"enemies":"Centurion and Healer","floor":32,"turns":6},{"damage":35,"enemies":"IC_MUSHROOM_ARCHETYPE","floor":33,"turns":9},{"damage":0,"enemies":"3 Shapes","floor":36,"turns":5},{"damage":6,"enemies":"downfall:FleeingMerchant","floor":38,"turns":4},{"damage":93,"enemies":"Reptomancer","floor":40,"turns":7},{"damage":18,"enemies":"3 Darklings","floor":42,"turns":4},{"damage":0,"enemies":"Spire Growth","floor":44,"turns":5},{"damage":19,"enemies":"Sphere and 2 Shapes","floor":45,"turns":5},{"damage":0,"enemies":"Transient","floor":46,"turns":5},{"damage":55,"enemies":"Writhing Mass","floor":47,"turns":3}],"seed_played":"-6562514049070660963","potions_obtained":[{"floor":5,"key":"Slimebound:SlimedPotion"},{"floor":6,"key":"AttackPotion"},{"floor":15,"key":"SkillPotion"},{"floor":16,"key":"Fire Potion"},{"floor":19,"key":"CultistPotion"},{"floor":22,"key":"sneckomod:MuddlingPotion"},{"floor":31,"key":"PowerPotion"},{"floor":36,"key":"FairyPotion"},{"floor":45,"key":"Venom Potion"}],"is_trial":false,"path_per_floor":["R","M","?","$","M","M","T","?","?","R","E","M","R","M","M","B",null,"R","M","M","?","M","?","MIM","R","?","M","MIM","M","E","M","M","B",null,"R","M","?","$","?","E","T","M","T","M","M","M","M"],"character_chosen":"SLIMEBOUND","items_purchased":["Slimebound:AggressiveSlimeRelic","Slimebound:Repurpose","expansioncontent:Chronoboost"],"campfire_rested":0,"item_purchase_floors":[4,4,38],"current_hp_per_floor":[65,58,58,57,55,45,45,45,45,45,42,51,51,59,66,66,80,80,83,86,89,86,89,91,101,101,98,102,96,96,98,73,49,105,105,114,92,106,106,18,18,7,7,16,45,51,0,0,0],"gold":111,"neow_bonus":"ONE_RARE_RELIC","is_daily":false,"chose_seed":false,"campfire_upgraded":5,"win_rate":0.0,"timestamp":1611399609,"path_taken":["R","M","?","$","M","M","T","?","?","R","E","M","R","M","M","BOSS","R","M","M","?","?","?","MIM","R","?","M","?","?","E","M","M","BOSS","R","M","?","$","?","E","T","M","?","M","M","M","M"],"items_purchased_type":["Relic","Card","Card"],"build_version":"2020-12-22","purchased_purges":2,"victory":false,"max_hp_per_floor":[65,65,65,65,65,65,65,65,65,65,68,71,71,74,77,80,80,80,83,86,89,92,95,95,105,105,108,111,114,117,117,120,123,123,123,126,129,132,125,128,128,131,131,134,137,137,137,137,137],"card_choices":[{"not_picked":["Slimebound:FinishingTackle","Slimebound:SplitLeeching"],"picked":"Slimebound:SplitMire","floor":2},{"not_picked":["Slimebound:SplitAcid","Slimebound:LivingWall"],"picked":"Slimebound:LeadByExample","floor":4},{"not_picked":["Slimebound:SamplingLick","Slimebound:GoopSpray"],"picked":"Slimebound:RejuvenatingLick","floor":5},{"not_picked":["Slimebound:FinishingTackle","Slimebound:SamplingLick"],"picked":"Slimebound:SpikyOuterGoop","floor":6},{"not_picked":["Slimebound:PressTheAttack","Slimebound:Replication"],"picked":"Slimebound:Repurpose","floor":11},{"not_picked":["Slimebound:Replication","Slimebound:GoopSpray"],"picked":"Slimebound:AcidTongue","floor":12},{"not_picked":["Slimebound:SamplingLick","Slimebound:Grow"],"picked":"Slimebound:ServeAndProtect","floor":14},{"not_picked":["Slimebound:Dissolve","Slimebound:SplitMire"],"picked":"Slimebound:SplitLeeching","floor":15},{"not_picked":["Slimebound:Recycling","Slimebound:RallyTheTroops"],"picked":"Slimebound:MassRepurpose","floor":16},{"not_picked":["Slimebound:BestDefense","Slimebound:ComboTackle"],"picked":"Slimebound:SplitSpecialist","floor":19},{"not_picked":["Slimebound:SlimeSpikes","Slimebound:ItLooksTasty"],"picked":"Slimebound:Schlurp+1","floor":20},{"not_picked":["Slimebound:Schlurp","Slimebound:Replication"],"picked":"Slimebound:ViciousTackle","floor":22},{"not_picked":["Slimebound:ComboTackle","Slimebound:PressTheAttack"],"picked":"Slimebound:SplitAcid+1","floor":27},{"not_picked":["Slimebound:GoopTackle","Slimebound:Replication"],"picked":"Slimebound:OozeBath","floor":28},{"not_picked":["Slimebound:ComboTackle","Slimebound:Schlurp"],"picked":"Slimebound:GrowthPunch","floor":29},{"not_picked":["Slimebound:TongueLash","Slimebound:SplitBruiser+1"],"picked":"Slimebound:SelfFormingGoo","floor":30},{"not_picked":["Slimebound:Equalize","Slimebound:BestDefense","Slimebound:ItLooksTasty+1"],"picked":"SKIP","floor":31},{"not_picked":["Slimebound:FinishingTackle","Slimebound:SlimeSpikes"],"picked":"Slimebound:RollThrough+1","floor":32},{"not_picked":["Slimebound:DouseInSlime","Slimebound:Teamwork"],"picked":"Slimebound:MinionMaster","floor":33},{"not_picked":["Slimebound:RollThrough+1","Slimebound:FormOfPuddle"],"picked":"Slimebound:SlimeTap+1","floor":36},{"not_picked":["Slimebound:Gluttony+1","Slimebound:ItLooksTasty+1"],"picked":"Slimebound:PressTheAttack","floor":38},{"not_picked":["Slimebound:SplitBruiser","Slimebound:LeechingTouch+1"],"picked":"Slimebound:Recollect+1","floor":40},{"not_picked":["Slimebound:LeechingTouch","Slimebound:ServeAndProtect+1"],"picked":"Slimebound:SplitSpecialist+1","floor":42},{"not_picked":["Slimebound:SlimeBrawl+1","Slimebound:LeechEnergy+1"],"picked":"Slimebound:Repurpose","floor":44},{"not_picked":["Slimebound:SplitAcid+1","Slimebound:MegaLick"],"picked":"Slimebound:HauntingLick+1","floor":45},{"not_picked":["Slimebound:SlimeBrawl","Slimebound:Dissolve+1","Slimebound:Recycling"],"picked":"SKIP","floor":46}],"player_experience":2200569,"relics_obtained":[{"floor":7,"key":"FossilizedHelix"},{"floor":11,"key":"Replay:Ringing Soul"},{"floor":28,"key":"infinitespire:Eraser"},{"floor":30,"key":"MealTicket"},{"floor":40,"key":"hubris:ToyBattleship"},{"floor":41,"key":"Shuriken"},{"floor":43,"key":"StuffTheSpire:Expresso"}],"event_choices":[{"damage_healed":0,"gold_gain":0,"player_choice":"Disagree","damage_taken":0,"max_hp_gain":0,"max_hp_loss":0,"event_name":"conspire:LoneGhost","floor":8,"gold_loss":0},{"damage_healed":0,"gold_gain":3,"player_choice":"2","damage_taken":0,"max_hp_gain":0,"max_hp_loss":25,"event_name":"betterStone:BetterStone","floor":37,"gold_loss":0}],"is_beta":false,"boss_relics":[{"not_picked":["jedi:battlestandard","Runic Pyramid"],"picked":"aspiration:MobileForge"},{"not_picked":["Replay:Drink Me","hubris:CrackedHourglass"],"picked":"hubris:TerracottaHorce"}],"items_purged_floors":[4,38],"is_endless":false,"potions_floor_spawned":[5,6,15,16,19,22,30,31,36,45],"killed_by":"Writhing Mass","ascension_level":0}}