{"host":"1dz819zv7fs9tsdy","time":1611442189,"event":{"mods":["AchievementEnabler","BaseMod","Colored Powertips","Curses Come First","Minty Spire (QoL Compilation)","Rare Cards Sparkle","StSLib"],"gold_per_floor":[99,99,99,99,99,99,99,99,99,99,99,99,99,99,99,99,99,99,99,99,99,99,99,99,99,99,99,99],"floor_reached":27,"language":"ENG","playtime":1501,"items_purged":[],"score":335,"play_id":"07b42bb9-df58-4807-9b8c-192daf6f355b","local_time":"20210123224949","is_ascension_mode":true,"campfire_choices":[{"floor":6.0,"key":"REST"},{"data":"Demon Form","floor":13.0,"key":"SMITH"},{"floor":15.0,"key":"REST"},{"data":"Double Tap","floor":24.0,"key":"SMITH"}],"circlet_count":0,"master_deck":["Strike_R","Strike_R","Strike_R","Strike_R","Defend_R","Defend_R","Defend_R","Defend_R","Thunderclap","Clothesline","Sever Soul","Evolve","Immolate","Shrug It Off","Metallicize","Demon Form+1","Exhume","Double Tap+1","Evolve","Fire Breathing+1","Rupture","Combust"],"relics":["Ectoplasm","Paper Frog","Art of War","Mark of Pain","Unceasing Top","Nloth\u0027s Gift"],"acts_visited":["Exordium","TheCity"],"potions_floor_usage":[27,27],"damage_taken":[{"damage":7.0,"enemies":"Jaw Worm","floor":1.0,"turns":3.0},{"damage":1.0,"enemies":"Cultist","floor":3.0,"turns":4.0},{"damage":6.0,"enemies":"2 Louse","floor":4.0,"turns":2.0},{"damage":18.0,"enemies":"Large Slime","floor":5.0,"turns":5.0},{"damage":20.0,"enemies":"Gremlin Nob","floor":7.0,"turns":4.0},{"damage":6.0,"enemies":"Exordium Thugs","floor":8.0,"turns":3.0},{"damage":3.0,"enemies":"Blue Slaver","floor":10.0,"turns":2.0},{"damage":11.0,"enemies":"Lagavulin","floor":12.0,"turns":7.0},{"damage":3.0,"enemies":"Slime Boss","floor":16.0,"turns":6.0},{"damage":8.0,"enemies":"3 Byrds","floor":18.0,"turns":3.0},{"damage":17.0,"enemies":"Shell Parasite","floor":21.0,"turns":4.0},{"damage":31.0,"enemies":"Book of Stabbing","floor":23.0,"turns":5.0},{"damage":29,"enemies":"Slavers","floor":27,"turns":3}],"seed_played":"449570322054067890","potions_obtained":[{"floor":7.0,"key":"LiquidBronze"},{"floor":10.0,"key":"PowerPotion"},{"floor":12.0,"key":"SpeedPotion"},{"floor":16.0,"key":"SkillPotion"},{"floor":21.0,"key":"Fire Potion"},{"floor":23.0,"key":"SpeedPotion"}],"is_trial":false,"path_per_floor":["M","?","M","M","M","R","E","M","T","M","$","E","R","?","R","B",null,"M","?","$","M","?","E","R","?","T","E"],"character_chosen":"IRONCLAD","items_purchased":[],"campfire_rested":2,"item_purchase_floors":[],"current_hp_per_floor":[73,73,72,66,48,72,52,46,46,43,43,32,32,32,56,53,80,72,72,72,55,55,24,24,24,24,0,0],"gold":99,"neow_bonus":"BOSS_RELIC","is_daily":false,"chose_seed":false,"campfire_upgraded":2,"win_rate":0.0,"timestamp":1611442189,"path_taken":["M","?","M","?","M","R","E","M","T","M","?","E","R","?","R","BOSS","M","?","?","M","?","E","R","?","T","E"],"items_purchased_type":[],"build_version":"2020-12-22","purchased_purges":0,"victory":false,"max_hp_per_floor":[80,80,80,80,80,80,80,80,80,80,80,80,80,80,80,80,80,80,80,80,80,80,80,80,80,80,80,80],"card_choices":[{"not_picked":["Sword Boomerang","Shrug It Off"],"picked":"Thunderclap","floor":1.0},{"not_picked":["Entrench","Fiend Fire"],"picked":"Clothesline","floor":3.0},{"not_picked":["True Grit","Body Slam"],"picked":"Sever Soul","floor":4.0},{"not_picked":["Flex","True Grit"],"picked":"Evolve","floor":5.0},{"not_picked":["Flex","Hemokinesis"],"picked":"Immolate","floor":7.0},{"not_picked":["Whirlwind","Feel No Pain"],"picked":"Shrug It Off","floor":8.0},{"not_picked":["Clash","Armaments"],"picked":"Metallicize","floor":10.0},{"not_picked":["Dark Embrace","Shockwave"],"picked":"Demon Form","floor":12.0},{"not_picked":["Impervious","Fiend Fire"],"picked":"Double Tap","floor":16.0},{"not_picked":["Cleave","Clothesline"],"picked":"Evolve","floor":18.0},{"not_picked":["Flame Barrier","Shrug It Off+1"],"picked":"Fire Breathing+1","floor":21.0},{"not_picked":["Hemokinesis","Armaments"],"picked":"Combust","floor":23.0}],"player_experience":299418,"relics_obtained":[{"floor":7.0,"key":"StoneCalendar"},{"floor":9.0,"key":"Paper Frog"},{"floor":12.0,"key":"Art of War"},{"floor":23.0,"key":"Unceasing Top"}],"event_choices":[{"cards_removed":["Bash"],"damage_healed":0.0,"max_hp_gain":0.0,"max_hp_loss":0.0,"gold_gain":0.0,"event_name":"Bonfire Elementals","player_choice":"Offered Basic","floor":2.0,"gold_loss":0.0,"damage_taken":0.0},{"damage_healed":0.0,"max_hp_gain":0.0,"max_hp_loss":0.0,"gold_gain":0.0,"cards_transformed":["Strike_R"],"event_name":"Living Wall","player_choice":"Change","floor":14.0,"gold_loss":0.0,"damage_taken":0.0,"cards_obtained":["Exhume"]},{"damage_healed":0.0,"max_hp_gain":0.0,"max_hp_loss":0.0,"gold_gain":0.0,"event_name":"The Woman in Blue","player_choice":"Bought 0 Potions","floor":19.0,"gold_loss":0.0,"damage_taken":0.0},{"damage_healed":0.0,"max_hp_gain":0.0,"max_hp_loss":0.0,"gold_gain":0.0,"event_name":"The Library","player_choice":"Read","floor":22.0,"gold_loss":0.0,"damage_taken":0.0,"cards_obtained":["Rupture"]},{"damage_healed":0.0,"max_hp_gain":0.0,"max_hp_loss":0.0,"gold_gain":0.0,"event_name":"N\u0027loth","player_choice":"Traded Relic","floor":25.0,"relics_lost":["StoneCalendar"],"gold_loss":0.0,"damage_taken":0.0,"relics_obtained":["Nloth\u0027s Gift"]}],"is_beta":false,"boss_relics":[{"not_picked":["Empty Cage","Astrolabe"],"picked":"Mark of Pain"}],"items_purged_floors":[],"is_endless":false,"potions_floor_spawned":[7,10,12,16,21,23],"killed_by":"Slavers","ascension_level":3}}