{"host":"khoqlcjhibhbufti","time":1611422447,"event":{"mods":["Act Like it!","Astrologer","Bard","BaseMod","Beaked The Cultist","Better Third Choice","Colored Map","Colored Powertips","Conspire","Downfall","Hallownest","Hermit","Jorbs\u0027s Wanderer Trilogy","Marisa????????","Minty Spire (QoL Compilation)","Permanent Neow","Spicy Shops","StSLib","The Animator","The Bug Knight","The Disciple","The Mystic","The Runesmith","The Wild Card"],"gold_per_floor":[269,7,7,24,49,94,128,141,141,166,177,177,209,240,240,348,348,362,362,362,362,362],"floor_reached":21,"language":"ENG","playtime":2048,"items_purged":["stsjorbsmod:Defend_Wanderer"],"score":251,"play_id":"ce13033d-1e0b-4778-ae56-3aaf2cf4a4d3","local_time":"20210123092047","is_ascension_mode":false,"campfire_choices":[{"data":"stsjorbsmod:Index","floor":15.0,"key":"SMITH"}],"circlet_count":0,"master_deck":["stsjorbsmod:ForbiddenGrimoire+1","stsjorbsmod:Strike_Wanderer","stsjorbsmod:Strike_Wanderer","stsjorbsmod:Strike_Wanderer","stsjorbsmod:Strike_Wanderer","stsjorbsmod:Defend_Wanderer","stsjorbsmod:Defend_Wanderer","stsjorbsmod:Defend_Wanderer","stsjorbsmod:FreshAdventure","stsjorbsmod:EyeOfTheStorm","stsjorbsmod:FranticSearch","stsjorbsmod:MirrorImage","stsjorbsmod:WanderingMind+1","stsjorbsmod:Index+1","stsjorbsmod:FranticSearch+1","stsjorbsmod:MistyStep","Hallownest:curseDreamersLament","stsjorbsmod:IvoryTower","stsjorbsmod:Message","Hallownest:curseDreamersLament"],"relics":["stsjorbsmod:GrimoireRelic","Gambling Chip","Membership Card","Calipers","Potion Belt","PreservedInsect","Sundial","Vajra","Hallownest:TeacherSealRelic","Meat on the Bone","conspire:RoyalGoblet","Hallownest:WatcherSealRelic"],"acts_visited":["Exordium","Hallownest:Greenpath"],"potions_floor_usage":[],"damage_taken":[{"damage":0.0,"enemies":"2_ Uuma","floor":1.0,"turns":7.0},{"damage":3.0,"enemies":"Hallownest:monsterHuskGuard","floor":4.0,"turns":7.0},{"damage":3.0,"enemies":"Hallownest:monsterHuskWarrior","floor":5.0,"turns":7.0},{"damage":16.0,"enemies":"Hallownest:eliteCrystalGuardian","floor":6.0,"turns":7.0},{"damage":0.0,"enemies":"Hallownest:Wandering_and_Horned","floor":7.0,"turns":7.0},{"damage":0.0,"enemies":"Hallownest:monsterFoolEater","floor":8.0,"turns":7.0},{"damage":0.0,"enemies":"Hallownest:eliteVengeflyKing","floor":10.0,"turns":7.0},{"damage":0.0,"enemies":"Hallownest:2_Tiktiks_1_Baldur_1_Crawlid","floor":11.0,"turns":2.0},{"damage":4.0,"enemies":"Hallownest:eliteCrystalGuardian","floor":13.0,"turns":5.0},{"damage":3.0,"enemies":"Hallownest:Guard_and_Warrior","floor":14.0,"turns":6.0},{"damage":16.0,"enemies":"Hallownest:BossFalseKnight","floor":16.0,"turns":7.0},{"damage":21.0,"enemies":"Hallownest:3_Youths","floor":18.0,"turns":5.0},{"damage":0,"enemies":"Hallownest:2_Mistakes","floor":21,"turns":1}],"seed_played":"-7334529808403032233","potions_obtained":[{"floor":4.0,"key":"Fire Potion"},{"floor":5.0,"key":"champ:CounterPotion"},{"floor":11.0,"key":"Weak Potion"},{"floor":13.0,"key":"LiquidMemories"},{"floor":18.0,"key":"GamblersBrew"}],"is_trial":false,"path_per_floor":["M","$","?","M","M","E","M","M","T","E","M","?","E","M","R","B",null,"M","?","?","M"],"character_chosen":"WANDERER","items_purchased":["Membership Card","Calipers","Potion Belt"],"campfire_rested":0,"item_purchase_floors":[2,2,2],"current_hp_per_floor":[58,58,58,63,65,54,58,65,65,69,73,73,76,80,80,75,82,72,72,72,72,72],"gold":362,"neow_bonus":"ONE_RARE_RELIC","is_daily":false,"chose_seed":false,"campfire_upgraded":1,"win_rate":0.0,"timestamp":1611422447,"path_taken":["M","$","?","M","M","E","M","M","T","E","M","?","E","M","R","BOSS","M","?","?","M"],"items_purchased_type":["Relic","Relic","Relic"],"build_version":"2020-12-22","purchased_purges":1,"victory":false,"max_hp_per_floor":[72,72,72,74,74,74,74,76,76,76,76,76,78,80,80,82,82,88,88,88,88,88],"card_choices":[{"not_picked":["stsjorbsmod:BurningFlask","stsjorbsmod:WanderingMind"],"picked":"stsjorbsmod:FranticSearch","floor":1.0},{"not_picked":["stsjorbsmod:TollTheDead","stsjorbsmod:Will","stsjorbsmod:Channel"],"picked":"SKIP","floor":4.0},{"not_picked":["stsjorbsmod:Index","stsjorbsmod:Message"],"picked":"stsjorbsmod:MirrorImage","floor":5.0},{"not_picked":["stsjorbsmod:Will","stsjorbsmod:Hibernate","stsjorbsmod:BurningFlask"],"picked":"SKIP","floor":6.0},{"not_picked":["stsjorbsmod:ChainLightning","stsjorbsmod:MagicMissiles"],"picked":"stsjorbsmod:WanderingMind","floor":7.0},{"not_picked":["stsjorbsmod:LoseGrip","stsjorbsmod:BlackTentacles"],"picked":"stsjorbsmod:Index","floor":8.0},{"not_picked":["stsjorbsmod:BurningFlask","stsjorbsmod:Counterspell"],"picked":"stsjorbsmod:FranticSearch","floor":10.0},{"not_picked":["stsjorbsmod:BurningFlask","stsjorbsmod:LoseGrip"],"picked":"stsjorbsmod:MistyStep","floor":11.0},{"not_picked":["stsjorbsmod:Will","stsjorbsmod:Entangle","stsjorbsmod:Channel"],"picked":"SKIP","floor":13.0},{"not_picked":["stsjorbsmod:RefuseToForget","stsjorbsmod:RayOfFrost","stsjorbsmod:SmithingStrike"],"picked":"SKIP","floor":14.0},{"not_picked":["stsjorbsmod:Determination","stsjorbsmod:Entangle"],"picked":"stsjorbsmod:IvoryTower","floor":16.0},{"not_picked":["stsjorbsmod:Prepare+1","stsjorbsmod:Firebolt"],"picked":"stsjorbsmod:Message","floor":18.0}],"player_experience":175416,"relics_obtained":[{"floor":6.0,"key":"PreservedInsect"},{"floor":9.0,"key":"Sundial"},{"floor":10.0,"key":"Vajra"},{"floor":13.0,"key":"Meat on the Bone"}],"event_choices":[],"is_beta":false,"boss_relics":[{"not_picked":["Snecko Eye","Runic Pyramid"],"picked":"conspire:RoyalGoblet"}],"items_purged_floors":[2],"is_endless":false,"potions_floor_spawned":[4,5,11,13,18],"killed_by":"Hallownest:2_Mistakes","ascension_level":0}}