{"host":"zk71suw73lg2r165","time":1611423342,"event":{"mods":["BaseMod","Colored Map","Minty Spire (QoL Compilation)","Permanent Neow","Relic Stats","StSLib"],"gold_per_floor":[10,10,23,48,48,100,112,157,195,243,270,295,345,382,394,406,406],"floor_reached":16,"language":"ENG","playtime":510,"items_purged":[],"score":285,"play_id":"fada4175-c343-404d-89d9-3fadb7bcd169","local_time":"20210123123542","is_ascension_mode":true,"campfire_choices":[{"data":"Bash","floor":7.0,"key":"SMITH"},{"data":"Uppercut","floor":15,"key":"SMITH"}],"circlet_count":0,"master_deck":["AscendersBane","Strike_R","Strike_R","Strike_R","Strike_R","Strike_R","Defend_R","Defend_R","Defend_R","Defend_R","Bash+1","Feed","Armaments","Pommel Strike","Twin Strike","Blood for Blood","Combust","Shrug It Off","Feed","Uppercut+1"],"relics":["Burning Blood","Golden Idol","MawBank","Red Skull","Strawberry","MealTicket","PreservedInsect","Pen Nib","Odd Mushroom"],"acts_visited":["Exordium"],"potions_floor_usage":[10,12,16],"damage_taken":[{"damage":7.0,"enemies":"2 Louse","floor":1.0,"turns":4.0},{"damage":7.0,"enemies":"Jaw Worm","floor":3.0,"turns":3.0},{"damage":4.0,"enemies":"Small Slimes","floor":4.0,"turns":4.0},{"damage":32.0,"enemies":"Gremlin Nob","floor":6.0,"turns":4.0},{"damage":45.0,"enemies":"3 Sentries","floor":8.0,"turns":8.0},{"damage":15,"enemies":"Lagavulin","floor":10,"turns":5},{"damage":7,"enemies":"Looter","floor":11,"turns":3},{"damage":0,"enemies":"2 Fungi Beasts","floor":12,"turns":2},{"damage":10,"enemies":"Gremlin Nob","floor":13,"turns":3},{"damage":19,"enemies":"The Mushroom Lair","floor":14,"turns":4},{"damage":32,"enemies":"The Guardian","floor":16,"turns":9}],"seed_played":"-1225840459353071747","potions_obtained":[{"floor":1.0,"key":"SneckoOil"},{"floor":4.0,"key":"BloodPotion"},{"floor":10,"key":"SneckoOil"},{"floor":14,"key":"SteroidPotion"}],"is_trial":false,"path_per_floor":["M","?","M","M","T","E","R","E","T","E","M","M","E","?","R","B"],"character_chosen":"IRONCLAD","items_purchased":[],"campfire_rested":0,"item_purchase_floors":[],"current_hp_per_floor":[70,70,73,79,79,53,53,24,24,32,34,43,39,32,32,0,0],"gold":406,"neow_bonus":"THREE_RARE_CARDS","is_daily":false,"chose_seed":false,"campfire_upgraded":2,"win_rate":0.0,"timestamp":1611423342,"path_taken":["M","?","M","M","?","E","R","E","T","E","M","M","E","?","R","BOSS"],"items_purchased_type":[],"build_version":"2020-12-22","purchased_purges":0,"victory":false,"max_hp_per_floor":[78,71,75,79,79,79,79,89,89,89,92,95,95,101,101,101,101],"relic_stats":{"counters":[11,49],"Golden Idol":49,"MealTicket":0,"PreservedInsect":23,"Pen Nib":[1],"MawBank":132,"obtain_stats":[{"Golden Idol":2,"Strawberry":8,"MealTicket":9,"PreservedInsect":10,"Pen Nib":13,"Odd Mushroom":14,"MawBank":5,"Burning Blood":0,"Red Skull":6},{"Golden Idol":1,"Strawberry":5,"MealTicket":5,"PreservedInsect":6,"Pen Nib":9,"Odd Mushroom":10,"MawBank":3,"Burning Blood":0,"Red Skull":4},{"Golden Idol":4,"Strawberry":23,"MealTicket":23,"PreservedInsect":28,"Pen Nib":36,"Odd Mushroom":40,"MawBank":11,"Burning Blood":0,"Red Skull":15}],"Burning Blood":60},"card_choices":[{"not_picked":["Limit Break","Impervious"],"picked":"Feed","floor":0.0},{"not_picked":["Entrench","Warcry"],"picked":"Armaments","floor":1.0},{"not_picked":["Clothesline","Warcry"],"picked":"Pommel Strike","floor":3.0},{"not_picked":["Warcry","Seeing Red","Iron Wave"],"picked":"SKIP","floor":4.0},{"not_picked":["Brutality","Reckless Charge"],"picked":"Twin Strike","floor":6.0},{"not_picked":["Wild Strike","Evolve"],"picked":"Blood for Blood","floor":8.0},{"not_picked":["Warcry","Perfected Strike"],"picked":"Combust","floor":10},{"not_picked":["Clash","Body Slam"],"picked":"Shrug It Off","floor":11},{"not_picked":["Cleave","Dark Embrace","Warcry"],"picked":"SKIP","floor":12},{"not_picked":["Second Wind","Shrug It Off"],"picked":"Feed","floor":13},{"not_picked":["Cleave","Rupture"],"picked":"Uppercut","floor":14}],"player_experience":1352583,"relics_obtained":[{"floor":5.0,"key":"MawBank"},{"floor":6.0,"key":"Red Skull"},{"floor":8.0,"key":"Strawberry"},{"floor":9.0,"key":"MealTicket"},{"floor":10,"key":"PreservedInsect"},{"floor":13,"key":"Pen Nib"},{"floor":14,"key":"Odd Mushroom"}],"event_choices":[{"damage_healed":0.0,"max_hp_gain":0.0,"max_hp_loss":7.0,"gold_gain":0.0,"event_name":"Golden Idol","player_choice":"Lose Max HP","floor":2.0,"gold_loss":0.0,"damage_taken":0.0,"relics_obtained":["Golden Idol"]},{"damage_healed":0,"gold_gain":0,"player_choice":"Fought Mushrooms","damage_taken":0,"max_hp_gain":0,"max_hp_loss":0,"event_name":"Mushrooms","floor":14,"gold_loss":0}],"is_beta":false,"boss_relics":[],"items_purged_floors":[],"is_endless":false,"potions_floor_spawned":[1,4,10,14],"killed_by":"The Guardian","ascension_level":20}}