{"host":"ao4lxi9bhtts409i","time":1611367979,"event":{"mods":["AchievementEnabler","BaseMod","Colored Map","Colored Powertips","Minty Spire (QoL Compilation)","SuperFastMode"],"gold_per_floor":[110,120,135,151,76,76,101,176,176,176,176,176,176,209,209,209,209],"floor_reached":16,"language":"ENG","playtime":435,"items_purged":[],"score":130,"play_id":"92589bf3-bf56-4a08-aa43-8c0a1e5f26f7","local_time":"20210123031259","is_ascension_mode":true,"campfire_choices":[{"data":"Metallicize","floor":6,"key":"SMITH"},{"floor":10,"key":"REST"},{"floor":12,"key":"REST"},{"data":"Armaments","floor":15,"key":"SMITH"}],"circlet_count":0,"master_deck":["Strike_R","Strike_R","Strike_R","Defend_R","Defend_R","Defend_R","Bash","Iron Wave","Headbutt","Hemokinesis","Spot Weakness","Metallicize+1","Fire Breathing","Armaments+1"],"relics":["Empty Cage","Oddly Smooth Stone","Centennial Puzzle","Mercury Hourglass","Ice Cream"],"acts_visited":["Exordium"],"potions_floor_usage":[7],"damage_taken":[{"damage":1,"enemies":"Cultist","floor":1,"turns":3},{"damage":7,"enemies":"Small Slimes","floor":2,"turns":5},{"damage":4,"enemies":"2 Louse","floor":3,"turns":3},{"damage":15,"enemies":"Blue Slaver","floor":4,"turns":3},{"damage":31,"enemies":"Lagavulin","floor":7,"turns":9},{"damage":12,"enemies":"3 Sentries","floor":14,"turns":5},{"damage":26,"enemies":"The Guardian","floor":16,"turns":2}],"seed_played":"-6848633080716160298","potions_obtained":[{"floor":4,"key":"EssenceOfSteel"},{"floor":14,"key":"SneckoOil"}],"is_trial":false,"path_per_floor":["M","M","M","M","$","R","E","?","T","R","?","R","?","E","R","B"],"character_chosen":"IRONCLAD","items_purchased":["Metallicize"],"campfire_rested":2,"item_purchase_floors":[5],"current_hp_per_floor":[79,72,68,53,53,53,22,11,11,35,28,52,34,22,22,0,0],"gold":209,"neow_bonus":"BOSS_RELIC","is_daily":false,"chose_seed":false,"campfire_upgraded":2,"win_rate":0.0,"timestamp":1611367979,"path_taken":["M","M","M","M","$","R","E","?","T","R","?","R","?","E","R","BOSS"],"items_purchased_type":["Card"],"build_version":"2020-12-22","purchased_purges":0,"victory":false,"max_hp_per_floor":[80,80,80,80,80,80,80,80,80,80,80,80,80,80,80,80,80],"card_choices":[{"not_picked":["Shrug It Off","Clothesline"],"picked":"Iron Wave","floor":1},{"not_picked":["Searing Blow","Anger"],"picked":"Headbutt","floor":2},{"not_picked":["Heavy Blade","Evolve"],"picked":"Hemokinesis","floor":3},{"not_picked":["Body Slam","Iron Wave"],"picked":"Spot Weakness","floor":4},{"not_picked":["Sword Boomerang","Heavy Blade"],"picked":"Fire Breathing","floor":7},{"not_picked":["Anger","Dual Wield"],"picked":"Armaments","floor":14}],"player_experience":247619,"relics_obtained":[{"floor":7,"key":"Oddly Smooth Stone"},{"floor":9,"key":"Centennial Puzzle"},{"floor":14,"key":"Ice Cream"}],"event_choices":[{"damage_healed":0,"gold_gain":75,"player_choice":"Gather Gold","damage_taken":11,"max_hp_gain":0,"max_hp_loss":0,"event_name":"World of Goop","floor":8,"gold_loss":0},{"cards_removed":["Strike_R"],"damage_healed":0,"gold_gain":0,"player_choice":"Card Removal","damage_taken":7,"max_hp_gain":0,"max_hp_loss":0,"event_name":"Golden Wing","floor":11,"gold_loss":0},{"damage_healed":0,"gold_gain":0,"player_choice":"Success","damage_taken":18,"relics_obtained":["Mercury Hourglass"],"max_hp_gain":0,"max_hp_loss":0,"event_name":"Scrap Ooze","floor":13,"gold_loss":0}],"is_beta":false,"boss_relics":[],"items_purged_floors":[],"is_endless":false,"potions_floor_spawned":[4,14],"killed_by":"The Guardian","ascension_level":4}}