{"host":"z9grmtg2w0nmz8n1","time":1611380439,"event":{"mods":["Aspiration","BaseMod","Better Altar","Better Match","Better Note","Better Sensory Stone","Better Skull","Better Third Choice","BetterRewards","Clawfect","Colored Map","Conspire","GifTheSpireLib","Halation","Highlight Path","Hubris","Hunter ??","Jedi Mod","Minty Spire (QoL Compilation)","Permanent Neow","Replay The Spire","Shop Mod","Spicy Shops","StSLib","Stuff the Spire","The Runesmith"],"gold_per_floor":[117,5,17,35,46,46,61,94,181,207,219,231,254,276,288,396,408,438,469,481,341,341,341],"floor_reached":22,"language":"ENG","playtime":993,"items_purged":["Runesmith:Strike_RS"],"score":209,"play_id":"2d426dd6-f1e7-460a-9d62-b4f4c5497340","local_time":"20210123034039","is_ascension_mode":true,"campfire_choices":[{"floor":6,"key":"RECALL"},{"data":"Runesmith:CraftMagma","floor":12,"key":"SMITH"},{"data":"Runesmith:OneForEveryone","floor":15,"key":"SMITH"}],"circlet_count":0,"master_deck":["Runesmith:Strike_RS","Runesmith:Strike_RS","Runesmith:Strike_RS","Runesmith:Defend_RS","Runesmith:Defend_RS","Runesmith:Defend_RS","Runesmith:Defend_RS","Runesmith:CraftFirestone+1","Runesmith:Fortify","Runesmith:CraftMagma+1","Runesmith:OneForEveryone+1","Runesmith:RuneHurl","Runesmith:HeatExchange","Runesmith:Grindstone+1","Runesmith:ChiselStab","Runesmith:FissionHammer","Runesmith:EarthShield","Runesmith:GrandSlam","Runesmith:RuneHurl","Runesmith:LithiumIon"],"relics":["Runesmith:BrokenRuby","aspiration:HiddenCompartment","MawBank","aspiration:PoetsPen_weak"],"acts_visited":["Exordium","TheCity"],"potions_floor_usage":[1,8,14,16],"damage_taken":[{"damage":4,"enemies":"2 Louse","floor":1,"turns":3},{"damage":1,"enemies":"Cultist","floor":3,"turns":4},{"damage":0,"enemies":"conspire:RoseBush","floor":4,"turns":3},{"damage":0,"enemies":"2 Fungi Beasts","floor":5,"turns":4},{"damage":0,"enemies":"Exordium Wildlife","floor":7,"turns":3},{"damage":3,"enemies":"3 Sentries","floor":8,"turns":5},{"damage":0,"enemies":"Looter","floor":10,"turns":3},{"damage":0,"enemies":"Blue Slaver","floor":13,"turns":2},{"damage":1,"enemies":"Lots of Slimes","floor":14,"turns":4},{"damage":37,"enemies":"Slime Boss","floor":16,"turns":8},{"damage":13,"enemies":"2 Thieves","floor":18,"turns":4},{"damage":38,"enemies":"conspire:FuzzyDice","floor":19,"turns":5}],"seed_played":"-8552040016042558176","potions_obtained":[{"floor":1,"key":"EntropicBrew"},{"floor":3,"key":"SteroidPotion"},{"floor":4,"key":"Strength Potion"},{"floor":18,"key":"Elixir"}],"is_trial":false,"path_per_floor":["M","?","M","M","M","R","M","E","T","M","?","R","M","M","R","B",null,"M","M","?","$","?"],"character_chosen":"RUNESMITH_CLASS","items_purchased":["Runesmith:LithiumIon"],"campfire_rested":0,"item_purchase_floors":[21],"current_hp_per_floor":[66,66,65,65,65,65,65,62,62,62,62,62,62,61,61,24,70,57,19,19,19,0,0],"gold":341,"neow_bonus":"UPGRADE_CARD","is_daily":false,"chose_seed":false,"campfire_upgraded":2,"win_rate":0.0,"timestamp":1611380439,"path_taken":["M","?","M","?","M","R","?","E","T","M","?","R","?","M","R","BOSS","M","M","?","$","?"],"items_purchased_type":["Card"],"build_version":"2020-12-22","purchased_purges":1,"victory":false,"max_hp_per_floor":[70,70,70,70,70,70,70,70,70,70,70,70,70,70,70,70,70,70,70,70,70,70,70],"card_choices":[{"not_picked":["Runesmith:Refine","Runesmith:Augment"],"picked":"Runesmith:CraftMagma","floor":1},{"not_picked":["Runesmith:Prism","Runesmith:CraftVitae"],"picked":"Runesmith:OneForEveryone","floor":3},{"not_picked":["Runesmith:Reinforce","Runesmith:MakeshiftArmor"],"picked":"Runesmith:RuneHurl","floor":4},{"not_picked":["Runesmith:HammerTime","Runesmith:OneForEveryone"],"picked":"Runesmith:HeatExchange","floor":5},{"not_picked":["Runesmith:ChaoticBlast","Runesmith:HeatedChisel"],"picked":"Runesmith:Grindstone","floor":7},{"not_picked":["Runesmith:StaticCage","Runesmith:NegativeSpace"],"picked":"Runesmith:ChiselStab","floor":8},{"not_picked":["Runesmith:MakeshiftArmor","Runesmith:Terraform"],"picked":"Runesmith:FissionHammer","floor":10},{"not_picked":["Runesmith:Prism","Runesmith:Overpower","Runesmith:Empowerment"],"picked":"SKIP","floor":13},{"not_picked":["Runesmith:StaticCage","Runesmith:UnstableHammer"],"picked":"Runesmith:EarthShield","floor":14},{"not_picked":["Runesmith:ReplicatingBarrier","Runesmith:LightningRod"],"picked":"Runesmith:GrandSlam","floor":16},{"not_picked":["Runesmith:HammerTime","Runesmith:WhiteBalance"],"picked":"Runesmith:RuneHurl","floor":18},{"not_picked":["Runesmith:Malloc","Runesmith:HeatExchange","Runesmith:ChargedHammer+1"],"picked":"SKIP","floor":19}],"player_experience":830858,"relics_obtained":[{"floor":8,"key":"MawBank"}],"event_choices":[{"damage_healed":0,"gold_gain":0,"player_choice":"Paid Gold","damage_taken":0,"relics_obtained":["aspiration:HiddenCompartment"],"max_hp_gain":0,"max_hp_loss":0,"event_name":"WeMeetAgain","floor":2,"gold_loss":112},{"damage_healed":0,"gold_gain":1,"player_choice":"1","damage_taken":0,"max_hp_gain":0,"max_hp_loss":0,"event_name":"betterStone:BetterStone","floor":11,"gold_loss":0}],"is_beta":false,"boss_relics":[{"not_picked":["hubris:CrackedHourglass","Replay:Grab Bag"],"picked":"aspiration:PoetsPen_weak"}],"items_purged_floors":[21],"is_endless":false,"potions_floor_spawned":[1,3,4,7,18],"ascension_level":2}}