{"host":"njo8qgvy2a57fcny","time":1611401830,"event":{"mods":["Ascension Unlocker","Aspiration","BaseMod","BetterRewards","CCEM","Colored Map","Colored Powertips","Conspire","Custom Start","Downfall","GifTheSpireLib","Halation","Hermit","Hubris","Infinite Spire","Jedi Mod","Mimic Mod","Minty Spire (QoL Compilation)","Quick Restart","Random Character Button","Random Character Mod","Rare Cards Sparkle","Relic Sorter","Replay The Spire","Shop Mod","StSLib","Stuff the Spire","The Animator","The Jungle","The Runesmith","The Servant 0.9.4","vexMod"],"gold_per_floor":[114,114,12,87,32,65,79,111,145,145,145,145],"floor_reached":11,"language":"ENG","playtime":502,"items_purged":[],"score":208,"play_id":"7dec7f19-b468-45f3-89ef-2749fe41c997","local_time":"20210123223710","is_ascension_mode":true,"campfire_choices":[{"floor":10,"key":"REST"}],"circlet_count":0,"master_deck":["AscendersBane","Strike_S","Strike_S","Strike_S","Strike_S","Defend_S","Defend_S","Defend_S","Defend_S","KidneyShot","Exchange","Ricochet","Inflame","GearUp","Starlight","Flex+1","Inflame","Alleviate","WasteNot","ShatteredReality"],"relics":["NeowsBlessing","m_ScarletBlood","halation:PromiseList","Lantern","Gremlin Food"],"acts_visited":["Exordium"],"potions_floor_usage":[8],"damage_taken":[{"damage":0,"enemies":"Small Slimes","floor":1,"turns":1},{"damage":0,"enemies":"Gremlin Nob","floor":6,"turns":1},{"damage":0,"enemies":"2 Louse","floor":7,"turns":1},{"damage":29,"enemies":"3 Sentries","floor":8,"turns":8},{"damage":1,"enemies":"Jaw Worm","floor":9,"turns":8},{"damage":31,"enemies":"Lagavulin","floor":11,"turns":5}],"seed_played":"5863164938462413745","potions_obtained":[{"floor":7,"key":"Weak Potion"}],"is_trial":false,"path_per_floor":["M","?","$","?","$","E","M","E","MIM","R","E"],"character_chosen":"THE_SERVANT","items_purchased":["GearUp","Starlight","Flex"],"campfire_rested":1,"item_purchase_floors":[3,3,5],"current_hp_per_floor":[54,54,54,43,43,43,43,14,13,31,0,0],"gold":145,"neow_bonus":"THREE_ENEMY_KILL","is_daily":false,"chose_seed":false,"campfire_upgraded":0,"win_rate":0.0,"timestamp":1611401830,"path_taken":["M","?","$","?","?","E","?","E","MIM","R","E"],"items_purchased_type":["Card","Card","Card"],"build_version":"2020-12-22","purchased_purges":0,"victory":false,"max_hp_per_floor":[60,60,60,60,60,60,60,60,60,60,60,60],"card_choices":[{"not_picked":["DoubleEdge","BestPractice"],"picked":"Ricochet","floor":1},{"not_picked":["DoubleEdge","Spin"],"picked":"Inflame","floor":6},{"not_picked":["Unruled","Spin"],"picked":"Alleviate","floor":7},{"not_picked":["Deny","Barrier"],"picked":"WasteNot","floor":8},{"not_picked":["Flex","Unruled"],"picked":"ShatteredReality","floor":9}],"player_experience":665806,"relics_obtained":[{"floor":6,"key":"halation:PromiseList"},{"floor":8,"key":"Lantern"},{"floor":9,"key":"Gremlin Food"}],"event_choices":[{"damage_healed":0,"gold_gain":75,"player_choice":"Gather Gold","damage_taken":11,"max_hp_gain":0,"max_hp_loss":0,"event_name":"World of Goop","floor":4,"gold_loss":0}],"is_beta":false,"boss_relics":[],"items_purged_floors":[],"is_endless":false,"potions_floor_spawned":[7],"killed_by":"Lagavulin","ascension_level":20}}