{"host":"m1zxfnvdt64iwp8k","time":1611409395,"event":{"mods":["Act Like it!","BaseMod","Gensokyo","Marisa£®ÏF”Í°°ƒß¿Ì…≥£©","Minty Spire (QoL Compilation)","Reimu£®≤©¿ˆ¡È√Œ£©","StSLib"],"gold_per_floor":[114,134,134,134,134,51,70,86,86,114,39,39,280,321,321,443,443,454,21,62,62,100,100,116,131,131,131,131],"floor_reached":27,"language":"ZHS","playtime":1367,"items_purged":["Pain"],"score":217,"play_id":"6e20dd5d-6c46-4523-ada3-6a121c4a85c8","local_time":"20210123214315","is_ascension_mode":false,"campfire_choices":[{"data":"WitchOfGreed","floor":12.0,"key":"SMITH"},{"data":"Gensokyo:LittleGreenMen","floor":23.0,"key":"SMITH"}],"circlet_count":0,"master_deck":["Strike_MRS","Strike_MRS","Strike_MRS","Strike_MRS","Defend_MRS","Defend_MRS","Defend_MRS","Defend_MRS","MasterSpark","UpSweep","MilkyWay","FairyDestructionRay","WitchOfGreed+1","DoubleSpark","AbsoluteMagnitude","EscapeVelocity","GalacticHalo+1","Gensokyo:BlemishedSteel","Gensokyo:LittleGreenMen+1","PowerUp+1","Gensokyo:TekeTeke","MeteoricShower","WitchLeyline","DarkMatter+1"],"relics":["MiniHakkero","NeowsBlessing","Gensokyo:Justice","Gensokyo:LunaticRedEyes","Gensokyo:MarisaImprobabilityPotion","Shuriken","Tiny Chest","Pantograph","SlaversCollar","HandDrill","CrazyTorch:ReiMu","Frozen Eye"],"acts_visited":["Exordium","Gensokyo:Gensokyo"],"potions_floor_usage":[25,25,27],"damage_taken":[{"damage":0.0,"enemies":"Gensokyo:Python","floor":1.0,"turns":1.0},{"damage":0.0,"enemies":"Gensokyo:2_Kodama","floor":2.0,"turns":1.0},{"damage":3.0,"enemies":"Gensokyo:3_Fairies","floor":7.0,"turns":1.0},{"damage":12.0,"enemies":"Gensokyo:2_Rabbits","floor":8.0,"turns":5.0},{"damage":10.0,"enemies":"Gensokyo:Cirno","floor":10.0,"turns":4.0},{"damage":9.0,"enemies":"Gensokyo:VengefulSpirit","floor":13.0,"turns":5.0},{"damage":11.0,"enemies":"Gensokyo:5_Fairies","floor":14.0,"turns":4.0},{"damage":39.0,"enemies":"Gensokyo:Yukari","floor":16.0,"turns":11.0},{"damage":14.0,"enemies":"Gensokyo:AngelMirror","floor":18.0,"turns":3.0},{"damage":16.0,"enemies":"Gensokyo:Chomper","floor":20.0,"turns":4.0},{"damage":24.0,"enemies":"Gensokyo:Mirror_and_Dog","floor":22.0,"turns":3.0},{"damage":0.0,"enemies":"Gensokyo:Swordslinger","floor":24.0,"turns":2.0},{"damage":12,"enemies":"Gensokyo:Slime_Group","floor":25,"turns":3},{"damage":9,"enemies":"Gensokyo:Koishi","floor":27,"turns":2}],"seed_played":"1548639089844192891","potions_obtained":[{"floor":8.0,"key":"LiquidMemories"},{"floor":10.0,"key":"GamblersBrew"},{"floor":13.0,"key":"SkillPotion"},{"floor":14.0,"key":"SkillPotion"},{"floor":16.0,"key":"SteroidPotion"},{"floor":18.0,"key":"Energy Potion"},{"floor":20.0,"key":"ShroomBrew"},{"floor":25,"key":"Ancient Potion"}],"is_trial":false,"path_per_floor":["M","M","?","?","?","COS","M","M","T","E","$","R","M","M","R","B",null,"M","COS","M","?","M","R","M","M","T","E"],"character_chosen":"MARISA","items_purchased":[],"campfire_rested":0,"item_purchase_floors":[],"current_hp_per_floor":[75,75,75,75,75,75,72,60,60,50,50,50,41,30,30,16,75,61,61,45,45,21,21,21,9,9,0,0],"gold":131,"neow_bonus":"THREE_ENEMY_KILL","is_daily":false,"chose_seed":false,"campfire_upgraded":2,"win_rate":0.0,"timestamp":1611409395,"path_taken":["M","?","?","?","?","COS","?","M","T","E","$","R","M","M","R","BOSS","M","COS","M","?","M","R","M","M","T","E"],"items_purchased_type":[],"build_version":"2020-12-22","purchased_purges":1,"victory":false,"max_hp_per_floor":[75,75,75,75,75,75,75,75,75,75,75,75,75,75,75,75,75,75,75,75,68,68,68,68,68,68,68,68],"card_choices":[{"not_picked":["6A","UnstableBomb"],"picked":"WitchOfGreed","floor":1.0},{"not_picked":["EnergyRecoil","LuminesStrike"],"picked":"OneTimeOff","floor":2.0},{"not_picked":["DarkMatter","UnstableBomb"],"picked":"MilkyWay","floor":7.0},{"not_picked":["NonDirectionalLaser","BlazeAway"],"picked":"FairyDestructionRay","floor":8.0},{"not_picked":["Orbital","EarthLightRay"],"picked":"WitchOfGreed","floor":10.0},{"not_picked":["SuperPerseids","ShootingEcho"],"picked":"DoubleSpark","floor":13.0},{"not_picked":["OrrerysSun","MagicChant"],"picked":"AbsoluteMagnitude","floor":14.0},{"not_picked":["BigCrunch","AbsoluteMagnitude"],"picked":"EscapeVelocity","floor":16.0},{"not_picked":["WitchOfGreed","GrandCross"],"picked":"GalacticHalo+1","floor":18.0},{"not_picked":["DoubleSpark","OortCloud"],"picked":"PowerUp+1","floor":20.0},{"not_picked":["Gensokyo:SlitMouthedWoman","Gensokyo:MissMary"],"picked":"Gensokyo:TekeTeke","floor":21.0},{"not_picked":["StarBarrage","LuminesStrike+1"],"picked":"MeteoricShower","floor":22.0},{"not_picked":["GalacticHalo","ShootingEcho"],"picked":"WitchLeyline","floor":24.0},{"not_picked":["LuminesStrike+1","GasGiant"],"picked":"DarkMatter+1","floor":25}],"player_experience":103760,"relics_obtained":[{"floor":9.0,"key":"Shuriken"},{"floor":10.0,"key":"Tiny Chest"},{"floor":26,"key":"CrazyTorch:ReiMu"}],"event_choices":[],"is_beta":false,"boss_relics":[{"not_picked":["RampagingMagicTools","Black Star"],"picked":"SlaversCollar"}],"items_purged_floors":[11],"is_endless":false,"potions_floor_spawned":[8,10,18,20,25],"killed_by":"Gensokyo:Koishi","ascension_level":0}}