{"host":"s0rqbuvjzggdtc2s","time":1611410844,"event":{"mods":["ATMod(°¢èªMod)","Arknights The Spire","BaseMod","Curses Come First","Minty Spire (QoL Compilation)","StSLib","¡¾ÒÅÎï¿¨ÅÆ¡¿REMEMod"],"gold_per_floor":[111,129,148,55,65,94,106,106,177,177,204,219,219,219,219,317,317,330,180,140,157,169,169,189,218,218,218,236,335,335,347,347,446,446,457,473,66,112,132,263,273,273,273,285,412,424,440,569,569,769,769,769,82,308,408],"floor_reached":56,"language":"ZHS","playtime":3877,"items_purged":["Strike_B","Strike_B","Strike_B"],"score":1483,"play_id":"1c23ff2a-764a-4059-b813-6079c018cfa9","local_time":"20210123220724","is_ascension_mode":false,"campfire_choices":[{"floor":8.0,"key":"REST"},{"data":"Dualcast","floor":10.0,"key":"SMITH"},{"data":"Creative AI","floor":15.0,"key":"SMITH"},{"data":"AT_RightCognition","floor":23.0,"key":"SMITH"},{"floor":27.0,"key":"REST"},{"data":"REME_FirmDetermination","floor":30.0,"key":"SMITH"},{"floor":32.0,"key":"RECALL"},{"data":"Seek","floor":42.0,"key":"SMITH"},{"data":"AT_WaterDrop","floor":49,"key":"SMITH"},{"data":"AT_RobotInSpace","floor":52,"key":"SMITH"}],"circlet_count":0,"master_deck":["Strike_B","Defend_B+1","Defend_B","Defend_B","Defend_B","Zap+1","Dualcast+1","AT_RobotInSpace+1","Creative AI+1","Conserve Battery","Self Repair","Core Surge","REME_FirmDetermination+1","Static Discharge","Coolheaded","Melter","Self Repair","Reinforced Body","AT_RightCognition+1","Reinforced Body","Turbo","Coolheaded","Auto Shields","AT_RobotInSpace","AT_WaterDrop+1","CurseOfTheBell","Seek+1","Turbo+1","AT_HeatAcrobatics+1","Leap+1","Conserve Battery+1","Darkness+1","Turbo+1","Coolheaded","Conserve Battery+1"],"relics":["FrozenCore","AT_ATBox","REME_ComplimentaryCards","Bronze Scales","Gambling Chip","StrikeDummy","Pocketwatch","Tiny Chest","The Courier","Ancient Tea Set","Calling Bell","Oddly Smooth Stone","Pear","AT_TheCollector","Bottled Lightning","Runic Capacitor","AT_EbonyIvory","Mercury Hourglass","TungstenRod","Bag of Preparation","Blood Vial","AT_BladeRuinedKing","AT_ImmortalShieldbow","Anchor","AT_TimeSand"],"acts_visited":["Exordium","TheCity","TheBeyond","TheEnding"],"potions_floor_usage":[55],"damage_taken":[{"damage":0.0,"enemies":"2 Louse","floor":1.0,"turns":2.0},{"damage":0.0,"enemies":"Cultist","floor":2.0,"turns":3.0},{"damage":3.0,"enemies":"Jaw Worm","floor":3.0,"turns":3.0},{"damage":6.0,"enemies":"2 Fungi Beasts","floor":5.0,"turns":3.0},{"damage":44.0,"enemies":"3 Sentries","floor":6.0,"turns":6.0},{"damage":11.0,"enemies":"Large Slime","floor":7.0,"turns":5.0},{"damage":0.0,"enemies":"Lagavulin","floor":11.0,"turns":11.0},{"damage":8.0,"enemies":"Looter","floor":12.0,"turns":3.0},{"damage":0.0,"enemies":"Gremlin Nob","floor":14.0,"turns":1.0},{"damage":28.0,"enemies":"Slime Boss","floor":16.0,"turns":9.0},{"damage":5.0,"enemies":"3 Byrds","floor":18.0,"turns":4.0},{"damage":19.0,"enemies":"2 Thieves","floor":21.0,"turns":5.0},{"damage":20.0,"enemies":"3 Cultists","floor":22.0,"turns":7.0},{"damage":3.0,"enemies":"Chosen and Byrds","floor":24.0,"turns":7.0},{"damage":59.0,"enemies":"Gremlin Leader","floor":25.0,"turns":7.0},{"damage":6.0,"enemies":"Shelled Parasite and Fungi","floor":28.0,"turns":14.0},{"damage":2.0,"enemies":"3 Cultists","floor":31.0,"turns":7.0},{"damage":45.0,"enemies":"Collector","floor":33.0,"turns":12.0},{"damage":0.0,"enemies":"Orb Walker","floor":35.0,"turns":7.0},{"damage":4.0,"enemies":"3 Shapes","floor":36.0,"turns":8.0},{"damage":10.0,"enemies":"Transient","floor":39.0,"turns":5.0},{"damage":4.0,"enemies":"Nemesis","floor":40.0,"turns":11.0},{"damage":0.0,"enemies":"Maw","floor":41.0,"turns":8.0},{"damage":0.0,"enemies":"Spire Growth","floor":44.0,"turns":6.0},{"damage":0.0,"enemies":"Giant Head","floor":45.0,"turns":12.0},{"damage":0.0,"enemies":"Transient","floor":46.0,"turns":5.0},{"damage":1.0,"enemies":"Sphere and 2 Shapes","floor":47.0,"turns":6.0},{"damage":0,"enemies":"Nemesis","floor":48,"turns":9},{"damage":36,"enemies":"Awakened One","floor":50,"turns":10},{"damage":0,"enemies":"Shield and Spear","floor":54,"turns":12},{"damage":0,"enemies":"The Heart","floor":55,"turns":11}],"seed_played":"8664296966704174115","potions_obtained":[{"floor":3.0,"key":"SmokeBomb"},{"floor":7.0,"key":"Weak Potion"},{"floor":12.0,"key":"SmokeBomb"},{"floor":16.0,"key":"PotionOfCapacity"},{"floor":22.0,"key":"Regen Potion"},{"floor":24.0,"key":"ColorlessPotion"},{"floor":33.0,"key":"Weak Potion"},{"floor":36.0,"key":"FocusPotion"},{"floor":40.0,"key":"SkillPotion"},{"floor":46.0,"key":"EntropicBrew"}],"is_trial":false,"path_per_floor":["M","M","M","$","M","E","M","R","T","R","E","M","?","E","R","B",null,"M","$","?","M","M","R","M","E","T","R","M","?","R","M","R","B",null,"M","M","$","T","M","E","M","R","T","M","E","M","M","E","R","B",null,"R","$","E","B",null],"character_chosen":"DEFECT","items_purchased":["REME_FirmDetermination","Reinforced Body","Bottled Lightning","Runic Capacitor","Coolheaded","Blood Vial","AT_BladeRuinedKing","AT_ImmortalShieldbow","Anchor"],"campfire_rested":2,"item_purchase_floors":[4,19,37,37,53,53,53,53,53],"current_hp_per_floor":[75,75,75,75,75,31,27,49,49,49,56,62,50,50,50,31,75,75,75,75,70,64,64,75,30,30,52,60,60,60,58,58,27,85,85,85,85,85,75,85,85,85,85,85,85,85,85,85,85,49,85,85,85,85,85],"gold":408,"neow_bonus":"RANDOM_COMMON_RELIC","is_daily":false,"chose_seed":false,"campfire_upgraded":7,"win_rate":0.0,"timestamp":1611410844,"path_taken":["M","M","M","$","M","E","M","R","T","R","E","M","?","E","R","BOSS","M","$","?","M","?","R","M","E","T","R","M","?","R","M","R","BOSS","M","M","$","?","M","E","M","R","T","M","E","M","M","E","R","BOSS","R","$","E","BOSS"],"items_purchased_type":["Card","Card","Relic","Relic","Card","Relic","Relic","Relic","Relic"],"build_version":"2020-12-22","purchased_purges":3,"victory":true,"max_hp_per_floor":[75,75,75,75,75,75,75,75,75,75,75,75,75,75,75,75,75,75,75,75,75,75,75,75,75,75,75,75,75,75,75,75,75,85,85,85,85,85,85,85,85,85,85,85,85,85,85,85,85,85,85,85,85,85,85],"card_choices":[{"not_picked":["Stack","Gash"],"picked":"Conserve Battery","floor":1.0},{"not_picked":["AT_HeatAcrobatics","Sunder"],"picked":"Self Repair","floor":2.0},{"not_picked":["Coolheaded","Gash"],"picked":"Core Surge","floor":3.0},{"not_picked":["Compile Driver","Redo"],"picked":"Static Discharge","floor":5.0},{"not_picked":["Reprogram","Biased Cognition"],"picked":"Coolheaded","floor":6.0},{"not_picked":["REME_SelfUpgrade","Lockon"],"picked":"Melter","floor":7.0},{"not_picked":["Turbo","Go for the Eyes"],"picked":"Self Repair","floor":11.0},{"not_picked":["Coolheaded","Rip and Tear"],"picked":"Reinforced Body","floor":12.0},{"not_picked":["Biased Cognition","Seek","All For One"],"picked":"AT_RightCognition","floor":16.0},{"not_picked":["Genetic Algorithm","Gash","Heatsinks"],"picked":"SKIP","floor":18.0},{"not_picked":["Beam Cell","Steam","Consume"],"picked":"SKIP","floor":21.0},{"not_picked":["Sweeping Beam","Aggregate"],"picked":"Turbo","floor":22.0},{"not_picked":["Go for the Eyes","Hello World"],"picked":"Coolheaded","floor":24.0},{"not_picked":["Streamline","Melter","Doom and Gloom"],"picked":"SKIP","floor":25.0},{"not_picked":["Redo","Barrage"],"picked":"Auto Shields","floor":28.0},{"not_picked":["Go for the Eyes","Rebound"],"picked":"AT_RobotInSpace","floor":31.0},{"not_picked":["Electrodynamics","REME_Shoggoth"],"picked":"AT_WaterDrop","floor":33.0},{"not_picked":["Stack+1","Leap"],"picked":"Seek","floor":35.0},{"not_picked":["Tempest+1","Undo+1"],"picked":"Turbo+1","floor":36.0},{"not_picked":["Darkness+1","Steam+1","Rebound+1"],"picked":"SKIP","floor":39.0},{"not_picked":["Leap","Go for the Eyes"],"picked":"AT_HeatAcrobatics+1","floor":40.0},{"not_picked":["Streamline+1","Sweeping Beam+1","Steam+1"],"picked":"Leap+1","floor":41.0},{"not_picked":["Sweeping Beam+1","Capacitor+1"],"picked":"Conserve Battery+1","floor":44.0},{"not_picked":["Beam Cell+1","Gash+1","AT_WarpDrive"],"picked":"SKIP","floor":45.0},{"not_picked":["Multi-Cast","Gash"],"picked":"Darkness+1","floor":46.0},{"not_picked":["Beam Cell","Storm+1","Cold Snap"],"picked":"SKIP","floor":47.0},{"not_picked":["FTL","Sunder+1","Go for the Eyes"],"picked":"Turbo+1","floor":48},{"not_picked":["Self Repair","AT_WarpDrive"],"picked":"Conserve Battery+1","floor":54}],"player_experience":200715,"relics_obtained":[{"floor":6.0,"key":"Gambling Chip"},{"floor":9.0,"key":"StrikeDummy"},{"floor":11.0,"key":"Pocketwatch"},{"floor":25.0,"key":"The Courier"},{"floor":26.0,"key":"Ancient Tea Set"},{"floor":34.0,"key":"Oddly Smooth Stone"},{"floor":34.0,"key":"Pear"},{"floor":34.0,"key":"AT_TheCollector"},{"floor":38.0,"key":"AT_EbonyIvory"},{"floor":40.0,"key":"Mercury Hourglass"},{"floor":45.0,"key":"TungstenRod"},{"floor":48,"key":"Bag of Preparation"},{"floor":54,"key":"AT_TimeSand"}],"event_choices":[{"damage_healed":0.0,"max_hp_gain":0.0,"max_hp_loss":0.0,"gold_gain":0.0,"event_name":"Scrap Ooze","player_choice":"Success","floor":13.0,"gold_loss":0.0,"damage_taken":12.0,"relics_obtained":["Tiny Chest"]},{"damage_healed":0.0,"max_hp_gain":0.0,"max_hp_loss":0.0,"gold_gain":0.0,"event_name":"Designer","player_choice":"Upgraded Two","floor":20.0,"gold_loss":40.0,"damage_taken":0.0,"cards_upgraded":["Zap","Defend_B"]},{"damage_healed":0.0,"max_hp_gain":0.0,"max_hp_loss":0.0,"gold_gain":99.0,"event_name":"Nest","player_choice":"Stole From Cult","floor":29.0,"gold_loss":0.0,"damage_taken":0.0}],"is_beta":false,"boss_relics":[{"not_picked":["REME_DemonsWealth","AT_TrinityForce"],"picked":"FrozenCore"},{"not_picked":["Runic Dome","Runic Pyramid"],"picked":"Calling Bell"}],"items_purged_floors":[19,37,53],"is_endless":false,"potions_floor_spawned":[3,7,12,14,16,22,24,28,33,36,40,41,45,46,54],"ascension_level":0}}