{"host":"5fpb1gzflhq9886n","time":1611370703,"event":{"mods":["AchievementEnabler","BaseMod","Colored Map","Colored Powertips","Minty Spire (QoL Compilation)","Permanent Neow"],"gold_per_floor":[113,113,288,288,311,311,351,367,367,367,367,367,380,411,411,537,537,561,561,561,584,312,348,348,273,273,273,316,316,316],"floor_reached":29,"language":"ENG","playtime":1275,"items_purged":["Writhe"],"score":320,"play_id":"c4120d5d-047b-41e2-8161-2e0bd18b69ef","local_time":"20210122215823","is_ascension_mode":true,"campfire_choices":[{"floor":6.0,"key":"RECALL"},{"floor":10.0,"key":"REST"},{"floor":12.0,"key":"REST"},{"data":"Survivor","floor":15.0,"key":"SMITH"},{"floor":24,"key":"REST"},{"floor":27,"key":"REST"}],"circlet_count":0,"master_deck":["Strike_G","Strike_G","Strike_G","Strike_G","Strike_G+1","Defend_G+1","Defend_G+1","Defend_G","Defend_G","Survivor+1","Neutralize+1","Quick Slash","Blade Dance","Adrenaline+1","Leg Sweep+1","Deadly Poison+1","Deadly Poison+1","Envenom","Backflip+1","RitualDagger","Blade Dance+1","Noxious Fumes","Burst+1","Catalyst+1","Blade Dance+1","Blur+1","Dagger Spray+1","Bouncing Flask+1"],"relics":["Ring of the Snake","Ancient Tea Set","Golden Idol","Toxic Egg 2","Whetstone","Smiling Mask","Sozu","Vajra","Orrery","Blood Vial","Bottled Flame","White Beast Statue"],"acts_visited":["Exordium","TheCity"],"potions_floor_usage":[],"damage_taken":[{"damage":1.0,"enemies":"Small Slimes","floor":1.0,"turns":4.0},{"damage":8.0,"enemies":"Jaw Worm","floor":5.0,"turns":5.0},{"damage":27.0,"enemies":"3 Sentries","floor":7.0,"turns":10.0},{"damage":0.0,"enemies":"Cultist","floor":8.0,"turns":3.0},{"damage":0.0,"enemies":"2 Fungi Beasts","floor":13.0,"turns":3.0},{"damage":1.0,"enemies":"Gremlin Nob","floor":14.0,"turns":3.0},{"damage":30.0,"enemies":"Slime Boss","floor":16.0,"turns":8.0},{"damage":9.0,"enemies":"Shell Parasite","floor":18.0,"turns":5.0},{"damage":0.0,"enemies":"Chosen","floor":21.0,"turns":4.0},{"damage":37,"enemies":"Slavers","floor":23,"turns":7},{"damage":27,"enemies":"Book of Stabbing","floor":28,"turns":3},{"damage":5,"enemies":"Colosseum Slavers","floor":29,"turns":3},{"damage":34,"enemies":"Colosseum Nobs","floor":29,"turns":2}],"seed_played":"-7537807850002902535","potions_obtained":[{"floor":13.0,"key":"Poison Potion"},{"floor":14.0,"key":"Strength Potion"}],"is_trial":false,"path_per_floor":["M","?","?","?","M","R","E","M","T","R","?","R","M","E","R","B",null,"M","?","?","M","$","E","R","?","T","R","E","?"],"character_chosen":"THE_SILENT","items_purchased":["Noxious Fumes","Orrery"],"campfire_rested":4,"item_purchase_floors":[22,22],"current_hp_per_floor":[69,65,65,52,44,44,17,17,17,36,36,55,55,54,54,24,65,56,56,50,50,50,13,32,32,32,51,26,0,0],"gold":316,"neow_bonus":"RANDOM_COMMON_RELIC","is_daily":false,"chose_seed":false,"campfire_upgraded":1,"win_rate":0.0,"timestamp":1611370703,"path_taken":["M","?","?","?","?","R","E","?","T","R","?","R","M","E","R","BOSS","M","?","?","M","$","E","R","?","T","R","E","?"],"items_purchased_type":["Card","Relic"],"build_version":"2020-12-22","purchased_purges":1,"victory":false,"max_hp_per_floor":[70,65,65,65,65,65,65,65,65,65,65,65,65,65,65,65,65,65,65,65,65,65,65,65,65,65,65,65,65,65],"card_choices":[{"not_picked":["Underhanded Strike","Eviscerate"],"picked":"Quick Slash","floor":1.0},{"not_picked":["Underhanded Strike","Flying Knee"],"picked":"Blade Dance","floor":5.0},{"not_picked":["Outmaneuver+1","Infinite Blades"],"picked":"Adrenaline+1","floor":7.0},{"not_picked":["Slice","Acrobatics+1"],"picked":"Leg Sweep+1","floor":8.0},{"not_picked":["Backstab","Flechettes"],"picked":"Deadly Poison+1","floor":13.0},{"not_picked":["Caltrops","Eviscerate"],"picked":"Deadly Poison+1","floor":14.0},{"not_picked":["Unload","Venomology+1"],"picked":"Envenom","floor":16.0},{"not_picked":["Heel Hook","Flying Knee+1"],"picked":"Backflip+1","floor":18.0},{"not_picked":["Dodge and Roll+1","Quick Slash+1"],"picked":"Blade Dance+1","floor":21.0},{"not_picked":["Tools of the Trade","Deflect+1"],"picked":"Burst+1","floor":22.0},{"not_picked":["Sucker Punch","Flying Knee+1"],"picked":"Catalyst+1","floor":22.0},{"not_picked":["PiercingWail+1","Reflex+1"],"picked":"Blade Dance+1","floor":22.0},{"not_picked":["Bane","Slice"],"picked":"Blur+1","floor":22.0},{"not_picked":["Dodge and Roll+1","Dagger Throw"],"picked":"Dagger Spray+1","floor":22.0},{"not_picked":["Distraction+1","Quick Slash+1"],"picked":"Bouncing Flask+1","floor":23},{"not_picked":["Calculated Gamble+1","Masterful Stab","Flechettes"],"picked":"SKIP","floor":28}],"player_experience":748031,"relics_obtained":[{"floor":7.0,"key":"Toxic Egg 2"},{"floor":9.0,"key":"Whetstone"},{"floor":14.0,"key":"Smiling Mask"},{"floor":23,"key":"Blood Vial"},{"floor":26,"key":"Bottled Flame"},{"floor":28,"key":"White Beast Statue"}],"event_choices":[{"damage_healed":0.0,"max_hp_gain":0.0,"max_hp_loss":5.0,"gold_gain":0.0,"event_name":"Golden Idol","player_choice":"Lose Max HP","floor":2.0,"gold_loss":0.0,"damage_taken":0.0,"relics_obtained":["Golden Idol"]},{"damage_healed":0.0,"max_hp_gain":0.0,"max_hp_loss":0.0,"gold_gain":175.0,"event_name":"Liars Game","player_choice":"AGREE","floor":3.0,"gold_loss":0.0,"damage_taken":0.0,"cards_obtained":["Doubt"]},{"damage_healed":0.0,"max_hp_gain":0.0,"max_hp_loss":0.0,"gold_gain":0.0,"event_name":"Shining Light","player_choice":"Entered Light","floor":4.0,"gold_loss":0.0,"damage_taken":13.0,"cards_upgraded":["Defend_G","Defend_G"]},{"cards_removed":["Doubt"],"damage_healed":0.0,"max_hp_gain":0.0,"max_hp_loss":0.0,"gold_gain":0.0,"event_name":"Fountain of Cleansing","player_choice":"Removed Curses","floor":11.0,"gold_loss":0.0,"damage_taken":0.0},{"damage_healed":0.0,"max_hp_gain":0.0,"max_hp_loss":0.0,"gold_gain":0.0,"event_name":"The Mausoleum","player_choice":"Opened","floor":19.0,"gold_loss":0.0,"damage_taken":0.0,"relics_obtained":["Vajra"],"cards_obtained":["Writhe"]},{"damage_healed":0.0,"max_hp_gain":0.0,"max_hp_loss":0.0,"gold_gain":0.0,"event_name":"Nest","player_choice":"Joined the Cult","floor":20.0,"gold_loss":0.0,"damage_taken":6.0,"cards_obtained":["RitualDagger"]},{"cards_removed":["Defend_G"],"damage_healed":0,"gold_gain":0,"player_choice":"Gave Gold","damage_taken":0,"max_hp_gain":0,"max_hp_loss":0,"event_name":"Beggar","floor":25,"gold_loss":75},{"damage_healed":0,"gold_gain":0,"player_choice":"Fight","damage_taken":0,"max_hp_gain":0,"max_hp_loss":0,"event_name":"Colosseum","floor":29,"gold_loss":0},{"damage_healed":0,"gold_gain":0,"player_choice":"Fought Nobs","damage_taken":0,"max_hp_gain":0,"max_hp_loss":0,"event_name":"Colosseum","floor":29,"gold_loss":0}],"is_beta":false,"boss_relics":[{"not_picked":["Runic Pyramid","SacredBark"],"picked":"Sozu"}],"items_purged_floors":[22],"is_endless":false,"potions_floor_spawned":[13,14,23,29],"killed_by":"Colosseum Nobs","ascension_level":4}}