{"host":"t7mx8yfj1no5p62f","time":1611429763,"event":{"mods":["BaseMod","Bestiary","Colored Map","Colored Powertips","Minty Spire (QoL Compilation)","Relic Stats","StSLib","ojb\u0027s Info Mod"],"gold_per_floor":[119,119,133,149,149,149,169,169,169,204,48,73,91,112,112,184,184,204,204,80,80,5,5,5],"floor_reached":23,"language":"ENG","playtime":638,"items_purged":["Strike_G","Strike_G"],"score":494,"play_id":"9b0e3026-4341-407c-aea8-fcac70c3ba50","local_time":"20210123142243","is_ascension_mode":true,"campfire_choices":[{"data":"Neutralize","floor":6.0,"key":"SMITH"},{"data":"Doppelganger","floor":8.0,"key":"SMITH"},{"data":"Bouncing Flask","floor":15.0,"key":"SMITH"}],"circlet_count":0,"master_deck":["AscendersBane","Strike_G+1","Strike_G","Defend_G","Defend_G","Defend_G","Defend_G","Defend_G","Survivor","Neutralize+1","Predator+1","Noxious Fumes+1","Doppelganger+1","Clumsy","Backflip","Bouncing Flask+1","Deflect","Wraith Form v2","PiercingWail","Outmaneuver"],"relics":["Cursed Key","Matryoshka","Regal Pillow","Odd Mushroom","Snecko Eye"],"acts_visited":["Exordium","TheCity"],"potions_floor_usage":[23],"damage_taken":[{"damage":0.0,"enemies":"Jaw Worm","floor":1.0,"turns":4.0},{"damage":0.0,"enemies":"2 Louse","floor":3.0,"turns":2.0},{"damage":4.0,"enemies":"Small Slimes","floor":4.0,"turns":3.0},{"damage":3.0,"enemies":"Looter","floor":7.0,"turns":3.0},{"damage":50.0,"enemies":"Gremlin Nob","floor":10.0,"turns":5.0},{"damage":2.0,"enemies":"Lagavulin","floor":12.0,"turns":5.0},{"damage":11.0,"enemies":"Blue Slaver","floor":13.0,"turns":3.0},{"damage":0.0,"enemies":"The Mushroom Lair","floor":14.0,"turns":4.0},{"damage":0.0,"enemies":"Hexaghost","floor":16.0,"turns":8.0},{"damage":0.0,"enemies":"Spheric Guardian","floor":18.0,"turns":4.0},{"damage":39,"enemies":"Slavers","floor":23,"turns":7}],"seed_played":"-7793457521582018790","potions_obtained":[{"floor":1.0,"key":"EntropicBrew"},{"floor":7.0,"key":"FairyPotion"},{"floor":10.0,"key":"GhostInAJar"},{"floor":14.0,"key":"DistilledChaos"}],"is_trial":false,"path_per_floor":["M","?","M","M","?","R","M","R","T","E","$","E","M","?","R","B",null,"M","?","$","?","?","E"],"character_chosen":"THE_SILENT","items_purchased":["Bouncing Flask","Outmaneuver"],"campfire_rested":0,"item_purchase_floors":[11,20],"current_hp_per_floor":[59,59,59,55,35,35,32,32,32,19,19,17,6,6,6,6,51,51,33,33,33,33,0,0],"gold":5,"neow_bonus":"BOSS_RELIC","is_daily":false,"chose_seed":false,"campfire_upgraded":3,"win_rate":0.0,"timestamp":1611429763,"path_taken":["M","?","M","M","?","R","M","R","T","E","$","E","M","?","R","BOSS","M","?","$","?","?","E"],"items_purchased_type":["Card","Card"],"build_version":"2020-12-22","purchased_purges":2,"victory":false,"max_hp_per_floor":[66,66,66,66,66,66,66,66,66,66,66,66,66,66,66,66,66,66,71,71,71,71,71,71],"relic_stats":{"Regal Pillow":0,"counters":[11,48],"Snecko Eye":[18,13,21,19],"Cursed Key":1,"obtain_stats":[{"Regal Pillow":12,"Matryoshka":10,"Snecko Eye":17,"Odd Mushroom":14,"Cursed Key":0,"Ring of the Snake":0},{"Regal Pillow":6,"Matryoshka":5,"Snecko Eye":9,"Odd Mushroom":8,"Cursed Key":0,"Ring of the Snake":0},{"Regal Pillow":22,"Matryoshka":17,"Snecko Eye":37,"Odd Mushroom":29,"Cursed Key":0,"Ring of the Snake":0}]},"card_choices":[{"not_picked":["Flechettes","Outmaneuver"],"picked":"Predator","floor":1.0},{"not_picked":["Reflex","Prepared"],"picked":"Noxious Fumes","floor":3.0},{"not_picked":["Flying Knee","Slice","Outmaneuver"],"picked":"SKIP","floor":4.0},{"not_picked":["Blade Dance","Escape Plan"],"picked":"Doppelganger","floor":7.0},{"not_picked":["Concentrate","Predator"],"picked":"Backflip","floor":10.0},{"not_picked":["Dagger Throw","Flying Knee","Cloak And Dagger"],"picked":"SKIP","floor":12.0},{"not_picked":["Skewer","Blade Dance"],"picked":"Deflect","floor":13.0},{"not_picked":["After Image","Night Terror"],"picked":"Wraith Form v2","floor":16.0},{"not_picked":["Quick Slash","Deadly Poison"],"picked":"PiercingWail","floor":18.0}],"player_experience":1836608,"relics_obtained":[{"floor":10.0,"key":"Matryoshka"},{"floor":12.0,"key":"Regal Pillow"},{"floor":14.0,"key":"Odd Mushroom"}],"event_choices":[{"damage_healed":0.0,"max_hp_gain":0.0,"max_hp_loss":0.0,"gold_gain":0.0,"event_name":"Living Wall","player_choice":"Grow","floor":2.0,"gold_loss":0.0,"damage_taken":0.0,"cards_upgraded":["Predator"]},{"damage_healed":0.0,"max_hp_gain":0.0,"max_hp_loss":0.0,"gold_gain":0.0,"event_name":"Shining Light","player_choice":"Entered Light","floor":5.0,"gold_loss":0.0,"damage_taken":20.0,"cards_upgraded":["Noxious Fumes","Strike_G"]},{"damage_healed":0.0,"max_hp_gain":0.0,"max_hp_loss":0.0,"gold_gain":0.0,"event_name":"Mushrooms","player_choice":"Fought Mushrooms","floor":14.0,"gold_loss":0.0,"damage_taken":0.0},{"damage_healed":0.0,"max_hp_gain":5.0,"max_hp_loss":0.0,"gold_gain":0.0,"event_name":"Forgotten Altar","player_choice":"Shed Blood","floor":19.0,"gold_loss":0.0,"damage_taken":23.0},{"damage_healed":0.0,"max_hp_gain":0.0,"max_hp_loss":0.0,"gold_gain":0.0,"event_name":"Vampires","player_choice":"Ignored","floor":21.0,"gold_loss":0.0,"damage_taken":0.0},{"cards_removed":["Strike_G"],"damage_healed":0.0,"max_hp_gain":0.0,"max_hp_loss":0.0,"gold_gain":0.0,"event_name":"Beggar","player_choice":"Gave Gold","floor":22.0,"gold_loss":75.0,"damage_taken":0.0}],"is_beta":false,"boss_relics":[{"not_picked":["HoveringKite","Ectoplasm"],"picked":"Snecko Eye"}],"items_purged_floors":[11,20],"is_endless":false,"potions_floor_spawned":[1,7,10,13,14],"killed_by":"Slavers","ascension_level":20}}