{"host":"cijwx898anu8dehj","time":1611434199,"event":{"mods":["AchievementEnabler","AlwaysNeverKeys","BaseMod","Colored Map","Colored Powertips","Highlight Path","Minty Spire (QoL Compilation)","Rare Cards Sparkle","Relic Stats","Slay-I"],"gold_per_floor":[113,127,127,145,163,190,190,203,229,242,274,284,284,141,141,237,237,251,251,263,276,276,276,294,294,367,386,400,400,434,451,451,553,553,566,53,0,15,65,78,106,106,106,106,131,131,131,146,146,146],"floor_reached":51,"language":"ENG","playtime":2938,"items_purged":["Rip and Tear"],"score":1056,"play_id":"d56e836c-44b5-4174-807b-f0f4665bf4a4","local_time":"20210123183639","is_ascension_mode":true,"campfire_choices":[{"floor":7.0,"key":"REST"},{"floor":15.0,"key":"REST"},{"data":"Ball Lightning","floor":23.0,"key":"SMITH"},{"data":"Leap","floor":25.0,"key":"SMITH"},{"floor":29.0,"key":"REST"},{"floor":32.0,"key":"REST"},{"data":"White Noise","floor":47,"key":"SMITH"},{"data":"Defragment","floor":49,"key":"SMITH"}],"circlet_count":0,"master_deck":["Zap+1","Dualcast","Ball Lightning","Auto Shields","Ball Lightning+1","FTL+1","Sweeping Beam+1","Leap+1","Cold Snap+1","Cold Snap+1","Biased Cognition","Hologram","Steam","Hello World+1","Doom and Gloom+1","Go for the Eyes+1","Leap","Thunder Strike+1","Defragment+1","Rebound+1","All For One+1","Rip and Tear+1","White Noise+1","Chill","Reinforced Body","Biased Cognition","Lockon+1","Self Repair+1","Madness","Madness"],"relics":["SacredBark","Molten Egg 2","Regal Pillow","Lantern","Potion Belt","Velvet Choker","Darkstone Periapt","Dream Catcher","Pandora\u0027s Box","Juzu Bracelet","Bronze Scales","Toolbox","Red Mask","Mango","Anchor","Bag of Marbles","Nunchaku"],"acts_visited":["Exordium","TheCity","TheBeyond"],"potions_floor_usage":[33,33,41,50,50,50,50,50,50],"damage_taken":[{"damage":4.0,"enemies":"Small Slimes","floor":1.0,"turns":4.0},{"damage":1.0,"enemies":"Cultist","floor":2.0,"turns":4.0},{"damage":0.0,"enemies":"2 Louse","floor":4.0,"turns":2.0},{"damage":13.0,"enemies":"Large Slime","floor":5.0,"turns":4.0},{"damage":19.0,"enemies":"3 Sentries","floor":6.0,"turns":7.0},{"damage":7.0,"enemies":"Looter","floor":8.0,"turns":3.0},{"damage":4.0,"enemies":"Red Slaver","floor":10.0,"turns":3.0},{"damage":3.0,"enemies":"Gremlin Nob","floor":11.0,"turns":3.0},{"damage":11.0,"enemies":"Exordium Thugs","floor":12.0,"turns":3.0},{"damage":25.0,"enemies":"Slime Boss","floor":16.0,"turns":9.0},{"damage":13.0,"enemies":"Shell Parasite","floor":18.0,"turns":4.0},{"damage":0.0,"enemies":"Chosen","floor":20.0,"turns":4.0},{"damage":0.0,"enemies":"Snake Plant","floor":21.0,"turns":3.0},{"damage":0.0,"enemies":"Centurion and Healer","floor":24.0,"turns":5.0},{"damage":12.0,"enemies":"Shelled Parasite and Fungi","floor":27.0,"turns":5.0},{"damage":0.0,"enemies":"3 Cultists","floor":28.0,"turns":5.0},{"damage":52.0,"enemies":"Slavers","floor":30.0,"turns":6.0},{"damage":16.0,"enemies":"Snake Plant","floor":31.0,"turns":3.0},{"damage":4,"enemies":"Automaton","floor":33,"turns":9},{"damage":0,"enemies":"3 Darklings","floor":35,"turns":5},{"damage":7,"enemies":"Orb Walker","floor":38,"turns":4},{"damage":3,"enemies":"Mind Bloom Boss Battle","floor":39,"turns":7},{"damage":22,"enemies":"Jaw Worm Horde","floor":40,"turns":3},{"damage":29,"enemies":"Reptomancer","floor":41,"turns":7},{"damage":20,"enemies":"3 Darklings","floor":48,"turns":7},{"damage":0,"enemies":"Time Eater","floor":50,"turns":12}],"seed_played":"-7302847693298614440","potions_obtained":[{"floor":5.0,"key":"Block Potion"},{"floor":6.0,"key":"Strength Potion"},{"floor":8.0,"key":"FocusPotion"},{"floor":11.0,"key":"FocusPotion"},{"floor":19.0,"key":"PotionOfCapacity"},{"floor":19.0,"key":"Regen Potion"},{"floor":24.0,"key":"SpeedPotion"},{"floor":30.0,"key":"EssenceOfSteel"},{"floor":35,"key":"Weak Potion"},{"floor":48,"key":"EntropicBrew"}],"is_trial":false,"path_per_floor":["M","M","?","M","M","E","R","M","T","M","E","M","$","$","R","B",null,"M","?","M","M","?","R","M","R","T","M","M","R","E","M","R","B",null,"M","$","?","M","?","M","E","?","T","?","T","?","R","M","R","B",null],"character_chosen":"DEFECT","items_purchased":["Potion Belt","Juzu Bracelet","Bronze Scales","Toolbox"],"campfire_rested":4,"item_purchase_floors":[14,36,36,36],"current_hp_per_floor":[64,63,63,63,50,31,53,46,46,42,39,28,28,28,65,40,66,53,53,53,53,53,53,53,53,53,41,41,75,57,41,75,71,74,74,74,74,67,88,66,47,36,36,78,78,78,78,68,68,78],"gold":146,"neow_bonus":"BOSS_RELIC","is_daily":false,"chose_seed":false,"campfire_upgraded":4,"win_rate":0.0,"timestamp":1611434199,"path_taken":["M","M","?","M","M","E","R","M","T","?","E","?","?","$","R","BOSS","M","?","?","M","?","R","M","R","T","M","M","R","E","M","R","BOSS","M","$","?","M","?","M","E","?","T","?","?","?","R","M","R","BOSS"],"items_purchased_type":["Relic","Relic","Relic","Relic"],"build_version":"2020-12-22","purchased_purges":1,"victory":true,"max_hp_per_floor":[75,75,75,75,75,75,75,75,75,75,75,75,75,75,75,75,75,75,75,75,75,75,75,75,75,75,75,75,75,75,75,75,75,75,75,75,75,75,89,89,89,89,89,78,78,78,78,78,78,78],"relic_stats":{"Darkstone Periapt":0,"Regal Pillow":39,"Dream Catcher":1,"Nunchaku":[4],"counters":[26,131],"Bronze Scales":[138],"Pandora\u0027s Box":["Defragment","Rebound","All For One","Rip and Tear","White Noise","Chill","Reinforced Body","Biased Cognition"],"Juzu Bracelet":1,"obtain_stats":[{"Potion Belt":14,"Darkstone Periapt":26,"Regal Pillow":9,"Lantern":11,"SacredBark":0,"Velvet Choker":17,"Mango":39,"Juzu Bracelet":36,"Dream Catcher":30,"Anchor":41,"Nunchaku":45,"Bronze Scales":36,"Toolbox":36,"Molten Egg 2":6,"Pandora\u0027s Box":34,"Red Mask":37,"Bag of Marbles":43,"Cracked Core":0},{"Potion Belt":9,"Darkstone Periapt":14,"Regal Pillow":6,"Lantern":8,"SacredBark":0,"Velvet Choker":10,"Mango":22,"Juzu Bracelet":20,"Dream Catcher":17,"Anchor":24,"Nunchaku":24,"Bronze Scales":20,"Toolbox":20,"Molten Egg 2":5,"Pandora\u0027s Box":19,"Red Mask":20,"Bag of Marbles":24,"Cracked Core":0},{"Potion Belt":33,"Darkstone Periapt":58,"Regal Pillow":24,"Lantern":30,"SacredBark":0,"Velvet Choker":42,"Mango":102,"Juzu Bracelet":91,"Dream Catcher":74,"Anchor":112,"Nunchaku":112,"Bronze Scales":91,"Toolbox":91,"Molten Egg 2":21,"Pandora\u0027s Box":86,"Red Mask":91,"Bag of Marbles":112,"Cracked Core":0}]},"card_choices":[{"not_picked":["Gash","Hello World"],"picked":"Ball Lightning","floor":1.0},{"not_picked":["Sweeping Beam","Static Discharge"],"picked":"Auto Shields","floor":2.0},{"not_picked":["Double Energy","Stack"],"picked":"Ball Lightning","floor":4.0},{"not_picked":["Static Discharge","Hologram"],"picked":"Rip and Tear","floor":5.0},{"not_picked":["Steam","Lockon+1"],"picked":"FTL+1","floor":6.0},{"not_picked":["Hyperbeam+1","BootSequence"],"picked":"Sweeping Beam+1","floor":8.0},{"not_picked":["Barrage+1","Coolheaded"],"picked":"Leap","floor":10.0},{"not_picked":["Loop","Rebound+1"],"picked":"Cold Snap+1","floor":11.0},{"not_picked":["Storm","Force Field"],"picked":"Cold Snap+1","floor":12.0},{"not_picked":["Multi-Cast","Machine Learning"],"picked":"Biased Cognition","floor":16.0},{"not_picked":["Scrape+1","Conserve Battery","Gash+1"],"picked":"SKIP","floor":18.0},{"not_picked":["Redo","Compile Driver+1"],"picked":"Hologram","floor":20.0},{"not_picked":["Stack+1","Conserve Battery+1","Steam Power+1"],"picked":"SKIP","floor":21.0},{"not_picked":["Beam Cell+1","Echo Form"],"picked":"Steam","floor":24.0},{"not_picked":["Conserve Battery","Hologram"],"picked":"Hello World+1","floor":27.0},{"not_picked":["Conserve Battery","Tempest"],"picked":"Doom and Gloom+1","floor":28.0},{"not_picked":["Conserve Battery+1","Gash+1"],"picked":"Go for the Eyes+1","floor":30.0},{"not_picked":["Hologram+1","Static Discharge+1","Recycle+1"],"picked":"SKIP","floor":31.0},{"not_picked":["Sweeping Beam+1","Barrage+1"],"picked":"Leap","floor":32.0},{"not_picked":["Multi-Cast","Biased Cognition"],"picked":"Thunder Strike+1","floor":33},{"not_picked":["Barrage+1","Turbo"],"picked":"Lockon+1","floor":35},{"not_picked":["Rebound+1","Sweeping Beam+1"],"picked":"Self Repair+1","floor":38},{"not_picked":["Stack","Darkness+1","Sweeping Beam+1"],"picked":"SKIP","floor":40},{"not_picked":["Rebound+1","Sweeping Beam+1","Compile Driver+1"],"picked":"SKIP","floor":41},{"not_picked":["Sweeping Beam+1","Amplify","Blizzard+1"],"picked":"SKIP","floor":48}],"player_experience":1055677,"relics_obtained":[{"floor":6.0,"key":"Molten Egg 2"},{"floor":9.0,"key":"Regal Pillow"},{"floor":11.0,"key":"Lantern"},{"floor":26.0,"key":"Darkstone Periapt"},{"floor":30.0,"key":"Dream Catcher"},{"floor":39,"key":"Mango"},{"floor":41,"key":"Anchor"},{"floor":43,"key":"Bag of Marbles"},{"floor":45,"key":"Nunchaku"}],"event_choices":[{"damage_healed":0.0,"max_hp_gain":0.0,"max_hp_loss":0.0,"gold_gain":0.0,"event_name":"Upgrade Shrine","player_choice":"Upgraded","floor":3.0,"gold_loss":0.0,"damage_taken":0.0,"cards_upgraded":["Zap"]},{"damage_healed":0.0,"max_hp_gain":0.0,"max_hp_loss":0.0,"gold_gain":0.0,"event_name":"Lab","player_choice":"Got Potions","floor":19.0,"gold_loss":0.0,"damage_taken":0.0},{"damage_healed":0.0,"max_hp_gain":0.0,"max_hp_loss":0.0,"gold_gain":0.0,"event_name":"N\u0027loth","player_choice":"Ignored","floor":22.0,"gold_loss":0.0,"damage_taken":0.0},{"damage_healed":0,"gold_gain":0,"player_choice":"Paid","damage_taken":0,"relics_obtained":["Red Mask"],"max_hp_gain":0,"max_hp_loss":0,"event_name":"Tomb of Lord Red Mask","floor":37,"gold_loss":53},{"damage_healed":0,"gold_gain":0,"player_choice":"Fight","damage_taken":0,"max_hp_gain":0,"max_hp_loss":0,"event_name":"MindBloom","floor":39,"gold_loss":0},{"damage_healed":0,"gold_gain":0,"player_choice":"Embrace Madness","damage_taken":11,"max_hp_gain":0,"max_hp_loss":0,"event_name":"Winding Halls","floor":42,"gold_loss":0,"cards_obtained":["Madness","Madness"]},{"damage_healed":78,"gold_gain":0,"player_choice":"Heal","damage_taken":0,"max_hp_gain":0,"max_hp_loss":11,"event_name":"The Moai Head","floor":44,"gold_loss":0},{"damage_healed":0,"gold_gain":0,"player_choice":"Ignored","damage_taken":0,"max_hp_gain":0,"max_hp_loss":0,"event_name":"Mysterious Sphere","floor":46,"gold_loss":0}],"is_beta":false,"boss_relics":[{"not_picked":["Calling Bell","Philosopher\u0027s Stone"],"picked":"Velvet Choker"},{"not_picked":["Inserter","Tiny House"],"picked":"Pandora\u0027s Box"}],"items_purged_floors":[36],"is_endless":false,"potions_floor_spawned":[5,6,8,11,20,24,30,35,48],"ascension_level":9}}