{"host":"y89x8uui45kcjy42","time":1611397305,"event":{"mods":["2.2 Compatiblity","BaseMod","CapriCore","Colored Map","Colored Powertips","Custom Start","Friendly Minions","Keyboard Shortcuts","Minty Spire (QoL Compilation)","Relic Stats","Slay the Relics Exporter","StSLib","SuperFastMode","Uncapped"],"gold_per_floor":[114,114,128,146,163,188,188,221,303,341,83,99,99,115,115,186,186,202,234,234,63,63,63,81,81,81,115,115,250,250,276,276,355,355,374,374,422,433,346,346,359,359,435,138,138,138,138,470,470,470,470,470],"floor_reached":51,"language":"KOR","playtime":1846,"items_purged":["EmptyFist","WindmillStrike+1"],"score":1488,"play_id":"c6314b6c-5a42-4405-94b8-84d2768a794e","local_time":"20210123192145","is_ascension_mode":true,"campfire_choices":[{"data":"Eruption","floor":7,"key":"SMITH"},{"data":"Omniscience","floor":13,"key":"SMITH"},{"data":"Wish","floor":15,"key":"SMITH"},{"data":"Madness","floor":23,"key":"SMITH"},{"data":"Wish","floor":25,"key":"SMITH"},{"data":"MasterReality","floor":28,"key":"SMITH"},{"data":"PathToVictory","floor":30,"key":"SMITH"},{"data":"EmptyMind","floor":32,"key":"SMITH"},{"data":"Devotion","floor":40,"key":"SMITH"},{"data":"Collect","floor":42,"key":"SMITH"},{"data":"Master of Strategy","floor":45,"key":"SMITH"},{"data":"Evaluate","floor":47,"key":"SMITH"},{"floor":49,"key":"RECALL"}],"circlet_count":0,"master_deck":["Vigilance","EmptyMind+1","FearNoEvil+1","Wish+1","PathToVictory+1","Omniscience+1","FlurryOfBlows+1","Evaluate+1","Wish+1","Madness+1","MasterReality+1","DeceiveReality","Devotion+1","Master of Strategy+1","Collect+1","Alpha"],"relics":["PureWater","Potion Belt","Pear","Mango","Mummified Hand","Coffee Dripper","Red Mask","MealTicket","Ornamental Fan","Whetstone","Damaru","Cursed Key","Membership Card","Incense Burner","WingedGreaves","Omamori","Kunai","Chemical X","HandDrill","Old Coin"],"acts_visited":["Exordium","TheCity","TheBeyond"],"potions_floor_usage":[6,10,14,16,16,16,18,27,31,35,37],"damage_taken":[{"damage":0,"enemies":"Jaw Worm","floor":1,"turns":4},{"damage":0,"enemies":"Cultist","floor":3,"turns":2},{"damage":0,"enemies":"Small Slimes","floor":4,"turns":3},{"damage":1,"enemies":"Exordium Wildlife","floor":5,"turns":5},{"damage":30,"enemies":"Lagavulin","floor":6,"turns":6},{"damage":36,"enemies":"Gremlin Nob","floor":8,"turns":4},{"damage":16,"enemies":"3 Louse","floor":10,"turns":3},{"damage":8,"enemies":"Blue Slaver","floor":12,"turns":2},{"damage":0,"enemies":"2 Fungi Beasts","floor":14,"turns":2},{"damage":6,"enemies":"The Guardian","floor":16,"turns":6},{"damage":0,"enemies":"Chosen","floor":18,"turns":3},{"damage":50,"enemies":"Masked Bandits","floor":19,"turns":4},{"damage":4,"enemies":"2 Thieves","floor":24,"turns":2},{"damage":40,"enemies":"Book of Stabbing","floor":27,"turns":5},{"damage":0,"enemies":"Gremlin Leader","floor":31,"turns":3},{"damage":14,"enemies":"Automaton","floor":33,"turns":6},{"damage":16,"enemies":"3 Shapes","floor":35,"turns":6},{"damage":6,"enemies":"2 Orb Walkers","floor":37,"turns":4},{"damage":9,"enemies":"3 Darklings","floor":38,"turns":3},{"damage":1,"enemies":"Jaw Worm Horde","floor":41,"turns":4},{"damage":9,"enemies":"Giant Head","floor":48,"turns":4},{"damage":34,"enemies":"Donu and Deca","floor":50,"turns":5},{"damage":46,"enemies":"Time Eater","floor":51,"turns":6}],"seed_played":"2800581565745278970","potions_obtained":[{"floor":4,"key":"BottledMiracle"},{"floor":8,"key":"Regen Potion"},{"floor":10,"key":"Swift Potion"},{"floor":14,"key":"SkillPotion"},{"floor":16,"key":"Explosive Potion"},{"floor":18,"key":"SpeedPotion"},{"floor":27,"key":"AttackPotion"},{"floor":31,"key":"Fruit Juice"},{"floor":35,"key":"Swift Potion"}],"is_trial":false,"path_per_floor":["M","?","M","M","M","E","R","E","T","M","$","M","R","M","R","B",null,"M","?","?","$","?","R","M","R","T","E","R","$","R","E","R","B",null,"M","?","?","M","$","R","M","R","T","$","R","?","R","E","R","B","B"],"character_chosen":"WATCHER","items_purchased":["Omniscience","Block Potion","Energy Potion","Madness","Whetstone","Membership Card","Incense Burner","CultistPotion","EntropicBrew","DuplicationPotion","Kunai","Alpha","HandDrill","LiquidBronze"],"campfire_rested":0,"item_purchase_floors":[11,11,11,21,29,39,39,39,39,39,44,44,44,44],"current_hp_per_floor":[61,61,61,61,60,40,40,18,18,11,11,3,3,3,3,57,83,83,33,33,33,33,33,29,29,29,49,49,64,64,64,64,50,82,71,71,65,56,71,71,70,70,70,85,85,85,85,76,76,42,0,0],"gold":470,"neow_bonus":"RANDOM_COMMON_RELIC","is_daily":false,"chose_seed":false,"campfire_upgraded":12,"win_rate":0.0,"timestamp":1611397305,"path_taken":["M","?","M","?","M","E","R","E","T","?","$","M","R","M","R","BOSS","M","?","?","?","?","R","?","R","T","E","R","$","R","E","R","BOSS","M","?","?","M","$","R","M","R","T","$","R","?","R","E","R","BOSS","BOSS"],"items_purchased_type":["Card","Potion","Potion","Card","Relic","Relic","Relic","Potion","Potion","Potion","Relic","Card","Relic","Potion"],"build_version":"2020-12-22","purchased_purges":2,"victory":false,"max_hp_per_floor":[68,68,68,68,68,78,78,92,92,92,92,92,92,92,92,92,92,92,92,92,92,92,92,92,92,92,92,92,92,92,92,92,92,92,97,97,97,97,97,97,97,97,97,97,97,97,97,97,97,97,97,97],"relic_stats":{"counters":[23,92],"Mummified Hand":[29],"Ornamental Fan":[104],"MealTicket":45,"HandDrill":[10],"Whetstone":["FearNoEvil","FlurryOfBlows"],"Kunai":[8],"Chemical X":[3],"Cursed Key":1,"obtain_stats":[{"Potion Belt":0,"Pear":6,"Damaru":31,"Mango":8,"Omamori":22,"Incense Burner":39,"Whetstone":29,"Cursed Key":34,"Old Coin":48,"Mummified Hand":9,"Ornamental Fan":27,"MealTicket":22,"WingedGreaves":25,"Coffee Dripper":17,"Red Mask":19,"HandDrill":44,"Membership Card":39,"Kunai":44,"Chemical X":44,"PureWater":0},{"Potion Belt":0,"Pear":5,"Damaru":15,"Mango":6,"Omamori":12,"Incense Burner":19,"Whetstone":14,"Cursed Key":16,"Old Coin":21,"Mummified Hand":6,"Ornamental Fan":14,"MealTicket":12,"WingedGreaves":13,"Coffee Dripper":10,"Red Mask":12,"HandDrill":20,"Membership Card":19,"Kunai":20,"Chemical X":20,"PureWater":0},{"Potion Belt":0,"Pear":20,"Damaru":54,"Mango":24,"Omamori":44,"Incense Burner":73,"Whetstone":51,"Cursed Key":60,"Old Coin":81,"Mummified Hand":24,"Ornamental Fan":51,"MealTicket":44,"WingedGreaves":46,"Coffee Dripper":37,"Red Mask":44,"HandDrill":77,"Membership Card":73,"Kunai":77,"Chemical X":77,"PureWater":0}]},"card_choices":[{"not_picked":["Protect","Crescendo","BowlingBash"],"picked":"SKIP","floor":1},{"not_picked":["EmptyBody","Halt"],"picked":"EmptyFist","floor":3},{"not_picked":["FlurryOfBlows","Adaptation"],"picked":"EmptyMind","floor":4},{"not_picked":["Crescendo","Weave"],"picked":"FearNoEvil","floor":5},{"not_picked":["EmptyBody","Conclude"],"picked":"Wish","floor":6},{"not_picked":["EmptyBody","Crescendo","BowlingBash"],"picked":"SKIP","floor":8},{"not_picked":["Prostrate","EmptyBody"],"picked":"PathToVictory","floor":10},{"not_picked":["FlurryOfBlows","Worship","ForeignInfluence"],"picked":"SKIP","floor":12},{"not_picked":["Worship","ForeignInfluence"],"picked":"FlurryOfBlows","floor":12},{"not_picked":["Swivel","Protect"],"picked":"Evaluate","floor":14},{"not_picked":["LessonLearned","Vault"],"picked":"Wish","floor":16},{"not_picked":["FollowUp","BowlingBash","EmptyBody"],"picked":"SKIP","floor":18},{"not_picked":["FlyingSleeves","EmptyFist"],"picked":"WindmillStrike+1","floor":19},{"not_picked":["BowlingBash","FlyingSleeves","Wallop"],"picked":"SKIP","floor":24},{"not_picked":["Halt","CrushJoints"],"picked":"MasterReality","floor":27},{"not_picked":["Wireheading","FlurryOfBlows","DeceiveReality"],"picked":"SKIP","floor":31},{"not_picked":["Wireheading","FlurryOfBlows"],"picked":"DeceiveReality","floor":31},{"not_picked":["Ragnarok","MasterReality"],"picked":"Devotion","floor":33},{"not_picked":["Halt","Protect+1","EmptyFist"],"picked":"SKIP","floor":35},{"not_picked":["Dramatic Entrance","PanicButton"],"picked":"Master of Strategy","floor":36},{"not_picked":["Evaluate","ClearTheMind"],"picked":"Collect","floor":38},{"not_picked":["FlurryOfBlows","Nirvana+1","FearNoEvil"],"picked":"SKIP","floor":41},{"not_picked":["Meditate","DeusExMachina","SashWhip"],"picked":"SKIP","floor":48}],"player_experience":641517,"relics_obtained":[{"floor":6,"key":"Pear"},{"floor":8,"key":"Mango"},{"floor":9,"key":"Mummified Hand"},{"floor":19,"key":"Red Mask"},{"floor":27,"key":"Ornamental Fan"},{"floor":31,"key":"Damaru"},{"floor":48,"key":"Old Coin"}],"event_choices":[{"cards_removed":["Defend_P"],"damage_healed":0,"gold_gain":0,"player_choice":"Purged","damage_taken":0,"max_hp_gain":0,"max_hp_loss":0,"event_name":"Purifier","floor":2,"gold_loss":0},{"damage_healed":0,"gold_gain":0,"player_choice":"Fought Bandits","damage_taken":0,"max_hp_gain":0,"max_hp_loss":0,"event_name":"Masked Bandits","floor":19,"gold_loss":0},{"cards_removed":["Strike_P"],"damage_healed":0,"gold_gain":0,"player_choice":"Elegance","damage_taken":0,"max_hp_gain":0,"max_hp_loss":0,"event_name":"Back to Basics","floor":20,"gold_loss":0},{"damage_healed":0,"gold_gain":0,"player_choice":"Opened","damage_taken":0,"relics_obtained":["MealTicket"],"max_hp_gain":0,"max_hp_loss":0,"event_name":"The Mausoleum","floor":22,"gold_loss":0,"cards_obtained":["Writhe"]},{"damage_healed":0,"gold_gain":0,"player_choice":"Memory 1","damage_taken":0,"max_hp_gain":0,"max_hp_loss":0,"event_name":"SensoryStone","floor":36,"gold_loss":0},{"damage_healed":0,"gold_gain":0,"player_choice":"Fight","damage_taken":0,"max_hp_gain":0,"max_hp_loss":0,"event_name":"Mysterious Sphere","floor":37,"gold_loss":0},{"cards_removed":["Eruption"],"damage_healed":0,"gold_gain":0,"player_choice":"Removed Attack","damage_taken":0,"max_hp_gain":0,"max_hp_loss":0,"event_name":"Falling","floor":46,"gold_loss":0}],"is_beta":false,"boss_relics":[{"not_picked":["Black Star","Fusion Hammer","Philosopher\u0027s Stone"]},{"not_picked":["Coffee Dripper","Velvet Choker"],"picked":"Cursed Key"}],"items_purged_floors":[21,29],"is_endless":false,"potions_floor_spawned":[4,8,10,14,16,18,27,31,35],"killed_by":"Time Eater","ascension_level":20}}