{"host":"clf2hd4adhiiw0zf","time":1611397538,"event":{"mods":["AchievementEnabler","BaseMod","Beaked The Cultist","Bestiary","Dark Map","Downfall","Gremlin Mod","Hermit","Jorbs\u0027s Wanderer Trilogy","Marisa????????","Minty Spire (QoL Compilation)","Shop Mod","StSLib","The Cursed","The Servant 0.9.4","UnlockEverythingMod"],"gold_per_floor":[99,99,99,99,199,212,212,275,175,209,434,484,284,300,320,425,425,425,435,485,503,523,556,556,618,618,668,703,1153,1203,1228,1228,1228,1228],"floor_reached":32,"language":"ENG","playtime":1447,"items_purged":[],"score":361,"play_id":"b5721f53-0d23-429e-a9f0-971f8a3ccf34","local_time":"20210123032538","is_ascension_mode":true,"campfire_choices":[{"floor":1.0,"key":"RECALL"},{"data":"Slimebound:Grow","floor":9.0,"key":"SMITH"},{"data":"Slimebound:GoopTackle","floor":13.0,"key":"SMITH"},{"data":"Slimebound:DuplicatedForm","floor":18.0,"key":"SMITH"},{"floor":26.0,"key":"REST"}],"circlet_count":0,"master_deck":["Slimebound:Tackle","Slimebound:Split","Slimebound:CorrosiveSpit","Slimebound:Replication","Slimebound:Grow+1","Slimebound:SlimeSpikes","Slimebound:LeechEnergy","Slimebound:ForwardTackle","Slimebound:GoopTackle+1","Doubt","Slimebound:HauntingLick","Slimebound:ComboTackle","Slimebound:DuplicatedForm+1","Slimebound:SlimeSpikes","Slimebound:TongueLash","Slimebound:ServeAndProtect+1","Slimebound:FinishingTackle","Slimebound:Equalize","Slimebound:Schlurp","Slimebound:Chomp","Slimebound:CheckThePlaybook+1","downfall:Icky","Slimebound:Recollect+1"],"relics":["Slimebound:AbsorbEndCombat","downfall:HeartsMalice","downfall:CloakOfManyFaces","CultistMask","FaceOfCleric","NlothsMask","GremlinMask","SsserpentHead","downfall:HeartBlessingRed","InkBottle","downfall:HeartBlessingGreen","downfall:HeartBlessingBlue","Pandora\u0027s Box","Shovel","Nunchaku","White Beast Statue","Old Coin","Bottled Lightning","War Paint"],"acts_visited":["Exordium","TheCity"],"potions_floor_usage":[32],"damage_taken":[{"damage":0.0,"enemies":"Jaw Worm","floor":2.0,"turns":1.0},{"damage":0.0,"enemies":"Small Slimes","floor":3.0,"turns":1.0},{"damage":0.0,"enemies":"downfall:FaceTrader","floor":5.0,"turns":1.0},{"damage":3.0,"enemies":"Cultist","floor":6.0,"turns":5.0},{"damage":3.0,"enemies":"Large Slime","floor":8.0,"turns":5.0},{"damage":22.0,"enemies":"Lagavulin","floor":10.0,"turns":8.0},{"damage":9.0,"enemies":"Exordium Wildlife","floor":14.0,"turns":3.0},{"damage":4.0,"enemies":"Lots of Slimes","floor":15.0,"turns":4.0},{"damage":57.0,"enemies":"DF_ARCHETYPE_STREAMLINE","floor":16.0,"turns":7.0},{"damage":11.0,"enemies":"3 Byrds","floor":19.0,"turns":3.0},{"damage":41.0,"enemies":"Spheric Guardian","floor":21.0,"turns":4.0},{"damage":35.0,"enemies":"Chosen and Byrds","floor":22.0,"turns":5.0},{"damage":60.0,"enemies":"Slavers","floor":23.0,"turns":7.0},{"damage":21.0,"enemies":"Snake Plant","floor":25.0,"turns":4.0},{"damage":40.0,"enemies":"Book of Stabbing","floor":28.0,"turns":5.0},{"damage":30.0,"enemies":"WA_ARCHETYPE_RETAIN","floor":29.0,"turns":6.0},{"damage":47.0,"enemies":"Gremlin Leader","floor":31.0,"turns":7.0},{"damage":35,"enemies":"Shelled Parasite and Fungi","floor":32,"turns":4}],"seed_played":"-7099011802782801739","potions_obtained":[{"floor":6.0,"key":"Weak Potion"},{"floor":8.0,"key":"Block Potion"},{"floor":14.0,"key":"hexamod:SoulburnPotion"},{"floor":20.0,"key":"downfall:CursedFountainPotion"},{"floor":22.0,"key":"FairyPotion"},{"floor":23.0,"key":"Slimebound:SpawnSlimePotion"},{"floor":28.0,"key":"Block Potion"},{"floor":29.0,"key":"SpeedPotion"},{"floor":31.0,"key":"LiquidMemories"}],"is_trial":false,"path_per_floor":["R","M","M","?","?","M","T","M","R","E","?","T","R","M","M","B",null,"R","M","?","M","M","E","T","M","R","?","E","?","?","E","M"],"character_chosen":"SLIMEBOUND","items_purchased":[],"campfire_rested":1,"item_purchase_floors":[],"current_hp_per_floor":[65,65,65,65,65,65,65,66,66,49,49,49,59,53,52,4,81,81,73,73,62,40,31,31,23,48,48,17,19,48,25,0,0,0],"gold":1228,"neow_bonus":"THREE_ENEMY_KILL","is_daily":false,"chose_seed":false,"campfire_upgraded":3,"win_rate":0.0,"timestamp":1611397538,"path_taken":["R","M","M","?","?","M","T","?","R","E","?","?","R","M","M","BOSS","R","M","?","M","M","E","T","?","R","?","E","?","?","E","M"],"items_purchased_type":[],"build_version":"2020-12-22","purchased_purges":0,"victory":false,"max_hp_per_floor":[65,65,65,65,65,66,66,67,67,68,68,68,78,79,80,81,81,81,82,82,83,84,85,85,86,86,86,87,88,88,89,89,89,89],"card_choices":[{"not_picked":["Slimebound:SplitBruiser","Slimebound:SlimeTap"],"picked":"Slimebound:Replication","floor":2.0},{"not_picked":["Slimebound:FinishingTackle","Slimebound:SplitAcid"],"picked":"Slimebound:Grow","floor":3.0},{"not_picked":["Slimebound:HauntingLick","Slimebound:SlimeBarrage"],"picked":"Slimebound:SlimeSpikes","floor":5.0},{"not_picked":["Slimebound:DivideAndConquer","Slimebound:SlimeTap"],"picked":"Slimebound:LeechEnergy","floor":6.0},{"not_picked":["Slimebound:SamplingLick","Slimebound:ItLooksTasty"],"picked":"Slimebound:ForwardTackle","floor":8.0},{"not_picked":["Slimebound:LivingWall","Slimebound:PressTheAttack"],"picked":"Slimebound:GoopTackle","floor":10.0},{"not_picked":["Slimebound:LeadByExample","Slimebound:TongueLash"],"picked":"Slimebound:HauntingLick","floor":14.0},{"not_picked":["Slimebound:HauntingLick","Slimebound:SplitMire"],"picked":"Slimebound:ComboTackle","floor":15.0},{"not_picked":["Slimebound:MassRepurpose","Slimebound:SelfFormingGoo"],"picked":"Slimebound:DuplicatedForm","floor":16.0},{"not_picked":["Slimebound:SplitSpecialist","Slimebound:Gluttony+1","Slimebound:SplitBruiser"],"picked":"SKIP","floor":19.0},{"not_picked":["Slimebound:SlimeBarrage+1","Slimebound:LeechEnergy+1","Slimebound:LivingWall"],"picked":"SKIP","floor":21.0},{"not_picked":["Slimebound:LeechingTouch","Slimebound:LeechEnergy+1","Slimebound:SamplingLick"],"picked":"SKIP","floor":22.0},{"not_picked":["Slimebound:AcidTongue","Slimebound:SlimeTap+1","Slimebound:ComboTackle+1"],"picked":"SKIP","floor":23.0},{"not_picked":["Slimebound:Schlurp","Slimebound:SplitSpecialist"],"picked":"Slimebound:Chomp","floor":25.0},{"not_picked":["Slimebound:RejuvenatingLick+1","Slimebound:FinishingTackle","Slimebound:MinionMaster"],"picked":"SKIP","floor":28.0},{"not_picked":["Slimebound:SplitMire","Slimebound:LeechingTouch"],"picked":"Slimebound:Recollect+1","floor":29.0},{"not_picked":["Slimebound:SplitBruiser","Slimebound:SplitAcid","Slimebound:ForwardTackle"],"picked":"SKIP","floor":31.0}],"player_experience":93577,"relics_obtained":[{"floor":5.0,"key":"downfall:CloakOfManyFaces"},{"floor":10.0,"key":"InkBottle"},{"floor":23.0,"key":"Shovel"},{"floor":24.0,"key":"Nunchaku"},{"floor":28.0,"key":"White Beast Statue"},{"floor":29.0,"key":"Old Coin"},{"floor":29.0,"key":"Bottled Lightning"},{"floor":31.0,"key":"War Paint"}],"event_choices":[{"damage_healed":29.0,"max_hp_gain":0.0,"max_hp_loss":0.0,"gold_gain":0.0,"event_name":"The Library","player_choice":"Heal","floor":30.0,"gold_loss":0.0,"damage_taken":0.0}],"is_beta":false,"boss_relics":[{"not_picked":["beaked:MawFillet","Astrolabe"],"picked":"Pandora\u0027s Box"}],"items_purged_floors":[],"is_endless":false,"potions_floor_spawned":[6,8,14,22,23,28,29,31],"killed_by":"Shelled Parasite and Fungi","ascension_level":1}}