{"host":"awrw1gk2acwismlg","time":1611443778,"event":{"mods":["100% Spire Juice","ATMod(°¢èªMod)","BaseMod","Bestiary","Challenge The Spire","Hero for Fun","KinomotoSakuraMod(Ä¾Ö®±¾Ó£)","Marisa£¨ìFÓê¡¡Ä§ÀíÉ³£©","Minty Spire (QoL Compilation)","Remilia_Scarlet Moed£¨ÀÙÃ×ÀòÑÇ¡¤Ë¹¿¨À×ÌØ£©3.3.5","Remilia£¨ÀÙÃ×ÀòÑÇ£©","Robot Space Explorer","Small Relic Pack","Spicy Shops","StSLib","The Dragon Tamer","Wide Potions","Yakumo Yukari mod","Youmu£¨»êÆÇÑýÃÎ£©","¡¾ÒÅÎï¿¨ÅÆ¡¿REMEMod","óô»ðÖ¸ÄÏ"],"gold_per_floor":[117,117,292,143,143,169,62,113,113,130,130,148,166,166,166,268,268,287,302,312,323,342,194,207,207,207,219,94,94,94,122,122,225,225,245,245,245],"floor_reached":36,"language":"ZHS","playtime":2796,"items_purged":["Doubt","ClowCardTheShield","ClowCardTheSword"],"score":444,"play_id":"3a29f0a4-9628-4d9b-b7c1-49387708fe74","local_time":"20210124071618","is_ascension_mode":false,"campfire_choices":[{"data":"ClowCardTheBig","floor":11.0,"key":"SMITH"},{"data":"SpellCardSeal","floor":15.0,"key":"SMITH"},{"data":"ClowCardTheArrow","floor":25,"key":"SMITH"},{"floor":32,"key":"REST"}],"circlet_count":0,"master_deck":["SakuraCardTheArrow+","SakuraCardTheFirey+","ClowCardTheSword","ClowCardTheShield","ClowCardTheShield+1","SpellCardRelease","Jack Of All Trades","AT_FamilyPortrait+1","ClowCardTheBig+1","ClowCardTheShot","ClowCardTheBig","ClowCardTheTwin","ClowCardTheLibra","ClowCardTheGlow","ClowCardTheFirey","relicPack:TruthCard","Tools of the Trade","ScarletMeister","IrresoluteSoul","ClowCardTheShot","ClowCardTheLight","ClowCardTheErase"],"relics":["KSMOD_SealedBook","KSMOD_StarWand","AT_ATBox","REME_ComplimentaryCards","NeowsBlessing","AT_DeathDance","Thread and Needle","Bird Faced Urn","White Beast Statue","Sozu","Shuriken","relicPack:EdsArm","Regal Pillow"],"acts_visited":["Exordium","TheCity","TheBeyond"],"potions_floor_usage":[24],"damage_taken":[{"damage":0.0,"enemies":"2 Louse","floor":1.0,"turns":1.0},{"damage":0.0,"enemies":"Lagavulin","floor":6.0,"turns":1.0},{"damage":0.0,"enemies":"3 Sentries","floor":8.0,"turns":2.0},{"damage":0.0,"enemies":"Jaw Worm","floor":10.0,"turns":3.0},{"damage":2.0,"enemies":"Small Slimes","floor":12.0,"turns":3.0},{"damage":0.0,"enemies":"3 Louse","floor":13.0,"turns":3.0},{"damage":16.0,"enemies":"Hexaghost","floor":16.0,"turns":7.0},{"damage":0.0,"enemies":"Chosen","floor":18.0,"turns":4.0},{"damage":0.0,"enemies":"Spheric Guardian","floor":19.0,"turns":4.0},{"damage":21.0,"enemies":"Centurion and Healer","floor":20.0,"turns":4.0},{"damage":38.0,"enemies":"Cultist and Chosen","floor":21.0,"turns":5.0},{"damage":0.0,"enemies":"Sentry and Sphere","floor":22.0,"turns":3.0},{"damage":0,"enemies":"3 Cultists","floor":24,"turns":1},{"damage":0,"enemies":"Centurion and Healer","floor":27,"turns":4},{"damage":23,"enemies":"Gremlin Leader","floor":31,"turns":4},{"damage":71,"enemies":"Collector","floor":33,"turns":7},{"damage":0,"enemies":"Orb Walker","floor":35,"turns":1},{"damage":87,"enemies":"2 Orb Walkers","floor":36,"turns":4}],"seed_played":"-2436999501508990447","potions_obtained":[{"floor":1.0,"key":"FearPotion"},{"floor":8.0,"key":"ColorlessPotion"},{"floor":13.0,"key":"Energy Potion"},{"floor":16.0,"key":"SteroidPotion"}],"is_trial":false,"path_per_floor":["M","?","?","$","?","E","$","E","T","M","R","M","M","?","R","B",null,"M","M","M","M","M","R","M","R","T","M","$","?","?","E","R","B",null,"M","?"],"character_chosen":"KINOMOTOSAKURA","items_purchased":["ClowCardTheTime","ClowCardTheFirey","ClowCardTheBig","ClowCardTheArrow"],"campfire_rested":1,"item_purchase_floors":[4,7,7,23],"current_hp_per_floor":[70,56,56,56,49,49,49,49,49,53,53,55,57,57,57,47,70,70,70,53,27,31,31,31,31,31,47,47,47,42,31,67,5,70,70,0,0],"gold":245,"neow_bonus":"THREE_ENEMY_KILL","is_daily":false,"chose_seed":false,"campfire_upgraded":3,"win_rate":0.0,"timestamp":1611443778,"path_taken":["M","?","?","$","?","E","?","E","T","M","R","?","M","?","R","BOSS","M","M","M","M","M","R","M","R","T","M","$","?","?","E","R","BOSS","M","?"],"items_purchased_type":["Card","Card","Card","Card"],"build_version":"2020-12-22","purchased_purges":3,"victory":false,"max_hp_per_floor":[70,70,70,70,70,70,70,70,70,70,70,70,70,70,70,70,70,70,70,70,70,70,70,70,70,70,70,70,65,70,70,70,70,70,70,70,70],"card_choices":[{"not_picked":["ClowCardTheCloud","ClowCardTheSweet"],"picked":"ClowCardTheBig","floor":1.0},{"not_picked":["ClowCardTheSnow","ClowCardTheSand"],"picked":"ClowCardTheShot","floor":6.0},{"not_picked":["ClowCardTheSnow","ClowCardTheFly","ClowCardTheWave"],"picked":"SKIP","floor":8.0},{"not_picked":["ClowCardTheFlower","ClowCardTheMaze","ClowCardTheMist"],"picked":"SKIP","floor":10.0},{"not_picked":["ClowCardTheWave","ClowCardTheLoop","ClowCardTheVoice"],"picked":"SKIP","floor":12.0},{"not_picked":["ClowCardTheLittle","ClowCardTheSong","ClowCardTheSnow"],"picked":"SKIP","floor":13.0},{"not_picked":["ClowCardTheDash","ClowCardTheThrough"],"picked":"ClowCardTheTwin","floor":16.0},{"not_picked":["ClowCardTheSand","ClowCardTheMist","ClowCardTheFly"],"picked":"SKIP","floor":18.0},{"not_picked":["ClowCardTheMaze","ClowCardTheSong+1","ClowCardTheSand+1"],"picked":"SKIP","floor":19.0},{"not_picked":["ClowCardTheLock","ClowCardTheRain"],"picked":"ClowCardTheLibra","floor":20.0},{"not_picked":["ClowCardTheBig+1","ClowCardTheTwin"],"picked":"ClowCardTheGlow","floor":21.0},{"not_picked":["ClowCardTheRain","ClowCardTheCloud"],"picked":"ClowCardTheErase","floor":22.0},{"not_picked":["ClowCardTheFloat","ClowCardTheShadow+1"],"picked":"ClowCardTheFirey","floor":24},{"not_picked":["ClowCardTheChange","ClowCardTheFly","ClowCardTheRain"],"picked":"SKIP","floor":27},{"not_picked":["ClowCardTheLoop","ClowCardTheWatery+1"],"picked":"ClowCardTheShot","floor":31},{"not_picked":["ClowCardTheDark","ClowCardTheReturn"],"picked":"ClowCardTheLight","floor":33},{"not_picked":["ClowCardTheDream+1","ClowCardTheWave"],"picked":"ClowCardTheErase","floor":35}],"player_experience":35080,"relics_obtained":[{"floor":6.0,"key":"Thread and Needle"},{"floor":8.0,"key":"Bird Faced Urn"},{"floor":9.0,"key":"White Beast Statue"},{"floor":26,"key":"Shuriken"},{"floor":31,"key":"Regal Pillow"}],"event_choices":[{"damage_healed":0.0,"max_hp_gain":0.0,"max_hp_loss":0.0,"gold_gain":0.0,"event_name":"Shining Light","player_choice":"Entered Light","floor":2.0,"gold_loss":0.0,"damage_taken":14.0,"cards_upgraded":["ClowCardTheShield","AT_FamilyPortrait"]},{"damage_healed":0.0,"max_hp_gain":0.0,"max_hp_loss":0.0,"gold_gain":175.0,"event_name":"Liars Game","player_choice":"AGREE","floor":3.0,"gold_loss":0.0,"damage_taken":0.0,"cards_obtained":["Doubt"]},{"damage_healed":0.0,"max_hp_gain":0.0,"max_hp_loss":0.0,"gold_gain":0.0,"event_name":"Scrap Ooze","player_choice":"Success","floor":5.0,"gold_loss":0.0,"damage_taken":7.0,"relics_obtained":["AT_DeathDance"]},{"damage_healed":0,"gold_gain":0,"player_choice":"Shed Blood","damage_taken":16,"max_hp_gain":5,"max_hp_loss":0,"event_name":"Forgotten Altar","floor":30,"gold_loss":0},{"damage_healed":0,"gold_gain":0,"player_choice":"Fight","damage_taken":0,"max_hp_gain":0,"max_hp_loss":0,"event_name":"Mysterious Sphere","floor":36,"gold_loss":0}],"is_beta":false,"boss_relics":[{"not_picked":["SlaversCollar","AT_TrinityForce"],"picked":"Sozu"},{"not_picked":["Empty Cage","REME_ChargedStone"],"picked":"KSMOD_StarWand"}],"items_purged_floors":[4,23,28],"is_endless":false,"potions_floor_spawned":[1,8,10,12,13,16,18,19,20,21,22,24,27,31,33,35],"killed_by":"2 Orb Walkers","ascension_level":0}}