{"host":"709e3hc8hvltf42g","time":1611378384,"event":{"mods":["100% Spire Juice","ATMod(°¢èªMod)","Act Like it!","Arknights The Spire","Aspiration","BaseMod","CapriCore","Conspire","Downfall","Gensokyo","GungeonMod","Hallownest","Hermit","Lobotomy","LobotomyExtend","Minty Spire (QoL Compilation)","MostiFishMod","Remilia£¨ÀÙÃ×ÀòÑÇ£©","StSLib","The Alterego","The Blackbeard","The Bug Knight","The Cursed","The Immortal","The Marked","Waifu the Spire","Yakumo Yukari mod","[GremlinLeader]The Maniac","[IsaacMod]ÒÔÈö¼âËþ","vexMod","¡¾ÒÅÎï¿¨ÅÆ¡¿REMEMod"],"gold_per_floor":[110,123,135,135,166,196,210,135,135,151,151,165,165,192,192,291,291,305,323,340,378,378,378,406,422,504,538,554,554,554,514,514,619,619,630,630,540,540,559,594,612,626,626,660,560,571,584,157,157,157,157,157,157,7,40,40],"floor_reached":57,"language":"ZHS","playtime":2657,"items_purged":["conspire:DoublingDagger","ats:Strike V","ats:Strike S","Bouncing Flask+1"],"score":1649,"play_id":"d40012f7-b02e-47d5-8381-dce3037d0324","local_time":"20210123130624","is_ascension_mode":false,"campfire_choices":[{"data":"ats:Composite Medical Shells","floor":11,"key":"SMITH"},{"data":"ats:Serious Mode","floor":13,"key":"SMITH"},{"data":"ats:Healing Strengthening","floor":15,"key":"SMITH"},{"data":"ats:Dogmatic Field","floor":23,"key":"SMITH"},{"data":"ats:Blood Oath","floor":29,"key":"SMITH"},{"data":"ats:Apocalypse","floor":32,"key":"SMITH"},{"floor":49,"key":"RECALL"},{"data":"ats:Defend","floor":53,"key":"SMITH"}],"circlet_count":0,"master_deck":["ats:Armor Crushing Shot+1","ats:Defend+1","ats:Defend+1","ats:Emotion Absorption+1","ats:Apocalypse+1","ats:Serious Mode+1","ats:Blood Oath+1","Quick Slash+1","ats:Composite Medical Shells+1","ats:Part Time Job+1","ats:Healing Strengthening+1","ats:Dogmatic Field+1","ats:Closed Bolt Burst Fire+1","ats:Soul Absorption+1","ats:Rat Pack+1","Gensokyo:CustomPotion","ats:Counter Healing Mode+1","ats:Sashimi Platter+1","ats:Sashimi Platter+1"],"relics":["HushsDoor","AT_ATBox","REME_ComplimentaryCards","DaveBox","MagicMushroom","NineVolt","DianPoetry","SynthV:TestCard","ats:Originium","TuHaoJin","DemoMod:LamentConfigurum","GuppysHead","AnarchistCookbook","DemoMod:DecoyRelic","aspiration:FrozenJewel","RhineCircuit","Matryoshka","BookofShadows","PokeGo","AT_ForceNature","Boot","vexMod:ImprovementManual","Bag of Marbles","DemoMod:GundromedaStrain","HowToJump","Ancient Tea Set","Civilization","AT_BellDemon","Leech"],"acts_visited":["Gensokyo:Gensokyo","Gensokyo:Gensokyoer","Gensokyo:Gensokyoest","TheEnding"],"potions_floor_usage":[56,56],"damage_taken":[{"damage":0,"enemies":"Gensokyo:Gryphon","floor":1,"turns":3},{"damage":0,"enemies":"Gensokyo:2_Kodama","floor":2,"turns":2},{"damage":0,"enemies":"Gensokyo:Python","floor":3,"turns":3},{"damage":11,"enemies":"Gensokyo:Aya","floor":5,"turns":3},{"damage":19,"enemies":"Gensokyo:Cirno","floor":6,"turns":6},{"damage":15,"enemies":"Gensokyo:VengefulSpirit","floor":7,"turns":3},{"damage":23,"enemies":"Gensokyo:Python_and_Kodama","floor":10,"turns":3},{"damage":8,"enemies":"Gensokyo:2_Rabbits","floor":12,"turns":2},{"damage":25,"enemies":"Gensokyo:Aya","floor":14,"turns":3},{"damage":27,"enemies":"Gensokyo:Yukari","floor":16,"turns":6},{"damage":1,"enemies":"Gensokyo:2_Gloops","floor":18,"turns":3},{"damage":0,"enemies":"Gensokyo:Chomper","floor":19,"turns":3},{"damage":56,"enemies":"Gensokyo:Slime_Group","floor":20,"turns":3},{"damage":21,"enemies":"Gensokyo:Wraith","floor":21,"turns":3},{"damage":15,"enemies":"Gensokyo:Tenshi","floor":24,"turns":2},{"damage":44,"enemies":"Gensokyo:Wraith","floor":25,"turns":3},{"damage":21,"enemies":"Gensokyo:Koishi","floor":27,"turns":4},{"damage":18,"enemies":"Gensokyo:Swordslinger","floor":28,"turns":2},{"damage":82,"enemies":"Gensokyo:Kaguya","floor":33,"turns":5},{"damage":7,"enemies":"Gensokyo:3_Bats","floor":35,"turns":3},{"damage":0,"enemies":"Gensokyo:3_Boulders","floor":39,"turns":3},{"damage":10,"enemies":"Gensokyo:Kasen","floor":40,"turns":4},{"damage":0,"enemies":"Gensokyo:AtlasGolem","floor":41,"turns":3},{"damage":13,"enemies":"Gensokyo:Sharpion","floor":42,"turns":3},{"damage":19,"enemies":"Gensokyo:Marisa","floor":44,"turns":3},{"damage":8,"enemies":"Gensokyo:Rafflesia","floor":46,"turns":4},{"damage":0,"enemies":"Gensokyo:SeedOfUnknown","floor":47,"turns":3},{"damage":0,"enemies":"Gensokyo:Scarlet_Devils","floor":50,"turns":5},{"damage":0,"enemies":"Shield and Spear","floor":55,"turns":2},{"damage":49,"enemies":"The Heart","floor":56,"turns":4}],"seed_played":"-6286821866252254508","potions_obtained":[{"floor":2,"key":"SmokeBomb"},{"floor":5,"key":"Ancient Potion"},{"floor":6,"key":"BlessingOfTheForge"}],"is_trial":false,"path_per_floor":["M","M","M","?","?","E","M","$","T","M","R","M","R","E","R","B",null,"M","M","M","?","?","R","E","M","T","E","M","R","?","?","R","B",null,"M","?","?","?","M","E","M","M","T","E","$","M","M","$","R","B",null,null,"R","$","E","B",null],"character_chosen":"DOCTOR_CLASS","items_purchased":["Civilization","AT_BellDemon"],"campfire_rested":0,"item_purchase_floors":[48,48],"current_hp_per_floor":[79,79,79,79,68,71,70,70,70,57,57,66,66,61,61,69,79,79,79,40,50,50,50,79,49,49,50,33,33,33,33,33,44,79,79,79,79,79,79,79,79,70,70,79,79,79,79,79,79,80,80,80,80,80,85,90],"gold":40,"neow_bonus":"BOSS_RELIC","is_daily":false,"chose_seed":false,"campfire_upgraded":7,"win_rate":0.0,"timestamp":1611378384,"path_taken":["M","M","?","?","?","E","M","$","T","M","R","M","R","E","R","BOSS","M","?","M","?","?","R","E","M","T","E","?","R","?","?","R","BOSS","M","?","?","?","?","E","M","M","T","E","$","?","M","$","R","BOSS","R","$","E","BOSS"],"items_purchased_type":["Relic","Relic"],"build_version":"2020-12-22","purchased_purges":4,"victory":true,"max_hp_per_floor":[79,79,79,79,79,79,79,79,79,79,79,79,79,79,79,79,79,79,79,79,79,79,79,79,79,79,79,79,79,79,79,79,79,79,79,79,79,79,79,79,79,79,79,79,79,79,79,79,79,80,80,80,80,80,85,90],"card_choices":[{"not_picked":["ats:Revitalization","ats:Roar Of Ursus"],"picked":"ats:Apocalypse","floor":1},{"not_picked":["ats:Flexible Camouflage","ats:Explosion Area Strengthen","ats:Song Of Battle","ats:Apocalypse"],"picked":"ats:Serious Mode","floor":2},{"not_picked":["ats:Hammer On","ats:Flame Of Heaven","ats:Poison Spread","ats:Burning Ground"],"picked":"ats:Blood Oath","floor":3},{"not_picked":["ats:Shell Defense","ats:Sashimi Platter","ats:Leaping Hammer","ats:Blood Oath"],"picked":"ats:Composite Medical Shells","floor":5},{"not_picked":["ats:Support Order","ats:Explosion Area Strengthen","ats:Healing Drone","ats:Hammer On"],"picked":"ats:Part Time Job","floor":6},{"not_picked":["ats:Assault Order","ats:Mental Burst","ats:Flexible Camouflage","ats:Magnetic Hammer","ats:Wolf Pack"],"picked":"SKIP","floor":7},{"not_picked":["ats:Closed Bolt Burst Fire","ats:Ignite","ats:Phantom","ats:Assault Order"],"picked":"ats:Healing Strengthening","floor":10},{"not_picked":["ats:Cat Scratch","ats:Ignite","ats:Leaping Hammer","ats:Poison Spread","ats:Curse Doll"],"picked":"SKIP","floor":12},{"not_picked":["ats:Very Hot Blade","ats:Apocalypse","ats:Wolf Pack","ats:Beaten Up","ats:Ignite"],"picked":"SKIP","floor":14},{"not_picked":["ats:Echo Reverb","ats:Volcano","ats:Disruption Kick","ats:Rat Pack"],"picked":"ats:Dogmatic Field","floor":16},{"not_picked":["ats:Encircling Forest","ats:Curse Doll+1","ats:Support Order","ats:Leaping Hammer"],"picked":"ats:Closed Bolt Burst Fire+1","floor":18},{"not_picked":["ats:Flame Of Heaven","ats:Flexible Camouflage+1","ats:Shadow Assault","ats:Curse Doll","ats:Powerful Strike+1"],"picked":"SKIP","floor":19},{"not_picked":["ats:Closed Bolt Burst Fire+1","ats:Powerful Strike","ats:Red Shift+1","ats:Healing Strengthening","ats:Flexible Camouflage+1"],"picked":"SKIP","floor":20},{"not_picked":["ats:Shell Defense","ats:Explosion Area Strengthen","ats:Hook Shot+1","ats:Shadow Raid"],"picked":"ats:Soul Absorption+1","floor":21},{"not_picked":["ats:Cat Scratch","ats:Hammer On","ats:Thorns","ats:Guardian Obelisk","ats:Shadow Raid"],"picked":"SKIP","floor":24},{"not_picked":["ats:Hammer On","ats:Defend Order","ats:Revitalization","ats:Ambush","ats:Directed Diagnosis"],"picked":"SKIP","floor":25},{"not_picked":["ats:Beaten Up+1","ats:Blood Oath","ats:Sunburst","ats:Directed Diagnosis","ats:Sword Rain"],"picked":"SKIP","floor":27},{"not_picked":["ats:Demon Strength","ats:Childhood Dance","ats:Blood Oath","ats:Closed Bolt Burst Fire+1","ats:Very Hot Blade+1"],"picked":"SKIP","floor":28},{"not_picked":["ats:Roar Of Ursus","ats:Dogmatic Field","ats:Durian","ats:Calcification"],"picked":"ats:Rat Pack","floor":33},{"not_picked":["ats:Curse Doll+1","ats:Shell Defense","ats:Song Of Battle+1","ats:Charging Defense+1","ats:Apocalypse"],"picked":"SKIP","floor":35},{"not_picked":["ats:Flame Of Heaven+1","ats:Guardian Obelisk+1","ats:LN2 Cannon","ats:Blood Oath+1"],"picked":"ats:Counter Healing Mode+1","floor":39},{"not_picked":["ats:Volcano","ats:Shell Defense+1","ats:Assault Order","ats:Soul Absorption","ats:Automatic Cover+1"],"picked":"SKIP","floor":40},{"not_picked":["ats:Cat Scratch+1","ats:Shell Defense","ats:Explosion Area Strengthen+1","ats:Poison Spread+1"],"picked":"ats:Sashimi Platter+1","floor":41},{"not_picked":["ats:Ignite+1","ats:Charging Defense+1","ats:Cat Scratch","ats:Blood Oath","ats:Soul Rend"],"picked":"SKIP","floor":42},{"not_picked":["ats:Hammer On","ats:Hook Shot","ats:Flexible Camouflage","ats:Consecutive Shot Auto","ats:Closed Bolt Burst Fire"],"picked":"SKIP","floor":44},{"not_picked":["ats:Closed Bolt Burst Fire+1","ats:Curse Doll","ats:Very Hot Blade+1","ats:Childhood Dance"],"picked":"ats:Sashimi Platter+1","floor":46},{"not_picked":["ats:Chain Hook","ats:Ignite+1","ats:Consecutive Shot Auto","ats:Curse Doll+1","ats:Steam Pump+1"],"picked":"SKIP","floor":47},{"not_picked":["ats:Apocalypse","ats:Healing Drone","ats:Flame Of Heaven+1","ats:Poison Spread+1","ats:Hammer On"],"picked":"SKIP","floor":55}],"player_experience":272793,"relics_obtained":[{"floor":1,"key":"SynthV:TestCard"},{"floor":5,"key":"ats:Originium"},{"floor":5,"key":"TuHaoJin"},{"floor":6,"key":"ats:Originium"},{"floor":6,"key":"DemoMod:LamentConfigurum"},{"floor":9,"key":"GuppysHead"},{"floor":14,"key":"ats:Originium"},{"floor":14,"key":"DemoMod:DecoyRelic"},{"floor":21,"key":"Matryoshka"},{"floor":24,"key":"ats:Originium"},{"floor":24,"key":"BookofShadows"},{"floor":26,"key":"PokeGo"},{"floor":26,"key":"AT_ForceNature"},{"floor":27,"key":"Boot"},{"floor":40,"key":"Bag of Marbles"},{"floor":43,"key":"HowToJump"},{"floor":44,"key":"Ancient Tea Set"},{"floor":55,"key":"Leech"}],"event_choices":[],"is_beta":false,"boss_relics":[{"not_picked":["Ectoplasm","Velvet Choker"],"picked":"RhineCircuit"},{"not_picked":[]},{"not_picked":["ChampionBelt","HereWithMe"],"picked":"vexMod:ImprovementManual"},{"not_picked":[]}],"items_purged_floors":[8,45,48,54],"is_endless":false,"potions_floor_spawned":[2,5,6,7,16,24,27,28,33,35,40,42,44],"ascension_level":0}}