{"host":"c6uvvgqwlxq4k23y","time":1611400243,"event":{"mods":["100% Spire Juice","Arknights The Spire","BaseMod","CapriCore","DeckTracker","Hermit","Minty Spire (QoL Compilation)","StSLib","SuperFastMode","The Cursed"],"gold_per_floor":[117,137,149,149,163,198,217,250,250,265,285,285,318,192,192,293,293,310,324,324,344,344,371,371,386,386,401,431,431,47,66,66,168,168,179,179,198,210,210,210,210],"floor_reached":40,"language":"KOR","playtime":1476,"items_purged":["ats:Strike V","ats:Explosion Area Strengthen"],"score":477,"play_id":"6783aaaa-f746-4f43-8fb9-e1d385ca2ddf","local_time":"20210123201043","is_ascension_mode":false,"campfire_choices":[{"floor":12.0,"key":"REST"},{"data":"ats:Armor Crushing Shot","floor":15.0,"key":"SMITH"},{"data":"ats:Mental Burst","floor":24,"key":"SMITH"},{"floor":29,"key":"REST"},{"floor":32,"key":"REST"}],"circlet_count":0,"master_deck":["ats:Strike C","ats:Armor Crushing Shot+1","ats:Defend","ats:Defend","ats:Defend","ats:Defend","ats:Emotion Absorption+1","ats:Wolf Pack","ats:Hook Shot","ats:Ignite","ats:Mental Burst+1","ats:Flame Of Heaven","ats:Ignite","ats:Leaping Hammer","ats:Mental Burst","ats:Apocalypse","ats:Wolf Pack","ats:Healing Strengthening","ats:Assault Order","ats:Guardian Obelisk","ats:Wolf Pack","ats:Calcification","ats:Guardian Obelisk","ats:Revitalization+1"],"relics":["ats:Sanity","ats:Originium","HornCleat","Letter Opener","Singing Bowl","WingedGreaves","Empty Cage","Question Card","Regal Pillow","Darkstone Periapt","PreservedInsect","Velvet Choker"],"acts_visited":["Exordium","TheCity","TheBeyond"],"potions_floor_usage":[23,27,33,37,40],"damage_taken":[{"damage":7.0,"enemies":"2 Louse","floor":1.0,"turns":4.0},{"damage":4.0,"enemies":"Cultist","floor":2.0,"turns":5.0},{"damage":0.0,"enemies":"Small Slimes","floor":3.0,"turns":3.0},{"damage":6.0,"enemies":"Gremlin Gang","floor":5.0,"turns":3.0},{"damage":34.0,"enemies":"3 Sentries","floor":6.0,"turns":8.0},{"damage":0.0,"enemies":"Large Slime","floor":7.0,"turns":3.0},{"damage":0.0,"enemies":"Gremlin Nob","floor":8.0,"turns":3.0},{"damage":0.0,"enemies":"Looter","floor":10.0,"turns":2.0},{"damage":5.0,"enemies":"3 Louse","floor":11.0,"turns":3.0},{"damage":8.0,"enemies":"3 Sentries","floor":13.0,"turns":7.0},{"damage":56.0,"enemies":"The Guardian","floor":16.0,"turns":13.0},{"damage":12.0,"enemies":"Shell Parasite","floor":18.0,"turns":4.0},{"damage":5.0,"enemies":"Chosen","floor":19.0,"turns":4.0},{"damage":0.0,"enemies":"Snake Plant","floor":21.0,"turns":4.0},{"damage":34,"enemies":"Slavers","floor":23,"turns":6},{"damage":0,"enemies":"Snecko","floor":25,"turns":5},{"damage":27,"enemies":"Cultist and Chosen","floor":27,"turns":5},{"damage":27,"enemies":"Book of Stabbing","floor":28,"turns":6},{"damage":18,"enemies":"Snake Plant","floor":31,"turns":3},{"damage":77,"enemies":"Champ","floor":33,"turns":18},{"damage":5,"enemies":"Orb Walker","floor":35,"turns":3},{"damage":28,"enemies":"3 Darklings","floor":37,"turns":8},{"damage":0,"enemies":"Transient","floor":38,"turns":5},{"damage":150,"enemies":"Giant Head","floor":40,"turns":12}],"seed_played":"-5907267179912358470","potions_obtained":[{"floor":2.0,"key":"Energy Potion"},{"floor":8.0,"key":"Regen Potion"},{"floor":11.0,"key":"EssenceOfSteel"},{"floor":13.0,"key":"Swift Potion"},{"floor":21.0,"key":"SteroidPotion"},{"floor":23,"key":"EssenceOfSteel"},{"floor":27,"key":"Ancient Potion"},{"floor":31,"key":"AttackPotion"},{"floor":35,"key":"DistilledChaos"},{"floor":36,"key":"Energy Potion"}],"is_trial":false,"path_per_floor":["M","M","M","?","M","E","M","E","T","M","M","R","E","$","R","B",null,"M","M","?","M","?","E","R","M","T","M","E","R","$","M","R","B",null,"M","?","M","M","?","E"],"character_chosen":"DOCTOR_CLASS","items_purchased":["ats:Apocalypse","ats:Calcification","PreservedInsect"],"campfire_rested":3,"item_purchase_floors":[14,30,30],"current_hp_per_floor":[65,61,61,61,55,21,21,21,21,21,16,37,44,44,44,8,72,62,64,64,66,66,42,42,48,48,26,11,49,49,31,69,20,80,82,82,61,64,69,0,0],"gold":210,"neow_bonus":"ONE_RANDOM_RARE_CARD","is_daily":false,"chose_seed":false,"campfire_upgraded":2,"win_rate":0.0,"timestamp":1611400243,"path_taken":["M","M","M","?","M","E","M","E","T","M","?","R","E","$","R","BOSS","M","M","?","?","?","E","R","M","T","M","E","R","$","M","R","BOSS","M","?","M","?","?","E"],"items_purchased_type":["Card","Card","Relic"],"build_version":"2020-12-22","purchased_purges":2,"victory":false,"max_hp_per_floor":[72,72,72,72,72,72,72,72,72,72,72,72,72,72,72,72,72,74,76,76,78,78,78,78,78,78,78,78,78,78,78,78,80,80,82,82,82,84,84,84,84],"card_choices":[{"not_picked":["ats:Closed Bolt Burst Fire","ats:Leaping Hammer"],"picked":"ats:Hook Shot","floor":1.0},{"not_picked":["ats:Childhood Dance","ats:Consecutive Shot Auto"],"picked":"ats:Explosion Area Strengthen","floor":2.0},{"not_picked":["ats:Hammer On","ats:Leaping Hammer"],"picked":"ats:Ignite","floor":3.0},{"not_picked":["ats:Cat Scratch","ats:True Silver Slash","ats:Shell Defense"],"picked":"SKIP","floor":5.0},{"not_picked":["ats:Consecutive Shot Auto","ats:Curse Doll"],"picked":"ats:Mental Burst","floor":6.0},{"not_picked":["ats:Flexible Camouflage","ats:Leaping Hammer"],"picked":"ats:Poison Spread","floor":7.0},{"not_picked":["ats:Sunburst","ats:Flexible Camouflage"],"picked":"ats:Flame Of Heaven","floor":8.0},{"not_picked":["ats:Explosion Area Strengthen","ats:Flexible Camouflage"],"picked":"ats:Ignite","floor":10.0},{"not_picked":["ats:Rat Pack","ats:Hammer On"],"picked":"ats:Leaping Hammer","floor":11.0},{"not_picked":["ats:Flexible Camouflage","ats:Red Shift"],"picked":"ats:Mental Burst","floor":13.0},{"not_picked":["ats:Echo Reverb","ats:Soul Rend"],"picked":"ats:Wolf Pack","floor":16.0},{"not_picked":["ats:Sashimi Platter","ats:Poison Spread","ats:Phantom"],"picked":"Singing Bowl","floor":18.0},{"not_picked":["ats:Cat Scratch+1","ats:Collapsing Strike","ats:Serious Mode"],"picked":"Singing Bowl","floor":19.0},{"not_picked":["ats:Song Of Battle+1","ats:Composite Medical Shells","ats:Automatic Cover+1"],"picked":"Singing Bowl","floor":21.0},{"not_picked":["ats:Powerful Strike","ats:Counter Healing Mode"],"picked":"ats:Healing Strengthening","floor":23},{"not_picked":["ats:Curse Doll","ats:Neurotoxin+1","ats:Flexible Camouflage+1"],"picked":"ats:Assault Order","floor":25},{"not_picked":["ats:Blood Oath","ats:Poison Spread+1","ats:Cat Scratch"],"picked":"ats:Guardian Obelisk","floor":27},{"not_picked":["ats:Red Shift","ats:Curse Doll","ats:Explosion Area Strengthen"],"picked":"ats:Wolf Pack","floor":28},{"not_picked":["ats:Assault Order","ats:Rapid Magazine","ats:Consecutive Shot Auto"],"picked":"ats:Guardian Obelisk","floor":31},{"not_picked":["ats:Nebulous Foxfire","ats:Shadow Assault","ats:Ambush","ats:Rat Pack"],"picked":"Singing Bowl","floor":33},{"not_picked":["ats:Collapsing Strike","ats:Poison Spread","ats:Leaping Hammer","ats:Ignite+1"],"picked":"Singing Bowl","floor":35},{"not_picked":["ats:Thermite Blade","ats:Closed Bolt Burst Fire","ats:Part Time Job"],"picked":"ats:Revitalization+1","floor":37},{"not_picked":["ats:Poison Spread+1","ats:Shell Defense","ats:Hammer On","ats:Rapid Magazine+1"],"picked":"Singing Bowl","floor":38}],"player_experience":335764,"relics_obtained":[{"floor":6.0,"key":"ats:Originium"},{"floor":6.0,"key":"HornCleat"},{"floor":8.0,"key":"ats:Originium"},{"floor":8.0,"key":"Letter Opener"},{"floor":9.0,"key":"Singing Bowl"},{"floor":13.0,"key":"ats:Originium"},{"floor":13.0,"key":"WingedGreaves"},{"floor":23,"key":"ats:Originium"},{"floor":23,"key":"Question Card"},{"floor":26,"key":"Regal Pillow"},{"floor":28,"key":"Darkstone Periapt"}],"event_choices":[{"damage_healed":0.0,"max_hp_gain":0.0,"max_hp_loss":0.0,"gold_gain":0.0,"event_name":"Upgrade Shrine","player_choice":"Upgraded","floor":4.0,"gold_loss":0.0,"damage_taken":0.0,"cards_upgraded":["ats:Emotion Absorption"]},{"damage_healed":0.0,"max_hp_gain":0.0,"max_hp_loss":0.0,"gold_gain":0.0,"event_name":"NoteForYourself","player_choice":"Ignored","floor":20.0,"gold_loss":0.0,"damage_taken":0.0},{"damage_healed":0.0,"max_hp_gain":0.0,"max_hp_loss":0.0,"gold_gain":0.0,"event_name":"Vampires","player_choice":"Ignored","floor":22.0,"gold_loss":0.0,"damage_taken":0.0},{"damage_healed":0,"gold_gain":0,"player_choice":"Got Potions","damage_taken":0,"max_hp_gain":0,"max_hp_loss":0,"event_name":"Lab","floor":36,"gold_loss":0},{"cards_removed":["ats:Poison Spread"],"damage_healed":5,"gold_gain":0,"player_choice":"Offered Common","damage_taken":0,"max_hp_gain":0,"max_hp_loss":0,"event_name":"Bonfire Elementals","floor":39,"gold_loss":0},{"cards_removed":["ats:Poison Spread"],"damage_healed":5,"gold_gain":0,"player_choice":"Offered Special","damage_taken":0,"max_hp_gain":0,"max_hp_loss":0,"event_name":"Bonfire Elementals","floor":39,"gold_loss":0}],"is_beta":false,"boss_relics":[{"not_picked":["Coffee Dripper","Pandora\u0027s Box"],"picked":"Empty Cage"},{"not_picked":["ats:Tactical Delivery","Runic Pyramid"],"picked":"Velvet Choker"}],"items_purged_floors":[14,30],"is_endless":false,"potions_floor_spawned":[2,8,11,13,21,23,27,31,35],"killed_by":"Giant Head","ascension_level":0}}