{"host":"v0n6ky7dmveherv3","time":1611379207,"event":{"mods":["BaseMod","Better Third Choice","Downfall","Minty Spire (QoL Compilation)","StSLib"],"gold_per_floor":[99,99,99,99,99,99,99,99,113,130,177,77,77,88,102,206,206,206,223,223,237,187,187,214,44,58,93,93,93,93],"floor_reached":28,"language":"ENG","playtime":820,"items_purged":[],"score":224,"play_id":"2e74a0f6-2c3f-451c-a75c-0ee9866cd30e","local_time":"20210122222007","is_ascension_mode":false,"campfire_choices":[{"floor":1,"key":"RECALL"},{"data":"bronze:Replicate","floor":6,"key":"SMITH"},{"data":"bronze:InfiniteBeams","floor":12,"key":"SMITH"},{"data":"bronze:InfiniteLoop","floor":18,"key":"SMITH"}],"circlet_count":0,"master_deck":["bronze:Strike","bronze:Strike","bronze:Strike","bronze:Defend","bronze:Defend","bronze:Replicate+1","bronze:Goto","bronze:DigitalCarnage","bronze:Spike","bronze:DazingPulse","bronze:Explode","bronze:Repulsor","bronze:InfiniteBeams+1","bronze:GetLatest","bronze:InfiniteLoop+1","bronze:Backtrace","bronze:Repulsor","bronze:WhirlingStrike+1"],"relics":["bronze:BronzeCore","downfall:HeartsMalice","downfall:ShatteredFragment","Omamori","Shovel","Ancient Tea Set","downfall:HeartBlessingRed","sneckomod:SneckoTalon","MealTicket","Lantern","Letter Opener"],"acts_visited":["Exordium","TheCity"],"potions_floor_usage":[16],"damage_taken":[{"damage":0,"enemies":"2 Louse","floor":2,"turns":1},{"damage":0,"enemies":"Jaw Worm","floor":4,"turns":1},{"damage":0,"enemies":"Jaw Worm","floor":8,"turns":1},{"damage":0,"enemies":"Small Slimes","floor":9,"turns":2},{"damage":2,"enemies":"Blue Slaver","floor":10,"turns":3},{"damage":0,"enemies":"Red Slaver","floor":14,"turns":2},{"damage":0,"enemies":"Large Slime","floor":15,"turns":2},{"damage":16,"enemies":"DF_ARCHETYPE_STREAMLINE","floor":16,"turns":6},{"damage":0,"enemies":"Chosen","floor":19,"turns":2},{"damage":12,"enemies":"Centurion and Healer","floor":21,"turns":4},{"damage":5,"enemies":"downfall:FleeingMerchant","floor":25,"turns":4},{"damage":18,"enemies":"Snake Plant","floor":26,"turns":3},{"damage":46,"enemies":"Slavers","floor":27,"turns":4},{"damage":1,"enemies":"Shelled Parasite and Fungi","floor":28,"turns":1}],"seed_played":"3954850270742535208","potions_obtained":[{"floor":10,"key":"Dexterity Potion"},{"floor":14,"key":"Slimebound:ThreeZeroPotion"},{"floor":15,"key":"SteroidPotion"}],"is_trial":false,"path_per_floor":["R","M","?","M","?","R","T","?","M","M","T","R","?","M","M","B",null,"R","M","?","M","?","?","T","$","M","E","M"],"character_chosen":"THE_AUTOMATON","items_purchased":["Lantern"],"campfire_rested":0,"item_purchase_floors":[25],"current_hp_per_floor":[70,70,49,49,24,24,24,24,24,22,22,22,45,45,45,29,70,70,70,60,48,70,70,70,65,47,1,0,0,0],"gold":93,"neow_bonus":"THREE_ENEMY_KILL","is_daily":false,"chose_seed":false,"campfire_upgraded":3,"win_rate":0.0,"timestamp":1611379207,"path_taken":["R","M","?","M","?","R","T","?","M","M","?","R","?","M","M","BOSS","R","M","?","?","?","?","T","$","M","E","?"],"items_purchased_type":["Relic"],"build_version":"2020-12-22","purchased_purges":0,"victory":false,"max_hp_per_floor":[70,70,70,70,70,70,70,70,70,70,70,70,70,70,70,70,70,70,70,70,70,70,70,70,70,70,70,70,70,70],"card_choices":[{"not_picked":["bronze:OilSpill","bronze:WildBeam","bronze:Frontload"],"picked":"SKIP","floor":2},{"not_picked":["bronze:Fortify","bronze:DelayedSlice"],"picked":"bronze:DigitalCarnage","floor":4},{"not_picked":[],"picked":"bronze:Spike","floor":8},{"not_picked":[],"picked":"bronze:DazingPulse","floor":8},{"not_picked":[],"picked":"bronze:Explode","floor":8},{"not_picked":["bronze:Frontload","bronze:DelayedGuard"],"picked":"bronze:Repulsor","floor":8},{"not_picked":["bronze:ForceShield","bronze:BuggyMess","bronze:BitShift"],"picked":"SKIP","floor":9},{"not_picked":["bronze:CloningBeam","bronze:BugBarrage"],"picked":"bronze:InfiniteBeams","floor":10},{"not_picked":["bronze:ItsAFeature","bronze:Turbo"],"picked":"bronze:GetLatest","floor":14},{"not_picked":["bronze:Constructor","bronze:DarkDash","bronze:BugBarrage"],"picked":"SKIP","floor":15},{"not_picked":["bronze:HyperBeam","bronze:CleanCode"],"picked":"bronze:InfiniteLoop","floor":16},{"not_picked":["bronze:Philosophize","bronze:DelayedSlice"],"picked":"bronze:Backtrace","floor":19},{"not_picked":["bronze:Iterate","bronze:WildBeam"],"picked":"bronze:Repulsor","floor":21},{"not_picked":["bronze:ItsAFeature+1","bronze:WhirlingStrike","bronze:ForLoop"],"picked":"SKIP","floor":25},{"not_picked":["bronze:Iterate","bronze:Shield","bronze:ForLoop"],"picked":"SKIP","floor":26},{"not_picked":["bronze:DelayedSlice","bronze:BugBarrage"],"picked":"bronze:WhirlingStrike+1","floor":27}],"player_experience":120855,"relics_obtained":[{"floor":7,"key":"Shovel"},{"floor":11,"key":"Ancient Tea Set"},{"floor":24,"key":"MealTicket"},{"floor":27,"key":"Letter Opener"}],"event_choices":[{"damage_healed":0,"gold_gain":0,"player_choice":"Relic ","damage_taken":25,"max_hp_gain":0,"max_hp_loss":0,"event_name":"betterThird:BetterScrap","floor":5,"gold_loss":0,"cards_obtained":["Perseverance"]},{"damage_healed":23,"gold_gain":0,"player_choice":"Banana","damage_taken":0,"max_hp_gain":0,"max_hp_loss":0,"event_name":"Big Fish","floor":13,"gold_loss":0}],"is_beta":false,"boss_relics":[{"not_picked":["Philosopher\u0027s Stone","Runic Dome"],"picked":"sneckomod:SneckoTalon"}],"items_purged_floors":[],"is_endless":false,"potions_floor_spawned":[10,14,15],"killed_by":"Shelled Parasite and Fungi","ascension_level":0}}