{"host":"u9xtr94typ21duox","time":1611394446,"event":{"mods":["BaseMod","Key Reminder","KinomotoSakuraMod(ƒæ÷Æ±æ”£)","LagranYue(¿≠∏Ò¿ °§‘¬)","Marisa£®ÏF”Í°°ƒß¿Ì…≥£©","Minty Spire (QoL Compilation)","Reimu£®≤©¿ˆ¡È√Œ£©","Replay The Spire","StSLib","Td1madao Mod","The Administrix","The Bladedancer","The Bug Knight","The Construct","The Cursed","The Gatherer","The Runesmith","The Servant 0.9.4","WarShipGirlsR/’ΩΩ¢…Ÿ≈ÆR mod","Youmu£®ªÍ∆«—˝√Œ£©","vexMod"],"gold_per_floor":[117,40,40,40,58,58,90,90,90,110,110,140,140,157,157,262,262,279,306,306,231,87,114,114,127,175,226,166,235,235,35,35,176,176,211,255,299,299,337,381,381,436,436,480,551,551,551,170,170,210,210,210,10,64,90],"floor_reached":56,"language":"ZHS","playtime":3622,"items_purged":["Collapse","KidneyShot","Replace"],"score":1750,"play_id":"7b796f3d-e44b-4c87-9d39-1ad84cf07813","local_time":"20210123173406","is_ascension_mode":true,"campfire_choices":[{"data":"Comet","floor":6,"key":"SMITH"},{"data":"TimeWarp","floor":8,"key":"SMITH"},{"data":"ShatteredReality","floor":11,"key":"SMITH"},{"data":"Alleviate","floor":15,"key":"SMITH"},{"data":"Manipulate","floor":24,"key":"SMITH"},{"data":"Replace","floor":32,"key":"SMITH"},{"data":"Dilation","floor":41,"key":"SMITH"},{"floor":47,"key":"REST"},{"floor":49,"key":"RECALL"},{"data":"Potential","floor":52,"key":"SMITH"}],"circlet_count":0,"master_deck":["Exchange","TimeWarp+1","Comet+1","BottledTime","Solidify+1","ShatteredReality+1","BottledTime","Solidify","Alleviate+1","TheWorld","Duplication","DualDimension","Manipulate+1","Misdirection","ShiftingGears","MurderousAura","Comet","Potential+1","Replace+1","Luminosity","TimeWarp","Impatience","Dilation+1","Defy+1","BottledTime+1","Advance","Advance+1","TheWorld","Finesse"],"relics":["Uniform","LagranYue:RandomDrawCardRelic","NeowsBlessing","Omamori","PureWhite:ReiMu","Pandora\u0027s Box","PreservedInsect","Replay:Bottled Flurry","Replay:Bandana","LagranYue:WskJewelryRelic","vexMod:FocusSash","BargainBundle","vexMod:CursedCompass","Art of War","vexMod:Dragonfruit","Darkstone Periapt","construct:RocketBooster","ReplayFunnel","KneeBrace"],"acts_visited":["Exordium","TheCity","TheBeyond","TheEnding"],"potions_floor_usage":[12,39,45,55,55,55],"damage_taken":[{"damage":0,"enemies":"2 Louse","floor":1,"turns":1},{"damage":0,"enemies":"Small Slimes","floor":5,"turns":1},{"damage":0,"enemies":"HollowMod:MossKnight","floor":7,"turns":1},{"damage":0,"enemies":"Cultist","floor":10,"turns":3},{"damage":0,"enemies":"3 Sentries","floor":12,"turns":3},{"damage":0,"enemies":"Looter","floor":14,"turns":2},{"damage":0,"enemies":"The Guardian","floor":16,"turns":12},{"damage":0,"enemies":"Chosen","floor":18,"turns":3},{"damage":14,"enemies":"Book of Stabbing","floor":23,"turns":4},{"damage":0,"enemies":"Centurion and Healer","floor":25,"turns":3},{"damage":0,"enemies":"Slavers","floor":27,"turns":2},{"damage":0,"enemies":"Book of Stabbing","floor":29,"turns":3},{"damage":0,"enemies":"Automaton","floor":33,"turns":8},{"damage":1,"enemies":"3 Shapes","floor":35,"turns":3},{"damage":0,"enemies":"3 Darklings","floor":36,"turns":2},{"damage":36,"enemies":"4 Shapes","floor":37,"turns":5},{"damage":0,"enemies":"Writhing Mass","floor":39,"turns":6},{"damage":6,"enemies":"R_Hoarder","floor":40,"turns":9},{"damage":0,"enemies":"Reptomancer","floor":42,"turns":7},{"damage":0,"enemies":"Spire Growth","floor":44,"turns":4},{"damage":12,"enemies":"2 Orb Walkers","floor":45,"turns":4},{"damage":24,"enemies":"Replay:Hell Engine","floor":50,"turns":8},{"damage":21,"enemies":"Shield and Spear","floor":54,"turns":7},{"damage":7,"enemies":"The Heart","floor":55,"turns":8}],"seed_played":"-7453532742754912345","potions_obtained":[{"floor":5,"key":"Explosive Potion"},{"floor":7,"key":"SteroidPotion"},{"floor":16,"key":"SkillPotion"},{"floor":27,"key":"FearPotion"},{"floor":35,"key":"PowerPotion"},{"floor":39,"key":"Weak Potion"},{"floor":44,"key":"Adrenaline Potion"},{"floor":54,"key":"PowerPotion"}],"is_trial":false,"path_per_floor":["M","$","?","?","M","R","E","R","T","M","R","E","?","M","R","B",null,"M","T","?","?","$","E","R","M","T","E","?","E","$","$","R","B",null,"M","M","M","?","M","E","R","E","T","M","?","?","R","$","R","B",null,"R","$","E","B",null],"character_chosen":"THE_SERVANT","items_purchased":["Comet","Comet","BargainBundle","Luminosity","TimeWarp","Replace","Impatience","TheWorld","Finesse","ReplayFunnel","Dexterity Potion"],"campfire_rested":1,"item_purchase_floors":[2,22,31,31,31,31,31,48,48,53,53],"current_hp_per_floor":[59,59,46,51,51,51,51,51,51,51,51,51,51,51,51,51,65,65,65,65,65,65,51,51,51,51,51,51,51,51,51,51,51,65,64,64,28,28,28,22,22,27,27,27,15,15,37,37,37,13,60,60,60,39,32],"gold":90,"neow_bonus":"THREE_ENEMY_KILL","is_daily":false,"chose_seed":false,"campfire_upgraded":8,"win_rate":0.0,"timestamp":1611394446,"path_taken":["M","$","?","?","M","R","E","R","T","M","R","E","?","M","R","BOSS","M","?","?","?","$","E","R","M","T","E","?","E","?","$","R","BOSS","M","M","M","?","M","E","R","E","T","M","?","?","R","$","R","BOSS","R","$","E","BOSS"],"items_purchased_type":["Card","Card","Relic","Card","Card","Card","Card","Card","Card","Relic","Potion"],"build_version":"2020-12-22","purchased_purges":3,"victory":true,"max_hp_per_floor":[65,65,65,70,70,70,70,70,70,70,70,70,70,70,70,70,70,70,70,70,70,70,70,70,70,70,70,70,70,70,70,70,70,70,70,70,70,70,70,70,70,75,75,75,75,75,75,75,75,75,75,75,75,75,75],"card_choices":[{"not_picked":["Ricochet","FastForward"],"picked":"TimeWarp","floor":1},{"not_picked":["Ricochet","Rewind"],"picked":"BottledTime","floor":5},{"not_picked":["Rewind","Alleviate"],"picked":"Solidify","floor":7},{"not_picked":["Rewind","MoonPhase"],"picked":"ShatteredReality","floor":10},{"not_picked":["TrueSight","TimeWarp"],"picked":"BottledTime","floor":12},{"not_picked":["GearUp","Rearm"],"picked":"Alleviate","floor":14},{"not_picked":["TrueSight","SoulSculpture"],"picked":"TheWorld","floor":16},{"not_picked":["Rearm","SilverBlades","FanOfKnives"],"picked":"SKIP","floor":18},{"not_picked":[],"picked":"MurderousAura","floor":20},{"not_picked":["SilverBlades","Unruled","Rearm"],"picked":"SKIP","floor":23},{"not_picked":["ShiftingGears","SpecialFormula"],"picked":"Potential","floor":25},{"not_picked":["ShatteredReality","Spin","Snipe"],"picked":"SKIP","floor":27},{"not_picked":["Potential","Alleviate"],"picked":"Replace","floor":29},{"not_picked":["Deny","KillingDoll"],"picked":"Dilation","floor":33},{"not_picked":["ShatteredReality+1","FastForward"],"picked":"Defy+1","floor":35},{"not_picked":["Rearm","Alleviate+1","Unruled+1"],"picked":"SKIP","floor":36},{"not_picked":["TimeWarp+1","Unruled"],"picked":"BottledTime+1","floor":37},{"not_picked":["SilverBlades+1","Defy+1","Revamp"],"picked":"SKIP","floor":39},{"not_picked":["Revamp+1","Misdirection+1","Hightail"],"picked":"SKIP","floor":40},{"not_picked":["Spin","Defy"],"picked":"Advance","floor":42},{"not_picked":["Barrier","FanOfKnives","Unruled+1"],"picked":"SKIP","floor":44},{"not_picked":["Barrier+1","Defy"],"picked":"Advance+1","floor":45},{"not_picked":["RealityMarble+1","Rearm+1","Revamp"],"picked":"SKIP","floor":54}],"player_experience":331045,"relics_obtained":[{"floor":7,"key":"Omamori"},{"floor":12,"key":"PureWhite:ReiMu"},{"floor":19,"key":"PreservedInsect"},{"floor":23,"key":"Replay:Bottled Flurry"},{"floor":26,"key":"Replay:Bandana"},{"floor":27,"key":"LagranYue:WskJewelryRelic"},{"floor":29,"key":"vexMod:FocusSash"},{"floor":40,"key":"Art of War"},{"floor":42,"key":"vexMod:Dragonfruit"},{"floor":43,"key":"Darkstone Periapt"},{"floor":45,"key":"construct:RocketBooster"},{"floor":54,"key":"KneeBrace"}],"event_choices":[{"damage_healed":0,"gold_gain":0,"player_choice":"Entered Light","damage_taken":13,"max_hp_gain":0,"max_hp_loss":0,"event_name":"Shining Light","floor":3,"gold_loss":0,"cards_upgraded":["Strike_S","Strike_S"]},{"damage_healed":0,"gold_gain":0,"player_choice":"Donut","damage_taken":0,"max_hp_gain":5,"max_hp_loss":0,"event_name":"Big Fish","floor":4,"gold_loss":0},{"damage_healed":0,"gold_gain":0,"cards_transformed":["Strike_S"],"player_choice":"Transformed","damage_taken":0,"max_hp_gain":0,"max_hp_loss":0,"event_name":"Transmorgrifier","floor":13,"gold_loss":0,"cards_obtained":["Solidify"]},{"cards_removed":["ReturningBlade"],"damage_healed":0,"gold_gain":0,"player_choice":"Gave Gold","damage_taken":0,"max_hp_gain":0,"max_hp_loss":0,"event_name":"Beggar","floor":21,"gold_loss":75},{"damage_healed":0,"gold_gain":0,"player_choice":"Memory 1","damage_taken":0,"max_hp_gain":0,"max_hp_loss":0,"event_name":"SensoryStone","floor":38,"gold_loss":0},{"damage_healed":0,"gold_gain":0,"player_choice":"Fight","damage_taken":0,"max_hp_gain":0,"max_hp_loss":0,"event_name":"Mysterious Sphere","floor":45,"gold_loss":0}],"is_beta":false,"boss_relics":[{"not_picked":["Runic Dome","SplendidAttire"],"picked":"Pandora\u0027s Box"},{"not_picked":["Sozu","Tiny House"],"picked":"vexMod:CursedCompass"}],"items_purged_floors":[22,31,48],"is_endless":false,"potions_floor_spawned":[5,7,16,27,29,35,37,39,40,44,54],"ascension_level":9}}