{"host":"9l4mw5jqza9qz9hr","time":1611392677,"event":{"mods":["AchievementEnabler","Always Whale","BaseMod","Colored Map","Minty Spire (QoL Compilation)","StSLib","SuperFastMode"],"gold_per_floor":[114,114,64,79,94,94,124,49,49,49,64,94,109,124,124,224,224,239,239,239],"floor_reached":19,"language":"KOR","playtime":532,"items_purged":["Strike_R"],"score":179,"play_id":"ecb7f34c-52c0-4bcc-bd71-4ceb5959bc06","local_time":"20210123180437","daily_mods":["Cursed Run","Purple Cards","DeadlyEvents"],"is_ascension_mode":false,"campfire_choices":[{"data":"CrushJoints","floor":6.0,"key":"SMITH"},{"data":"Shockwave","floor":15,"key":"SMITH"}],"circlet_count":0,"master_deck":["Strike_R","Strike_R","Defend_R","Defend_R","Defend_R","Defend_R","Bash","CrushJoints+1","Metallicize","Flex","Flame Barrier","True Grit","Shockwave+1","Vault","Wild Strike","Normality","Omniscience","CurseOfTheBell","Spot Weakness+1"],"relics":["Cursed Key","Darkstone Periapt","Du-Vu Doll","Turnip","Bag of Preparation","Calling Bell","Oddly Smooth Stone","InkBottle","Pocketwatch"],"acts_visited":["Exordium","TheCity"],"potions_floor_usage":[],"damage_taken":[{"damage":1.0,"enemies":"Jaw Worm","floor":1.0,"turns":4.0},{"damage":0.0,"enemies":"2 Louse","floor":4.0,"turns":3.0},{"damage":1.0,"enemies":"Cultist","floor":5.0,"turns":3.0},{"damage":6.0,"enemies":"Lagavulin","floor":7.0,"turns":7.0},{"damage":18,"enemies":"Exordium Thugs","floor":11,"turns":6},{"damage":15,"enemies":"3 Sentries","floor":12,"turns":13},{"damage":9,"enemies":"Exordium Wildlife","floor":13,"turns":7},{"damage":0,"enemies":"3 Louse","floor":14,"turns":5},{"damage":29,"enemies":"Hexaghost","floor":16,"turns":12},{"damage":0,"enemies":"3 Byrds","floor":18,"turns":4}],"seed_played":"-4692305807027556167","potions_obtained":[{"floor":5.0,"key":"ElixirPotion"},{"floor":7.0,"key":"LiquidBronze"},{"floor":11,"key":"Weak Potion"},{"floor":14,"key":"Swift Potion"}],"is_trial":false,"path_per_floor":["M","?","?","M","M","R","E","$","T","$","M","E","M","M","R","B",null,"M","$"],"character_chosen":"IRONCLAD","items_purchased":[],"campfire_rested":0,"item_purchase_floors":[],"current_hp_per_floor":[79,79,79,79,78,78,72,72,72,72,54,39,30,30,30,7,92,92,92,92],"gold":239,"neow_bonus":"","is_daily":true,"chose_seed":false,"campfire_upgraded":2,"win_rate":0.0,"timestamp":1611392677,"path_taken":["M","?","?","M","M","R","E","$","T","$","?","?","M","M","R","BOSS","M","$"],"items_purchased_type":[],"build_version":"2020-12-22","purchased_purges":1,"victory":false,"max_hp_per_floor":[80,80,80,80,80,80,80,80,80,80,80,80,80,80,80,86,92,92,92,92],"card_choices":[{"not_picked":["Thunderclap","Prostrate"],"picked":"CrushJoints","floor":1.0},{"not_picked":["Combust","Seeing Red"],"picked":"Flex","floor":4.0},{"not_picked":["FollowUp","Clash"],"picked":"Flame Barrier","floor":5.0},{"not_picked":["Halt","Warcry"],"picked":"True Grit","floor":7.0},{"not_picked":["Adaptation","BowlingBash"],"picked":"Shockwave","floor":11},{"not_picked":["Shrug It Off","CrushJoints"],"picked":"Vault","floor":12},{"not_picked":["MentalFortress","Rage","Warcry"],"picked":"SKIP","floor":13},{"not_picked":["FearNoEvil","Headbutt"],"picked":"Wild Strike","floor":14},{"not_picked":["Feed","Judgement"],"picked":"Omniscience","floor":16},{"not_picked":["Wild Strike","Pommel Strike+1"],"picked":"Spot Weakness+1","floor":18}],"player_experience":235673,"relics_obtained":[{"floor":7.0,"key":"Turnip"},{"floor":12,"key":"Bag of Preparation"},{"floor":17,"key":"Oddly Smooth Stone"},{"floor":17,"key":"InkBottle"},{"floor":17,"key":"Pocketwatch"}],"event_choices":[{"damage_healed":0.0,"max_hp_gain":0.0,"max_hp_loss":0.0,"gold_gain":0.0,"cards_transformed":["Strike_R"],"event_name":"Living Wall","player_choice":"Change","floor":2.0,"gold_loss":0.0,"damage_taken":0.0,"cards_obtained":["Metallicize"]},{"cards_removed":["Strike_R"],"damage_healed":0.0,"max_hp_gain":0.0,"max_hp_loss":0.0,"gold_gain":0.0,"event_name":"The Cleric","player_choice":"Card Removal","floor":3.0,"gold_loss":50.0,"damage_taken":0.0}],"is_beta":false,"boss_relics":[{"not_picked":["SacredBark","SlaversCollar"],"picked":"Calling Bell"}],"items_purged_floors":[8],"is_endless":false,"potions_floor_spawned":[5,7,11,14],"ascension_level":0}}