{"host":"yt8tirjpas3zupuf","time":1611432011,"event":{"mods":["Act Like it!","Arknights The Spire","BaseMod","Colored Powertips","Duelist Mod","Gensokyo","Googly Eyes","Lobotomy","Marisa£®ÏF”Í°°ƒß¿Ì…≥£©","Minty Spire (QoL Compilation)","Remilia£®¿Ÿ√◊¿Ú—«£©","Replay The Spire","StSLib","The Bug Knight","The Servant 0.9.4"],"gold_per_floor":[116,196,207,207,234,234,267,267,267,299,96,128,128,128,28,133,133,166,113,167,187,187,223,223,265,265,307,38,273,299,341,341,451,451,477,477,478,514,514,514,551,561,561,597,623,656,672,714,723,723,723],"floor_reached":50,"language":"ZHS","playtime":3677,"items_purged":["Writhe"],"score":1196,"play_id":"dda92c48-db5e-4193-ab13-a1bd78e47e65","local_time":"20210124040011","daily_mods":["Shiny","Heirloom","DeadlyEvents","Elite Swarm"],"is_ascension_mode":false,"campfire_choices":[{"data":"Gensokyo:CrescentMoonSlash","floor":6,"key":"SMITH"},{"data":"ats:True Silver Slash","floor":8,"key":"SMITH"},{"data":"ats:Shadow Assault","floor":13,"key":"SMITH"},{"data":"ats:True Silver Slash","floor":24,"key":"SMITH"},{"data":"ats:Overload","floor":32,"key":"SMITH"},{"floor":40,"key":"REST"}],"circlet_count":0,"master_deck":["ats:Rat Pack","ats:Disruption Kick","ats:Roar Of Ursus","ats:Calcification","ats:Ambush","ats:Soul Rend","ats:Nebulous Foxfire","ats:Volcano","ats:Shadow Assault","ats:True Silver Slash+1","ats:Dogmatic Field","ats:Wolf Pack","ats:Collapsing Strike","Gensokyo:CrescentMoonSlash+1","ats:Revitalization","ats:Disruption Kick","ats:Shadow Assault+1","ats:Roar Of Ursus+1","ats:Shadow Assault","ats:True Silver Slash+1","CurseOfTheBell","ats:Wolf Pack+1","ats:Revitalization+1","ats:Apocalypse+1","ats:Closed Bolt Burst Fire+1","ats:Assault Order+1","ats:Rat Pack+1","ats:Nebulous Foxfire+1","ats:Calcification+1","ats:Overload+1","ats:True Silver Slash+1","ats:Wolf Pack+1","ats:Closed Bolt Burst Fire+1","ats:Hammer On+1","ats:Hammer On+1","ats:Shadow Assault+1","ats:Dogmatic Field+1","ats:Shadow Assault+1","ats:Calcification+1","ats:Thorns"],"relics":["Snecko Eye","Gambling Chip","ReplayTheSpireMod:CursedCoin","ats:Originium","Letter Opener","Ornamental Fan","Toy Ornithopter","Replay:Bottled Steam","Replay:Accelerometer","Mummified Hand","Happy Flower","Calling Bell","CeramicFish","Golden Egg","Calipers","Bronze Scales","AntiCross","Garlic","Toxic Egg 2","Darkstone Periapt","ats:Berate","Membership Card","Bottled Flame","Blood Vial","Oddly Smooth Stone","Thread and Needle","ats:Omniscience","CaptainsWheel","Sundial","Snack Pack","Pet Ghost","Replay:Bottled Flurry","Bag of Preparation","Shuriken","Strawberry"],"acts_visited":["Exordium","Gensokyo:Gensokyo","Gensokyo:Gensokyoer"],"potions_floor_usage":[7],"damage_taken":[{"damage":1,"enemies":"Gensokyo:2_Kodama","floor":1,"turns":2},{"damage":8,"enemies":"Gensokyo:3_Fairies","floor":3,"turns":3},{"damage":13,"enemies":"Gensokyo:Mamizou","floor":7,"turns":8},{"damage":0,"enemies":"Gensokyo:Cirno","floor":10,"turns":4},{"damage":13,"enemies":"Gensokyo:Mamizou","floor":12,"turns":7},{"damage":21,"enemies":"Gensokyo:Yukari","floor":16,"turns":7},{"damage":18,"enemies":"Gensokyo:3_Dogs","floor":18,"turns":3},{"damage":19,"enemies":"Gensokyo:AngelMirror","floor":21,"turns":3},{"damage":38,"enemies":"Gensokyo:Koishi","floor":23,"turns":4},{"damage":0,"enemies":"Gensokyo:Reisen","floor":25,"turns":3},{"damage":0,"enemies":"Gensokyo:Tenshi","floor":27,"turns":4},{"damage":37,"enemies":"Gensokyo:Koishi","floor":29,"turns":5},{"damage":17,"enemies":"Gensokyo:Slime_Group","floor":30,"turns":3},{"damage":0,"enemies":"Gensokyo:Tenshi","floor":31,"turns":2},{"damage":34,"enemies":"Gensokyo:Kaguya","floor":33,"turns":8},{"damage":0,"enemies":"Gensokyo:3_Bats","floor":35,"turns":1},{"damage":3,"enemies":"Gensokyo:Doremy","floor":38,"turns":5},{"damage":0,"enemies":"Gensokyo:Marisa","floor":41,"turns":3},{"damage":0,"enemies":"Gensokyo:AncientGuardian","floor":42,"turns":2},{"damage":0,"enemies":"Gensokyo:Kasen","floor":44,"turns":3},{"damage":16,"enemies":"Gensokyo:Marisa","floor":46,"turns":3},{"damage":0,"enemies":"Gensokyo:Dusk_and_Dawn","floor":47,"turns":1},{"damage":0,"enemies":"Gensokyo:Kasen","floor":48,"turns":3},{"damage":148,"enemies":"Gensokyo:Yuyuko","floor":50,"turns":2}],"seed_played":"5097479429433300912","potions_obtained":[{"floor":1,"key":"SkillPotion"},{"floor":7,"key":"GamblersBrew"},{"floor":18,"key":"FearPotion"},{"floor":21,"key":"DistilledChaos"},{"floor":30,"key":"Swift Potion"}],"is_trial":true,"path_per_floor":["M","?","M","?","$","R","E","R","T","E","COS","E","R","T","R","B",null,"M","$","T","M","?","E","R","E","T","E","$","E","M","E","R","B",null,"M","?","$","E","?","R","E","M","T","E","T","E","M","E","R","B"],"character_chosen":"DOCTOR_CLASS","items_purchased":["ReplayTheSpireMod:CursedCoin","ats:Revitalization","ats:Apocalypse","ats:Closed Bolt Burst Fire","Membership Card","Bottled Flame","ats:Hammer On"],"campfire_rested":1,"item_purchase_floors":[5,5,19,19,28,28,37],"current_hp_per_floor":[71,71,66,56,56,56,59,59,59,72,72,66,66,66,66,69,72,59,59,59,58,58,37,37,53,53,67,67,47,52,57,57,67,67,67,67,67,67,54,67,67,67,67,67,67,57,61,74,74,0,0],"gold":723,"neow_bonus":"","is_daily":false,"chose_seed":false,"campfire_upgraded":5,"win_rate":0.0,"timestamp":1611432011,"path_taken":["M","?","M","?","?","R","E","R","T","E","COS","E","R","?","R","BOSS","M","?","?","M","?","E","R","E","T","?","?","E","?","?","R","BOSS","M","?","$","?","?","R","?","?","T","E","?","E","?","E","R","BOSS"],"items_purchased_type":["Relic","Card","Card","Card","Relic","Relic","Card"],"build_version":"2020-12-22","purchased_purges":1,"victory":false,"max_hp_per_floor":[72,72,72,72,72,72,72,72,72,72,72,72,72,72,72,72,72,72,72,72,72,67,67,67,67,67,67,67,67,67,67,67,67,67,67,67,67,67,67,67,67,67,67,67,67,67,67,74,74,74,74],"card_choices":[{"not_picked":["ats:Encircling Forest","ats:Leaping Hammer","ats:Childhood Dance"],"picked":"SKIP","floor":1},{"not_picked":["ats:Hammer On","ats:Directed Diagnosis"],"picked":"ats:Collapsing Strike","floor":3},{"not_picked":["ats:Soul Rend","ats:Ambush"],"picked":"ats:Disruption Kick","floor":7},{"not_picked":["ats:Disruption Kick","ats:Wolf Pack"],"picked":"ats:Shadow Assault","floor":10},{"not_picked":["ats:Disruption Kick+1","ats:Durian+1"],"picked":"ats:Roar Of Ursus+1","floor":12},{"not_picked":["ats:Disruption Kick","ats:Ambush"],"picked":"ats:Shadow Assault","floor":12},{"not_picked":["ats:Echo Reverb","ats:Nebulous Foxfire"],"picked":"ats:True Silver Slash","floor":16},{"not_picked":["ats:Rat Pack","ats:Nebulous Foxfire"],"picked":"ats:Wolf Pack","floor":18},{"not_picked":["ats:Directed Diagnosis","ats:Ignite"],"picked":"ats:Revitalization+1","floor":18},{"not_picked":["ats:Blood Oath","ats:Collapsing Strike"],"picked":"ats:Assault Order+1","floor":21},{"not_picked":["ats:Calcification","ats:Shadow Assault"],"picked":"ats:Rat Pack","floor":23},{"not_picked":["ats:Disruption Kick","ats:Shadow Assault"],"picked":"ats:Nebulous Foxfire+1","floor":25},{"not_picked":["ats:Durian+1","ats:Nebulous Foxfire+1"],"picked":"ats:Ambush","floor":27},{"not_picked":["ats:Soul Rend","ats:Dogmatic Field"],"picked":"ats:Calcification+1","floor":29},{"not_picked":["ats:Leaping Hammer","ats:Guardian Obelisk+1"],"picked":"ats:Overload","floor":30},{"not_picked":["ats:Nebulous Foxfire+1","ats:Fractured Body+1"],"picked":"ats:True Silver Slash","floor":31},{"not_picked":["ats:True Silver Slash","ats:Echo Reverb+1"],"picked":"ats:Wolf Pack","floor":33},{"not_picked":["ats:Encircling Forest+1","ats:Support Order+1"],"picked":"ats:Closed Bolt Burst Fire+1","floor":35},{"not_picked":["ats:Nebulous Foxfire+1","ats:Rat Pack+1"],"picked":"ats:Shadow Assault","floor":38},{"not_picked":["ats:True Silver Slash","ats:Calcification+1"],"picked":"ats:Dogmatic Field","floor":41},{"not_picked":["ats:Flame Of Heaven+1","ats:Burning Ground","ats:Poison Spread+1"],"picked":"SKIP","floor":42},{"not_picked":["ats:Calcification+1","ats:Rat Pack+1"],"picked":"ats:Shadow Assault","floor":44},{"not_picked":["ats:Echo Reverb+1","ats:Durian+1","ats:Roar Of Ursus"],"picked":"SKIP","floor":46},{"not_picked":["ats:Neurotoxin+1","ats:Powerful Strike","ats:Very Hot Blade"],"picked":"SKIP","floor":47},{"not_picked":["ats:Rat Pack+1","ats:Roar Of Ursus"],"picked":"ats:Calcification+1","floor":48}],"player_experience":122295,"relics_obtained":[{"floor":7,"key":"ats:Originium"},{"floor":7,"key":"Letter Opener"},{"floor":9,"key":"Ornamental Fan"},{"floor":10,"key":"ats:Originium"},{"floor":10,"key":"Toy Ornithopter"},{"floor":12,"key":"ats:Originium"},{"floor":12,"key":"Replay:Bottled Steam"},{"floor":14,"key":"Replay:Accelerometer"},{"floor":17,"key":"CeramicFish"},{"floor":17,"key":"Golden Egg"},{"floor":17,"key":"Calipers"},{"floor":20,"key":"Bronze Scales"},{"floor":23,"key":"ats:Originium"},{"floor":23,"key":"Garlic"},{"floor":25,"key":"Toxic Egg 2"},{"floor":26,"key":"Darkstone Periapt"},{"floor":27,"key":"ats:Berate"},{"floor":29,"key":"Oddly Smooth Stone"},{"floor":31,"key":"Thread and Needle"},{"floor":38,"key":"CaptainsWheel"},{"floor":41,"key":"Snack Pack"},{"floor":43,"key":"Pet Ghost"},{"floor":44,"key":"Replay:Bottled Flurry"},{"floor":45,"key":"Bag of Preparation"},{"floor":46,"key":"Shuriken"},{"floor":48,"key":"Strawberry"}],"event_choices":[],"is_beta":false,"boss_relics":[{"not_picked":["Abe\u0027s Treasure","ChewingGum"],"picked":"Calling Bell"},{"not_picked":["Velvet Choker","Runic Dome"],"picked":"ats:Omniscience"}],"items_purged_floors":[5],"is_endless":true,"potions_floor_spawned":[1,7,18,21,29,30,38,41,42,46],"killed_by":"Gensokyo:Yuyuko","ascension_level":0}}