{"host":"0mk07bycsqo1qk03","time":1611388054,"event":{"mods":["BaseMod","Downfall","Hermit","Hubris","Minty Spire (QoL Compilation)","StSLib","The Cursed"],"gold_per_floor":[99,99,199,199,199,34,58,87,100,117,132,132,32,51,61,164,164,164,180,194,194,194,194,241,241,259,259,273,273,258,258,271,368,368,368,368],"floor_reached":34,"language":"ENG","playtime":1695,"items_purged":[],"score":350,"play_id":"29f1ef40-1ecb-48cb-a851-0f69ac9308ca","local_time":"20210123084734","is_ascension_mode":false,"campfire_choices":[{"data":"bronze:Replicate","floor":1.0,"key":"SMITH"},{"floor":13.0,"key":"REST"},{"data":"expansioncontent:StudyTheSpire","floor":18.0,"key":"SMITH"},{"floor":25.0,"key":"REST"},{"data":"bronze:Verify","floor":29.0,"key":"SMITH"}],"circlet_count":0,"master_deck":["bronze:Replicate+1","bronze:Goto","bronze:CloningBeam","bronze:Frontload","bronze:Flail","expansioncontent:StudyTheSpire+1","bronze:Overheat","bronze:Fortify","bronze:Boost","bronze:FineTuning","bronze:Optimize","bronze:Branch","bronze:Verify+1","bronze:DelayedGuard+1","bronze:Deprecate+1","bronze:DelayedSlice","bronze:Repair","bronze:Frontload","bronze:Format"],"relics":["bronze:BronzeCore","downfall:HeartsMalice","downfall:ShatteredFragment","Smiling Mask","Matryoshka","downfall:HeartBlessingGreen","hubris:HollowSoul","Vajra","The Courier","Nunchaku","hubris:MysteriousPyramids","Strawberry","Letter Opener","Toy Ornithopter","Pandora\u0027s Box"],"acts_visited":["Exordium","TheCity"],"potions_floor_usage":[],"damage_taken":[{"damage":0.0,"enemies":"Jaw Worm","floor":2.0,"turns":1.0},{"damage":0.0,"enemies":"2 Louse","floor":4.0,"turns":1.0},{"damage":0.0,"enemies":"downfall:FleeingMerchant","floor":6.0,"turns":1.0},{"damage":8.0,"enemies":"Gremlin Nob","floor":8.0,"turns":5.0},{"damage":0.0,"enemies":"Cultist","floor":9.0,"turns":4.0},{"damage":12.0,"enemies":"Exordium Wildlife","floor":10.0,"turns":4.0},{"damage":6.0,"enemies":"Gremlin Gang","floor":11.0,"turns":2.0},{"damage":13.0,"enemies":"Exordium Thugs","floor":14.0,"turns":5.0},{"damage":9.0,"enemies":"Lots of Slimes","floor":15.0,"turns":4.0},{"damage":14.0,"enemies":"SI_SHIV_ARCHETYPE","floor":16.0,"turns":7.0},{"damage":18.0,"enemies":"Shell Parasite","floor":19.0,"turns":5.0},{"damage":1.0,"enemies":"Chosen","floor":20.0,"turns":6.0},{"damage":17.0,"enemies":"Snecko","floor":26.0,"turns":5.0},{"damage":9.0,"enemies":"Chosen and Byrds","floor":28.0,"turns":6.0},{"damage":0.0,"enemies":"downfall:FleeingMerchant","floor":30.0,"turns":4.0},{"damage":0,"enemies":"Sentry and Sphere","floor":32,"turns":5},{"damage":26,"enemies":"WA_ARCHETYPE_CALM","floor":33,"turns":13}],"seed_played":"-3687287606742130686","potions_obtained":[{"floor":8.0,"key":"SneckoOil"},{"floor":9.0,"key":"bronze:FreeFunctionsPotion"},{"floor":11.0,"key":"Energy Potion"},{"floor":15.0,"key":"LiquidMemories"},{"floor":16.0,"key":"Regen Potion"},{"floor":26.0,"key":"Fire Potion"},{"floor":33,"key":"EssenceOfSteel"}],"is_trial":false,"path_per_floor":["R","M","?","M","?","$","T","E","M","M","M","?","R","M","M","B",null,"R","M","M","T","?","$","T","R","M","?","M","R","$","?","M","B",null],"character_chosen":"THE_AUTOMATON","items_purchased":["expansioncontent:StudyTheSpire","Nunchaku","hubris:MysteriousPyramids","Strawberry"],"campfire_rested":2,"item_purchase_floors":[6,23,23,23],"current_hp_per_floor":[70,70,70,70,49,49,49,41,41,29,23,23,44,31,22,8,70,70,52,51,51,51,22,22,45,28,28,39,39,46,46,53,34,34,34,34],"gold":368,"neow_bonus":"THREE_ENEMY_KILL","is_daily":false,"chose_seed":false,"campfire_upgraded":3,"win_rate":0.0,"timestamp":1611388054,"path_taken":["R","M","?","M","?","$","T","E","M","M","?","?","R","M","M","BOSS","R","M","M","?","?","?","T","R","M","?","?","R","$","?","M","BOSS"],"items_purchased_type":["Card","Relic","Relic","Relic"],"build_version":"2020-12-22","purchased_purges":0,"victory":false,"max_hp_per_floor":[70,70,70,70,70,70,70,70,70,70,70,70,70,70,70,70,70,70,70,70,70,70,77,77,77,77,77,77,77,77,77,77,77,77,77,77],"card_choices":[{"not_picked":["bronze:NullPointer","bronze:Frontload"],"picked":"bronze:CloningBeam","floor":2.0},{"not_picked":["bronze:NullPointer","bronze:BitShift"],"picked":"bronze:Frontload","floor":4.0},{"not_picked":["bronze:Shield","bronze:BugBarrage"],"picked":"bronze:Flail","floor":6.0},{"not_picked":["bronze:Safeguard","bronze:BuggyMess"],"picked":"bronze:Overheat","floor":8.0},{"not_picked":["bronze:Safeguard","bronze:Overheat"],"picked":"bronze:Fortify","floor":9.0},{"not_picked":["bronze:Flail","bronze:DigitalCarnage"],"picked":"bronze:Boost","floor":10.0},{"not_picked":["bronze:Turbo","bronze:WildBeam"],"picked":"bronze:FineTuning","floor":11.0},{"not_picked":["bronze:OilSpill","bronze:Fortify"],"picked":"bronze:Optimize","floor":14.0},{"not_picked":["bronze:Shield","bronze:Flail"],"picked":"bronze:Branch","floor":15.0},{"not_picked":["bronze:BurnOut","bronze:ShipIt"],"picked":"bronze:Verify","floor":16.0},{"not_picked":["bronze:Turbo","bronze:NullPointer+1"],"picked":"bronze:DelayedGuard+1","floor":19.0},{"not_picked":["bronze:ChosenStrike","bronze:BugBarrage"],"picked":"bronze:Deprecate+1","floor":20.0},{"not_picked":["bronze:Flail","bronze:BuggyMess","bronze:DelayedGuard"],"picked":"SKIP","floor":26.0},{"not_picked":["bronze:Iterate","bronze:DelayedSlice+1"],"picked":"bronze:Repair","floor":28.0},{"not_picked":["bronze:Deprecate","bronze:ItsAFeature"],"picked":"bronze:Frontload","floor":30},{"not_picked":["bronze:BitShift+1","bronze:Repulsor","bronze:Philosophize+1"],"picked":"SKIP","floor":32},{"not_picked":["bronze:CleanCode","bronze:Virus"],"picked":"bronze:Format","floor":33}],"player_experience":952938,"relics_obtained":[{"floor":7.0,"key":"Smiling Mask"},{"floor":8.0,"key":"Matryoshka"},{"floor":21.0,"key":"Vajra"},{"floor":21.0,"key":"The Courier"},{"floor":24.0,"key":"Letter Opener"},{"floor":24.0,"key":"Toy Ornithopter"}],"event_choices":[{"damage_healed":0.0,"max_hp_gain":0.0,"max_hp_loss":0.0,"gold_gain":0.0,"event_name":"NoteForYourself","player_choice":"Ignored","floor":12.0,"gold_loss":0.0,"damage_taken":0.0},{"damage_healed":0.0,"max_hp_gain":0.0,"max_hp_loss":0.0,"gold_gain":0.0,"event_name":"The Library","player_choice":"Read","floor":27.0,"gold_loss":0.0,"damage_taken":0.0,"cards_obtained":["bronze:DelayedSlice"]}],"is_beta":false,"boss_relics":[{"not_picked":["SlaversCollar","hubris:VirtuousBlindfold"],"picked":"hubris:HollowSoul"},{"not_picked":["Fusion Hammer","hubris:CrackedHourglass"],"picked":"Pandora\u0027s Box"}],"items_purged_floors":[],"is_endless":false,"potions_floor_spawned":[8,9,11,15,16,26,33],"ascension_level":0}}