{"host":"njo8qgvy2a57fcny","time":1611407511,"event":{"mods":["Ascension Unlocker","Aspiration","BaseMod","BetterRewards","CCEM","Colored Map","Colored Powertips","Conspire","Custom Start","Downfall","GifTheSpireLib","Halation","Hermit","Hubris","Infinite Spire","Jedi Mod","Mimic Mod","Minty Spire (QoL Compilation)","Quick Restart","Random Character Button","Random Character Mod","Rare Cards Sparkle","Relic Sorter","Replay The Spire","Shop Mod","StSLib","Stuff the Spire","The Animator","The Jungle","The Runesmith","The Servant 0.9.4","vexMod"],"gold_per_floor":[109,122,397,407,207,207,256,256,324,365,365],"floor_reached":10,"language":"ENG","playtime":561,"items_purged":[],"score":141,"play_id":"185a09fa-fba3-458e-91bb-58331369bd2a","local_time":"20210124001151","is_ascension_mode":true,"campfire_choices":[{"data":"Potential","floor":6,"key":"SMITH"},{"floor":8,"key":"REST"}],"circlet_count":0,"master_deck":["AscendersBane","Strike_S","Strike_S","Strike_S","Strike_S","Defend_S","Defend_S","Defend_S","Defend_S","KidneyShot","Exchange","Twin Strike","Starlight","Regret","Potential+1","conspire:SpireCoStock","conspire:SpireCoStock","conspire:SpireCoStock","conspire:SpireCoStock","Rewind","Moonlight"],"relics":["Uniform","aspiration:Nostalgia","m_IronCrown","vexMod:FocusSash"],"acts_visited":["Exordium"],"potions_floor_usage":[4,10],"damage_taken":[{"damage":0,"enemies":"Small Slimes","floor":1,"turns":4},{"damage":11,"enemies":"Cultist","floor":2,"turns":4},{"damage":16,"enemies":"Jaw Worm","floor":4,"turns":4},{"damage":22,"enemies":"Blue Slaver","floor":7,"turns":6},{"damage":15,"enemies":"Large Slime","floor":9,"turns":11},{"damage":74,"enemies":"Gremlin Nob","floor":10,"turns":4}],"seed_played":"-9066922216837348834","potions_obtained":[{"floor":2,"key":"Languid Potion"},{"floor":4,"key":"Doom Potion"}],"is_trial":false,"path_per_floor":["M","M","?","M","?","R","M","R","MIM","E"],"character_chosen":"THE_SERVANT","items_purchased":[],"campfire_rested":1,"item_purchase_floors":[],"current_hp_per_floor":[60,55,55,45,45,45,29,47,38,0,0],"gold":365,"neow_bonus":"NOSTALGIA","is_daily":false,"chose_seed":false,"campfire_upgraded":1,"win_rate":0.0,"timestamp":1611407511,"path_taken":["M","M","?","?","?","R","M","R","MIM","E"],"items_purchased_type":[],"build_version":"2020-12-22","purchased_purges":0,"victory":false,"max_hp_per_floor":[60,60,60,60,60,60,60,60,60,60,60],"card_choices":[{"not_picked":["FastForward","TimeWarp"],"picked":"Twin Strike","floor":1},{"not_picked":["champ:DeathBlow","Revamp"],"picked":"Starlight","floor":2},{"not_picked":["Gouge","Advance"],"picked":"Potential","floor":4},{"not_picked":["Advance","Unruled"],"picked":"Rewind","floor":7},{"not_picked":["Collapse","Ricochet"],"picked":"Moonlight","floor":9}],"player_experience":674001,"relics_obtained":[{"floor":9,"key":"vexMod:FocusSash"}],"event_choices":[{"damage_healed":0,"gold_gain":275,"player_choice":"Desecrate","damage_taken":0,"max_hp_gain":0,"max_hp_loss":0,"event_name":"Golden Shrine","floor":3,"gold_loss":0,"cards_obtained":["Regret"]},{"damage_healed":0,"gold_gain":0,"player_choice":"Invest 4","damage_taken":0,"max_hp_gain":0,"max_hp_loss":0,"event_name":"conspire:Investor","floor":5,"gold_loss":0}],"is_beta":false,"boss_relics":[],"items_purged_floors":[],"is_endless":false,"potions_floor_spawned":[2,4],"killed_by":"Gremlin Nob","ascension_level":20}}