{"host":"1mv6gj0zv8k9e9tz","time":1611422520,"event":{"mods":["AchievementEnabler","BaseMod","Better Third Choice","Colored Map","KOR Keyword Fix","Minty Spire (QoL Compilation)","Permanent Neow","Rare Cards Sparkle","StSLib"],"gold_per_floor":[18,18,43,58,78,78,109,109,109,109,109,124,124,137,137,230,230,251,176,197,24,44,44,44],"floor_reached":23,"language":"KOR","playtime":778,"items_purged":[],"score":386,"play_id":"1ec99d31-81dd-4e47-8739-91243cc62f6e","local_time":"20210124022200","is_ascension_mode":true,"campfire_choices":[{"data":"Dagger Spray","floor":6.0,"key":"SMITH"},{"data":"Terror","floor":8.0,"key":"SMITH"},{"data":"Noxious Fumes","floor":10.0,"key":"SMITH"},{"data":"Neutralize","floor":13.0,"key":"SMITH"},{"data":"Corpse Explosion","floor":15.0,"key":"SMITH"}],"circlet_count":0,"master_deck":["AscendersBane","Strike_G","Strike_G","Strike_G","Strike_G","Defend_G","Defend_G","Defend_G","Defend_G","Survivor","Neutralize+1","Noxious Fumes+1","Dagger Spray+1","Terror+1","Riddle With Holes","PiercingWail","Corpse Explosion+1","Burst","Blur","Backflip","Deadly Poison","Deadly Poison","Escape Plan"],"relics":["Ring of the Snake","Du-Vu Doll","Golden Idol","Bottled Lightning","Bottled Tornado","Philosopher\u0027s Stone","Juzu Bracelet"],"acts_visited":["Exordium","TheCity"],"potions_floor_usage":[23,23],"damage_taken":[{"damage":1.0,"enemies":"Jaw Worm","floor":1.0,"turns":6.0},{"damage":7.0,"enemies":"Small Slimes","floor":3.0,"turns":5.0},{"damage":0.0,"enemies":"2 Louse","floor":4.0,"turns":3.0},{"damage":0.0,"enemies":"Exordium Thugs","floor":5.0,"turns":3.0},{"damage":19.0,"enemies":"3 Sentries","floor":7.0,"turns":6.0},{"damage":9.0,"enemies":"Red Slaver","floor":12.0,"turns":3.0},{"damage":1.0,"enemies":"2 Fungi Beasts","floor":14.0,"turns":3.0},{"damage":12.0,"enemies":"The Guardian","floor":16.0,"turns":8.0},{"damage":0.0,"enemies":"Chosen","floor":18.0,"turns":4.0},{"damage":18.0,"enemies":"Shell Parasite","floor":20.0,"turns":5.0},{"damage":4.0,"enemies":"Centurion and Healer","floor":22.0,"turns":3.0},{"damage":35,"enemies":"Book of Stabbing","floor":23,"turns":4}],"seed_played":"-3858388135662898037","potions_obtained":[{"floor":4.0,"key":"FearPotion"},{"floor":12.0,"key":"LiquidBronze"},{"floor":16.0,"key":"EntropicBrew"},{"floor":20.0,"key":"Explosive Potion"}],"is_trial":false,"path_per_floor":["M","?","M","M","M","R","E","R","T","R","?","M","R","M","R","B",null,"M","?","M","$","M","E"],"character_chosen":"THE_SILENT","items_purchased":["Juzu Bracelet"],"campfire_rested":0,"item_purchase_floors":[21],"current_hp_per_floor":[58,58,51,51,51,51,32,32,32,32,32,23,23,22,22,10,52,52,52,34,34,30,0,0],"gold":44,"neow_bonus":"ONE_RARE_RELIC","is_daily":false,"chose_seed":false,"campfire_upgraded":5,"win_rate":0.0,"timestamp":1611422520,"path_taken":["M","?","M","M","M","R","E","R","T","R","?","M","R","M","R","BOSS","M","?","M","$","M","E"],"items_purchased_type":["Relic"],"build_version":"2020-12-22","purchased_purges":0,"victory":false,"max_hp_per_floor":[66,66,66,66,66,66,66,66,66,66,66,66,66,66,66,66,66,66,66,66,66,66,66,66],"card_choices":[{"not_picked":["Dodge and Roll","Bane"],"picked":"Noxious Fumes","floor":1.0},{"not_picked":["Blur","Dodge and Roll","Eviscerate"],"picked":"SKIP","floor":3.0},{"not_picked":["Slice","Bane"],"picked":"Dagger Spray","floor":4.0},{"not_picked":["Sucker Punch","Poisoned Stab"],"picked":"Terror","floor":5.0},{"not_picked":["Caltrops","Footwork"],"picked":"Riddle With Holes","floor":7.0},{"not_picked":["Masterful Stab","Poisoned Stab"],"picked":"PiercingWail","floor":12.0},{"not_picked":["Flying Knee","Skewer"],"picked":"Corpse Explosion","floor":14.0},{"not_picked":["Envenom","Phantasmal Killer"],"picked":"Burst","floor":16.0},{"not_picked":["Cloak And Dagger","Blade Dance"],"picked":"Blur","floor":18.0},{"not_picked":["Choke","Expertise+1"],"picked":"Deadly Poison","floor":20.0},{"not_picked":["Blade Dance","Accuracy"],"picked":"Escape Plan","floor":22.0}],"player_experience":552346,"relics_obtained":[{"floor":7.0,"key":"Bottled Lightning"},{"floor":9.0,"key":"Bottled Tornado"}],"event_choices":[{"damage_healed":0.0,"max_hp_gain":0.0,"max_hp_loss":0.0,"gold_gain":0.0,"event_name":"Golden Idol","player_choice":"Take Wound","floor":2.0,"gold_loss":0.0,"damage_taken":0.0,"relics_obtained":["Golden Idol"],"cards_obtained":["Injury"]},{"cards_removed":["Injury"],"damage_healed":0.0,"max_hp_gain":0.0,"max_hp_loss":0.0,"gold_gain":0.0,"event_name":"Living Wall","player_choice":"Forget","floor":11.0,"gold_loss":0.0,"damage_taken":0.0},{"damage_healed":0.0,"max_hp_gain":0.0,"max_hp_loss":0.0,"gold_gain":0.0,"cards_transformed":["Strike_G","Defend_G"],"event_name":"Designer","player_choice":"Transformed Cards","floor":19.0,"gold_loss":75.0,"damage_taken":0.0,"cards_obtained":["Backflip","Deadly Poison"]}],"is_beta":false,"boss_relics":[{"not_picked":["Fusion Hammer","SacredBark"],"picked":"Philosopher\u0027s Stone"}],"items_purged_floors":[],"is_endless":false,"potions_floor_spawned":[4,12,16,20],"killed_by":"Book of Stabbing","ascension_level":20}}