{"host":"d66n7ln59ex8canu","time":1611376614,"event":{"mods":["AchievementEnabler","BaseMod","Colored Map","Minty Spire (QoL Compilation)","Quick Restart","StSLib"],"gold_per_floor":[216,216,42,61,61,96,96,147,147,222,105,105,105,132,132,232,282,295,307,307,317,242,242,242,242],"floor_reached":24,"language":"ENG","playtime":874,"items_purged":[],"score":270,"play_id":"6d53f75f-cd00-4959-944a-ae752e3e7d09","local_time":"20210122233654","is_ascension_mode":true,"campfire_choices":[{"data":"Zap","floor":7,"key":"SMITH"},{"floor":12,"key":"REST"},{"data":"Loop","floor":15,"key":"SMITH"},{"data":"White Noise","floor":23,"key":"SMITH"}],"circlet_count":0,"master_deck":["Strike_B","Strike_B","Strike_B+1","Strike_B","Defend_B+1","Defend_B","Defend_B","Defend_B+1","Zap+1","Dualcast","White Noise+1","Hologram","Cold Snap","FTL","Loop+1","Ball Lightning","Redo","Parasite","Glacier","Buffer+1","Self Repair+1","Hologram+1","Defragment+1"],"relics":["Cracked Core","Blood Vial","Dream Catcher","Toy Ornithopter","Dead Branch","Frozen Egg 2","Tiny House"],"acts_visited":["Exordium","TheCity"],"potions_floor_usage":[6,14,16,18,21,21,24],"damage_taken":[{"damage":9,"enemies":"2 Louse","floor":1,"turns":3},{"damage":6,"enemies":"Jaw Worm","floor":4,"turns":4},{"damage":22,"enemies":"Gremlin Nob","floor":6,"turns":4},{"damage":10,"enemies":"Lagavulin","floor":14,"turns":5},{"damage":23,"enemies":"Slime Boss","floor":16,"turns":5},{"damage":25,"enemies":"2 Thieves","floor":18,"turns":4},{"damage":20,"enemies":"Chosen","floor":19,"turns":8},{"damage":37,"enemies":"Shelled Parasite and Fungi","floor":21,"turns":15},{"damage":41,"enemies":"Gremlin Leader","floor":24,"turns":4}],"seed_played":"-1030129275277901329","potions_obtained":[{"floor":1,"key":"Weak Potion"},{"floor":6,"key":"DistilledChaos"},{"floor":14,"key":"Ancient Potion"},{"floor":16,"key":"SneckoOil"},{"floor":17,"key":"AttackPotion"},{"floor":18,"key":"DuplicationPotion"},{"floor":21,"key":"Block Potion"}],"is_trial":false,"path_per_floor":["M","?","$","M","?","E","R","T","T","?","$","R","?","E","R","B",null,"M","M","?","M","$","R","E"],"character_chosen":"DEFECT","items_purchased":["Blood Vial","Hologram","Loop","Ball Lightning","Defragment+1"],"campfire_rested":1,"item_purchase_floors":[3,3,11,11,22],"current_hp_per_floor":[59,59,59,55,40,20,20,20,20,9,9,31,49,46,46,30,69,51,43,43,28,28,28,0,0],"gold":242,"neow_bonus":"HUNDRED_GOLD","is_daily":false,"chose_seed":false,"campfire_upgraded":3,"win_rate":0.0,"timestamp":1611376614,"path_taken":["M","?","$","M","?","E","R","?","T","?","$","R","?","E","R","BOSS","M","M","?","M","$","R","E"],"items_purchased_type":["Relic","Card","Card","Card","Card"],"build_version":"2020-12-22","purchased_purges":0,"victory":false,"max_hp_per_floor":[75,75,75,75,75,75,75,75,75,75,75,75,75,75,75,75,80,80,80,80,80,80,80,80,80],"card_choices":[{"not_picked":["Barrage","Sunder"],"picked":"White Noise","floor":1},{"not_picked":["Leap","Compile Driver"],"picked":"Cold Snap","floor":4},{"not_picked":["Sunder","Sweeping Beam"],"picked":"FTL","floor":6},{"not_picked":["Leap","Go for the Eyes"],"picked":"Redo","floor":12},{"not_picked":["Streamline","Meteor Strike"],"picked":"Glacier","floor":14},{"not_picked":["Core Surge","Amplify"],"picked":"Buffer+1","floor":16},{"not_picked":["Go for the Eyes","Stack"],"picked":"Self Repair+1","floor":17},{"not_picked":["Turbo","Gash"],"picked":"Hologram+1","floor":18},{"not_picked":["Sunder+1","Rebound","Undo"],"picked":"SKIP","floor":19},{"not_picked":["Seek","Recycle","Stack"],"picked":"SKIP","floor":21}],"player_experience":341927,"relics_obtained":[{"floor":6,"key":"Dream Catcher"},{"floor":8,"key":"Toy Ornithopter"},{"floor":9,"key":"Dead Branch"},{"floor":14,"key":"Frozen Egg 2"}],"event_choices":[{"damage_healed":0,"gold_gain":0,"player_choice":"Leave","damage_taken":0,"max_hp_gain":0,"max_hp_loss":0,"event_name":"The Cleric","floor":2,"gold_loss":0},{"damage_healed":0,"gold_gain":0,"player_choice":"Entered Light","damage_taken":15,"max_hp_gain":0,"max_hp_loss":0,"event_name":"Shining Light","floor":5,"gold_loss":0,"cards_upgraded":["Defend_B","Strike_B"]},{"damage_healed":0,"gold_gain":75,"player_choice":"Gather Gold","damage_taken":11,"max_hp_gain":0,"max_hp_loss":0,"event_name":"World of Goop","floor":10,"gold_loss":0},{"damage_healed":18,"gold_gain":0,"player_choice":"Healed and dodged fight","damage_taken":0,"max_hp_gain":0,"max_hp_loss":0,"event_name":"Mushrooms","floor":13,"gold_loss":0,"cards_obtained":["Parasite"]},{"damage_healed":0,"gold_gain":0,"player_choice":"Ignored","damage_taken":0,"max_hp_gain":0,"max_hp_loss":0,"event_name":"Ghosts","floor":20,"gold_loss":0}],"is_beta":false,"boss_relics":[{"not_picked":["Empty Cage","FrozenCore"],"picked":"Tiny House"}],"items_purged_floors":[],"is_endless":false,"potions_floor_spawned":[1,6,14,16,18,21],"killed_by":"Gremlin Leader","ascension_level":7}}