{"host":"j4g6ia6asvpyu2b0","time":1611443474,"event":{"mods":["BaseMod","Colored Map","Minty Spire (QoL Compilation)","Permanent Neow","Quick Restart","Relic Stats","StSLib","Unceasing Turn Reminder"],"gold_per_floor":[114,114,126,144,155,189,41,41,41],"floor_reached":8,"language":"ENG","playtime":201,"items_purged":[],"score":104,"play_id":"a8f07cd5-6d2d-44d6-95bc-41c7566173a6","local_time":"20210123161114","is_ascension_mode":true,"campfire_choices":[],"circlet_count":0,"master_deck":["AscendersBane","Strike_B","Strike_B","Defend_B","Defend_B","Defend_B","Defend_B","Zap","Dualcast","Go for the Eyes","Electrodynamics+1","BootSequence","Conserve Battery","Coolheaded","Amplify","Cold Snap","Loop","Ball Lightning"],"relics":["Cracked Core","Pantograph"],"acts_visited":["Exordium"],"potions_floor_usage":[8],"damage_taken":[{"damage":7,"enemies":"Small Slimes","floor":1,"turns":3},{"damage":1,"enemies":"Cultist","floor":3,"turns":3},{"damage":0,"enemies":"2 Louse","floor":4,"turns":2},{"damage":0,"enemies":"Blue Slaver","floor":5,"turns":3},{"damage":51,"enemies":"Gremlin Nob","floor":6,"turns":5},{"damage":6,"enemies":"3 Sentries","floor":8,"turns":2}],"seed_played":"-7898444837890965098","potions_obtained":[{"floor":1,"key":"Swift Potion"}],"is_trial":false,"path_per_floor":["M","?","M","M","M","E","$","E"],"character_chosen":"DEFECT","items_purchased":["Cold Snap","Loop","Ball Lightning"],"campfire_rested":0,"item_purchase_floors":[7,7,7],"current_hp_per_floor":[57,57,56,56,56,5,5,0,0],"gold":41,"neow_bonus":"TRANSFORM_TWO_CARDS","is_daily":false,"chose_seed":false,"campfire_upgraded":0,"win_rate":0.0,"timestamp":1611443474,"path_taken":["M","?","?","M","M","E","?","E"],"items_purchased_type":["Card","Card","Card"],"build_version":"2020-12-22","purchased_purges":0,"victory":false,"max_hp_per_floor":[64,64,64,64,64,64,64,64,64],"relic_stats":{"counters":[6,18],"Pantograph":0,"obtain_stats":[{"Pantograph":6,"Cracked Core":0},{"Pantograph":5,"Cracked Core":0},{"Pantograph":16,"Cracked Core":0}]},"card_choices":[{"not_picked":["Steam","Sweeping Beam"],"picked":"BootSequence","floor":1},{"not_picked":["Rebound","Streamline"],"picked":"Conserve Battery","floor":3},{"not_picked":["Stack","Conserve Battery"],"picked":"Coolheaded","floor":4},{"not_picked":["Steam","Redo","Stack"],"picked":"SKIP","floor":5},{"not_picked":["Turbo","Recycle"],"picked":"Amplify","floor":6}],"player_experience":965141,"relics_obtained":[{"floor":6,"key":"Pantograph"}],"event_choices":[{"damage_healed":0,"gold_gain":0,"player_choice":"Upgraded","damage_taken":0,"max_hp_gain":0,"max_hp_loss":0,"event_name":"Upgrade Shrine","floor":2,"gold_loss":0,"cards_upgraded":["Electrodynamics"]}],"is_beta":false,"boss_relics":[],"items_purged_floors":[],"is_endless":false,"potions_floor_spawned":[1],"killed_by":"3 Sentries","ascension_level":16}}