{"host":"4eao2pkwlmv012cz","time":1611371710,"event":{"mods":["BaseMod","Colored Powertips","Minty Spire (QoL Compilation)","Permanent Neow","Quick Restart","Random Character Button","StSLib"],"gold_per_floor":[117,87,101,120,140,140,155,184,211,211,239,73,73,148,148,222,222,242,28,28,45,45,45,45,45],"floor_reached":24,"language":"ENG","playtime":1722,"items_purged":[],"score":433,"play_id":"74430720-2c9c-4300-82c3-42f2448dbbba","local_time":"20210122221510","is_ascension_mode":true,"campfire_choices":[{"data":"Streamline","floor":6,"key":"SMITH"},{"floor":10,"key":"REST"},{"data":"Static Discharge","floor":13,"key":"SMITH"},{"data":"Capacitor","floor":15,"key":"SMITH"},{"floor":23,"key":"REST"}],"circlet_count":0,"master_deck":["AscendersBane","Defend_B","Defend_B","Defend_B","Defend_B","Zap","Dualcast","Ball Lightning","Cold Snap+1","Leap","Static Discharge+1","Streamline+1","Hyperbeam+1","Electrodynamics","Capacitor+1","Capacitor","Reinforced Body","Creative AI","Barrage","Defragment","Lockon","Darkness","Bite","Bite","Bite","Bite","Bite"],"relics":["Cracked Core","Whetstone","Lantern","Toy Ornithopter","Fusion Hammer","Membership Card"],"acts_visited":["Exordium","TheCity"],"potions_floor_usage":[8,16,24,24],"damage_taken":[{"damage":2,"enemies":"Jaw Worm","floor":1,"turns":3},{"damage":0,"enemies":"Cultist","floor":3,"turns":3},{"damage":12,"enemies":"2 Louse","floor":4,"turns":3},{"damage":4,"enemies":"2 Fungi Beasts","floor":5,"turns":5},{"damage":11,"enemies":"Looter","floor":7,"turns":2},{"damage":6,"enemies":"Gremlin Nob","floor":8,"turns":3},{"damage":11,"enemies":"3 Sentries","floor":11,"turns":3},{"damage":18,"enemies":"The Guardian","floor":16,"turns":12},{"damage":19,"enemies":"Chosen","floor":18,"turns":4},{"damage":0,"enemies":"3 Byrds","floor":21,"turns":3},{"damage":65,"enemies":"Slavers","floor":24,"turns":3}],"seed_played":"8318780365909973358","potions_obtained":[{"floor":2,"key":"Dexterity Potion"},{"floor":2,"key":"Ancient Potion"},{"floor":5,"key":"BlessingOfTheForge"},{"floor":8,"key":"Fire Potion"},{"floor":16,"key":"Strength Potion"}],"is_trial":false,"path_per_floor":["M","?","M","M","M","R","M","E","T","R","E","$","R","?","R","B",null,"M","$","?","M","?","R","E"],"character_chosen":"DEFECT","items_purchased":["Capacitor","Reinforced Body","Membership Card","Defragment","Lockon"],"campfire_rested":2,"item_purchase_floors":[12,12,19,19,19],"current_hp_per_floor":[62,62,62,50,46,46,35,29,29,50,39,39,39,28,28,15,57,38,38,18,18,18,33,0,0],"gold":45,"neow_bonus":"THREE_CARDS","is_daily":false,"chose_seed":false,"campfire_upgraded":3,"win_rate":0.0,"timestamp":1611371710,"path_taken":["M","?","M","M","M","R","?","E","T","R","E","$","R","?","R","BOSS","M","$","?","M","?","R","E"],"items_purchased_type":["Card","Card","Relic","Card","Card"],"build_version":"2020-12-22","purchased_purges":0,"victory":false,"max_hp_per_floor":[71,71,71,71,71,71,71,71,71,71,71,71,71,71,71,71,71,71,71,76,76,53,53,53,53],"card_choices":[{"not_picked":["Gash","Force Field"],"picked":"Ball Lightning","floor":0},{"not_picked":["Force Field","Double Energy"],"picked":"Cold Snap","floor":1},{"not_picked":["Force Field","Steam"],"picked":"Leap","floor":3},{"not_picked":["Stack","Scrape"],"picked":"Static Discharge","floor":4},{"not_picked":["Hologram","Beam Cell"],"picked":"Streamline","floor":5},{"not_picked":["Beam Cell","Cold Snap"],"picked":"Hyperbeam","floor":7},{"not_picked":["Heatsinks","Streamline"],"picked":"Electrodynamics","floor":8},{"not_picked":["Beam Cell","Glacier"],"picked":"Capacitor","floor":11},{"not_picked":["Machine Learning","Core Surge"],"picked":"Creative AI","floor":16},{"not_picked":["BootSequence","Ball Lightning"],"picked":"Barrage","floor":18},{"not_picked":["Steam","Tempest"],"picked":"Darkness","floor":21}],"player_experience":2849557,"relics_obtained":[{"floor":8,"key":"Whetstone"},{"floor":9,"key":"Lantern"},{"floor":11,"key":"Toy Ornithopter"}],"event_choices":[{"damage_healed":0,"gold_gain":0,"player_choice":"Bought 2 Potions","damage_taken":0,"max_hp_gain":0,"max_hp_loss":0,"event_name":"The Woman in Blue","floor":2,"gold_loss":0},{"damage_healed":0,"gold_gain":75,"player_choice":"Gather Gold","damage_taken":11,"max_hp_gain":0,"max_hp_loss":0,"event_name":"World of Goop","floor":14,"gold_loss":0},{"damage_healed":0,"gold_gain":0,"player_choice":"Shed Blood","damage_taken":25,"max_hp_gain":5,"max_hp_loss":0,"event_name":"Forgotten Altar","floor":20,"gold_loss":0},{"damage_healed":0,"gold_gain":0,"player_choice":"Became a vampire","damage_taken":0,"max_hp_gain":0,"max_hp_loss":23,"event_name":"Vampires","floor":22,"gold_loss":0,"cards_obtained":["Bite","Bite","Bite","Bite","Bite"]}],"is_beta":false,"boss_relics":[{"not_picked":["Empty Cage","Philosopher\u0027s Stone"],"picked":"Fusion Hammer"}],"items_purged_floors":[],"is_endless":false,"potions_floor_spawned":[4,5,8,16,18],"killed_by":"Slavers","ascension_level":20}}