{"host":"nwz3l6urjvjue68a","time":1611374718,"event":{"mods":["Ascension Reborn","BaseMod","Better Note","Colored Map","Downfall","Energized Spire","Hermit","Hubris","Jorbs\u0027s Wanderer Trilogy","Marisa????????","Minty Spire (QoL Compilation)","READ ME - Guardian Mod","Replay The Spire","Shade Mod","StSLib","The Bladedancer","The Cursed","The Hayseed","The Poker Player","The Servant 0.9.4"],"gold_per_floor":[195,207,220,237,237,43,43,43,43,43],"floor_reached":8,"language":"ENG","playtime":451,"items_purged":[],"score":46,"play_id":"6f1a990d-d839-461d-a81c-981b846046d9","local_time":"20210123150518","is_ascension_mode":true,"campfire_choices":[],"circlet_count":0,"master_deck":["Slimebound:Strike_Slimebound","Slimebound:Strike_Slimebound+1","Slimebound:Strike_Slimebound","Slimebound:Tackle","Slimebound:Defend_Slimebound","Slimebound:Defend_Slimebound","Slimebound:Defend_Slimebound","Slimebound:Defend_Slimebound","Slimebound:Split+1","Slimebound:CorrosiveSpit","Slimebound:SplitMire","Slimebound:ViciousTackle+1","Slimebound:LeechEnergy+1","hubris:Lust","Slimebound:SlimeSpikes","Slimebound:GoopTackle"],"relics":["Slimebound:AbsorbEndCombat","Whetstone"],"acts_visited":["Exordium"],"potions_floor_usage":[6],"damage_taken":[{"damage":9,"enemies":"2 Louse","floor":2,"turns":2},{"damage":17,"enemies":"Cultist","floor":3,"turns":5},{"damage":25,"enemies":"Small Slimes","floor":4,"turns":3},{"damage":14,"enemies":"downfall:FleeingMerchant","floor":6,"turns":4},{"damage":24,"enemies":"Gremlin Nob","floor":8,"turns":2}],"seed_played":"-6096760320686166411","potions_obtained":[{"floor":3,"key":"hexamod:SoulburnPotion"}],"is_trial":false,"path_per_floor":["R_BF","M","M","M","?","$","T","E"],"character_chosen":"SLIMEBOUND","items_purchased":["Whetstone","Slimebound:GoopTackle"],"campfire_rested":0,"item_purchase_floors":[6,6],"current_hp_per_floor":[71,62,49,30,30,20,20,0,0,0],"gold":43,"neow_bonus":"TEN_PERCENT_HP_BONUS","is_daily":false,"chose_seed":false,"campfire_upgraded":0,"win_rate":0.0,"timestamp":1611374718,"path_taken":["R_BF","M","M","M","?","$","T","E"],"items_purchased_type":["Relic","Card"],"build_version":"2020-12-22","purchased_purges":0,"victory":false,"max_hp_per_floor":[71,71,71,71,71,71,71,71,71,71],"card_choices":[{"not_picked":["Slimebound:SlimeSpikes","Slimebound:SamplingLick"],"picked":"Slimebound:SplitMire","floor":2},{"not_picked":["Slimebound:PressTheAttack","Slimebound:SlimeBarrage"],"picked":"Slimebound:ViciousTackle","floor":3},{"not_picked":["Slimebound:ForwardTackle","Slimebound:Chomp"],"picked":"Slimebound:LeechEnergy","floor":4},{"not_picked":["Slimebound:RejuvenatingLick","Slimebound:LeechingTouch"],"picked":"Slimebound:SlimeSpikes","floor":6}],"player_experience":50547,"relics_obtained":[],"event_choices":[],"is_beta":false,"boss_relics":[],"items_purged_floors":[],"is_endless":false,"potions_floor_spawned":[3],"killed_by":"Gremlin Nob","ascension_level":0}}