{"host":"pe7ycb8t2t906so2","time":1611427195,"event":{"mods":["BaseMod","Colored Map","Highlight Path","Minty Spire (QoL Compilation)"],"gold_per_floor":[113,113,132,132,132,132,161,161,212,247,247,274,290,365,365,439,439,453,463,483,483,483,483,512,91,115,115,115,65,76,94,94,168,168,184,184,48,58,78,78,109,109,134,134,151,151,163,194,194,194],"floor_reached":51,"language":"FRA","playtime":2969,"items_purged":["Strike_P","Defend_P","LessonLearned"],"score":1366,"play_id":"c9e55f41-66b4-4ae8-9d8b-67c1db55c532","local_time":"20210123133955","is_ascension_mode":true,"campfire_choices":[{"floor":6,"key":"REST"},{"data":"Vigilance","floor":8,"key":"SMITH"},{"floor":11,"key":"REST"},{"data":"FlurryOfBlows","floor":15,"key":"SMITH"},{"floor":23,"key":"REST"},{"floor":32,"key":"REST"},{"data":"Devotion","floor":40,"key":"SMITH"},{"data":"FlurryOfBlows","floor":42,"key":"SMITH"},{"floor":44,"key":"REST"},{"floor":49,"key":"REST"}],"circlet_count":0,"master_deck":["AscendersBane","Defend_P","Defend_P","Defend_P+1","Eruption+1","Vigilance+1","Consecrate+1","WindmillStrike+1","EmptyFist+1","FlurryOfBlows+1","DevaForm","Tantrum+1","WheelKick+1","Brilliance+1","CutThroughFate","FlurryOfBlows","Dramatic Entrance","FlurryOfBlows+1","Devotion+1","Brilliance","Protect+1","Prostrate","ThirdEye+1","Shame","Evaluate","Adaptation"],"relics":["PureWater","Mango","Orichalcum","Lantern","Whetstone","Odd Mushroom","Astrolabe","MutagenicStrength","Pen Nib","Medical Kit","Smiling Mask","TeardropLocket","Cursed Key","Vajra","Blood Vial","CloakClasp"],"acts_visited":["Exordium","TheCity","TheBeyond"],"potions_floor_usage":[7,12,12,16,20,24,24,33,35,47,50],"damage_taken":[{"damage":0,"enemies":"Small Slimes","floor":1,"turns":2},{"damage":0,"enemies":"2 Louse","floor":3,"turns":4},{"damage":16,"enemies":"Gremlin Nob","floor":7,"turns":3},{"damage":18,"enemies":"3 Sentries","floor":10,"turns":10},{"damage":0,"enemies":"The Mushroom Lair","floor":12,"turns":3},{"damage":0,"enemies":"Jaw Worm","floor":13,"turns":3},{"damage":13,"enemies":"Hexaghost","floor":16,"turns":8},{"damage":6,"enemies":"Shell Parasite","floor":18,"turns":3},{"damage":5,"enemies":"Spheric Guardian","floor":19,"turns":3},{"damage":0,"enemies":"Centurion and Healer","floor":20,"turns":2},{"damage":27,"enemies":"Slavers","floor":24,"turns":3},{"damage":0,"enemies":"Snecko","floor":30,"turns":1},{"damage":18,"enemies":"Snake Plant","floor":31,"turns":3},{"damage":10,"enemies":"Automaton","floor":33,"turns":3},{"damage":0,"enemies":"3 Darklings","floor":35,"turns":1},{"damage":0,"enemies":"Orb Walker","floor":38,"turns":1},{"damage":16,"enemies":"Writhing Mass","floor":39,"turns":5},{"damage":0,"enemies":"Reptomancer","floor":41,"turns":3},{"damage":28,"enemies":"Maw","floor":45,"turns":6},{"damage":21,"enemies":"3 Darklings","floor":47,"turns":5},{"damage":26,"enemies":"Giant Head","floor":48,"turns":4},{"damage":52,"enemies":"Donu and Deca","floor":50,"turns":6}],"seed_played":"3272188273329187032","potions_obtained":[{"floor":3,"key":"LiquidBronze"},{"floor":10,"key":"EntropicBrew"},{"floor":16,"key":"Explosive Potion"},{"floor":18,"key":"Fire Potion"},{"floor":20,"key":"Strength Potion"},{"floor":24,"key":"AttackPotion"},{"floor":33,"key":"SkillPotion"},{"floor":38,"key":"LiquidMemories"}],"is_trial":false,"path_per_floor":["M","?","M","?","?","R","E","R","T","E","R","?","M","?","R","B",null,"M","M","M","?","?","R","E","$","T","T","?","$","M","M","R","B",null,"M","?","$","M","M","R","E","R","T","R","M","?","M","E","R","B",null],"character_chosen":"WATCHER","items_purchased":["LessonLearned","Dramatic Entrance","Medical Kit","DuplicationPotion"],"campfire_rested":6,"item_purchase_floors":[25,25,25,37],"current_hp_per_floor":[57,32,32,32,32,56,40,40,40,22,46,46,46,35,35,22,67,61,56,56,56,32,58,31,31,31,31,31,31,31,13,39,29,73,73,73,73,73,57,57,57,57,57,83,57,97,76,52,81,31],"gold":194,"neow_bonus":"ONE_RARE_RELIC","is_daily":false,"chose_seed":false,"campfire_upgraded":4,"win_rate":0.0,"timestamp":1611427195,"path_taken":["M","?","M","?","?","R","E","R","T","E","R","?","M","?","R","BOSS","M","M","M","?","?","R","E","$","T","?","?","$","?","M","R","BOSS","M","?","$","M","M","R","E","R","T","R","M","?","?","E","R","BOSS"],"items_purchased_type":["Card","Card","Relic","Potion"],"build_version":"2020-12-22","purchased_purges":3,"victory":true,"max_hp_per_floor":[82,82,82,82,82,82,82,82,82,82,82,82,82,82,82,82,82,82,82,82,82,87,87,87,87,87,87,87,87,87,87,87,87,87,87,87,87,87,87,87,87,87,87,87,87,97,97,97,97,97],"card_choices":[{"not_picked":["FlyingSleeves","EmptyMind"],"picked":"Consecrate","floor":1},{"not_picked":["Consecrate","Protect"],"picked":"WindmillStrike","floor":3},{"not_picked":["FlurryOfBlows","SignatureMove"],"picked":"EmptyFist","floor":7},{"not_picked":["PathToVictory","Conclude","DeceiveReality"],"picked":"SKIP","floor":10},{"not_picked":["Wish","CrushJoints"],"picked":"FlurryOfBlows","floor":13},{"not_picked":["Brilliance","DeusExMachina"],"picked":"DevaForm","floor":16},{"not_picked":["BowlingBash","Consecrate"],"picked":"CutThroughFate","floor":18},{"not_picked":["PathToVictory","EmptyFist"],"picked":"FlurryOfBlows","floor":19},{"not_picked":["ThirdEye","SignatureMove","Tantrum"],"picked":"SKIP","floor":20},{"not_picked":["Weave","Protect","Swivel"],"picked":"SKIP","floor":24},{"not_picked":["ClearTheMind","WaveOfTheHand"],"picked":"FlurryOfBlows","floor":30},{"not_picked":["DeceiveReality","WindmillStrike"],"picked":"Devotion","floor":31},{"not_picked":["Ragnarok","SpiritShield"],"picked":"Brilliance","floor":33},{"not_picked":["PathToVictory","FlurryOfBlows"],"picked":"Protect+1","floor":35},{"not_picked":["ReachHeaven+1","FlurryOfBlows"],"picked":"Prostrate","floor":38},{"not_picked":["SignatureMove","FollowUp"],"picked":"ThirdEye+1","floor":39},{"not_picked":["FlurryOfBlows","WheelKick"],"picked":"Establishment","floor":41},{"not_picked":["SashWhip","FollowUp","BowlingBash+1"],"picked":"SKIP","floor":45},{"not_picked":["CarveReality","Prostrate"],"picked":"Evaluate","floor":47},{"not_picked":["Halt","BattleHymn+1"],"picked":"Adaptation","floor":48}],"player_experience":924074,"relics_obtained":[{"floor":7,"key":"Orichalcum"},{"floor":9,"key":"Lantern"},{"floor":10,"key":"Whetstone"},{"floor":12,"key":"Odd Mushroom"},{"floor":24,"key":"Pen Nib"},{"floor":26,"key":"Smiling Mask"},{"floor":27,"key":"TeardropLocket"},{"floor":41,"key":"Vajra"},{"floor":43,"key":"Blood Vial"},{"floor":48,"key":"CloakClasp"}],"event_choices":[{"damage_healed":0,"gold_gain":0,"player_choice":"Entered Light","damage_taken":25,"max_hp_gain":0,"max_hp_loss":0,"event_name":"Shining Light","floor":2,"gold_loss":0,"cards_upgraded":["Defend_P","Eruption"]},{"damage_healed":0,"gold_gain":0,"player_choice":"Ignored","damage_taken":0,"max_hp_gain":0,"max_hp_loss":0,"event_name":"Golden Idol","floor":4,"gold_loss":0},{"damage_healed":0,"gold_gain":0,"player_choice":"Grow","damage_taken":0,"max_hp_gain":0,"max_hp_loss":0,"event_name":"Living Wall","floor":5,"gold_loss":0,"cards_upgraded":["WindmillStrike"]},{"damage_healed":0,"gold_gain":0,"player_choice":"Fought Mushrooms","damage_taken":0,"max_hp_gain":0,"max_hp_loss":0,"event_name":"Mushrooms","floor":12,"gold_loss":0},{"damage_healed":0,"gold_gain":75,"player_choice":"Gather Gold","damage_taken":11,"max_hp_gain":0,"max_hp_loss":0,"event_name":"World of Goop","floor":14,"gold_loss":0},{"damage_healed":0,"gold_gain":0,"player_choice":"Inject Mutagens","damage_taken":0,"relics_obtained":["MutagenicStrength"],"max_hp_gain":0,"max_hp_loss":0,"event_name":"Drug Dealer","floor":21,"gold_loss":0},{"damage_healed":0,"gold_gain":0,"player_choice":"Shed Blood","damage_taken":29,"max_hp_gain":5,"max_hp_loss":0,"event_name":"Forgotten Altar","floor":22,"gold_loss":0},{"damage_healed":0,"gold_gain":0,"player_choice":"Ignored","damage_taken":0,"max_hp_gain":0,"max_hp_loss":0,"event_name":"Vampires","floor":28,"gold_loss":0},{"damage_healed":0,"gold_gain":0,"player_choice":"Ignored","damage_taken":0,"max_hp_gain":0,"max_hp_loss":0,"event_name":"Tomb of Lord Red Mask","floor":36,"gold_loss":0},{"cards_removed":["Establishment"],"damage_healed":30,"gold_gain":0,"player_choice":"Offered Rare","damage_taken":0,"max_hp_gain":10,"max_hp_loss":0,"event_name":"Bonfire Elementals","floor":46,"gold_loss":0}],"is_beta":false,"boss_relics":[{"not_picked":["Busted Crown","Fusion Hammer"],"picked":"Astrolabe"},{"not_picked":["Tiny House","Runic Dome"],"picked":"Cursed Key"}],"items_purged_floors":[25,29,37],"is_endless":false,"potions_floor_spawned":[3,10,16,18,20,24,33,38,39,41],"ascension_level":16}}