{"host":"axt9lilpy33335yw","time":1611423767,"event":{"mods":["AchievementEnabler","Act Like it!","BaseMod","Colored Map","Decade(王小明)","Faster Ascension Climbing","Gensokyo","Gold Saver","Highlight Path","Infinite Spire","Marked Mod","Minty Spire (QoL Compilation)","Quick Restart","Rare Cards Sparkle","Replay The Spire","StSLib","The Hierophant","The Servant 0.9.4","vexMod","篝火指南"],"gold_per_floor":[115,115,115,115,115,143,154,154,154,179,194,206,219,237,237,342,342,359,359,359],"floor_reached":19,"language":"ZHS","playtime":1805,"items_purged":[],"score":229,"play_id":"729e5ab3-2acc-45fc-be4c-21fff24d007a","local_time":"20210124014247","is_ascension_mode":false,"campfire_choices":[{"data":"KamenRide","floor":8,"key":"SMITH"},{"data":"KamenRideRyuki","floor":15,"key":"SMITH"}],"circlet_count":0,"master_deck":["Decade_Attack","Decade_Attack","Decade_Attack","KamenRide+1","Decade_SpecialSkill","Decade_Defend","Decade_Defend","Decade_Defend","Decade_Defend","Blade_Metal","KamenRideKabuto","KamenRideBlade","Blade_Slash","Dragreder","KamenRideDenO","MirrorWorld","KamenRideRyuki+1","Blade_Beat","KamenRideAgito","UnarmedAttack4","Blade_Beat","Decade_Defend2","Decade_Dash2","DenO_Climax"],"relics":["Decadriver","TOEIDeficitBill","NeowsBlessing","Potion Belt","Replay:Bottled Snecko","Iron Hammer","Replay:Ringing Soul","Coffee Dripper","MirrorWorldRelic"],"acts_visited":["Gensokyo:Gensokyo","Gensokyo:Gensokyoer"],"potions_floor_usage":[14,16],"damage_taken":[{"damage":0,"enemies":"Gensokyo:2_Kodama","floor":1,"turns":1},{"damage":0,"enemies":"Gensokyo:Cirno","floor":6,"turns":2},{"damage":0,"enemies":"Gensokyo:Python","floor":7,"turns":1},{"damage":12,"enemies":"Gensokyo:Aya","floor":10,"turns":7},{"damage":0,"enemies":"Gensokyo:3_Fairies","floor":11,"turns":4},{"damage":1,"enemies":"Gensokyo:Python_and_Kodama","floor":12,"turns":4},{"damage":0,"enemies":"Gensokyo:2_Rabbits","floor":13,"turns":3},{"damage":14,"enemies":"Gensokyo:3_Kodama","floor":14,"turns":3},{"damage":25,"enemies":"Gensokyo:Yukari","floor":16,"turns":8},{"damage":10,"enemies":"Gensokyo:CosmicMonolith","floor":18,"turns":5},{"damage":47,"enemies":"Gensokyo:3_Dogs","floor":19,"turns":6}],"seed_played":"7182569945943580264","potions_obtained":[{"floor":1,"key":"Block Potion"},{"floor":7,"key":"Languid Potion"},{"floor":10,"key":"Adrenaline Potion"},{"floor":12,"key":"SpeedPotion"}],"is_trial":false,"path_per_floor":["M","?","?","?","?","E","M","R","T","E","M","M","M","M","R_BF","B",null,"M","M"],"character_chosen":"Decade","items_purchased":[],"campfire_rested":0,"item_purchase_floors":[],"current_hp_per_floor":[70,70,70,77,62,62,62,62,62,53,64,66,81,86,86,19,95,67,-7,-7],"gold":359,"neow_bonus":"THREE_ENEMY_KILL","is_daily":false,"chose_seed":false,"campfire_upgraded":2,"win_rate":0.0,"timestamp":1611423767,"path_taken":["M","?","?","?","?","E","M","R","T","E","M","M","?","M","R_BF","BOSS","M","?"],"items_purchased_type":[],"build_version":"2020-12-22","purchased_purges":0,"victory":false,"max_hp_per_floor":[70,70,70,77,77,77,77,77,77,80,83,86,89,92,92,95,95,95,95,95],"card_choices":[{"not_picked":["Hibiki_Attack2","KamenRideAgito"],"picked":"Blade_Metal","floor":1},{"not_picked":["FormRideStorm","Decade_Dash1"],"picked":"KamenRideKabuto","floor":6},{"not_picked":["FormRideBasshaa","RideBooker"],"picked":"KamenRideBlade","floor":6},{"not_picked":["DenO_Gun","DenO_Rod"],"picked":"Blade_Slash","floor":7},{"not_picked":["DenO_Ax","DenO_Sword"],"picked":"Dragreder","floor":7},{"not_picked":["FormRideBasshaa","Kiva_Swallow"],"picked":"KamenRideDenO","floor":10},{"not_picked":["FormRideTitan","RideBooker_Skill_3"],"picked":"MirrorWorld","floor":10},{"not_picked":["RideBooker_Skill_1","DenO_Rod"],"picked":"KamenRideRyuki","floor":11},{"not_picked":["DenO_Ax","AutoVajin"],"picked":"Blade_Beat","floor":11},{"not_picked":["FormRideGaruru","FormRideDogga"],"picked":"KamenRideAgito","floor":12},{"not_picked":["RideBooker_Skill_2","KamenRideDenO"],"picked":"UnarmedAttack4","floor":13},{"not_picked":["FormRideStorm","FormRideDragon"],"picked":"Blade_Beat","floor":13},{"not_picked":["AutoVajin","UnarmedAttack3"],"picked":"Decade_Defend2","floor":14},{"not_picked":["FormRideStorm","DenO_Gun"],"picked":"Decade_Dash2","floor":14},{"not_picked":["FormRideAxel","Kiva_Eat"],"picked":"DenO_Climax","floor":16}],"player_experience":10630,"relics_obtained":[{"floor":6,"key":"Replay:Bottled Snecko"},{"floor":9,"key":"Iron Hammer"},{"floor":10,"key":"Replay:Ringing Soul"}],"event_choices":[],"is_beta":false,"boss_relics":[{"not_picked":["SacredBark","ReplayTheSpireMod:SealedPack"],"picked":"Coffee Dripper"}],"items_purged_floors":[],"is_endless":false,"potions_floor_spawned":[1,7,10,12],"killed_by":"Gensokyo:3_Dogs","ascension_level":0}}