{"host":"sitjkmnle4og3x94","time":1611391986,"event":{"mods":["ATMod(°¢èªMod)","Act Like it!","BaseMod","Block Reminder","Downfall","Halation","Hubris","Library of Ruina","Library of Ruina Extra","Minty Spire (QoL Compilation)","MostiFishMod","Replay The Spire","StSLib","Waifu the Spire","¡¾ÒÅÎï¿¨ÅÆ¡¿REMEMod"],"gold_per_floor":[99,112,262,262,262,282,306,336,136,167,186,86,105,121,139,243,243,243,260,260,260,279,279,279,346,359,20,53,80,80,96,116,221,221,221,236,255,270,281,99,180,218,218,218,143,167,183,201,211,211,211,211,236,133,133,133,133,133,133],"floor_reached":57,"language":"ZHS","playtime":8296,"items_purged":["bronze:Strike","bronze:Strike","bronze:Strike","bronze:Defend","bronze:Defend"],"score":910,"play_id":"0056e908-01c4-4e53-a7b1-f19b5608c10f","local_time":"20210123165306","is_ascension_mode":false,"campfire_choices":[{"floor":1.0,"key":"RECALL"},{"data":"bronze:Replicate","floor":9.0,"key":"SMITH"},{"data":"bronze:Verify","floor":12.0,"key":"SMITH"},{"data":"bronze:Goto","floor":18.0,"key":"SMITH"},{"data":"bronze:ForLoop","floor":23.0,"key":"SMITH"},{"data":"bronze:Allocate","floor":35.0,"key":"SMITH"},{"data":"bronze:BurnOut","floor":44.0,"key":"SMITH"},{"data":"bronze:MaxOutput","floor":55,"key":"SMITH"}],"circlet_count":0,"master_deck":["bronze:Defend","bronze:Replicate+1","bronze:Goto+1","bronze:WhirlingStrike","bronze:ForLoop+1","bronze:BurnOut+1","bronze:Philosophize+1","bronze:Verify+1","bronze:BuggyMess+1","bronze:GetLatest","bronze:Format+1","bronze:BitShift+1","bronze:BronzeOrb+1","bronze:Overload+1","bronze:Assembly+1","bronze:CutThrough+1","bronze:Mutator","bronze:Allocate+1","bronze:Break+1","bronze:ClassDefault+1","bronze:Turbo+1","bronze:Fortify+1","bronze:Break+1","bronze:FineTuning+1","bronze:Branch","bronze:Safeguard+1","bronze:ShipIt+1","bronze:Safeguard","Panache","bronze:MaxOutput+1","bronze:Turbo"],"relics":["bronze:BronzeCore","AT_ATBox","DaveBox","REME_ComplimentaryCards","BirthdayGift-Icosahedron","Spirit Poop","AT_SilvercatRing","downfall:HeartBlessingRed","downfall:HeartBlessingGreen","AT_ArcaneBoots","downfall:HeartBlessingBlue","Replay:Drink Me","downfall:RedIOU","halation:TwoAmDonut","halation:LostSnail","Membership Card","ReplayTheSpireMod:Lightbulb","halation:BottledLove","Pet Ghost","hubris:BottledHeart","bronze:MakeshiftBattery","ImprovedEquipment","AT_DeathDance","OriginationStaff","halation:EternalFortune","Art of War","Lantern","BargainBundle","Toy Ornithopter","Replay:Baseball"],"acts_visited":["Exordium","TheCity","TheBeyond","TheEnding"],"potions_floor_usage":[54,56,56,56],"damage_taken":[{"damage":0.0,"enemies":"Jaw Worm","floor":2.0,"turns":2.0},{"damage":0.0,"enemies":"Cultist","floor":6.0,"turns":2.0},{"damage":9.0,"enemies":"3 Sentries","floor":8.0,"turns":3.0},{"damage":6.0,"enemies":"Lagavulin","floor":10.0,"turns":5.0},{"damage":0.0,"enemies":"Small Slimes","floor":11.0,"turns":2.0},{"damage":0.0,"enemies":"Exordium Wildlife","floor":13.0,"turns":2.0},{"damage":0.0,"enemies":"Exordium Thugs","floor":14.0,"turns":3.0},{"damage":0.0,"enemies":"Blue Slaver","floor":15.0,"turns":2.0},{"damage":64.0,"enemies":"SI_SHIV_ARCHETYPE","floor":16.0,"turns":7.0},{"damage":0.0,"enemies":"Chosen","floor":19.0,"turns":3.0},{"damage":0.0,"enemies":"Sentry and Sphere","floor":22.0,"turns":3.0},{"damage":15.0,"enemies":"downfall:FleeingMerchant","floor":25.0,"turns":4.0},{"damage":0.0,"enemies":"Chosen and Byrds","floor":26.0,"turns":2.0},{"damage":0.0,"enemies":"Replay:Snechameleon","floor":28.0,"turns":3.0},{"damage":0.0,"enemies":"Centurion and Healer","floor":31.0,"turns":3.0},{"damage":0.0,"enemies":"Shelled Parasite and Fungi","floor":32.0,"turns":2.0},{"damage":0.0,"enemies":"WA_ARCHETYPE_CALM","floor":33.0,"turns":3.0},{"damage":0.0,"enemies":"3 Shapes","floor":36.0,"turns":2.0},{"damage":0.0,"enemies":"Orb Walker","floor":37.0,"turns":1.0},{"damage":0.0,"enemies":"Maw","floor":38.0,"turns":4.0},{"damage":0.0,"enemies":"Jaw Worm Horde","floor":39.0,"turns":1.0},{"damage":0,"enemies":"Spire Growth","floor":47,"turns":2},{"damage":0,"enemies":"4 Shapes","floor":48,"turns":3},{"damage":0,"enemies":"Writhing Mass","floor":49,"turns":3},{"damage":0,"enemies":"DF_ARCHETYPE_ORBS","floor":50,"turns":5},{"damage":0,"enemies":"downfall:CharBossMerchant","floor":53,"turns":6},{"damage":0,"enemies":"downfall:NeowBoss","floor":56,"turns":11},{"damage":7,"enemies":"downfall:NeowBossFinal","floor":57,"turns":3}],"seed_played":"-6764987743628165077","potions_obtained":[{"floor":6.0,"key":"DuplicationPotion"},{"floor":8.0,"key":"SteroidPotion"},{"floor":10.0,"key":"Cursed Concoction"},{"floor":28.0,"key":"Ancient Potion"},{"floor":31.0,"key":"bronze:BurnAndBuffPotion"},{"floor":39.0,"key":"Adrenaline Potion"}],"is_trial":false,"path_per_floor":["R","M","?","T","?","M","T","E","R","E","M","R","M","M","M","B",null,"R","M","?","?","M","R","T","$","M","$","E","T","?","M","M","B",null,"R","M","M","M","M","$","T","?","?","R","$","T","M","M","M","B",null,null,"E","$","R","B","B"],"character_chosen":"THE_AUTOMATON","items_purchased":["halation:LostSnail","bronze:BronzeOrb","Membership Card","bronze:Assembly","ReplayTheSpireMod:Lightbulb","ImprovedEquipment","BargainBundle","bronze:Safeguard","Toy Ornithopter","Panache","REME_GoldPotion","bronze:BuildAFunctionPotion","bronze:MaxOutput","bronze:Turbo","Replay:Baseball"],"campfire_rested":0,"item_purchase_floors":[25,25,27,27,27,40,54,54,54,54,54,54,54,54,54],"current_hp_per_floor":[77,77,77,77,77,77,77,69,69,64,65,75,76,77,78,15,66,66,66,66,66,66,66,66,52,53,53,54,54,1,1,1,1,1,1,1,1,1,1,1,1,1,1,1,1,1,1,1,1,1,1,1,1,1,1,1,0,0,0],"gold":133,"neow_bonus":"TEN_PERCENT_HP_BONUS","is_daily":false,"chose_seed":false,"campfire_upgraded":7,"win_rate":0.0,"timestamp":1611391986,"path_taken":["R","M","?","?","?","?","T","E","R","E","M","R","M","M","M","BOSS","R","M","?","?","?","R","T","$","M","?","E","?","?","M","M","BOSS","R","M","M","M","M","$","T","?","?","R","?","?","?","M","M","BOSS","E","$","R","BOSS","BOSS"],"items_purchased_type":["Relic","Card","Relic","Card","Relic","Relic","Relic","Card","Relic","Card","Potion","Potion","Card","Card","Relic"],"build_version":"2020-12-22","purchased_purges":5,"victory":false,"max_hp_per_floor":[77,77,77,77,77,77,77,77,77,77,77,87,87,87,87,87,66,66,66,66,66,66,66,66,66,66,66,66,66,1,1,1,1,1,1,1,1,1,1,1,1,1,1,1,1,1,1,1,1,1,1,1,1,1,1,1,1,1,1],"card_choices":[{"not_picked":["bronze:Turbo","bronze:Invalidate"],"picked":"bronze:WhirlingStrike","floor":2.0},{"not_picked":["bronze:DigitalCarnage","bronze:WhirlingStrike"],"picked":"bronze:ForLoop","floor":6.0},{"not_picked":["bronze:DelayedSlice","bronze:FineTuning"],"picked":"bronze:BurnOut","floor":8.0},{"not_picked":["bronze:BuggyMess","bronze:Overheat"],"picked":"bronze:Philosophize","floor":10.0},{"not_picked":["bronze:BitShift","bronze:BugBarrage"],"picked":"bronze:Verify","floor":11.0},{"not_picked":["bronze:BugBarrage","bronze:Backtrace"],"picked":"bronze:BuggyMess","floor":13.0},{"not_picked":["bronze:BuggyMess","bronze:DelayedSlice"],"picked":"bronze:GetLatest","floor":14.0},{"not_picked":["bronze:ForLoop","bronze:Boost","bronze:Return"],"picked":"SKIP","floor":15.0},{"not_picked":["bronze:ShipIt","bronze:RecursiveStrike"],"picked":"bronze:Format","floor":16.0},{"not_picked":["bronze:FollowUp","bronze:WildBeam"],"picked":"bronze:BitShift+1","floor":19.0},{"not_picked":["bronze:DelayedSlice","bronze:BitShift","bronze:OilSpill"],"picked":"SKIP","floor":22.0},{"not_picked":["bronze:ChosenStrike","bronze:FollowUp","bronze:Deprecate"],"picked":"SKIP","floor":25.0},{"not_picked":["bronze:Invalidate+1","bronze:FollowUp+1"],"picked":"bronze:Overload+1","floor":26.0},{"not_picked":["bronze:FineTuning","bronze:Deprecate"],"picked":"bronze:CutThrough+1","floor":28.0},{"not_picked":["bronze:Frontload","bronze:FollowUp+1"],"picked":"bronze:Mutator","floor":31.0},{"not_picked":["bronze:Overheat+1","bronze:Frontload"],"picked":"bronze:Allocate","floor":32.0},{"not_picked":["bronze:Format","bronze:HardenedForm"],"picked":"bronze:Break","floor":33.0},{"not_picked":["bronze:ChildClass","bronze:WhirlingStrike+1"],"picked":"bronze:ClassDefault+1","floor":36.0},{"not_picked":["bronze:Deprecate","bronze:DelayedGuard"],"picked":"bronze:Turbo+1","floor":37.0},{"not_picked":["bronze:Turbo+1","bronze:BuggyMess"],"picked":"bronze:Fortify+1","floor":38.0},{"not_picked":["bronze:CloningBeam","bronze:Frontload"],"picked":"bronze:Break","floor":39.0},{"not_picked":["bronze:Overheat","bronze:BuggyMess+1"],"picked":"bronze:FineTuning+1","floor":42.0},{"not_picked":["bronze:BugBarrage","bronze:Shield"],"picked":"bronze:Branch","floor":47},{"not_picked":["bronze:BuggyMess","bronze:Fortify"],"picked":"bronze:Safeguard+1","floor":48},{"not_picked":["bronze:WildBeam","bronze:DelayedSlice","bronze:WhirlingStrike"],"picked":"SKIP","floor":49},{"not_picked":["bronze:CutThrough","bronze:FollowUp+1"],"picked":"bronze:ShipIt","floor":53}],"player_experience":718527,"relics_obtained":[{"floor":7.0,"key":"Bag of Preparation"},{"floor":8.0,"key":"AT_SilvercatRing"},{"floor":10.0,"key":"AT_SpeedBoots"},{"floor":24.0,"key":"halation:TwoAmDonut"},{"floor":28.0,"key":"halation:BottledLove"},{"floor":29.0,"key":"Pet Ghost"},{"floor":41.0,"key":"AT_DeathDance"},{"floor":42.0,"key":"OriginationStaff"},{"floor":46,"key":"Art of War"},{"floor":53,"key":"Lantern"}],"event_choices":[{"cards_removed":["downfall:Icky"],"damage_healed":0.0,"max_hp_gain":0.0,"max_hp_loss":0.0,"gold_gain":0.0,"event_name":"Bonfire Elementals","player_choice":"Offered Curse","floor":5.0,"gold_loss":0.0,"damage_taken":0.0,"relics_obtained":["Spirit Poop"]}],"is_beta":false,"boss_relics":[{"not_picked":["halation:HeavySnake","halation:CatFaceCupcake"],"picked":"Replay:Drink Me"},{"not_picked":["halation:SmartPhone","JellyFishMachine"],"picked":"bronze:MakeshiftBattery"}],"items_purged_floors":[25,27,40,45,54],"is_endless":false,"potions_floor_spawned":[6,8,10,14,22,28,31,33,36,38,39,48],"killed_by":"downfall:NeowBossFinal","ascension_level":0}}