{"host":"ko40t1o51xotjt2v","time":1611369898,"event":{"mods":["2.2 Compatiblity","AchievementEnabler","Aspiration","BaseMod","Better Match","Better Third Choice","Better Vampires","Conspire","Downfall","Energized Spire","GifTheSpireLib","Halation","Hubris","Jedi Mod","Minty Spire (QoL Compilation)","MostiFishMod","Spicy Shops","Spikes Relics","StSLib","Stuff the Spire","TestMod","vexMod","??????REMEMod"],"gold_per_floor":[99,99,99,99,99,99,99,125,37,52,52,65,33,33,48,149,149,149,168,188,202,202,202,225,225,225,225,77,88,106,106,126,231,281,81,99,113,113,113,129,152,177,177,77,92,92,104,116,132,132,132,163,50,50,50,50],"floor_reached":57,"language":"SPA","playtime":3182,"items_purged":["Guardian:CurlUp"],"score":1557,"play_id":"cff2767a-13b3-4748-bb5c-59a0d284b2de","local_time":"20210123034458","is_ascension_mode":false,"campfire_choices":[{"data":"Guardian:Emergency","floor":1,"key":"SMITH"},{"data":"Guardian:Suspension","floor":11,"key":"SMITH"},{"data":"Guardian:Clone","floor":18,"key":"SMITH"},{"data":"Guardian:TemporalStrike","floor":25,"key":"SMITH"},{"floor":35,"key":"RECALL"},{"data":"Guardian:TimeCapacitor","floor":44,"key":"SMITH"},{"data":"Guardian:TimeBomb","floor":54,"key":"SMITH"}],"circlet_count":0,"master_deck":["Guardian:Strike_Guardian","Guardian:Strike_Guardian","Guardian:Strike_Guardian","Guardian:Defend_Guardian+1","Guardian:Defend_Guardian","Guardian:Defend_Guardian","Guardian:TwinSlam","Guardian:Emergency+1","Guardian:Suspension+1","Iron Wave","Guardian:Reroute","Guardian:TemporalStrike+1","Guardian:BronzeOrb","Guardian:BronzeOrb","Guardian:Clone+1","Guardian:Incinerate","Guardian:StasisStrike","Guardian:TemporalShield+1","Guardian:TemporalStrike","Guardian:TimeCapacitor+1","Guardian:BodySlam+1","Guardian:TimeBomb+1"],"relics":["Guardian:ModeShifter","DaveBox","testmod-TestBox","REME_ComplimentaryCards","testmod-Antiphasic","PatriotShield","downfall:HeartsMalice","testmod-ConstraintPeriapt","Ancient Tea Set","Tiny Chest","StuffTheSpire:CocoNut","halation:YellowSoulGem","REME_DuelDisc","vexMod:BarristanHead","aspiration:Nostalgia","Cracked Core","vexMod:InvisibilityCloak","Tiny House","downfall:HeartBlessingGreen","downfall:HeartBlessingBlue","hubris:BundleOfHerbs","SpikesRelics:DaevaFist","conspire:DecoderRing","ShockBauble","downfall:HeartBlessingRed","Blood Vial"],"acts_visited":["Exordium","TheCity","TheBeyond","TheEnding"],"potions_floor_usage":[55,55,56],"damage_taken":[{"damage":0,"enemies":"Jaw Worm","floor":2,"turns":1},{"damage":0,"enemies":"Small Slimes","floor":3,"turns":1},{"damage":0,"enemies":"Cultist","floor":6,"turns":1},{"damage":0,"enemies":"Gremlin Nob","floor":8,"turns":2},{"damage":0,"enemies":"downfall:FleeingMerchant","floor":9,"turns":4},{"damage":0,"enemies":"2 Fungi Beasts","floor":10,"turns":1},{"damage":0,"enemies":"Blue Slaver","floor":12,"turns":1},{"damage":0,"enemies":"downfall:FleeingMerchant","floor":13,"turns":4},{"damage":0,"enemies":"Gremlin Gang","floor":15,"turns":2},{"damage":0,"enemies":"WA_ARCHETYPE_RETAIN","floor":16,"turns":3},{"damage":0,"enemies":"3 Byrds","floor":19,"turns":2},{"damage":0,"enemies":"Spheric Guardian","floor":20,"turns":1},{"damage":0,"enemies":"Shelled Parasite and Fungi","floor":21,"turns":2},{"damage":0,"enemies":"Centurion and Healer","floor":29,"turns":2},{"damage":0,"enemies":"Snecko","floor":30,"turns":1},{"damage":0,"enemies":"Chosen and Byrds","floor":32,"turns":1},{"damage":0,"enemies":"DF_ARCHETYPE_CLAW","floor":33,"turns":4},{"damage":0,"enemies":"3 Darklings","floor":36,"turns":1},{"damage":0,"enemies":"Orb Walker","floor":37,"turns":1},{"damage":0,"enemies":"4 Shapes","floor":40,"turns":1},{"damage":0,"enemies":"Nemesis","floor":42,"turns":1},{"damage":0,"enemies":"Transient","floor":45,"turns":5},{"damage":0,"enemies":"3 Darklings","floor":47,"turns":2},{"damage":0,"enemies":"Writhing Mass","floor":48,"turns":2},{"damage":0,"enemies":"Jaw Worm Horde","floor":49,"turns":1},{"damage":0,"enemies":"IC_BLOCK_ARCHETYPE","floor":50,"turns":6},{"damage":0,"enemies":"downfall:CharBossMerchant","floor":52,"turns":3},{"damage":0,"enemies":"downfall:NeowBoss","floor":55,"turns":2},{"damage":0,"enemies":"downfall:NeowBossFinal","floor":56,"turns":6}],"seed_played":"-4818392705392449074","potions_obtained":[{"floor":8,"key":"sneckomod:MuddlingPotion"},{"floor":10,"key":"hexamod:SoulburnPotion"},{"floor":12,"key":"champ:CounterPotion"},{"floor":16,"key":"AttackPotion"},{"floor":32,"key":"EntropicBrew"},{"floor":34,"key":"Guardian:AcceleratePotion"}],"is_trial":false,"path_per_floor":["R","M","M","?","?","M","T","E","$","M","R","M","$","?","M","B",null,"R","M","M","M","?","?","T","R","T","?","$","M","M","T","M","B",null,"R","M","M","$","T","M","T","E","T","R","M","$","M","M","M","B",null,"E","$","R","B","B",null],"character_chosen":"GUARDIAN","items_purchased":["Guardian:BronzeOrb","Guardian:Incinerate","Tiny Chest","StuffTheSpire:CocoNut","aspiration:Nostalgia","Guardian:TimeBomb"],"campfire_rested":0,"item_purchase_floors":[9,13,13,13,28,53],"current_hp_per_floor":[80,80,80,80,80,80,80,80,80,80,80,80,87,87,87,87,87,87,87,87,87,87,87,87,87,87,87,87,87,87,87,87,87,92,102,102,102,102,102,102,102,102,102,102,102,102,102,102,102,102,102,102,102,102,102,102],"gold":50,"neow_bonus":"THREE_ENEMY_KILL","is_daily":false,"chose_seed":false,"campfire_upgraded":6,"win_rate":0.0,"timestamp":1611369898,"path_taken":["R","M","M","?","?","M","T","E","$","?","R","?","$","?","M","BOSS","R","M","M","M","?","?","T","R","?","?","?","M","?","?","M","BOSS","R","M","M","?","?","?","T","E","?","R","M","$","?","?","M","BOSS","E","$","R","BOSS","BOSS"],"items_purchased_type":["Card","Card","Relic","Relic","Relic","Card"],"build_version":"2020-12-22","purchased_purges":1,"victory":true,"max_hp_per_floor":[80,80,80,80,80,80,80,80,80,80,80,80,87,87,87,87,87,87,87,87,87,87,87,87,87,87,87,87,87,87,87,87,87,92,102,102,102,102,102,102,102,102,102,102,102,102,102,102,102,102,102,102,102,102,102,102],"card_choices":[{"not_picked":["Guardian:RefractedBeam","Guardian:BronzeArmor"],"picked":"Guardian:Gem_Yellow","floor":2},{"not_picked":["Guardian:SpikerProtocol","Guardian:Harden"],"picked":"Guardian:Suspension","floor":3},{"not_picked":["Guardian:TemporalStrike","Guardian:Gem_Fragmented"],"picked":"Guardian:Reroute","floor":6},{"not_picked":["Guardian:Reroute","Guardian:Gem_Synthetic"],"picked":"Guardian:Gem_Yellow","floor":8},{"not_picked":["Guardian:Gem_Blue","Guardian:ConstructionForm"],"picked":"Guardian:TemporalStrike","floor":9},{"not_picked":["Guardian:RollAttack","Guardian:PrismaticBeam","Guardian:Gem_Red"],"picked":"SKIP","floor":10},{"not_picked":["Guardian:RollAttack","Guardian:TemporalShield"],"picked":"Guardian:BronzeOrb","floor":12},{"not_picked":["Guardian:Gem_Blue","Guardian:FloatingOrbs"],"picked":"Guardian:Clone","floor":13},{"not_picked":["Guardian:Emergency","Guardian:RefractedBeam"],"picked":"Guardian:Gem_Purple","floor":15},{"not_picked":["Guardian:Gem_Synthetic","Guardian:Gem_Orange"],"picked":"Guardian:StasisStrike","floor":16},{"not_picked":["Guardian:Recover","Guardian:PiercingHide+1","Guardian:RollAttack"],"picked":"SKIP","floor":19},{"not_picked":["Guardian:Planning+1","Guardian:CrystalBeam"],"picked":"Guardian:TemporalShield+1","floor":20},{"not_picked":["Guardian:CrystalBeam","Guardian:Repulse"],"picked":"Guardian:Gem_White","floor":21},{"not_picked":["Guardian:ConstructionForm","Guardian:Suspension"],"picked":"Guardian:TemporalStrike","floor":29},{"not_picked":["Guardian:SpikerProtocol","Guardian:ArmoredProtocol","Guardian:PiercingHide"],"picked":"SKIP","floor":30},{"not_picked":["Guardian:RollAttack","Guardian:VentSteam","Guardian:CrystalBeam"],"picked":"SKIP","floor":32},{"not_picked":["Guardian:Gem_Green","Guardian:Planning","Guardian:Clone"],"picked":"SKIP","floor":36},{"not_picked":["Guardian:Preprogram+1","Guardian:GuardianWhirl","Guardian:VentSteam+1"],"picked":"SKIP","floor":37},{"not_picked":["Guardian:Reroute","Guardian:TemporalStrike"],"picked":"Guardian:TimeCapacitor","floor":40},{"not_picked":["Guardian:Gem_Red","Guardian:ChargeCore","Guardian:Reroute"],"picked":"SKIP","floor":42},{"not_picked":["Guardian:PiercingHide","Guardian:PrimingBeam","Guardian:TemporalShield"],"picked":"SKIP","floor":45},{"not_picked":["Guardian:BodySlam+1","Guardian:RefractedBeam","Guardian:StasisStrike"],"picked":"SKIP","floor":47},{"not_picked":["Guardian:RefractedBeam","Guardian:StasisStrike"],"picked":"Guardian:BodySlam+1","floor":47},{"not_picked":["Guardian:PiercingHide","Guardian:Gem_Cyan","Guardian:PolyBeam"],"picked":"SKIP","floor":48},{"not_picked":["Guardian:Reroute","Guardian:Incinerate+1","Guardian:Gem_Fragmented"],"picked":"SKIP","floor":49},{"not_picked":["Guardian:Reroute+1","Guardian:Gem_Cyan","Guardian:Repulse"],"picked":"SKIP","floor":52}],"player_experience":438308,"relics_obtained":[{"floor":7,"key":"testmod-ConstraintPeriapt"},{"floor":8,"key":"Ancient Tea Set"},{"floor":24,"key":"vexMod:BarristanHead"},{"floor":31,"key":"vexMod:InvisibilityCloak"},{"floor":39,"key":"hubris:BundleOfHerbs"},{"floor":41,"key":"SpikesRelics:DaevaFist"},{"floor":42,"key":"conspire:DecoderRing"},{"floor":43,"key":"ShockBauble"},{"floor":52,"key":"Blood Vial"}],"event_choices":[{"damage_healed":0,"gold_gain":0,"player_choice":"Leave","damage_taken":0,"max_hp_gain":0,"max_hp_loss":0,"event_name":"conspire:Investor","floor":4,"gold_loss":0},{"cards_removed":["Guardian:Defend_Guardian"],"damage_healed":0,"gold_gain":0,"player_choice":"Took Card","damage_taken":0,"max_hp_gain":0,"max_hp_loss":0,"event_name":"NoteForYourself","floor":5,"gold_loss":0,"cards_obtained":["Iron Wave"]},{"cards_removed":["Guardian:Strike_Guardian"],"damage_healed":0,"gold_gain":0,"player_choice":"Offered Basic","damage_taken":0,"max_hp_gain":0,"max_hp_loss":0,"event_name":"Bonfire Elementals","floor":23,"gold_loss":0}],"is_beta":false,"boss_relics":[{"not_picked":["hubris:TerracottaHorce","jedi:hotpepper"],"picked":"REME_DuelDisc"},{"not_picked":["energizedSpire:SpiderWeb","CosmicIsotope"],"picked":"Tiny House"}],"items_purged_floors":[53],"is_endless":false,"potions_floor_spawned":[8,10,12,15,16,29,32,36,42,48],"ascension_level":0}}