{"host":"4kmvpqjeiacgn1pr","time":1611439831,"event":{"mods":["AchievementEnabler","BaseMod","Better Altar","Better Match","Better Note","Better Sensory Stone","Better Skull","Better Third Choice","Colored Map","Colored Powertips","Highlight Path","Minty Spire (QoL Compilation)","Permanent Neow","Rare Cards Sparkle","Replay The Spire","Spicy Shops","StSLib"],"gold_per_floor":[109,109,124,144,144,144,178,178,178,178,30,64,80,92,92,92,92],"floor_reached":16,"language":"ENG","playtime":665,"items_purged":[],"score":138,"play_id":"f37304fe-395e-4882-b38f-db9c05fec7a4","local_time":"20210123171031","is_ascension_mode":true,"campfire_choices":[{"data":"ReplayTheSpireMod:Limb From Limb","floor":6,"key":"SMITH"},{"floor":10,"key":"REST"},{"floor":15,"key":"DIG"}],"circlet_count":0,"master_deck":["Strike_R","Strike_R","Strike_R","Strike_R","Defend_R","Defend_R","Defend_R","Defend_R","Bash","Evolve","Anger","ReplayTheSpireMod:Limb From Limb+1","Battle Trance","Regret","Exhume","Delirium","Abandon","Immolate","Rupture"],"relics":["Burning Blood","Replay:Kaleidoscope","Incense Burner","White Beast Statue","Ring of Peace","Ring of Fury","Bottled Lightning","Strange Spoon","Matryoshka","Ancient Tea Set"],"acts_visited":["Exordium"],"potions_floor_usage":[12,12,13,16,16],"damage_taken":[{"damage":7,"enemies":"2 Louse","floor":1,"turns":3},{"damage":6,"enemies":"Cultist","floor":3,"turns":3},{"damage":0,"enemies":"Jaw Worm","floor":4,"turns":3},{"damage":49,"enemies":"Lagavulin","floor":7,"turns":8},{"damage":13,"enemies":"Gremlin Nob","floor":12,"turns":4},{"damage":6,"enemies":"Large Slime","floor":13,"turns":7},{"damage":0,"enemies":"Blue Slaver","floor":14,"turns":2},{"damage":50,"enemies":"The Guardian","floor":16,"turns":7}],"seed_played":"3469105393547276174","potions_obtained":[{"floor":3,"key":"SpeedPotion"},{"floor":4,"key":"Cursed Concoction"},{"floor":7,"key":"Regen Potion"},{"floor":12,"key":"HeartOfIron"},{"floor":13,"key":"SkillPotion"},{"floor":14,"key":"SkillPotion"}],"is_trial":false,"path_per_floor":["M","?","M","M","?","R","E","?","T","R","$","E","M","M","R_BF","B"],"character_chosen":"IRONCLAD","items_purchased":["Strange Spoon"],"campfire_rested":1,"item_purchase_floors":[11],"current_hp_per_floor":[55,55,55,61,61,61,18,18,18,42,42,44,44,50,50,0,0],"gold":92,"neow_bonus":"ONE_RARE_RELIC","is_daily":false,"chose_seed":false,"campfire_upgraded":1,"win_rate":0.0,"timestamp":1611439831,"path_taken":["M","?","?","M","?","R","E","?","T","R","?","E","M","M","R_BF","BOSS"],"items_purchased_type":["Relic"],"build_version":"2020-12-22","purchased_purges":0,"victory":false,"max_hp_per_floor":[80,80,80,80,80,80,80,80,80,80,80,80,80,80,80,80,80],"card_choices":[{"not_picked":["Havoc","Perfected Strike"],"picked":"Evolve","floor":1},{"not_picked":["Twin Strike","Blood for Blood"],"picked":"ReplayTheSpireMod:Limb From Limb","floor":3},{"not_picked":["Thunderclap","Heavy Blade"],"picked":"Battle Trance","floor":4},{"not_picked":["Shockwave","Twin Strike"],"picked":"Exhume","floor":7},{"not_picked":["Headbutt","Clothesline"],"picked":"Abandon","floor":12},{"not_picked":["Pommel Strike","Sever Soul"],"picked":"Immolate","floor":13},{"not_picked":["Clash","Twin Strike"],"picked":"Rupture","floor":14}],"player_experience":341296,"relics_obtained":[{"floor":7,"key":"White Beast Statue"},{"floor":8,"key":"Ring of Peace"},{"floor":8,"key":"Ring of Fury"},{"floor":9,"key":"Bottled Lightning"},{"floor":12,"key":"Matryoshka"},{"floor":15,"key":"Ancient Tea Set"}],"event_choices":[{"damage_healed":0,"gold_gain":0,"cards_transformed":["Strike_R"],"player_choice":"Transformed","damage_taken":0,"max_hp_gain":0,"max_hp_loss":0,"event_name":"Transmorgrifier","floor":2,"gold_loss":0,"cards_obtained":["Anger"]},{"damage_healed":0,"gold_gain":0,"player_choice":"Box","damage_taken":0,"relics_obtained":["Incense Burner"],"max_hp_gain":0,"max_hp_loss":0,"event_name":"Big Fish","floor":5,"gold_loss":0,"cards_obtained":["Regret"]}],"is_beta":false,"boss_relics":[],"items_purged_floors":[],"is_endless":false,"potions_floor_spawned":[3,4,7,12,13,14],"killed_by":"The Guardian","ascension_level":5}}