{"host":"ebj6lkgm8suah319","time":1611421689,"event":{"mods":["2.2 Compatiblity","AchievementEnabler","BaseMod","Block Reminder","Colored Map","Colored Powertips","Minty Spire (QoL Compilation)","Quick Restart","Rare Cards Sparkle","Relic Stats","SuperFastMode"],"gold_per_floor":[118,128,128,128,278,278,34,34,85,113,132,149,49,49,49,121,121,131,143,143,143,153,153,181,181,181,207,234,266,278,278],"floor_reached":30,"language":"ENG","playtime":494,"items_purged":["Doubt","Parasite"],"score":542,"play_id":"e1aa97b0-51ff-484f-813d-1054892c2d89","local_time":"20210123120809","is_ascension_mode":true,"campfire_choices":[{"data":"Bash","floor":6,"key":"SMITH"},{"data":"Perfected Strike","floor":15,"key":"SMITH"},{"data":"Uppercut","floor":23,"key":"SMITH"},{"floor":25,"key":"REST"}],"circlet_count":0,"master_deck":["AscendersBane","Strike_R","Strike_R+1","Strike_R","Strike_R","Defend_R+1","Defend_R","Defend_R","Defend_R","Bash+1","Twin Strike","Perfected Strike+1","Perfected Strike+1","Offering","Flame Barrier","Uppercut+1","Immolate","Disarm"],"relics":["Burning Blood","NeowsBlessing","Lantern","Bronze Scales","Singing Bowl","Mark of Pain","Boot","Darkstone Periapt","Charon\u0027s Ashes","MawBank"],"acts_visited":["Exordium","TheCity"],"potions_floor_usage":[22,24,30,30],"damage_taken":[{"damage":0,"enemies":"Cultist","floor":1,"turns":1},{"damage":0,"enemies":"Small Slimes","floor":2,"turns":1},{"damage":0,"enemies":"Gremlin Nob","floor":10,"turns":1},{"damage":2,"enemies":"2 Louse","floor":11,"turns":2},{"damage":18,"enemies":"Large Slime","floor":12,"turns":6},{"damage":62,"enemies":"Hexaghost","floor":16,"turns":9},{"damage":24,"enemies":"Shell Parasite","floor":18,"turns":4},{"damage":6,"enemies":"Spheric Guardian","floor":19,"turns":3},{"damage":17,"enemies":"3 Cultists","floor":22,"turns":4},{"damage":8,"enemies":"Slavers","floor":24,"turns":4},{"damage":21,"enemies":"Gremlin Leader","floor":27,"turns":4},{"damage":16,"enemies":"Centurion and Healer","floor":28,"turns":6},{"damage":23,"enemies":"Shelled Parasite and Fungi","floor":29,"turns":4},{"damage":10,"enemies":"Slavers","floor":30,"turns":1}],"seed_played":"8226745209159706999","potions_obtained":[{"floor":10,"key":"DistilledChaos"},{"floor":16,"key":"LiquidMemories"},{"floor":28,"key":"PowerPotion"},{"floor":29,"key":"Explosive Potion"}],"is_trial":false,"path_per_floor":["M","M","?","?","?","R","$","?","T","E","M","M","$","?","R","B",null,"M","M","T","?","M","R","E","R","T","E","M","M","E"],"character_chosen":"IRONCLAD","items_purchased":["Lantern"],"campfire_rested":1,"item_purchase_floors":[7],"current_hp_per_floor":[74,75,75,52,52,52,52,70,70,77,79,67,67,67,67,11,60,42,44,44,38,27,27,25,48,48,33,25,10,0,0],"gold":278,"neow_bonus":"THREE_ENEMY_KILL","is_daily":false,"chose_seed":false,"campfire_upgraded":3,"win_rate":0.0,"timestamp":1611421689,"path_taken":["M","?","?","?","?","R","$","?","T","E","M","M","$","?","R","BOSS","M","M","?","?","M","R","E","R","T","E","M","M","E"],"items_purchased_type":["Relic"],"build_version":"2020-12-22","purchased_purges":2,"victory":false,"max_hp_per_floor":[75,75,75,75,75,75,75,75,75,77,79,79,76,76,76,76,76,76,78,78,78,78,78,78,78,78,78,80,82,82,82],"relic_stats":{"Darkstone Periapt":0,"Singing Bowl":10,"counters":[14,50],"Bronze Scales":[119],"Charon\u0027s Ashes":[37],"Boot":[2],"MawBank":36,"obtain_stats":[{"Darkstone Periapt":24,"Lantern":7,"NeowsBlessing":0,"Singing Bowl":10,"Bronze Scales":9,"Mark of Pain":17,"Charon\u0027s Ashes":26,"Boot":20,"MawBank":27,"Burning Blood":0},{"Darkstone Periapt":10,"Lantern":2,"NeowsBlessing":0,"Singing Bowl":3,"Bronze Scales":2,"Mark of Pain":6,"Charon\u0027s Ashes":10,"Boot":8,"MawBank":11,"Burning Blood":0},{"Darkstone Periapt":35,"Lantern":2,"NeowsBlessing":0,"Singing Bowl":3,"Bronze Scales":2,"Mark of Pain":20,"Charon\u0027s Ashes":35,"Boot":27,"MawBank":39,"Burning Blood":0}],"Burning Blood":68},"card_choices":[{"not_picked":["Anger","Fire Breathing"],"picked":"Twin Strike","floor":1},{"not_picked":["Disarm","Twin Strike"],"picked":"Perfected Strike","floor":2},{"not_picked":["Bloodletting","Body Slam","Anger"],"picked":"Singing Bowl","floor":10},{"not_picked":["Dropkick","Dual Wield","Twin Strike"],"picked":"Singing Bowl","floor":11},{"not_picked":["Bloodletting","Fire Breathing"],"picked":"Perfected Strike","floor":12},{"not_picked":["Bludgeon","Corruption"],"picked":"Offering","floor":16},{"not_picked":["Headbutt+1","Shrug It Off"],"picked":"Flame Barrier","floor":18},{"not_picked":["Dual Wield","Havoc","Sword Boomerang"],"picked":"Singing Bowl","floor":19},{"not_picked":["Havoc","Body Slam"],"picked":"Uppercut","floor":22},{"not_picked":["Bloodletting","Twin Strike"],"picked":"Immolate","floor":24},{"not_picked":["Iron Wave","Wild Strike"],"picked":"Disarm","floor":27},{"not_picked":["Combust","Iron Wave","Blood for Blood"],"picked":"Singing Bowl","floor":28},{"not_picked":["Cleave","Heavy Blade","Perfected Strike"],"picked":"Singing Bowl","floor":29}],"player_experience":53751,"relics_obtained":[{"floor":9,"key":"Bronze Scales"},{"floor":10,"key":"Singing Bowl"},{"floor":20,"key":"Boot"},{"floor":24,"key":"Darkstone Periapt"},{"floor":26,"key":"Charon\u0027s Ashes"},{"floor":27,"key":"MawBank"}],"event_choices":[{"damage_healed":0,"gold_gain":0,"player_choice":"Grow","damage_taken":0,"max_hp_gain":0,"max_hp_loss":0,"event_name":"Living Wall","floor":3,"gold_loss":0,"cards_upgraded":["Perfected Strike"]},{"damage_healed":0,"gold_gain":0,"player_choice":"Entered Light","damage_taken":23,"max_hp_gain":0,"max_hp_loss":0,"event_name":"Shining Light","floor":4,"gold_loss":0,"cards_upgraded":["Defend_R","Strike_R"]},{"damage_healed":0,"gold_gain":150,"player_choice":"AGREE","damage_taken":0,"max_hp_gain":0,"max_hp_loss":0,"event_name":"Liars Game","floor":5,"gold_loss":0,"cards_obtained":["Doubt"]},{"damage_healed":18,"gold_gain":0,"player_choice":"Healed and dodged fight","damage_taken":0,"max_hp_gain":0,"max_hp_loss":0,"event_name":"Mushrooms","floor":8,"gold_loss":0,"cards_obtained":["Parasite"]},{"cards_removed":["Strike_R"],"damage_healed":0,"gold_gain":0,"player_choice":"Offered Basic","damage_taken":0,"max_hp_gain":0,"max_hp_loss":0,"event_name":"Bonfire Elementals","floor":14,"gold_loss":0},{"damage_healed":0,"gold_gain":0,"player_choice":"","damage_taken":6,"max_hp_gain":0,"max_hp_loss":0,"event_name":"Knowing Skull","floor":21,"potions_obtained":[],"gold_loss":0,"cards_obtained":[]}],"is_beta":false,"boss_relics":[{"not_picked":["SlaversCollar","Calling Bell"],"picked":"Mark of Pain"}],"items_purged_floors":[7,13],"is_endless":false,"potions_floor_spawned":[10,16,18,28,29],"killed_by":"Slavers","ascension_level":17}}