{"host":"mp3zbolja7t2zuvr","time":1611436284,"event":{"mods":["100% Spire Juice","AchievementEnabler","BaseMod","Curses Come First","Minty Spire (QoL Compilation)","Permanent Neow","Relic Stats","StSLib","Synergy Search","Uncapped"],"gold_per_floor":[18,33,44,62,75,25,56,56,83,83,93,109,143,154,34,133,133,23,35,55,69,85,85,85],"floor_reached":23,"language":"ENG","playtime":1270,"items_purged":[],"score":211,"play_id":"79f599df-f018-4892-97bd-fe3cd2965235","local_time":"20210123161124","is_ascension_mode":false,"campfire_choices":[{"data":"Moonworks:SweetBattle","floor":10,"key":"SMITH"},{"data":"Moonworks:CompletionReward","floor":15,"key":"SMITH"}],"circlet_count":0,"master_deck":["Moonworks:Strike","Moonworks:Strike","Moonworks:Defend","Moonworks:Defend","Moonworks:Defend","Moonworks:Defend","Moonworks:Ambush","Moonworks:LongDistanceShot","Moonworks:JonathanRush","Moonworks:CookingTime","Moonworks:SweetBattle+1","Moonworks:LulusLuckyEgg","Moonworks:JonathanRush","Moonworks:BackdoorTrade","Moonworks:BackdoorTrade","Moonworks:CompletionReward+1","Moonworks:SakisCookie","Moonworks:MetallicMonocoque","Moonworks:CloudOfSeagulls+1","Moonworks:EvilSpyWorkPreparation","Moonworks:NicePresent","Moonworks:WeAreWaruda"],"relics":["Moonworks:BrokenBomb","Moonworks:Homemark","Lizard Tail","Gremlin Horn","Oddly Smooth Stone","Sozu"],"acts_visited":["Exordium","TheCity"],"potions_floor_usage":[12,13,13,23,23],"damage_taken":[{"damage":1,"enemies":"2 Louse","floor":1,"turns":3},{"damage":3,"enemies":"Small Slimes","floor":2,"turns":3},{"damage":0,"enemies":"Cultist","floor":3,"turns":4},{"damage":13,"enemies":"Blue Slaver","floor":4,"turns":5},{"damage":2,"enemies":"Gremlin Gang","floor":5,"turns":6},{"damage":20,"enemies":"3 Sentries","floor":7,"turns":10},{"damage":7,"enemies":"2 Fungi Beasts","floor":11,"turns":4},{"damage":12,"enemies":"Large Slime","floor":12,"turns":5},{"damage":23,"enemies":"Gremlin Nob","floor":13,"turns":5},{"damage":0,"enemies":"3 Louse","floor":14,"turns":2},{"damage":31,"enemies":"Hexaghost","floor":16,"turns":10},{"damage":30,"enemies":"Shell Parasite","floor":18,"turns":6},{"damage":0,"enemies":"3 Byrds","floor":19,"turns":5},{"damage":9,"enemies":"Centurion and Healer","floor":20,"turns":6},{"damage":36,"enemies":"Cultist and Chosen","floor":21,"turns":8},{"damage":28,"enemies":"Snake Plant","floor":22,"turns":5},{"damage":12,"enemies":"Book of Stabbing","floor":23,"turns":3}],"seed_played":"-6586556945514050348","potions_obtained":[{"floor":3,"key":"Explosive Potion"},{"floor":5,"key":"Explosive Potion"},{"floor":12,"key":"ColorlessPotion"},{"floor":13,"key":"SneckoOil"},{"floor":14,"key":"SpeedPotion"},{"floor":16,"key":"PowerPotion"}],"is_trial":false,"path_per_floor":["M","M","M","M","M","?","E","?","T","R","M","M","E","M","R","B",null,"M","M","M","M","M","E"],"character_chosen":"THE_STARBREAKER","items_purchased":[],"campfire_rested":0,"item_purchase_floors":[],"current_hp_per_floor":[59,56,59,48,53,53,40,40,40,40,36,31,17,20,20,30,60,39,44,44,26,12,7,7],"gold":85,"neow_bonus":"ONE_RARE_RELIC","is_daily":false,"chose_seed":false,"campfire_upgraded":2,"win_rate":0.0,"timestamp":1611436284,"path_taken":["M","M","M","M","M","?","E","?","T","R","M","M","E","M","R","BOSS","M","M","M","M","M","E"],"items_purchased_type":[],"build_version":"2020-12-22","purchased_purges":0,"victory":false,"max_hp_per_floor":[60,60,60,60,60,60,60,60,60,60,60,60,60,60,60,60,60,60,60,60,60,60,60,60],"relic_stats":{"Sozu":2,"Lizard Tail":30,"Gremlin Horn":[8,8],"counters":[17,90],"obtain_stats":[{"Sozu":17,"Lizard Tail":0,"Gremlin Horn":7,"Moonworks:Homemark":0,"Oddly Smooth Stone":13,"Moonworks:BrokenBomb":0},{"Sozu":11,"Lizard Tail":0,"Gremlin Horn":6,"Moonworks:Homemark":0,"Oddly Smooth Stone":9,"Moonworks:BrokenBomb":0},{"Sozu":57,"Lizard Tail":0,"Gremlin Horn":31,"Moonworks:Homemark":0,"Oddly Smooth Stone":45,"Moonworks:BrokenBomb":0}]},"card_choices":[{"not_picked":["Moonworks:BigMagnum","Moonworks:IndiscriminateFireSupport"],"picked":"Moonworks:JonathanRush","floor":1},{"not_picked":["Moonworks:IndiscriminateFireSupport","Moonworks:EvilSpyWorkPreparation"],"picked":"Moonworks:CookingTime","floor":2},{"not_picked":["Moonworks:SealedMemories","Moonworks:SakisCookie"],"picked":"Moonworks:SweetBattle","floor":3},{"not_picked":["Moonworks:x16BigRocket","Moonworks:BindingChains"],"picked":"Moonworks:LulusLuckyEgg","floor":4},{"not_picked":["Moonworks:ImOnFire","Moonworks:AngelHand"],"picked":"Moonworks:JonathanRush","floor":5},{"not_picked":["Moonworks:IntelligenceOfficer","Moonworks:CastOff"],"picked":"Moonworks:BackdoorTrade","floor":7},{"not_picked":["Moonworks:ImOnFire","Moonworks:Assault","Moonworks:BindingChains"],"picked":"SKIP","floor":11},{"not_picked":["Moonworks:DeployBits","Moonworks:IndiscriminateFireSupport","Moonworks:ExtendedPhotonRifle"],"picked":"SKIP","floor":12},{"not_picked":["Moonworks:ImOnFire","Moonworks:StarBlastingFuse"],"picked":"Moonworks:CompletionReward","floor":13},{"not_picked":["Moonworks:SelfDestruct","Moonworks:DeployBits"],"picked":"Moonworks:SakisCookie","floor":14},{"not_picked":["Moonworks:ShieldCounter","Moonworks:GoAway"],"picked":"Moonworks:MetallicMonocoque","floor":16},{"not_picked":["Moonworks:ImOnFire","Moonworks:Assault"],"picked":"Moonworks:CloudOfSeagulls+1","floor":18},{"not_picked":["Moonworks:IndiscriminateFireSupport+1","Moonworks:ImOnFire+1"],"picked":"Moonworks:EvilSpyWorkPreparation","floor":19},{"not_picked":["Moonworks:SakisCookie","Moonworks:UnpaidWork+1","Moonworks:Assault+1"],"picked":"SKIP","floor":20},{"not_picked":["Moonworks:Poppoformation","Moonworks:DeployBits"],"picked":"Moonworks:NicePresent","floor":21},{"not_picked":["Moonworks:EvilSpyWorkPreparation+1","Moonworks:Assault"],"picked":"Moonworks:WeAreWaruda","floor":22}],"player_experience":120974,"relics_obtained":[{"floor":7,"key":"Gremlin Horn"},{"floor":13,"key":"Oddly Smooth Stone"}],"event_choices":[{"cards_removed":["Moonworks:Strike"],"damage_healed":0,"gold_gain":0,"player_choice":"Card Removal","damage_taken":0,"max_hp_gain":0,"max_hp_loss":0,"event_name":"The Cleric","floor":6,"gold_loss":50},{"damage_healed":0,"gold_gain":0,"cards_transformed":["Moonworks:Strike"],"player_choice":"Transformed","damage_taken":0,"max_hp_gain":0,"max_hp_loss":0,"event_name":"Transmorgrifier","floor":8,"gold_loss":0,"cards_obtained":["Moonworks:BackdoorTrade"]}],"is_beta":false,"boss_relics":[{"not_picked":["Velvet Choker","Calling Bell"],"picked":"Sozu"}],"items_purged_floors":[],"is_endless":false,"potions_floor_spawned":[3,5,12,13,14,16,18,22],"killed_by":"Book of Stabbing","ascension_level":0}}