{"host":"l60rmjjsfi0fipmi","time":1611413957,"event":{"mods":["BaseMod","Colored Map","DeckTracker","Hermit","Highlight Path","Jorbs\u0027s Wanderer Trilogy","Minty Spire (QoL Compilation)","StSLib","The Cursed","The Servant 0.9.4"],"gold_per_floor":[113,129,139,149,210,210,244,244,291,309,309,309,327,340,340,437,437,454,466,484,29,29,29,29,29],"floor_reached":24,"language":"ENG","playtime":2195,"items_purged":["hermit:Defend_Hermit"],"score":200,"play_id":"01e07b68-7446-4e03-bd45-3dc93df13a4b","local_time":"20210123095917","is_ascension_mode":false,"campfire_choices":[{"data":"hermit:Quickdraw","floor":6,"key":"SMITH"},{"data":"hermit:Headshot","floor":8,"key":"SMITH"},{"floor":11,"key":"REST"},{"data":"hermit:FatalDesire","floor":15,"key":"SMITH"},{"floor":23,"key":"REST"}],"circlet_count":0,"master_deck":["hermit:Strike_Hermit","hermit:Strike_Hermit","hermit:Strike_Hermit","hermit:Strike_Hermit","hermit:Defend_Hermit","hermit:Defend_Hermit","hermit:Defend_Hermit","hermit:Snapshot+1","hermit:Covet","hermit:LoneWolf","hermit:Dive","hermit:TrackingShot","hermit:Quickdraw+1","hermit:Headshot+1","hermit:Coalescence","hermit:Enervate","hermit:FatalDesire+1","hermit:Adapt","hermit:PistolWhip","hermit:Vantage","hermit:TakeAim","hermit:Ricochet"],"relics":["hermit:Momento","White Beast Statue","PreservedInsect","Orichalcum","Sling"],"acts_visited":["Exordium","TheCity"],"potions_floor_usage":[7],"damage_taken":[{"damage":0,"enemies":"Small Slimes","floor":1,"turns":3},{"damage":0,"enemies":"2 Louse","floor":2,"turns":1},{"damage":0,"enemies":"Cultist","floor":3,"turns":3},{"damage":6,"enemies":"Blue Slaver","floor":4,"turns":5},{"damage":23,"enemies":"Gremlin Nob","floor":7,"turns":5},{"damage":23,"enemies":"Gremlin Gang","floor":10,"turns":6},{"damage":0,"enemies":"Exordium Thugs","floor":13,"turns":4},{"damage":0,"enemies":"2 Fungi Beasts","floor":14,"turns":2},{"damage":33,"enemies":"Hexaghost","floor":16,"turns":15},{"damage":7,"enemies":"Chosen","floor":18,"turns":5},{"damage":42,"enemies":"3 Byrds","floor":19,"turns":10},{"damage":26,"enemies":"Centurion and Healer","floor":20,"turns":8},{"damage":34,"enemies":"Snake Plant","floor":24,"turns":4}],"seed_played":"4460489172664506659","potions_obtained":[{"floor":1,"key":"Block Potion"},{"floor":3,"key":"FearPotion"},{"floor":10,"key":"LiquidMemories"},{"floor":13,"key":"SteroidPotion"},{"floor":18,"key":"Explosive Potion"},{"floor":22,"key":"hermit:BlackBile"}],"is_trial":false,"path_per_floor":["M","M","M","M","?","R","E","R","T","M","R","?","M","M","R","B",null,"M","M","M","$","?","R","M"],"character_chosen":"HERMIT","items_purchased":["hermit:TakeAim","Orichalcum","Sling","hermit:Ricochet"],"campfire_rested":2,"item_purchase_floors":[21,21,21,21],"current_hp_per_floor":[82,82,82,76,76,76,53,53,53,30,54,54,54,54,54,21,82,75,33,7,7,7,31,0,0],"gold":29,"neow_bonus":"TEN_PERCENT_HP_BONUS","is_daily":false,"chose_seed":false,"campfire_upgraded":3,"win_rate":0.0,"timestamp":1611413957,"path_taken":["M","M","M","M","?","R","E","R","T","M","R","?","M","M","R","BOSS","M","M","M","$","?","R","?"],"items_purchased_type":["Card","Relic","Relic","Card"],"build_version":"2020-12-22","purchased_purges":1,"victory":false,"max_hp_per_floor":[82,82,82,82,82,82,82,82,82,82,82,82,82,82,82,82,82,82,82,82,82,82,82,82,82],"card_choices":[{"not_picked":["hermit:Manifest","hermit:Roulette"],"picked":"hermit:LoneWolf","floor":1},{"not_picked":["hermit:Coalescence","hermit:HighCaliber"],"picked":"hermit:Dive","floor":2},{"not_picked":["hermit:LowProfile","hermit:Roulette"],"picked":"hermit:TrackingShot","floor":3},{"not_picked":["hermit:Feint","hermit:Manifest"],"picked":"hermit:Quickdraw","floor":4},{"not_picked":["hermit:Spite","hermit:Feint"],"picked":"hermit:Headshot","floor":7},{"not_picked":["hermit:Virtue","hermit:BodyArmor"],"picked":"hermit:Coalescence","floor":10},{"not_picked":["hermit:Ricochet","hermit:Misfire"],"picked":"hermit:Enervate","floor":13},{"not_picked":["hermit:Headshot","hermit:Spite"],"picked":"hermit:FatalDesire","floor":14},{"not_picked":["hermit:DeadOrAlive","hermit:FromBeyond"],"picked":"hermit:Adapt","floor":16},{"not_picked":["hermit:Dive","hermit:SprayPray","hermit:Spite"],"picked":"SKIP","floor":18},{"not_picked":["hermit:Showdown","hermit:Gestalt"],"picked":"hermit:PistolWhip","floor":19},{"not_picked":["hermit:Coalescence","hermit:Roulette"],"picked":"hermit:Vantage","floor":20}],"player_experience":567749,"relics_obtained":[{"floor":7,"key":"White Beast Statue"},{"floor":9,"key":"PreservedInsect"}],"event_choices":[{"damage_healed":0,"gold_gain":61,"player_choice":"Gained Gold","damage_taken":0,"max_hp_gain":0,"max_hp_loss":0,"event_name":"Golden Wing","floor":5,"gold_loss":0},{"damage_healed":0,"gold_gain":0,"player_choice":"Grow","damage_taken":0,"max_hp_gain":0,"max_hp_loss":0,"event_name":"Living Wall","floor":12,"gold_loss":0,"cards_upgraded":["hermit:Snapshot"]},{"damage_healed":0,"gold_gain":0,"player_choice":"Got Potions","damage_taken":0,"max_hp_gain":0,"max_hp_loss":0,"event_name":"Lab","floor":22,"gold_loss":0}],"is_beta":false,"boss_relics":[{"not_picked":[]}],"items_purged_floors":[21],"is_endless":false,"potions_floor_spawned":[1,3,10,13,14,16,18,19,20],"killed_by":"Snake Plant","ascension_level":0}}