{"host":"avjwtc49fhlk6kym","time":1611444319,"event":{"mods":["AchievementEnabler","BaseMod","Better Match","Better Note","Better Third Choice","Colored Map","Colored Powertips","Displayed Cursed Tome","Highlight Path","Minty Spire (QoL Compilation)","Permanent Neow","Quick Restart","StSLib"],"gold_per_floor":[114,126,23,23,34,64,64,64,90,112,112,16,16,31,31,135,135,152,62,52,63,76,76,76],"floor_reached":23,"language":"ENG","playtime":854,"items_purged":[],"score":191,"play_id":"f82054fc-c539-4017-8f78-3cb76265da6f","local_time":"20210123182519","is_ascension_mode":false,"campfire_choices":[{"floor":8.0,"key":"REST"},{"floor":11.0,"key":"REST"},{"data":"CrushJoints","floor":13.0,"key":"SMITH"},{"data":"Eruption","floor":15.0,"key":"SMITH"}],"circlet_count":0,"master_deck":["Strike_P","Strike_P","Defend_P","Defend_P","Eruption+1","Vigilance","MasterReality","FollowUp","WheelKick","LikeWater+1","ThirdEye","FlyingSleeves","FollowUp","BowlingBash","Apotheosis+1","CrushJoints+1","Dramatic Entrance","FearNoEvil","ConjureBlade","WaveOfTheHand+1","ReachHeaven","PathToVictory","FollowUp"],"relics":["PureWater","Art of War","Odd Mushroom","Empty Cage"],"acts_visited":["Exordium","TheCity"],"potions_floor_usage":[23],"damage_taken":[{"damage":12.0,"enemies":"Jaw Worm","floor":1.0,"turns":5.0},{"damage":5.0,"enemies":"Cultist","floor":2.0,"turns":4.0},{"damage":0.0,"enemies":"2 Louse","floor":5.0,"turns":2.0},{"damage":36.0,"enemies":"Lagavulin","floor":6.0,"turns":6.0},{"damage":9.0,"enemies":"The Mushroom Lair","floor":10.0,"turns":4.0},{"damage":7.0,"enemies":"Blue Slaver","floor":14.0,"turns":3.0},{"damage":9.0,"enemies":"Hexaghost","floor":16.0,"turns":4.0},{"damage":7.0,"enemies":"Shell Parasite","floor":18.0,"turns":4.0},{"damage":22.0,"enemies":"2 Thieves","floor":20.0,"turns":4.0},{"damage":10.0,"enemies":"Centurion and Healer","floor":21.0,"turns":3.0},{"damage":18.0,"enemies":"Snake Plant","floor":22.0,"turns":4.0},{"damage":41,"enemies":"Gremlin Leader","floor":23,"turns":6}],"seed_played":"5100210514206676444","potions_obtained":[{"floor":1.0,"key":"EssenceOfSteel"},{"floor":6.0,"key":"DuplicationPotion"},{"floor":10.0,"key":"CultistPotion"},{"floor":14.0,"key":"Strength Potion"},{"floor":20.0,"key":"Regen Potion"},{"floor":22.0,"key":"Regen Potion"}],"is_trial":false,"path_per_floor":["M","M","$","?","M","E","?","R","T","?","R","$","R","M","R","B",null,"M","?","M","M","M","E"],"character_chosen":"WATCHER","items_purchased":["LikeWater","ThirdEye","Dramatic Entrance"],"campfire_rested":2,"item_purchase_floors":[3,3,12],"current_hp_per_floor":[60,55,55,55,55,19,19,40,40,31,52,52,52,45,45,36,72,65,65,43,42,24,0,0],"gold":76,"neow_bonus":"ONE_RANDOM_RARE_CARD","is_daily":false,"chose_seed":false,"campfire_upgraded":2,"win_rate":0.0,"timestamp":1611444319,"path_taken":["M","M","$","?","?","E","?","R","T","?","R","$","R","M","R","BOSS","M","?","M","M","M","E"],"items_purchased_type":["Card","Card","Card"],"build_version":"2020-12-22","purchased_purges":0,"victory":false,"max_hp_per_floor":[72,72,72,72,72,72,72,72,72,72,72,72,72,72,72,72,72,72,72,72,72,72,72,72],"card_choices":[{"not_picked":["Wireheading","FlyingSleeves"],"picked":"FollowUp","floor":1.0},{"not_picked":["Protect","WindmillStrike"],"picked":"WheelKick","floor":2.0},{"not_picked":["Sanctity","Prostrate"],"picked":"FollowUp","floor":5.0},{"not_picked":["WreathOfFlame","Pray"],"picked":"BowlingBash","floor":6.0},{"not_picked":["CarveReality","ThirdEye"],"picked":"CrushJoints","floor":10.0},{"not_picked":["Prostrate","ClearTheMind"],"picked":"FearNoEvil","floor":14.0},{"not_picked":["Blasphemy","SpiritShield"],"picked":"ConjureBlade","floor":16.0},{"not_picked":["EmptyFist","Prostrate"],"picked":"WaveOfTheHand+1","floor":18.0},{"not_picked":["EmptyBody","Swivel+1"],"picked":"ReachHeaven","floor":20.0},{"not_picked":["CutThroughFate","SashWhip+1"],"picked":"PathToVictory","floor":21.0},{"not_picked":["Weave","SashWhip"],"picked":"FollowUp","floor":22.0}],"player_experience":403599,"relics_obtained":[{"floor":6.0,"key":"Art of War"},{"floor":10.0,"key":"Odd Mushroom"}],"event_choices":[{"damage_healed":0.0,"max_hp_gain":0.0,"max_hp_loss":0.0,"gold_gain":0.0,"cards_transformed":["Defend_P"],"event_name":"Transmorgrifier","player_choice":"Transformed","floor":4.0,"gold_loss":0.0,"damage_taken":0.0,"cards_obtained":["FlyingSleeves"]},{"damage_healed":19.0,"max_hp_gain":0.0,"max_hp_loss":72.0,"gold_gain":0.0,"event_name":"betterThird:BetterShining","player_choice":"Embrace","floor":7.0,"gold_loss":0.0,"damage_taken":0.0},{"damage_healed":0.0,"max_hp_gain":0.0,"max_hp_loss":0.0,"gold_gain":0.0,"event_name":"Mushrooms","player_choice":"Fought Mushrooms","floor":10.0,"gold_loss":0.0,"damage_taken":0.0},{"cards_removed":["Defend_P"],"damage_healed":0.0,"max_hp_gain":0.0,"max_hp_loss":0.0,"gold_gain":0.0,"event_name":"Designer","player_choice":"Upgrade and Remove","floor":19.0,"gold_loss":90.0,"damage_taken":0.0,"cards_upgraded":["LikeWater"]}],"is_beta":false,"boss_relics":[{"not_picked":["Busted Crown","Black Star"],"picked":"Empty Cage"}],"items_purged_floors":[],"is_endless":false,"potions_floor_spawned":[1,6,10,14,20,22],"killed_by":"Gremlin Leader","ascension_level":0}}