{"host":"oigynbtg272c19pw","time":1611410469,"event":{"mods":["BaseMod","Colored Map","Minty Spire (QoL Compilation)","Relic Stats","Slay the Relics Exporter","StSLib"],"gold_per_floor":[110,110,110,70,33,33,46,46,46,67,96,96,108,121,121,195,195,169,169,169],"floor_reached":19,"playtime":552,"items_purged":[],"score":330,"play_id":"ca582368-e3ad-445a-95c7-c4d179a54bbe","local_time":"20210123150109","is_ascension_mode":true,"campfire_choices":[{"data":"Catalyst","floor":6.0,"key":"SMITH"},{"data":"Dagger Spray","floor":8.0,"key":"SMITH"},{"floor":15.0,"key":"REST"}],"circlet_count":0,"master_deck":["AscendersBane","Strike_G","Strike_G+1","Defend_G","Defend_G","Defend_G","Defend_G","Defend_G+1","Survivor","Neutralize","Dagger Spray+1","Catalyst+1","Backstab","Deadly Poison","Bane+1","Bouncing Flask","Tools of the Trade","After Image","Prepared+1","Infinite Blades+1","A Thousand Cuts+1","Well Laid Plans+1"],"relics":["Ring of the Snake","StoneCalendar","Omamori","Odd Mushroom","Bottled Flame","Astrolabe"],"acts_visited":["Exordium","TheCity"],"potions_floor_usage":[16,18],"damage_taken":[{"damage":7.0,"enemies":"Cultist","floor":1.0,"turns":5.0},{"damage":0.0,"enemies":"Small Slimes","floor":7.0,"turns":4.0},{"damage":0.0,"enemies":"The Mushroom Lair","floor":10.0,"turns":2.0},{"damage":19.0,"enemies":"Lagavulin","floor":11.0,"turns":5.0},{"damage":0.0,"enemies":"2 Louse","floor":13.0,"turns":1.0},{"damage":0.0,"enemies":"Red Slaver","floor":14.0,"turns":3.0},{"damage":20,"enemies":"Slime Boss","floor":16,"turns":7},{"damage":25,"enemies":"2 Thieves","floor":18,"turns":4},{"damage":11,"enemies":"Chosen","floor":19,"turns":4}],"seed_played":"-4314189189039000121","potions_obtained":[{"floor":1.0,"key":"SpeedPotion"},{"floor":4.0,"key":"SkillPotion"},{"floor":4.0,"key":"CunningPotion"},{"floor":10.0,"key":"SkillPotion"},{"floor":11.0,"key":"LiquidMemories"},{"floor":16,"key":"Explosive Potion"}],"is_trial":false,"path_per_floor":["M","?","?","?","$","R","M","R","T","?","E","?","M","M","R","B",null,"M","M"],"character_chosen":"THE_SILENT","items_purchased":["Catalyst"],"campfire_rested":1,"item_purchase_floors":[5],"current_hp_per_floor":[52,32,25,25,25,25,25,25,25,25,6,6,6,6,25,5,51,26,15,15],"gold":169,"neow_bonus":"ONE_RARE_RELIC","is_daily":false,"chose_seed":false,"campfire_upgraded":2,"win_rate":0.0,"timestamp":1611410469,"path_taken":["M","?","?","?","$","R","?","R","T","?","E","?","?","M","R","BOSS","M","?"],"items_purchased_type":["Card"],"build_version":"2020-12-13","purchased_purges":0,"victory":false,"max_hp_per_floor":[66,66,66,66,66,66,66,66,66,66,66,66,66,66,66,66,66,66,66,66],"relic_stats":{"counters":[9,35],"Astrolabe":["Prepared","Infinite Blades","A Thousand Cuts"],"StoneCalendar":[21],"obtain_stats":[{"Bottled Flame":11,"Astrolabe":17,"StoneCalendar":0,"Omamori":9,"Odd Mushroom":10,"Ring of the Snake":0},{"Bottled Flame":4,"Astrolabe":7,"StoneCalendar":0,"Omamori":2,"Odd Mushroom":3,"Ring of the Snake":0},{"Bottled Flame":16,"Astrolabe":27,"StoneCalendar":0,"Omamori":9,"Odd Mushroom":11,"Ring of the Snake":0}],"Ring of the Snake":[18]},"card_choices":[{"not_picked":["Heel Hook","Flying Knee"],"picked":"Dagger Spray","floor":1.0},{"not_picked":["Reflex","Bane"],"picked":"Backstab","floor":7.0},{"not_picked":["Cloak And Dagger","Backflip"],"picked":"Deadly Poison","floor":10.0},{"not_picked":["Blade Dance","Outmaneuver"],"picked":"Bane","floor":11.0},{"not_picked":["Outmaneuver","Masterful Stab"],"picked":"Bouncing Flask","floor":13.0},{"not_picked":["Tactician","Cloak And Dagger"],"picked":"Tools of the Trade","floor":14.0},{"not_picked":["Unload","Die Die Die"],"picked":"After Image","floor":16},{"not_picked":["All Out Attack","Prepared"],"picked":"Well Laid Plans+1","floor":18}],"player_experience":1473469,"relics_obtained":[{"floor":9.0,"key":"Omamori"},{"floor":10.0,"key":"Odd Mushroom"},{"floor":11.0,"key":"Bottled Flame"}],"event_choices":[{"damage_healed":0.0,"max_hp_gain":0.0,"max_hp_loss":0.0,"gold_gain":0.0,"event_name":"Shining Light","player_choice":"Entered Light","floor":2.0,"gold_loss":0.0,"damage_taken":20.0,"cards_upgraded":["Strike_G","Defend_G"]},{"cards_removed":["Doubt"],"damage_healed":0.0,"max_hp_gain":0.0,"max_hp_loss":0.0,"gold_gain":0.0,"event_name":"Golden Wing","player_choice":"Card Removal","floor":3.0,"gold_loss":0.0,"damage_taken":7.0},{"damage_healed":0.0,"max_hp_gain":0.0,"max_hp_loss":0.0,"gold_gain":0.0,"event_name":"The Woman in Blue","player_choice":"Bought 3 Potions","floor":4.0,"gold_loss":0.0,"damage_taken":0.0},{"damage_healed":0.0,"max_hp_gain":0.0,"max_hp_loss":0.0,"gold_gain":0.0,"event_name":"Mushrooms","player_choice":"Fought Mushrooms","floor":10.0,"gold_loss":0.0,"damage_taken":0.0},{"damage_healed":0.0,"max_hp_gain":0.0,"max_hp_loss":0.0,"gold_gain":0.0,"event_name":"Upgrade Shrine","player_choice":"Upgraded","floor":12.0,"gold_loss":0.0,"damage_taken":0.0,"cards_upgraded":["Bane"]}],"is_beta":false,"boss_relics":[{"not_picked":["Empty Cage","Velvet Choker"],"picked":"Astrolabe"}],"items_purged_floors":[],"is_endless":false,"potions_floor_spawned":[1,10,11,16],"killed_by":"Chosen","ascension_level":20}}