{"host":"dztixnx9b0gu6w9i","time":1611435491,"event":{"mods":["BaseMod","Bestiary","Minty Spire (QoL Compilation)","Relic Stats","Slay the Relics Exporter","SpireBot","ojb\u0027s Better Paths Mod","ojb\u0027s Info Mod"],"gold_per_floor":[360,31,31,45,64,64,81,111,134,99,112,112,5,0,0,77,77,88,99,24,24,24,24,43,43,66,98,198,215,225,252,252,330,330,340,357,410,427,427,427,457,457,483,510,294,328,346,365,365,365,365,365,365,43,76,76],"floor_reached":57,"language":"ENG","playtime":8674,"items_purged":["Strike_B","Strike_B"],"score":2960,"play_id":"64fcb0fe-23b2-48be-86cf-bcabde978f7f","local_time":"20210123155811","is_ascension_mode":true,"campfire_choices":[{"data":"Genetic Algorithm","floor":6,"key":"SMITH"},{"data":"Sunder","floor":12,"key":"SMITH"},{"data":"Sweeping Beam","floor":15,"key":"SMITH"},{"floor":23,"key":"REST"},{"floor":32,"key":"RECALL"},{"floor":40,"key":"REST"},{"floor":49,"key":"REST"},{"floor":53,"key":"REST"}],"circlet_count":0,"master_deck":["AscendersBane","Strike_B+1","Defend_B","Defend_B","Defend_B","Defend_B+1","Zap+1","Dualcast","Chill","Glacier","Genetic Algorithm+1","Sunder+1","Sweeping Beam+1","Melter","Ball Lightning","Seek","Beam Cell","Echo Form","Ball Lightning","Capacitor","Beam Cell+1","Steam Power","Seek","Hologram+1","Echo Form","CurseOfTheBell","FTL+1","FTL","Consume","Genetic Algorithm","Apotheosis","PanicButton","Panache","Barrage+1","Skim+1","Coolheaded","Hologram","FTL","Coolheaded"],"relics":["Cracked Core","ClockworkSouvenir","Vajra","Centennial Puzzle","Anchor","Fusion Hammer","Bag of Marbles","Letter Opener","Akabeko","Toy Ornithopter","Incense Burner","Cables","War Paint","Calling Bell","Orichalcum","Sundial","Calipers","Ice Cream","Bag of Preparation","DataDisk","Pear","Art of War","Blood Vial"],"acts_visited":["Exordium","TheCity","TheBeyond","TheEnding"],"potions_floor_usage":[8,8,16,29,37,47,56,56],"damage_taken":[{"damage":3,"enemies":"Small Slimes","floor":1,"turns":3},{"damage":0,"enemies":"2 Louse","floor":4,"turns":2},{"damage":1,"enemies":"Jaw Worm","floor":5,"turns":2},{"damage":2,"enemies":"Exordium Thugs","floor":7,"turns":4},{"damage":26,"enemies":"Gremlin Nob","floor":8,"turns":4},{"damage":0,"enemies":"Red Slaver","floor":11,"turns":4},{"damage":5,"enemies":"Slime Boss","floor":16,"turns":6},{"damage":0,"enemies":"Spheric Guardian","floor":18,"turns":1},{"damage":2,"enemies":"3 Byrds","floor":19,"turns":4},{"damage":0,"enemies":"3 Cultists","floor":24,"turns":3},{"damage":0,"enemies":"Gremlin Leader","floor":27,"turns":4},{"damage":2,"enemies":"Colosseum Slavers","floor":28,"turns":3},{"damage":8,"enemies":"Colosseum Nobs","floor":28,"turns":3},{"damage":13,"enemies":"Shelled Parasite and Fungi","floor":29,"turns":4},{"damage":0,"enemies":"Sentry and Sphere","floor":30,"turns":7},{"damage":0,"enemies":"Book of Stabbing","floor":31,"turns":3},{"damage":19,"enemies":"Champ","floor":33,"turns":12},{"damage":0,"enemies":"3 Darklings","floor":35,"turns":8},{"damage":1,"enemies":"Orb Walker","floor":36,"turns":3},{"damage":35,"enemies":"2 Orb Walkers","floor":37,"turns":4},{"damage":0,"enemies":"Transient","floor":38,"turns":6},{"damage":0,"enemies":"Giant Head","floor":41,"turns":11},{"damage":0,"enemies":"Nemesis","floor":44,"turns":11},{"damage":0,"enemies":"Reptomancer","floor":46,"turns":7},{"damage":0,"enemies":"Writhing Mass","floor":47,"turns":12},{"damage":0,"enemies":"3 Darklings","floor":48,"turns":5},{"damage":22,"enemies":"Awakened One","floor":50,"turns":13},{"damage":9,"enemies":"Donu and Deca","floor":51,"turns":12},{"damage":2,"enemies":"Shield and Spear","floor":55,"turns":12},{"damage":32,"enemies":"The Heart","floor":56,"turns":9}],"seed_played":"6326120325015863151","potions_obtained":[{"floor":4,"key":"Regen Potion"},{"floor":7,"key":"CultistPotion"},{"floor":11,"key":"FocusPotion"},{"floor":28,"key":"Regen Potion"},{"floor":36,"key":"FearPotion"},{"floor":47,"key":"DuplicationPotion"},{"floor":48,"key":"SpeedPotion"}],"is_trial":false,"path_per_floor":["M","$","?","M","M","R","M","E","T","?","M","R","$","?","R","B",null,"M","M","?","?","T","R","M","$","T","E","?","M","M","E","R","B",null,"M","M","?","M","?","R","E","?","T","E","$","E","M","M","R","B","B",null,"R","$","E","B",null],"character_chosen":"DEFECT","items_purchased":["ClockworkSouvenir","Vajra","FearPotion","Ball Lightning","Coolheaded","ColorlessPotion","Hologram","Coolheaded","Art of War"],"campfire_rested":4,"item_purchase_floors":[2,2,13,13,45,45,45,54,54],"current_hp_per_floor":[43,43,22,22,21,21,19,5,5,22,22,22,22,22,22,17,58,58,56,56,56,56,71,71,71,71,71,61,63,63,63,63,44,64,64,63,33,33,23,44,44,44,44,44,44,54,59,59,81,59,50,73,81,81,79,49],"gold":76,"neow_bonus":"TWO_FIFTY_GOLD","is_daily":false,"chose_seed":false,"campfire_upgraded":3,"win_rate":0.0,"timestamp":1611435491,"path_taken":["M","$","?","M","M","R","M","E","T","?","M","R","$","?","R","BOSS","M","M","?","?","?","R","?","?","T","E","?","M","M","E","R","BOSS","M","M","?","M","?","R","E","?","T","E","$","E","M","M","R","BOSS","BOSS","R","$","E","BOSS"],"items_purchased_type":["Relic","Relic","Potion","Card","Card","Potion","Card","Card","Relic"],"build_version":"2020-12-22","purchased_purges":2,"victory":true,"max_hp_per_floor":[71,71,71,71,71,71,71,71,71,71,71,71,71,71,71,71,71,71,71,71,71,71,71,71,71,71,71,71,71,71,71,71,71,71,71,71,71,71,71,71,71,71,71,71,71,81,81,81,81,81,81,81,81,81,81,81],"relic_stats":{"Blood Vial":2,"Centennial Puzzle":[36],"counters":[30,182],"Sundial":[12],"Bag of Preparation":[16],"Art of War":[4],"Letter Opener":[436],"War Paint":["Zap","Hologram"],"Orichalcum":[42],"obtain_stats":[{"Ice Cream":37,"Calipers":34,"Pear":46,"Vajra":2,"Incense Burner":28,"Bag of Preparation":41,"Letter Opener":22,"War Paint":31,"Orichalcum":34,"Akabeko":26,"ClockworkSouvenir":2,"Cables":28,"Calling Bell":34,"Blood Vial":55,"Centennial Puzzle":8,"Anchor":9,"DataDisk":44,"Sundial":34,"Fusion Hammer":17,"Bag of Marbles":21,"Art of War":54,"Cracked Core":0,"Toy Ornithopter":27},{"Ice Cream":20,"Calipers":17,"Pear":24,"Vajra":1,"Incense Burner":13,"Bag of Preparation":22,"Letter Opener":9,"War Paint":16,"Orichalcum":17,"Akabeko":10,"ClockworkSouvenir":1,"Cables":13,"Calling Bell":17,"Blood Vial":29,"Centennial Puzzle":5,"Anchor":5,"DataDisk":23,"Sundial":17,"Fusion Hammer":7,"Bag of Marbles":9,"Art of War":28,"Cracked Core":0,"Toy Ornithopter":11},{"Ice Cream":84,"Calipers":69,"Pear":119,"Vajra":3,"Incense Burner":43,"Bag of Preparation":101,"Letter Opener":30,"War Paint":57,"Orichalcum":69,"Akabeko":33,"ClockworkSouvenir":3,"Cables":43,"Calling Bell":69,"Blood Vial":173,"Centennial Puzzle":15,"Anchor":15,"DataDisk":112,"Sundial":69,"Fusion Hammer":25,"Bag of Marbles":30,"Art of War":161,"Cracked Core":0,"Toy Ornithopter":37}],"Toy Ornithopter":15,"Cables":[124,58,66,0,0]},"card_choices":[{"not_picked":["Go for the Eyes","Fusion"],"picked":"Chill","floor":1},{"not_picked":["White Noise","Stack"],"picked":"Glacier","floor":4},{"not_picked":["Leap","Heatsinks"],"picked":"Genetic Algorithm","floor":5},{"not_picked":["Heatsinks","Stack"],"picked":"Sunder","floor":7},{"not_picked":["Gash","Beam Cell"],"picked":"Sweeping Beam","floor":8},{"not_picked":["Leap","Redo"],"picked":"Melter","floor":11},{"not_picked":["Fission","Multi-Cast"],"picked":"Seek","floor":16},{"not_picked":["Heatsinks","Streamline"],"picked":"Beam Cell","floor":18},{"not_picked":["Beam Cell","Genetic Algorithm"],"picked":"Echo Form","floor":19},{"not_picked":["Tempest","Conserve Battery"],"picked":"Ball Lightning","floor":24},{"not_picked":["Storm","BootSequence"],"picked":"Capacitor","floor":27},{"not_picked":["Cold Snap","Compile Driver"],"picked":"Beam Cell+1","floor":28},{"not_picked":["Beam Cell+1","Leap"],"picked":"Steam Power","floor":29},{"not_picked":["Glacier","Conserve Battery"],"picked":"Seek","floor":30},{"not_picked":["Redo","Force Field"],"picked":"Hologram","floor":31},{"not_picked":["Core Surge","Creative AI"],"picked":"Echo Form","floor":33},{"not_picked":["Rebound","Force Field"],"picked":"FTL+1","floor":35},{"not_picked":["Turbo","Cold Snap"],"picked":"FTL","floor":36},{"not_picked":["Melter","Hologram+1"],"picked":"Consume","floor":37},{"not_picked":["Cold Snap","Barrage+1"],"picked":"Genetic Algorithm","floor":38},{"not_picked":["Good Instincts","The Bomb"],"picked":"Apotheosis","floor":39},{"not_picked":["Impatience","Enlightenment"],"picked":"PanicButton","floor":39},{"not_picked":["Bandage Up","Discovery"],"picked":"Panache","floor":39},{"not_picked":["Sweeping Beam+1","Leap"],"picked":"Barrage+1","floor":41},{"not_picked":["Sweeping Beam","Leap+1"],"picked":"Skim+1","floor":44},{"not_picked":["Gash+1","Hologram","Doom and Gloom"],"picked":"SKIP","floor":46},{"not_picked":["Gash+1","Hologram","Doom and Gloom"],"picked":"SKIP","floor":46},{"not_picked":["Reboot","Tempest+1","Go for the Eyes"],"picked":"SKIP","floor":47},{"not_picked":["Turbo+1","Beam Cell"],"picked":"FTL","floor":48},{"not_picked":["Turbo","Steam+1","Chaos"],"picked":"SKIP","floor":55}],"player_experience":8244928,"relics_obtained":[{"floor":8,"key":"Centennial Puzzle"},{"floor":9,"key":"Anchor"},{"floor":22,"key":"Letter Opener"},{"floor":26,"key":"Akabeko"},{"floor":27,"key":"Toy Ornithopter"},{"floor":28,"key":"Incense Burner"},{"floor":28,"key":"Cables"},{"floor":31,"key":"War Paint"},{"floor":34,"key":"Orichalcum"},{"floor":34,"key":"Sundial"},{"floor":34,"key":"Calipers"},{"floor":37,"key":"Ice Cream"},{"floor":41,"key":"Bag of Preparation"},{"floor":44,"key":"DataDisk"},{"floor":46,"key":"Pear"},{"floor":55,"key":"Blood Vial"}],"event_choices":[{"damage_healed":0,"gold_gain":0,"player_choice":"Entered Light","damage_taken":21,"max_hp_gain":0,"max_hp_loss":0,"event_name":"Shining Light","floor":3,"gold_loss":0,"cards_upgraded":["Strike_B","Defend_B"]},{"damage_healed":17,"gold_gain":0,"player_choice":"Healed","damage_taken":0,"max_hp_gain":0,"max_hp_loss":0,"event_name":"The Cleric","floor":10,"gold_loss":35},{"damage_healed":0,"gold_gain":0,"player_choice":"Left Gold","damage_taken":0,"max_hp_gain":0,"max_hp_loss":0,"event_name":"World of Goop","floor":14,"gold_loss":5},{"cards_removed":["Strike_B"],"damage_healed":0,"gold_gain":0,"player_choice":"Gave Gold","damage_taken":0,"max_hp_gain":0,"max_hp_loss":0,"event_name":"Beggar","floor":20,"gold_loss":75},{"damage_healed":0,"gold_gain":0,"player_choice":"Stole Relic","damage_taken":0,"relics_obtained":["Bag of Marbles"],"max_hp_gain":0,"max_hp_loss":0,"event_name":"Addict","floor":21,"gold_loss":0,"cards_obtained":["Shame"]},{"damage_healed":0,"gold_gain":0,"player_choice":"Fight","damage_taken":0,"max_hp_gain":0,"max_hp_loss":0,"event_name":"Colosseum","floor":28,"gold_loss":0},{"damage_healed":0,"gold_gain":0,"player_choice":"Fought Nobs","damage_taken":0,"max_hp_gain":0,"max_hp_loss":0,"event_name":"Colosseum","floor":28,"gold_loss":0},{"damage_healed":0,"gold_gain":0,"player_choice":"Fight","damage_taken":0,"max_hp_gain":0,"max_hp_loss":0,"event_name":"Mysterious Sphere","floor":37,"gold_loss":0},{"damage_healed":0,"gold_gain":0,"player_choice":"Memory 3","damage_taken":10,"max_hp_gain":0,"max_hp_loss":0,"event_name":"SensoryStone","floor":39,"gold_loss":0},{"cards_removed":["Shame"],"damage_healed":0,"gold_gain":0,"player_choice":"Removed Curses","damage_taken":0,"max_hp_gain":0,"max_hp_loss":0,"event_name":"Fountain of Cleansing","floor":42,"gold_loss":0}],"is_beta":false,"boss_relics":[{"not_picked":["Busted Crown","Empty Cage"],"picked":"Fusion Hammer"},{"not_picked":["SacredBark","Nuclear Battery"],"picked":"Calling Bell"}],"items_purged_floors":[45,54],"is_endless":false,"potions_floor_spawned":[4,7,11,28,28,36,46,47,48],"ascension_level":20}}