{"host":"1mv6gj0zv8k9e9tz","time":1611424124,"event":{"mods":["AchievementEnabler","BaseMod","Better Third Choice","Colored Map","KOR Keyword Fix","Minty Spire (QoL Compilation)","Permanent Neow","Rare Cards Sparkle","StSLib"],"gold_per_floor":[119,119,131,147,147,147,147,147,221,231,231,241,260,260,260],"floor_reached":14,"language":"KOR","playtime":375,"items_purged":[],"score":164,"play_id":"d71454dc-0adb-49a6-b779-13f0e3c578d4","local_time":"20210124024844","is_ascension_mode":true,"campfire_choices":[{"data":"Neutralize","floor":6,"key":"SMITH"},{"data":"Defend_G","floor":8,"key":"SMITH"},{"data":"PiercingWail","floor":11,"key":"SMITH"}],"circlet_count":0,"master_deck":["AscendersBane","Strike_G","Strike_G","Strike_G+1","Strike_G","Defend_G+1","Defend_G","Defend_G+1","Defend_G","Defend_G","Survivor","Neutralize+1","Deadly Poison+1","PiercingWail+1","Caltrops","Acrobatics"],"relics":["Sozu"],"acts_visited":["Exordium"],"potions_floor_usage":[],"damage_taken":[{"damage":0.0,"enemies":"2 Louse","floor":1.0,"turns":3.0},{"damage":0.0,"enemies":"Small Slimes","floor":3.0,"turns":4.0},{"damage":1,"enemies":"Cultist","floor":4,"turns":4},{"damage":4,"enemies":"Lots of Slimes","floor":10,"turns":6},{"damage":4,"enemies":"Blue Slaver","floor":12,"turns":6},{"damage":5,"enemies":"Large Slime","floor":13,"turns":6},{"damage":22,"enemies":"Gremlin Nob","floor":14,"turns":4}],"seed_played":"8321304489204758272","potions_obtained":[],"is_trial":false,"path_per_floor":["M","?","M","M","?","R","?","R","T","M","R","M","M","E"],"character_chosen":"THE_SILENT","items_purchased":[],"campfire_rested":0,"item_purchase_floors":[],"current_hp_per_floor":[59,59,59,58,38,38,38,38,38,34,34,30,25,3,3],"gold":260,"neow_bonus":"BOSS_RELIC","is_daily":false,"chose_seed":false,"campfire_upgraded":3,"win_rate":0.0,"timestamp":1611424124,"path_taken":["M","?","M","M","?","R","?","R","T","?","R","M","M","E"],"items_purchased_type":[],"build_version":"2020-12-22","purchased_purges":0,"victory":false,"max_hp_per_floor":[66,66,66,66,66,66,66,66,66,66,66,66,66,66,66],"card_choices":[{"not_picked":["Cloak And Dagger","Eviscerate"],"picked":"Deadly Poison","floor":1.0},{"not_picked":["Terror","Sucker Punch","Prepared"],"picked":"SKIP","floor":3.0},{"not_picked":["Cloak And Dagger","Concentrate","Flying Knee"],"picked":"SKIP","floor":4},{"not_picked":["Flying Knee","Setup"],"picked":"PiercingWail","floor":10},{"not_picked":["PiercingWail","Cloak And Dagger"],"picked":"Caltrops","floor":12},{"not_picked":["Heel Hook","Blade Dance"],"picked":"Acrobatics","floor":13}],"player_experience":554136,"relics_obtained":[],"event_choices":[{"damage_healed":0.0,"max_hp_gain":0.0,"max_hp_loss":0.0,"gold_gain":0.0,"event_name":"Living Wall","player_choice":"Grow","floor":2.0,"gold_loss":0.0,"damage_taken":0.0,"cards_upgraded":["Deadly Poison"]},{"damage_healed":58,"gold_gain":0,"player_choice":"Upgrade","damage_taken":20,"max_hp_gain":0,"max_hp_loss":66,"event_name":"betterThird:BetterShining","floor":5,"gold_loss":0,"cards_upgraded":["Strike_G","Defend_G"]},{"cards_removed":["Strike_G"],"damage_healed":0,"gold_gain":0,"player_choice":"Card Removal","damage_taken":0,"max_hp_gain":0,"max_hp_loss":0,"event_name":"Wheel of Change","floor":7,"gold_loss":0}],"is_beta":false,"boss_relics":[],"items_purged_floors":[],"is_endless":false,"potions_floor_spawned":[3,4],"killed_by":"Gremlin Nob","ascension_level":20}}