{"host":"ao4lxi9bhtts409i","time":1611437431,"event":{"mods":["AchievementEnabler","BaseMod","Colored Map","Colored Powertips","Minty Spire (QoL Compilation)","SuperFastMode"],"gold_per_floor":[117,117,128,128,128,154,165,165,165,182,182,57,84,101,101,203,203,222,236,246,246,246],"floor_reached":21,"language":"ENG","playtime":1010,"items_purged":["Strike_R"],"score":259,"play_id":"6efdb782-f6d7-4d7f-8bb5-30f73cae18d1","local_time":"20210123223031","is_ascension_mode":true,"campfire_choices":[{"data":"Fire Breathing","floor":8,"key":"SMITH"},{"data":"True Grit","floor":11,"key":"SMITH"},{"data":"Twin Strike","floor":15,"key":"SMITH"}],"circlet_count":0,"master_deck":["Strike_R","Strike_R","Strike_R+1","Strike_R","Defend_R","Defend_R","Defend_R","Defend_R","Bash+1","True Grit+1","Cleave","Fire Breathing+1","Pommel Strike","Ghostly Armor+1","Shrug It Off+1","Twin Strike+1","Immolate","Rage+1","Havoc+1"],"relics":["Black Blood","NeowsBlessing","Question Card","Orichalcum","Toxic Egg 2","Self Forming Clay"],"acts_visited":["Exordium","TheCity"],"potions_floor_usage":[13,16,20,20,21],"damage_taken":[{"damage":0,"enemies":"Jaw Worm","floor":1,"turns":1},{"damage":0,"enemies":"Small Slimes","floor":3,"turns":1},{"damage":0,"enemies":"3 Sentries","floor":6,"turns":2},{"damage":0,"enemies":"2 Louse","floor":7,"turns":2},{"damage":10,"enemies":"Looter","floor":10,"turns":3},{"damage":17,"enemies":"Gremlin Nob","floor":13,"turns":4},{"damage":10,"enemies":"Large Slime","floor":14,"turns":8},{"damage":42,"enemies":"Hexaghost","floor":16,"turns":12},{"damage":44,"enemies":"Shell Parasite","floor":18,"turns":10},{"damage":35,"enemies":"Spheric Guardian","floor":19,"turns":8},{"damage":44,"enemies":"Snecko","floor":20,"turns":7},{"damage":7,"enemies":"Cultist and Chosen","floor":21,"turns":4}],"seed_played":"-4700171020542457447","potions_obtained":[{"floor":13,"key":"LiquidMemories"},{"floor":16,"key":"BloodPotion"},{"floor":19,"key":"SkillPotion"},{"floor":20,"key":"EssenceOfSteel"}],"is_trial":false,"path_per_floor":["M","?","M","?","?","E","M","R","T","M","R","$","E","M","R","B",null,"M","M","M","M"],"character_chosen":"IRONCLAD","items_purchased":["Fire Potion"],"campfire_rested":0,"item_purchase_floors":[12],"current_hp_per_floor":[80,85,85,82,65,71,77,77,77,73,73,73,62,58,58,22,85,53,30,15,8,8],"gold":246,"neow_bonus":"THREE_ENEMY_KILL","is_daily":false,"chose_seed":false,"campfire_upgraded":3,"win_rate":0.0,"timestamp":1611437431,"path_taken":["M","?","M","?","?","E","M","R","T","M","R","?","E","M","R","BOSS","M","M","M","M"],"items_purchased_type":["Potion"],"build_version":"2020-12-22","purchased_purges":1,"victory":false,"max_hp_per_floor":[80,85,85,85,85,85,85,85,85,85,85,85,85,85,85,85,85,85,85,85,85,85],"card_choices":[{"not_picked":["Wild Strike","Twin Strike"],"picked":"True Grit","floor":1},{"not_picked":["Dropkick","Fire Breathing"],"picked":"Cleave","floor":3},{"not_picked":["Shrug It Off","Thunderclap","Warcry"],"picked":"Fire Breathing","floor":6},{"not_picked":["Perfected Strike","Heavy Blade","True Grit"],"picked":"Pommel Strike","floor":7},{"not_picked":["Iron Wave","Sever Soul","Brutality"],"picked":"Ghostly Armor+1","floor":10},{"not_picked":["Body Slam","Cleave","Clothesline"],"picked":"Shrug It Off+1","floor":13},{"not_picked":["True Grit+1","Sentinel+1","Iron Wave"],"picked":"Twin Strike","floor":14},{"not_picked":["Offering+1","Brutality","Corruption"],"picked":"Immolate","floor":16},{"not_picked":["Iron Wave","Flex+1","Cleave"],"picked":"Rage+1","floor":18},{"not_picked":["Twin Strike","Anger","Clash","Heavy Blade"],"picked":"SKIP","floor":19},{"not_picked":["Anger+1","Bloodletting+1","True Grit+1"],"picked":"Havoc+1","floor":20}],"player_experience":252553,"relics_obtained":[{"floor":6,"key":"Orichalcum"},{"floor":9,"key":"Toxic Egg 2"},{"floor":13,"key":"Self Forming Clay"}],"event_choices":[{"damage_healed":0,"gold_gain":0,"player_choice":"Donut","damage_taken":0,"max_hp_gain":5,"max_hp_loss":0,"event_name":"Big Fish","floor":2,"gold_loss":0},{"damage_healed":0,"gold_gain":0,"player_choice":"Success","damage_taken":3,"relics_obtained":["Question Card"],"max_hp_gain":0,"max_hp_loss":0,"event_name":"Scrap Ooze","floor":4,"gold_loss":0},{"damage_healed":0,"gold_gain":0,"player_choice":"Entered Light","damage_taken":17,"max_hp_gain":0,"max_hp_loss":0,"event_name":"Shining Light","floor":5,"gold_loss":0,"cards_upgraded":["Strike_R","Bash"]}],"is_beta":false,"boss_relics":[{"not_picked":["Velvet Choker","Black Star"],"picked":"Black Blood"}],"items_purged_floors":[12],"is_endless":false,"potions_floor_spawned":[13,16,19,20],"killed_by":"Cultist and Chosen","ascension_level":4}}