{"host":"6gwm7y0tp7acoxay","time":1611388480,"event":{"mods":["BaseMod","Colored Map","Keyboard Shortcuts","Minty Spire (QoL Compilation)","Quick Restart","StSLib","SuperFastMode","everything is the same but u backflip on backflip"],"gold_per_floor":[110,110,121,136,150,150,185,216,285,316,92,105,105,116,116,193,193,211,211,211,226,245,295,327,327,327,362,394,142,170,220,220,297,297,315,315,315,331,349,378,413,448,448,473,523,556,585,505,505,505,505,505,505,73,107,107],"floor_reached":57,"language":"KOR","playtime":2066,"items_purged":["Inflame","Sword Boomerang","Limit Break"],"score":4098,"play_id":"d6c68f7e-b95d-4a31-a58b-4a1ba0bcc2b6","local_time":"20210123165440","daily_mods":["SealedDeck","Heirloom","Flight"],"is_ascension_mode":true,"campfire_choices":[{"data":"Armaments","floor":6.0,"key":"SMITH"},{"data":"Disarm","floor":15.0,"key":"SMITH"},{"floor":25.0,"key":"RECALL"},{"data":"Evolve","floor":32.0,"key":"SMITH"},{"floor":49.0,"key":"REST"},{"floor":53.0,"key":"REST"}],"circlet_count":0,"master_deck":["AscendersBane","Flame Barrier","True Grit","Armaments+1","Battle Trance","Body Slam","Inflame","Whirlwind","Feel No Pain","Disarm+1","Juggernaut","Entrench","Evolve+1","Second Wind","Power Through","Shrug It Off+1","Offering"],"relics":["Burning Blood","TungstenRod","Centennial Puzzle","Charon\u0027s Ashes","White Beast Statue","Toy Ornithopter","Mark of Pain","The Courier","Bottled Lightning","Omamori","Torii","Bag of Preparation","TheAbacus","Pear","Fusion Hammer","Incense Burner","Akabeko","Anchor","Unceasing Top","Gambling Chip","Mummified Hand","Nunchaku","Oddly Smooth Stone","Bottled Tornado","Lantern"],"acts_visited":["Exordium","TheCity","TheBeyond","TheEnding"],"potions_floor_usage":[56],"damage_taken":[{"damage":0.0,"enemies":"Cultist","floor":1.0,"turns":2.0},{"damage":0.0,"enemies":"2 Louse","floor":3.0,"turns":1.0},{"damage":0.0,"enemies":"Jaw Worm","floor":4.0,"turns":3.0},{"damage":11.0,"enemies":"Exordium Thugs","floor":5.0,"turns":4.0},{"damage":24.0,"enemies":"Gremlin Nob","floor":7.0,"turns":4.0},{"damage":2.0,"enemies":"3 Sentries","floor":8.0,"turns":6.0},{"damage":0.0,"enemies":"Lagavulin","floor":10.0,"turns":5.0},{"damage":0.0,"enemies":"3 Louse","floor":12.0,"turns":2.0},{"damage":12.0,"enemies":"Blue Slaver","floor":14.0,"turns":4.0},{"damage":13.0,"enemies":"Hexaghost","floor":16.0,"turns":9.0},{"damage":10.0,"enemies":"2 Thieves","floor":18.0,"turns":2.0},{"damage":5.0,"enemies":"Shell Parasite","floor":21.0,"turns":5.0},{"damage":8.0,"enemies":"Sentry and Sphere","floor":22.0,"turns":3.0},{"damage":2.0,"enemies":"Book of Stabbing","floor":24.0,"turns":6.0},{"damage":0.0,"enemies":"Gremlin Leader","floor":27.0,"turns":5.0},{"damage":17.0,"enemies":"Slavers","floor":28.0,"turns":5.0},{"damage":0.0,"enemies":"Book of Stabbing","floor":30.0,"turns":4.0},{"damage":0.0,"enemies":"Automaton","floor":33.0,"turns":5.0},{"damage":0.0,"enemies":"3 Darklings","floor":35.0,"turns":2.0},{"damage":0.0,"enemies":"Orb Walker","floor":38.0,"turns":4.0},{"damage":8.0,"enemies":"Writhing Mass","floor":39.0,"turns":4.0},{"damage":5.0,"enemies":"Nemesis","floor":40.0,"turns":3.0},{"damage":5.0,"enemies":"Giant Head","floor":41.0,"turns":5.0},{"damage":0.0,"enemies":"Reptomancer","floor":42.0,"turns":3.0},{"damage":0.0,"enemies":"Giant Head","floor":44.0,"turns":4.0},{"damage":0.0,"enemies":"2 Orb Walkers","floor":45.0,"turns":3.0},{"damage":18.0,"enemies":"Nemesis","floor":46.0,"turns":3.0},{"damage":5.0,"enemies":"Reptomancer","floor":47.0,"turns":2.0},{"damage":5.0,"enemies":"Awakened One","floor":50.0,"turns":5.0},{"damage":5.0,"enemies":"Donu and Deca","floor":51.0,"turns":4.0},{"damage":0.0,"enemies":"Shield and Spear","floor":55.0,"turns":2.0},{"damage":5,"enemies":"The Heart","floor":56,"turns":5}],"seed_played":"4715299278583365517","potions_obtained":[{"floor":7.0,"key":"Explosive Potion"},{"floor":8.0,"key":"SmokeBomb"},{"floor":10.0,"key":"LiquidBronze"},{"floor":12.0,"key":"PowerPotion"},{"floor":14.0,"key":"ColorlessPotion"},{"floor":16.0,"key":"ColorlessPotion"},{"floor":18.0,"key":"DuplicationPotion"},{"floor":21.0,"key":"SteroidPotion"},{"floor":22.0,"key":"DuplicationPotion"},{"floor":27.0,"key":"SpeedPotion"},{"floor":28.0,"key":"Energy Potion"},{"floor":35.0,"key":"SpeedPotion"},{"floor":39.0,"key":"DistilledChaos"},{"floor":45.0,"key":"PowerPotion"}],"is_trial":true,"path_per_floor":["M","?","M","M","M","R","E","E","T","E","$","M","$","M","R","B",null,"M","?","?","M","M","?","E","R","T","E","E","$","E","?","R","B",null,"M","?","?","M","M","E","E","E","T","E","?","E","E","$","R","B","B",null,"R","$","E","B",null],"character_chosen":"IRONCLAD","items_purchased":["Evolve","Second Wind","Bag of Preparation","TheAbacus","Oddly Smooth Stone","Bottled Tornado"],"campfire_rested":2,"item_purchase_floors":[11,11,29,29,54,54],"current_hp_per_floor":[74,74,75,75,70,70,52,56,56,62,62,68,68,67,67,65,73,69,69,69,70,73,73,75,75,75,75,64,64,80,80,80,85,85,85,85,85,85,83,84,85,85,85,85,85,73,74,74,85,85,85,85,85,85,85,85],"gold":107,"neow_bonus":"","is_daily":false,"chose_seed":false,"campfire_upgraded":3,"win_rate":0.0,"timestamp":1611388480,"path_taken":["M","?","M","?","M","R","E","E","T","E","$","?","?","?","R","BOSS","M","?","?","?","?","?","E","R","T","E","E","?","E","?","R","BOSS","M","?","?","?","M","E","E","E","T","E","?","E","E","?","R","BOSS","BOSS","R","$","E","BOSS"],"items_purchased_type":["Card","Card","Relic","Relic","Relic","Relic"],"build_version":"2020-12-22","purchased_purges":3,"victory":true,"max_hp_per_floor":[75,75,75,75,75,75,75,75,75,75,75,75,75,75,75,75,75,75,75,75,75,75,75,75,75,75,75,75,75,85,85,85,85,85,85,85,85,85,85,85,85,85,85,85,85,85,85,85,85,85,85,85,85,85,85,85],"card_choices":[{"not_picked":["Battle Trance","Anger","Clothesline"],"picked":"SKIP","floor":1.0},{"not_picked":["Clash","True Grit"],"picked":"Feel No Pain","floor":3.0},{"not_picked":["Spot Weakness","Pommel Strike","Havoc"],"picked":"SKIP","floor":4.0},{"not_picked":["Spot Weakness","Inflame"],"picked":"Disarm","floor":5.0},{"not_picked":["Twin Strike","Armaments","Warcry"],"picked":"SKIP","floor":7.0},{"not_picked":["Bludgeon","Twin Strike"],"picked":"Juggernaut","floor":8.0},{"not_picked":["Anger","Clothesline"],"picked":"Entrench","floor":10.0},{"not_picked":["Headbutt","Perfected Strike","Clash"],"picked":"SKIP","floor":12.0},{"not_picked":["Brutality","Combust"],"picked":"Power Through","floor":14.0},{"not_picked":["Impervious","Bludgeon"],"picked":"Limit Break","floor":16.0},{"not_picked":["Twin Strike","True Grit","Blood for Blood"],"picked":"SKIP","floor":18.0},{"not_picked":["Corruption","Iron Wave"],"picked":"Shrug It Off+1","floor":21.0},{"not_picked":["Pommel Strike","Body Slam","Infernal Blade"],"picked":"SKIP","floor":22.0},{"not_picked":["Intimidate+1","Pummel","Fire Breathing"],"picked":"SKIP","floor":24.0},{"not_picked":["Limit Break","Body Slam","Sword Boomerang+1"],"picked":"SKIP","floor":27.0},{"not_picked":["Shrug It Off","Iron Wave","Rupture"],"picked":"SKIP","floor":28.0},{"not_picked":["Power Through","Dark Embrace","Anger"],"picked":"SKIP","floor":30.0},{"not_picked":["Immolate","Berserk"],"picked":"Offering","floor":33.0},{"not_picked":["Sever Soul+1","Rage","Iron Wave"],"picked":"SKIP","floor":35.0},{"not_picked":["Headbutt","Bloodletting","Armaments+1"],"picked":"SKIP","floor":38.0},{"not_picked":["Iron Wave+1","Entrench+1","Rupture"],"picked":"SKIP","floor":39.0},{"not_picked":["Second Wind+1","Twin Strike+1","Havoc"],"picked":"SKIP","floor":40.0},{"not_picked":["Carnage","Sword Boomerang+1","Wild Strike"],"picked":"SKIP","floor":41.0},{"not_picked":["Reaper","Fire Breathing","Infernal Blade"],"picked":"SKIP","floor":42.0},{"not_picked":["Feel No Pain","Combust+1","Whirlwind"],"picked":"SKIP","floor":44.0},{"not_picked":["Thunderclap+1","Pommel Strike","Heavy Blade"],"picked":"SKIP","floor":46.0},{"not_picked":["Carnage+1","Sever Soul","Sentinel"],"picked":"SKIP","floor":47.0},{"not_picked":["True Grit","Feed","Havoc+1"],"picked":"SKIP","floor":55.0}],"player_experience":4444419,"relics_obtained":[{"floor":7.0,"key":"Centennial Puzzle"},{"floor":8.0,"key":"Charon\u0027s Ashes"},{"floor":9.0,"key":"White Beast Statue"},{"floor":10.0,"key":"Toy Ornithopter"},{"floor":24.0,"key":"Bottled Lightning"},{"floor":27.0,"key":"Omamori"},{"floor":28.0,"key":"Torii"},{"floor":30.0,"key":"Pear"},{"floor":40.0,"key":"Incense Burner"},{"floor":41.0,"key":"Akabeko"},{"floor":43.0,"key":"Anchor"},{"floor":44.0,"key":"Unceasing Top"},{"floor":45.0,"key":"Gambling Chip"},{"floor":46.0,"key":"Mummified Hand"},{"floor":47.0,"key":"Nunchaku"},{"floor":55.0,"key":"Lantern"}],"event_choices":[{"damage_healed":0.0,"max_hp_gain":0.0,"max_hp_loss":0.0,"gold_gain":0.0,"event_name":"Transmorgrifier","player_choice":"Ignored","floor":2.0,"gold_loss":0.0,"damage_taken":0.0},{"cards_removed":["Flex"],"damage_healed":0.0,"max_hp_gain":0.0,"max_hp_loss":0.0,"gold_gain":0.0,"event_name":"Back to Basics","player_choice":"Elegance","floor":19.0,"gold_loss":0.0,"damage_taken":0.0},{"damage_healed":0.0,"max_hp_gain":0.0,"max_hp_loss":0.0,"gold_gain":0.0,"event_name":"WeMeetAgain","player_choice":"Gave Potion","floor":20.0,"gold_loss":0.0,"damage_taken":0.0,"relics_obtained":["The Courier"]},{"damage_healed":0.0,"max_hp_gain":0.0,"max_hp_loss":0.0,"gold_gain":50.0,"event_name":"Golden Shrine","player_choice":"Pray","floor":23.0,"gold_loss":0.0,"damage_taken":0.0},{"damage_healed":0.0,"max_hp_gain":0.0,"max_hp_loss":0.0,"gold_gain":50.0,"event_name":"Nest","player_choice":"Stole From Cult","floor":31.0,"gold_loss":0.0,"damage_taken":0.0},{"damage_healed":0.0,"max_hp_gain":0.0,"max_hp_loss":0.0,"gold_gain":0.0,"event_name":"Tomb of Lord Red Mask","player_choice":"Ignored","floor":36.0,"gold_loss":0.0,"damage_taken":0.0},{"damage_healed":0.0,"max_hp_gain":0.0,"max_hp_loss":0.0,"gold_gain":0.0,"event_name":"SecretPortal","player_choice":"Ignored","floor":37.0,"gold_loss":0.0,"damage_taken":0.0},{"damage_healed":0.0,"max_hp_gain":0.0,"max_hp_loss":0.0,"gold_gain":0.0,"event_name":"Mysterious Sphere","player_choice":"Fight","floor":45.0,"gold_loss":0.0,"damage_taken":0.0}],"is_beta":false,"boss_relics":[{"not_picked":["Runic Cube","Black Star"],"picked":"Mark of Pain"},{"not_picked":["Runic Dome","Snecko Eye"],"picked":"Fusion Hammer"}],"items_purged_floors":[11,48,54],"is_endless":false,"potions_floor_spawned":[7,8,10,12,14,16,18,21,22,24,27,28,30,33,35,38,39,40,41,42,44,45,46,47,55],"ascension_level":20}}