{"host":"q0ahhcf6jhp3yzzb","time":1611389861,"event":{"mods":["BaseMod","Downfall","Minty Spire (QoL Compilation)","Relic Stats","StSLib"],"gold_per_floor":[99,99,99,99,119,19,19,19,35,35,63,63,79,30,47,146,146,46,58,75,92,92,92,92,109,109,119,139,159,47,47,67,166,166,166,179,189,200,200,228,228,128,148,167,6,38,38,38,50,50,50,79,29,29,29,29,29,29],"floor_reached":56,"language":"ENG","playtime":4043,"items_purged":["downfall:Malfunctioning","Normality","Injury"],"score":811,"play_id":"5f8657c4-53fb-43f8-a6b2-ff5448007899","local_time":"20210123011741","is_ascension_mode":false,"campfire_choices":[{"floor":1.0,"key":"RECALL"},{"data":"hexamod:EmpoweredFlame","floor":6.0,"key":"SMITH"},{"data":"hexamod:Firestarter","floor":10.0,"key":"SMITH"},{"data":"hexamod:HeatShield","floor":12.0,"key":"SMITH"},{"data":"hexamod:WildfireWeapon","floor":18.0,"key":"SMITH"},{"floor":23.0,"key":"REST"},{"floor":26.0,"key":"REST"},{"data":"hexamod:NightmareGuise","floor":35.0,"key":"SMITH"},{"data":"hexamod:ExtraCrispy","floor":42,"key":"SMITH"},{"floor":47,"key":"REST"},{"data":"hexamod:GhostflameBarrier","floor":54,"key":"SMITH"}],"circlet_count":0,"master_deck":["hexamod:Strike+1","hexamod:Defend+1","hexamod:Defend+1","hexamod:Defend+1","hexamod:Defend+1","hexamod:Sear","hexamod:Float+1","hexamod:Firestarter+1","hexamod:TimeWarp+1","hexamod:RainOfEmbers+1","hexamod:EmpoweredFlame+1","hexamod:HeatShield+1","hexamod:PhantomFireball","hexamod:HauntingEcho+1","hexamod:ExtraCrispy+1","hexamod:AdvancingGuard+1","hexamod:WildfireWeapon+1","hexamod:SwordOfDarkness+1","hexamod:PowerFromBeyond+1","hexamod:HeatCrush+1","hexamod:FastForward+1","hexamod:NightmareGuise+1","hexamod:ShieldOfDarkness+1","hexamod:GhostflameBarrier+1","hexamod:SixthSeal","hexamod:PhantomCloak+1","hexamod:PowerFromBeyond+1","hexamod:PowerFromBeyond+1","hexamod:FlamesFromBeyond+1","expansioncontent:YouAreMine+1","hexamod:HeatCrush+1","hexamod:UnlimitedPower"],"relics":["hexamod:SpiritBrand","downfall:HeartsMalice","downfall:HeartBlessingRed","Smiling Mask","Ginger","Cursed Key","downfall:HeartBlessingGreen","Snecko Eye","Nunchaku","downfall:HeartBlessingBlue","Pantograph","Lantern"],"acts_visited":["Exordium","TheCity","TheBeyond","TheEnding"],"potions_floor_usage":[38,44,56,56,56],"damage_taken":[{"damage":0.0,"enemies":"Small Slimes","floor":2.0,"turns":1.0},{"damage":0.0,"enemies":"Jaw Worm","floor":3.0,"turns":1.0},{"damage":0.0,"enemies":"Cultist","floor":4.0,"turns":1.0},{"damage":0.0,"enemies":"Exordium Thugs","floor":5.0,"turns":3.0},{"damage":1.0,"enemies":"3 Louse","floor":9.0,"turns":3.0},{"damage":8.0,"enemies":"Lagavulin","floor":11.0,"turns":7.0},{"damage":0.0,"enemies":"Gremlin Gang","floor":13.0,"turns":3.0},{"damage":0.0,"enemies":"downfall:FleeingMerchant","floor":14.0,"turns":4.0},{"damage":1.0,"enemies":"Exordium Thugs","floor":15.0,"turns":3.0},{"damage":44.0,"enemies":"IC_STATUS_ARCHETYPE","floor":16.0,"turns":11.0},{"damage":20.0,"enemies":"Spheric Guardian","floor":19.0,"turns":4.0},{"damage":9.0,"enemies":"Shell Parasite","floor":20.0,"turns":6.0},{"damage":26.0,"enemies":"Cultist and Chosen","floor":21.0,"turns":5.0},{"damage":0.0,"enemies":"Chosen and Byrds","floor":25.0,"turns":4.0},{"damage":5.0,"enemies":"Sentry and Sphere","floor":27.0,"turns":4.0},{"damage":7.0,"enemies":"Centurion and Healer","floor":28.0,"turns":7.0},{"damage":16.0,"enemies":"Shelled Parasite and Fungi","floor":29.0,"turns":4.0},{"damage":10.0,"enemies":"downfall:FleeingMerchant","floor":30.0,"turns":4.0},{"damage":5.0,"enemies":"Chosen and Byrds","floor":32.0,"turns":5.0},{"damage":3.0,"enemies":"WA_ARCHETYPE_CALM","floor":33.0,"turns":11.0},{"damage":0,"enemies":"3 Shapes","floor":36,"turns":7},{"damage":0,"enemies":"3 Darklings","floor":37,"turns":4},{"damage":0,"enemies":"Sphere and 2 Shapes","floor":38,"turns":6},{"damage":7,"enemies":"Reptomancer","floor":40,"turns":6},{"damage":0,"enemies":"Writhing Mass","floor":43,"turns":8},{"damage":12,"enemies":"Transient","floor":44,"turns":5},{"damage":1,"enemies":"downfall:FleeingMerchant","floor":45,"turns":4},{"damage":0,"enemies":"Giant Head","floor":46,"turns":4},{"damage":12,"enemies":"Sphere and 2 Shapes","floor":49,"turns":5},{"damage":26,"enemies":"SI_POISON_ARCHETYPE","floor":50,"turns":9},{"damage":0,"enemies":"downfall:CharBossMerchant","floor":52,"turns":5},{"damage":3,"enemies":"downfall:NeowBoss","floor":55,"turns":12},{"damage":82,"enemies":"downfall:NeowBossFinal","floor":56,"turns":11}],"seed_played":"2504506086308755833","potions_obtained":[{"floor":5.0,"key":"bronze:BurnAndBuffPotion"},{"floor":9.0,"key":"Ancient Potion"},{"floor":13.0,"key":"SpeedPotion"},{"floor":19.0,"key":"ColorlessPotion"},{"floor":20.0,"key":"Strength Potion"},{"floor":32.0,"key":"Block Potion"},{"floor":36,"key":"BlessingOfTheForge"},{"floor":37,"key":"Block Potion"},{"floor":43,"key":"Weak Potion"},{"floor":49,"key":"BlessingOfTheForge"},{"floor":52,"key":"Energy Potion"}],"is_trial":false,"path_per_floor":["R","M","M","M","M","R","T","?","M","R","E","R","M","$","M","B",null,"R","M","M","M","?","R","T","M","R","M","M","M","$","?","M","B",null,"R","M","M","M","?","E","T","R","M","M","$","E","R","T","M","B",null,"E","$","R","B","B"],"character_chosen":"THE_SPIRIT","items_purchased":["hexamod:ExtraCrispy","hexamod:ShieldOfDarkness","expansioncontent:YouAreMine"],"campfire_rested":3,"item_purchase_floors":[14,30,45],"current_hp_per_floor":[70,70,70,70,70,70,70,70,69,69,61,61,61,61,60,16,70,70,50,41,15,15,36,36,36,57,52,45,29,19,19,14,11,70,70,70,70,70,70,63,63,73,73,61,60,60,80,80,68,54,80,80,80,80,77,0,0,0],"gold":29,"neow_bonus":"THREE_ENEMY_KILL","is_daily":false,"chose_seed":false,"campfire_upgraded":7,"win_rate":0.0,"timestamp":1611389861,"path_taken":["R","M","M","M","M","R","T","?","M","R","E","R","M","$","M","BOSS","R","M","M","M","?","R","T","M","R","?","M","M","$","?","M","BOSS","R","M","M","M","?","E","T","R","?","M","$","E","R","?","M","BOSS","E","$","R","BOSS","BOSS"],"items_purchased_type":["Card","Card","Card"],"build_version":"2020-12-22","purchased_purges":3,"victory":false,"max_hp_per_floor":[70,70,70,70,70,70,70,70,70,70,70,70,70,70,70,70,70,70,70,70,70,70,70,70,70,70,70,70,70,70,70,70,70,70,70,70,70,70,70,70,70,80,80,80,80,80,80,80,80,80,80,80,80,80,80,80,80,80],"relic_stats":{"Nunchaku":[8],"counters":[33,174],"Pantograph":15,"Snecko Eye":[139,147,121,127],"Ginger":[37],"Smiling Mask":150,"Cursed Key":1,"obtain_stats":[{"Nunchaku":40,"Lantern":52,"downfall:HeartBlessingRed":6,"downfall:HeartBlessingBlue":42,"Pantograph":46,"Snecko Eye":34,"downfall:HeartsMalice":0,"downfall:HeartBlessingGreen":18,"Ginger":11,"Smiling Mask":7,"Cursed Key":17,"hexamod:SpiritBrand":0},{"Nunchaku":24,"Lantern":31,"downfall:HeartBlessingRed":4,"downfall:HeartBlessingBlue":24,"Pantograph":28,"Snecko Eye":20,"downfall:HeartsMalice":0,"downfall:HeartBlessingGreen":10,"Ginger":6,"Smiling Mask":4,"Cursed Key":10,"hexamod:SpiritBrand":0},{"Nunchaku":111,"Lantern":151,"downfall:HeartBlessingRed":3,"downfall:HeartBlessingBlue":111,"Pantograph":132,"Snecko Eye":88,"downfall:HeartsMalice":0,"downfall:HeartBlessingGreen":34,"Ginger":13,"Smiling Mask":3,"Cursed Key":34,"hexamod:SpiritBrand":0}]},"card_choices":[{"not_picked":["hexamod:Hexaguard","hexamod:AdvancingGuard"],"picked":"hexamod:Firestarter","floor":2.0},{"not_picked":["hexamod:Hexaguard","hexamod:SkipABeat"],"picked":"hexamod:TimeWarp","floor":3.0},{"not_picked":["hexamod:NightmareStrike","hexamod:FastForward"],"picked":"hexamod:RainOfEmbers","floor":4.0},{"not_picked":["hexamod:RainOfEmbers","hexamod:NightmareStrike"],"picked":"hexamod:EmpoweredFlame","floor":5.0},{"not_picked":["hexamod:Hexaguard","hexamod:GhostOfSpirePast"],"picked":"hexamod:HeatShield","floor":9.0},{"not_picked":["hexamod:GhostLash","hexamod:UnleashSpirits","hexamod:InspiringFlames"],"picked":"SKIP","floor":11.0},{"not_picked":["hexamod:SkipABeat","hexamod:NightmareGuise"],"picked":"hexamod:PhantomFireball","floor":13.0},{"not_picked":["hexamod:PhantomCloak","hexamod:FlamesFromBeyond"],"picked":"hexamod:HauntingEcho","floor":14.0},{"not_picked":["hexamod:FourthSeal","hexamod:BurningTouch"],"picked":"hexamod:AdvancingGuard","floor":15.0},{"not_picked":["hexamod:TurnItUp","hexamod:UnleashSpirits"],"picked":"hexamod:WildfireWeapon","floor":16.0},{"not_picked":["hexamod:GhostLash","hexamod:BacktrackSmack"],"picked":"hexamod:SwordOfDarkness+1","floor":19.0},{"not_picked":["hexamod:GhostLash","hexamod:PhantomFireball+1"],"picked":"hexamod:PowerFromBeyond+1","floor":20.0},{"not_picked":["hexamod:Firestarter","hexamod:FlamesFromBeyond+1"],"picked":"hexamod:HeatCrush+1","floor":21.0},{"not_picked":["hexamod:SoulSteal","hexamod:NecessarySacrifice"],"picked":"hexamod:FastForward+1","floor":25.0},{"not_picked":["hexamod:Rewind","hexamod:EmpoweredFlame"],"picked":"hexamod:NightmareGuise","floor":27.0},{"not_picked":["hexamod:DynamicBlow","hexamod:UnlimitedPower","hexamod:FlamesFromBeyond"],"picked":"SKIP","floor":28.0},{"not_picked":["hexamod:NightmareStrike","hexamod:SpectersWail+1","hexamod:Again"],"picked":"SKIP","floor":29.0},{"not_picked":["hexamod:SwordOfDarkness","hexamod:GiftsFromTheDead","hexamod:HeatMetal+1"],"picked":"SKIP","floor":30.0},{"not_picked":["hexamod:EtherealExpedition+1","hexamod:FlamesFromBeyond"],"picked":"hexamod:GhostflameBarrier","floor":32.0},{"not_picked":["hexamod:FifthSeal","hexamod:HexaLevel"],"picked":"hexamod:SixthSeal","floor":33.0},{"not_picked":["hexamod:FastForward","hexamod:BurningTouch","hexamod:HeatMetal"],"picked":"SKIP","floor":36},{"not_picked":["hexamod:RainOfEmbers+1","hexamod:HeatShield"],"picked":"hexamod:PhantomCloak+1","floor":37},{"not_picked":["hexamod:ThermalTransfer+1","hexamod:Haunt"],"picked":"hexamod:PowerFromBeyond+1","floor":38},{"not_picked":["hexamod:NightmareGuise","hexamod:ParanormalForm"],"picked":"hexamod:PowerFromBeyond+1","floor":40},{"not_picked":["hexamod:ChargedBarrage+1","hexamod:Hexaguard"],"picked":"hexamod:FlamesFromBeyond+1","floor":43},{"not_picked":["hexamod:ThermalTransfer","hexamod:Hexaguard+1","hexamod:SwordOfDarkness"],"picked":"SKIP","floor":44},{"not_picked":["hexamod:SwordOfDarkness","hexamod:AdvancingGuard+1","hexamod:FastForward+1"],"picked":"SKIP","floor":45},{"not_picked":["hexamod:FastForward","hexamod:InspiringFlames+1"],"picked":"hexamod:HeatCrush+1","floor":46},{"not_picked":["hexamod:HeatMetal","hexamod:InspiringFlames"],"picked":"hexamod:UnlimitedPower","floor":49},{"not_picked":["hexamod:SwordOfDarkness","hexamod:GhostOfSpirePast","hexamod:Again"],"picked":"SKIP","floor":52}],"player_experience":823102,"relics_obtained":[{"floor":7.0,"key":"Smiling Mask"},{"floor":11.0,"key":"Ginger"},{"floor":40,"key":"Nunchaku"},{"floor":46,"key":"Pantograph"},{"floor":52,"key":"Lantern"}],"event_choices":[],"is_beta":false,"boss_relics":[{"not_picked":["Calling Bell","Empty Cage"],"picked":"Cursed Key"},{"not_picked":["SlaversCollar","Velvet Choker"],"picked":"Snecko Eye"}],"items_purged_floors":[30,45,53],"is_endless":false,"potions_floor_spawned":[5,9,13,19,20,27,32,36,37,43,49,52],"killed_by":"downfall:NeowBossFinal","ascension_level":0}}