{"host":"2l3i55whvwk76mom","time":1611446150,"event":{"mods":["BaseMod","Googly Eyes","Hermit","Hubris","Minty Spire (QoL Compilation)","Replay The Spire","StSLib","The Cursed","The Disciple","The Hierophant","The Jungle","The Necromancer"],"gold_per_floor":[117,133,150,225,240,240,269,287,366,401,401,401,401,421,421,516,516,535,535,261,261,276,276,296,296,296,296,296],"floor_reached":27,"language":"ENG","playtime":711,"items_purged":["Strike_R"],"score":279,"play_id":"04a59eb5-9242-423d-a5ea-0ed6a20956de","local_time":"20210123155550","is_ascension_mode":true,"campfire_choices":[{"data":"Immolate","floor":6,"key":"SMITH"},{"floor":13,"key":"REST"},{"floor":15,"key":"REST"},{"floor":23,"key":"REST"},{"floor":25,"key":"REST"}],"circlet_count":0,"master_deck":["Strike_R","Strike_R","Strike_R","Strike_R","Defend_R","Defend_R","Defend_R","Defend_R","Bash","Immolate+1","Shrug It Off","Armaments+1","Shrug It Off","Thunderclap","Pommel Strike","Metallicize","Inflame","Twin Strike","Demonic Infusion","Replay:Undeath\u0027s Touch+1","RitualDagger","Iron Wave","Feed","True Grit+1"],"relics":["Burning Blood","Omamori","Pantograph","Vajra","Ring of Chaos","Dream Catcher","Replay:Bottled Flurry"],"acts_visited":["Exordium","TheCity"],"potions_floor_usage":[7,16,24,24],"damage_taken":[{"damage":7,"enemies":"Jaw Worm","floor":1,"turns":3},{"damage":0,"enemies":"2 Louse","floor":2,"turns":2},{"damage":6,"enemies":"Cultist","floor":3,"turns":3},{"damage":7,"enemies":"2 Fungi Beasts","floor":5,"turns":2},{"damage":16,"enemies":"Gremlin Nob","floor":7,"turns":3},{"damage":8,"enemies":"Lots of Slimes","floor":8,"turns":2},{"damage":31,"enemies":"Lagavulin","floor":10,"turns":6},{"damage":9,"enemies":"3 Louse","floor":14,"turns":2},{"damage":30,"enemies":"Slime Boss","floor":16,"turns":6},{"damage":50,"enemies":"3 Byrds","floor":18,"turns":5},{"damage":4,"enemies":"Chosen","floor":22,"turns":4},{"damage":20,"enemies":"Snake Plant","floor":24,"turns":5},{"damage":67,"enemies":"Book of Stabbing","floor":27,"turns":5}],"seed_played":"8589532310676162049","potions_obtained":[{"floor":3,"key":"Fire Potion"},{"floor":5,"key":"Milkshake"},{"floor":8,"key":"SneckoOil"},{"floor":14,"key":"CultistPotion"},{"floor":22,"key":"Regen Potion"}],"is_trial":false,"path_per_floor":["M","M","M","?","M","R","E","M","T","E","?","?","R","M","R","B",null,"M","?","$","?","M","R","M","R","T","E"],"character_chosen":"IRONCLAD","items_purchased":["Dream Catcher","Iron Wave"],"campfire_rested":4,"item_purchase_floors":[20,20],"current_hp_per_floor":[71,72,72,61,60,60,50,48,48,23,23,23,44,41,62,48,66,22,16,16,16,18,39,39,60,60,0,0],"gold":296,"neow_bonus":"THREE_RARE_CARDS","is_daily":false,"chose_seed":false,"campfire_upgraded":1,"win_rate":0.0,"timestamp":1611446150,"path_taken":["M","M","M","?","M","R","E","M","T","E","?","?","R","M","R","BOSS","M","?","$","?","M","R","M","R","T","E"],"items_purchased_type":["Relic","Card"],"build_version":"2020-12-22","purchased_purges":1,"victory":false,"max_hp_per_floor":[72,72,72,72,72,72,72,72,72,72,72,72,72,72,72,72,72,72,72,72,72,72,72,72,72,72,72,72],"card_choices":[{"not_picked":["Berserk","Barricade"],"picked":"Immolate","floor":0},{"not_picked":["Headbutt","Rupture"],"picked":"Shrug It Off","floor":1},{"not_picked":["Perfected Strike","Pommel Strike"],"picked":"Armaments","floor":2},{"not_picked":["Anger","Havoc"],"picked":"Shrug It Off","floor":3},{"not_picked":["Wild Strike","Pommel Strike"],"picked":"Thunderclap","floor":5},{"not_picked":["hubris:CleavingFinish","Double Tap"],"picked":"Pommel Strike","floor":7},{"not_picked":["Warcry","Wild Strike"],"picked":"Metallicize","floor":8},{"not_picked":["Spot Weakness","Shrug It Off"],"picked":"Inflame","floor":10},{"not_picked":["Run Through","ReplayTheSpireMod:Strike From Hell"],"picked":"Twin Strike","floor":14},{"not_picked":["Eclipse","Barricade"],"picked":"Demonic Infusion","floor":16},{"not_picked":["Thunderclap","Clothesline"],"picked":"Replay:Undeath\u0027s Touch+1","floor":18},{"not_picked":["Body Slam+1","hubris:CleavingFinish","Entrench"],"picked":"SKIP","floor":22},{"not_picked":["Wild Strike","Power Through"],"picked":"Feed","floor":24},{"not_picked":["Entrench","Warcry+1"],"picked":"True Grit+1","floor":25}],"player_experience":314221,"relics_obtained":[{"floor":7,"key":"Omamori"},{"floor":9,"key":"Pantograph"},{"floor":10,"key":"Vajra"},{"floor":26,"key":"Replay:Bottled Flurry"}],"event_choices":[{"damage_healed":0,"gold_gain":75,"player_choice":"Gather Gold","damage_taken":11,"max_hp_gain":0,"max_hp_loss":0,"event_name":"World of Goop","floor":4,"gold_loss":0},{"damage_healed":0,"gold_gain":0,"player_choice":"Grow","damage_taken":0,"max_hp_gain":0,"max_hp_loss":0,"event_name":"Living Wall","floor":12,"gold_loss":0,"cards_upgraded":["Armaments"]},{"damage_healed":0,"gold_gain":0,"player_choice":"Joined the Cult","damage_taken":6,"max_hp_gain":0,"max_hp_loss":0,"event_name":"Nest","floor":19,"gold_loss":0,"cards_obtained":["RitualDagger"]},{"damage_healed":0,"gold_gain":0,"player_choice":"0 cards matched","damage_taken":0,"max_hp_gain":0,"max_hp_loss":0,"event_name":"Match and Keep!","floor":21,"gold_loss":0,"cards_obtained":[]}],"is_beta":false,"boss_relics":[{"not_picked":["hubris:BlackHole","Tiny House"],"picked":"Ring of Chaos"}],"items_purged_floors":[20],"is_endless":false,"potions_floor_spawned":[3,5,8,14,22],"killed_by":"Book of Stabbing","ascension_level":5}}