{"host":"y5qp6htmbma6fehg","time":1611406174,"event":{"mods":["Arknights The Spire","BaseMod","Duelist Mod","Hero for Fun","Lobotomy","LobotomyExtend","Minty Spire (QoL Compilation)","StSLib"],"gold_per_floor":[11,23,47,23,23,23,37,51,96,121,121,46,59,74,74,179,179,199,215,232,243,263,296,296,296,296,296,140,167,167,181,181,280,280,296,392,402,402,402],"floor_reached":38,"language":"ZHS","playtime":944,"items_purged":["Ignore"],"score":643,"play_id":"b222294e-c4e4-4752-94f6-f155f82bc861","local_time":"20210123204934","is_ascension_mode":false,"campfire_choices":[{"data":"Side_Hop","floor":6,"key":"SMITH"},{"data":"Normal_Punch","floor":11,"key":"SMITH"},{"data":"Toss_Stone","floor":15,"key":"SMITH"},{"data":"Terrifying_Presence","floor":25,"key":"SMITH"},{"data":"Slap","floor":32,"key":"SMITH"}],"circlet_count":0,"master_deck":["Serious_Side_Hops","ShyLook","Normal_Punch","RedShoes","Slap+1","WhitesApple","Serious_Punch","Yin","Normal_Punch+1","Consecutive_Normal_Punch","QueenOfHatred","Toss_Stone+1","Normal_Punch"],"relics":["Cape","CogitoBucket","LetterFromLob","Happy Flower","Ancient Tea Set","Regal Pillow","CaptainsWheel","Theresia","Calling Bell","War Paint","Singing Bowl","Prayer Wheel","HellTrain","Kunai","WingedGreaves","Orrery","Juzu Bracelet","SsserpentHead","FleshIdol","AtMidnight","Sozu","TungstenRod"],"acts_visited":["Exordium","TheCity","TheBeyond"],"potions_floor_usage":[29],"damage_taken":[{"damage":0,"enemies":"Cultist","floor":1,"turns":1},{"damage":0,"enemies":"Jaw Worm","floor":2,"turns":1},{"damage":0,"enemies":"Small Slimes","floor":7,"turns":1},{"damage":0,"enemies":"Gremlin Gang","floor":8,"turns":3},{"damage":0,"enemies":"Lagavulin","floor":10,"turns":1},{"damage":0,"enemies":"Looter","floor":13,"turns":2},{"damage":0,"enemies":"3 Louse","floor":14,"turns":1},{"damage":0,"enemies":"Hexaghost","floor":16,"turns":1},{"damage":0,"enemies":"2 Thieves","floor":18,"turns":2},{"damage":0,"enemies":"Spheric Guardian","floor":19,"turns":1},{"damage":0,"enemies":"Snake Plant","floor":20,"turns":2},{"damage":0,"enemies":"Snecko","floor":21,"turns":1},{"damage":0,"enemies":"Centurion and Healer","floor":22,"turns":1},{"damage":0,"enemies":"theDuelist:KaibaA2","floor":23,"turns":1},{"damage":0,"enemies":"Gremlin Leader","floor":29,"turns":5},{"damage":0,"enemies":"Sentry and Sphere","floor":31,"turns":5},{"damage":0,"enemies":"Collector","floor":33,"turns":1},{"damage":0,"enemies":"3 Shapes","floor":35,"turns":1},{"damage":0,"enemies":"2 Orb Walkers","floor":36,"turns":1},{"damage":0,"enemies":"3 Darklings","floor":37,"turns":1},{"damage":0,"enemies":"Spire Growth","floor":38,"turns":1}],"seed_played":"5295978138095749788","potions_obtained":[{"floor":2,"key":"AttackPotion"},{"floor":7,"key":"ColorlessPotion"},{"floor":13,"key":"Dexterity Potion"},{"floor":29,"key":"Regen Potion"}],"is_trial":false,"path_per_floor":["M","M","T","$","?","R","M","M","T","E","R","$","M","M","R","B",null,"M","M","M","M","M","E","?","R","T","?","$","E","?","M","R","B",null,"M","?","M","M"],"character_chosen":"OPM","items_purchased":["Side_Hop","Orrery"],"campfire_rested":0,"item_purchase_floors":[4,28],"current_hp_per_floor":[999,999,999,999,999,999,999,999,999,999,999,999,999,999,999,999,999,999,999,1001,1005,1009,1009,1009,1009,1009,1009,1017,1017,1017,1019,1019,1019,1019,1019,1021,1021,0,0],"gold":402,"neow_bonus":"","is_daily":false,"chose_seed":false,"campfire_upgraded":5,"win_rate":0.0,"timestamp":1611406174,"path_taken":["M","M","?","?","?","R","?","M","T","E","R","$","M","M","R","BOSS","M","M","M","M","M","E","?","R","T","?","$","E","?","M","R","BOSS","M","?","M","M"],"items_purchased_type":["Card","Relic"],"build_version":"2020-12-22","purchased_purges":1,"victory":false,"max_hp_per_floor":[999,999,999,999,999,999,999,999,999,999,999,999,999,999,999,999,999,999,999,1001,1005,1009,1009,1009,1009,1009,1009,1017,1017,1017,1019,1019,1019,1019,1019,1021,1021,1021,1021],"card_choices":[{"not_picked":["ShyLook","Wellcheers"],"picked":"CherryBlossoms","floor":1},{"not_picked":["Yawn","Slap"],"picked":"Ignore","floor":1},{"not_picked":["MHz","WallGazer"],"picked":"Laetitia","floor":2},{"not_picked":["Wear_Disguise","Do_Nothing"],"picked":"Yawn","floor":2},{"not_picked":["VoidDream","MHz"],"picked":"MeatLantern","floor":7},{"not_picked":["Yawn","Ignore"],"picked":"Side_Hop","floor":7},{"not_picked":["HeroicMonk","OSAHOGD","BigBird"],"picked":"Singing Bowl","floor":8},{"not_picked":["WallGazer","LaLuna"],"picked":"LongBird","floor":8},{"not_picked":["Yawn","Slap"],"picked":"Toss_Stone","floor":8},{"not_picked":["Mercenary","PunishingBird"],"picked":"Wellcheers","floor":10},{"not_picked":["Wear_Disguise","Yawn"],"picked":"Normal_Punch","floor":10},{"not_picked":["BigBird","Murderer"],"picked":"LittleHelper","floor":13},{"not_picked":["Side_Hop","Yawn"],"picked":"Slap","floor":13},{"not_picked":["ShyLook","Rudolta"],"picked":"LittlePrince","floor":14},{"not_picked":["Side_Hop","Yawn"],"picked":"Slap","floor":14},{"not_picked":["CrumblingArmor","FairyFestival"],"picked":"BodiesMountain","floor":16},{"not_picked":["Oh","Serious_Side_Hops"],"picked":"Hip_Strike","floor":16},{"not_picked":["BeautyBeast","NakedNest"],"picked":"Freischutz","floor":18},{"not_picked":["Slap","Hop"],"picked":"Serious_Punch","floor":18},{"not_picked":["Wear_Disguise","Ignore"],"picked":"Toss_Stone","floor":18},{"not_picked":["ShyLook","BeautyBeast"],"picked":"OSAHOGD","floor":19},{"not_picked":["Wear_Disguise","Side_Hop"],"picked":"Toss_Stone","floor":19},{"not_picked":["Ignore","Wear_Disguise"],"picked":"Normal_Punch+1","floor":19},{"not_picked":["UniverseFragment","SnowQueen"],"picked":"SpiderBud","floor":20},{"not_picked":["Slap","Wear_Disguise","Yawn"],"picked":"Singing Bowl","floor":20},{"not_picked":["Slap","Ignore"],"picked":"Terrifying_Presence","floor":20},{"not_picked":["DespairKnight","WallGazer"],"picked":"QueenBee","floor":21},{"not_picked":["Ignore","Hop","Side_Hop"],"picked":"Singing Bowl","floor":21},{"not_picked":["Side_Hop+1","Hop","Ignore"],"picked":"Singing Bowl","floor":21},{"not_picked":["BeautyBeast","WallGazer"],"picked":"Murderer","floor":22},{"not_picked":["Hop","Consecutive_Normal_Punch","Slap"],"picked":"Singing Bowl","floor":22},{"not_picked":["Ignore","Do_Nothing","Hop+1"],"picked":"Singing Bowl","floor":22},{"not_picked":["Bloodbath","ShyLook"],"picked":"VoidDream","floor":23},{"not_picked":["Ignore","Yawn"],"picked":"Normal_Punch","floor":23},{"not_picked":["Side_Hop","Normal_Punch","Yawn+1"],"picked":"Singing Bowl","floor":28},{"not_picked":["Do_Nothing","Side_Hop","Hop"],"picked":"Singing Bowl","floor":28},{"not_picked":["Yawn+1","Slap","Toss_Stone"],"picked":"Singing Bowl","floor":28},{"not_picked":["Slap","Hop","Wear_Disguise"],"picked":"Singing Bowl","floor":28},{"not_picked":["Toss_Stone","Ignore"],"picked":"Serious_Side_Hops","floor":28},{"not_picked":["CherryBlossoms","LittlePrince"],"picked":"ShyLook","floor":29},{"not_picked":["Side_Hop","Yawn"],"picked":"Normal_Punch","floor":29},{"not_picked":["Porccubus","UniverseFragment"],"picked":"RedShoes","floor":31},{"not_picked":["Yawn","Wear_Disguise","Hop"],"picked":"Singing Bowl","floor":31},{"not_picked":["Yawn","Ignore"],"picked":"Slap","floor":31},{"not_picked":["LittlePrince","GreedKing"],"picked":"WhitesApple","floor":33},{"not_picked":["Get_Hopes_Up","Serious_Side_Hops"],"picked":"Serious_Punch","floor":33},{"not_picked":["PunishingBird","Scorched"],"picked":"Yin","floor":35},{"not_picked":["Yawn+1","Side_Hop+1"],"picked":"Normal_Punch+1","floor":35},{"not_picked":["Wear_Disguise","Toss_Stone+1"],"picked":"Consecutive_Normal_Punch","floor":35},{"not_picked":["Hop","Side_Hop+1","Do_Nothing+1"],"picked":"Singing Bowl","floor":36},{"not_picked":["LittleHelper","GalaxyChild"],"picked":"QueenOfHatred","floor":37},{"not_picked":["Wear_Disguise+1","Ignore"],"picked":"Toss_Stone+1","floor":37},{"not_picked":["Yawn+1","Ignore"],"picked":"Normal_Punch","floor":37}],"player_experience":222365,"relics_obtained":[{"floor":1,"key":"LetterFromLob"},{"floor":3,"key":"Happy Flower"},{"floor":9,"key":"Regal Pillow"},{"floor":10,"key":"CaptainsWheel"},{"floor":17,"key":"War Paint"},{"floor":17,"key":"Singing Bowl"},{"floor":17,"key":"Prayer Wheel"},{"floor":23,"key":"Kunai"},{"floor":26,"key":"WingedGreaves"},{"floor":29,"key":"Juzu Bracelet"},{"floor":31,"key":"AtMidnight"},{"floor":36,"key":"TungstenRod"}],"event_choices":[{"damage_healed":0,"gold_gain":0,"player_choice":"Success","damage_taken":12,"relics_obtained":["Ancient Tea Set"],"max_hp_gain":0,"max_hp_loss":0,"event_name":"Scrap Ooze","floor":5,"gold_loss":0},{"damage_healed":0,"gold_gain":0,"player_choice":"Simplicity","damage_taken":0,"max_hp_gain":0,"max_hp_loss":0,"event_name":"Back to Basics","floor":24,"gold_loss":0,"cards_upgraded":["Strike_Y","Strike_Y","Strike_Y","Strike_Y","Strike_Y","Defend_Y","Defend_Y","Defend_Y","Defend_Y"]},{"damage_healed":0,"gold_gain":0,"player_choice":"Trade","damage_taken":0,"relics_obtained":["SsserpentHead"],"max_hp_gain":0,"max_hp_loss":0,"event_name":"FaceTrader","floor":30,"gold_loss":0},{"damage_healed":0,"gold_gain":0,"player_choice":"Fight","damage_taken":0,"max_hp_gain":0,"max_hp_loss":0,"event_name":"Mysterious Sphere","floor":36,"gold_loss":0}],"is_beta":false,"boss_relics":[{"not_picked":["Velvet Choker","SacredBark"],"picked":"Calling Bell"},{"not_picked":["Snecko Eye","Empty Cage"],"picked":"Sozu"}],"items_purged_floors":[12],"is_endless":false,"potions_floor_spawned":[2,7,13,14,21,22,29,36],"killed_by":"Spire Growth","ascension_level":0}}