{"host":"bbjnqymry46jz0fa","time":1611403243,"event":{"mods":["BaseMod","DeckTracker","Minty Spire (QoL Compilation)","Quick Restart","StSLib","SuperFastMode"],"gold_per_floor":[19,34,50,67,32,32,64,92,127,139,139],"floor_reached":10,"language":"KOR","playtime":250,"items_purged":[],"score":140,"play_id":"6f905ea1-97a0-429d-a2c7-32f325e587b6","local_time":"20210123210043","is_ascension_mode":true,"campfire_choices":[{"data":"Strike_G","floor":6,"key":"SMITH"}],"circlet_count":0,"master_deck":["AscendersBane","Strike_G","Strike_G","Strike_G+1","Strike_G","Strike_G","Defend_G","Defend_G","Defend_G","Defend_G","Defend_G","Survivor","Neutralize","Acrobatics","Deadly Poison","All Out Attack","Backstab","Blade Dance","Backflip"],"relics":["Ring of the Snake","MawBank","Dream Catcher"],"acts_visited":["Exordium"],"potions_floor_usage":[10,10],"damage_taken":[{"damage":2,"enemies":"Jaw Worm","floor":1,"turns":7},{"damage":12,"enemies":"Cultist","floor":2,"turns":6},{"damage":1,"enemies":"2 Louse","floor":3,"turns":3},{"damage":0,"enemies":"Gremlin Gang","floor":4,"turns":3},{"damage":58,"enemies":"Gremlin Nob","floor":7,"turns":5},{"damage":13,"enemies":"Exordium Thugs","floor":8,"turns":4},{"damage":10,"enemies":"Lagavulin","floor":10,"turns":3}],"seed_played":"5044451175783200865","potions_obtained":[{"floor":2,"key":"LiquidBronze"},{"floor":3,"key":"EssenceOfSteel"},{"floor":8,"key":"SpeedPotion"}],"is_trial":false,"path_per_floor":["M","M","M","M","?","R","E","M","T","E"],"character_chosen":"THE_SILENT","items_purchased":[],"campfire_rested":0,"item_purchase_floors":[],"current_hp_per_floor":[69,57,56,56,75,75,17,4,4,0,0],"gold":139,"neow_bonus":"TWENTY_PERCENT_HP_BONUS","is_daily":false,"chose_seed":false,"campfire_upgraded":1,"win_rate":0.0,"timestamp":1611403243,"path_taken":["M","M","M","M","?","R","E","M","T","E"],"items_purchased_type":[],"build_version":"2020-12-22","purchased_purges":0,"victory":false,"max_hp_per_floor":[78,78,78,78,78,78,78,78,78,78,78],"card_choices":[{"not_picked":["Cloak And Dagger","Accuracy"],"picked":"Acrobatics","floor":1},{"not_picked":["Blur","Outmaneuver"],"picked":"Deadly Poison","floor":2},{"not_picked":["Poisoned Stab","Acrobatics"],"picked":"All Out Attack","floor":3},{"not_picked":["Heel Hook","Well Laid Plans"],"picked":"Backstab","floor":4},{"not_picked":["Caltrops","Cloak And Dagger"],"picked":"Blade Dance","floor":7},{"not_picked":["Riddle With Holes","Quick Slash"],"picked":"Backflip","floor":8}],"player_experience":733761,"relics_obtained":[{"floor":7,"key":"MawBank"},{"floor":9,"key":"Dream Catcher"}],"event_choices":[{"damage_healed":19,"gold_gain":0,"player_choice":"Healed","damage_taken":0,"max_hp_gain":0,"max_hp_loss":0,"event_name":"The Cleric","floor":5,"gold_loss":35}],"is_beta":false,"boss_relics":[],"items_purged_floors":[],"is_endless":false,"potions_floor_spawned":[2,3,8],"killed_by":"Lagavulin","ascension_level":20}}