{"host":"h229x4pcvu3jceaj","time":1611417288,"event":{"mods":["AchievementEnabler","BaseMod","Bestiary","BetterRewards","Colored Powertips","Downfall","GifTheSpireLib","Minty Spire (QoL Compilation)","StSLib","The Animator"],"gold_per_floor":[99,118,118,132,147,161,161,61,74,89,89,117,17,28,39,135,135,135,135,135,150,166,201,201,101,101,26,26,39,69,69,69,69],"floor_reached":31,"language":"ENG","playtime":1860,"items_purged":["downfall:Haunted"],"score":277,"play_id":"5da514d5-4930-4930-b055-85183460abc6","local_time":"20210123235448","is_ascension_mode":false,"campfire_choices":[{"floor":1,"key":"RECALL"},{"data":"hexamod:RainOfEmbers","floor":8,"key":"SMITH"},{"data":"hexamod:SoulSteal","floor":13,"key":"SMITH"},{"data":"hexamod:GhostflameInferno","floor":18,"key":"SMITH"},{"floor":25,"key":"REST"},{"data":"hexamod:FastForward","floor":28,"key":"SMITH"}],"circlet_count":0,"master_deck":["hexamod:Strike","hexamod:Strike","hexamod:Strike","hexamod:Defend","hexamod:Defend","hexamod:Defend","hexamod:Defend","hexamod:Sear","hexamod:Float+1","hexamod:Toasty","hexamod:Firestarter","hexamod:HeatMetal","hexamod:RainOfEmbers+1","hexamod:SoulSteal+1","hexamod:AdvancingGuard","hexamod:VolcanoVisage","hexamod:GhostflameInferno+1","hexamod:EmpoweredFlame","hexamod:FastForward+1","hexamod:FastForward","downfall:Haunted","Injury","hexamod:Toasty","downfall:Icky","hexamod:AdvancingGuard","hexamod:SkipABeat+1"],"relics":["hexamod:SpiritBrand","The Courier","downfall:HeartBlessingRed","Shuriken","downfall:HeartBlessingGreen","Runic Pyramid","Juzu Bracelet","downfall:HeartBlessingBlue","Du-Vu Doll","Thread and Needle"],"acts_visited":["Exordium","TheCity"],"potions_floor_usage":[12,16,16,30,30],"damage_taken":[{"damage":0,"enemies":"Cultist","floor":2,"turns":3},{"damage":8,"enemies":"Jaw Worm","floor":4,"turns":3},{"damage":0,"enemies":"Small Slimes","floor":5,"turns":3},{"damage":5,"enemies":"Exordium Wildlife","floor":6,"turns":4},{"damage":4,"enemies":"Large Slime","floor":9,"turns":6},{"damage":8,"enemies":"2 Fungi Beasts","floor":10,"turns":3},{"damage":10,"enemies":"Gremlin Nob","floor":12,"turns":3},{"damage":2,"enemies":"Blue Slaver","floor":14,"turns":2},{"damage":0,"enemies":"Exordium Wildlife","floor":15,"turns":2},{"damage":23,"enemies":"DF_ARCHETYPE_STREAMLINE","floor":16,"turns":10},{"damage":0,"enemies":"Chosen","floor":21,"turns":3},{"damage":14,"enemies":"Shell Parasite","floor":22,"turns":5},{"damage":35,"enemies":"Gremlin Leader","floor":23,"turns":5},{"damage":0,"enemies":"downfall:FleeingMerchant","floor":27,"turns":4},{"damage":20,"enemies":"Chosen and Byrds","floor":29,"turns":5},{"damage":13,"enemies":"Book of Stabbing","floor":30,"turns":4},{"damage":13,"enemies":"Centurion and Healer","floor":31,"turns":6}],"seed_played":"7281222166584357677","potions_obtained":[{"floor":2,"key":"DuplicationPotion"},{"floor":9,"key":"hexamod:InfernoChargePotion"},{"floor":10,"key":"hexamod:SoulburnPotion"},{"floor":14,"key":"LiquidBronze"},{"floor":16,"key":"ColorlessPotion"},{"floor":23,"key":"Slimebound:ThreeZeroPotion"},{"floor":30,"key":"ColorlessPotion"}],"is_trial":false,"path_per_floor":["R","M","?","M","M","M","T","R","M","M","?","E","R","M","M","B",null,"R","?","?","M","M","E","T","R","?","$","R","M","E","M"],"character_chosen":"THE_SPIRIT","items_purchased":[],"campfire_rested":1,"item_purchase_floors":[],"current_hp_per_floor":[63,63,63,55,55,50,50,50,46,38,38,28,28,26,26,3,63,63,52,52,52,38,3,3,36,41,41,41,21,8,0,0,0],"gold":69,"neow_bonus":"THREE_RARE_CARDS","is_daily":false,"chose_seed":false,"campfire_upgraded":4,"win_rate":0.0,"timestamp":1611417288,"path_taken":["R","M","?","?","M","M","T","R","M","M","?","E","R","M","M","BOSS","R","?","?","M","M","E","T","R","?","$","R","M","E","M"],"items_purchased_type":[],"build_version":"2020-12-22","purchased_purges":1,"victory":false,"max_hp_per_floor":[63,63,63,63,63,63,63,63,63,63,63,63,63,63,63,63,63,63,68,68,68,68,68,68,78,83,83,83,83,83,83,83,83],"card_choices":[{"not_picked":["hexamod:ApocalypseNow","hexamod:WildfireWeapon"],"picked":"hexamod:Toasty","floor":0},{"not_picked":["hexamod:Hexaguard","hexamod:GhostLash"],"picked":"hexamod:Firestarter","floor":2},{"not_picked":["hexamod:NecessarySacrifice","hexamod:ThirdSeal"],"picked":"hexamod:HeatMetal","floor":4},{"not_picked":["hexamod:GhostShield","hexamod:NightmareStrike"],"picked":"hexamod:RainOfEmbers","floor":5},{"not_picked":["hexamod:Incineration","hexamod:Firestarter","hexamod:FirstSeal"],"picked":"SKIP","floor":6},{"not_picked":["hexamod:GhostLash","hexamod:HauntingEcho"],"picked":"hexamod:SoulSteal","floor":9},{"not_picked":["hexamod:SwordOfDarkness","hexamod:ShieldOfDarkness","hexamod:GhostLash"],"picked":"SKIP","floor":10},{"not_picked":["hexamod:GhostLash","hexamod:SoulSteal"],"picked":"hexamod:AdvancingGuard","floor":12},{"not_picked":["hexamod:NightmareGuise","hexamod:SpectralAdrenaline","hexamod:ShieldOfDarkness"],"picked":"SKIP","floor":14},{"not_picked":["hexamod:EmpoweredFlame","hexamod:GhostShield"],"picked":"hexamod:VolcanoVisage","floor":15},{"not_picked":["hexamod:ApocalypseNow","hexamod:ParanormalForm"],"picked":"hexamod:GhostflameInferno","floor":16},{"not_picked":["hexamod:HauntingEcho+1","hexamod:HeatMetal"],"picked":"hexamod:EmpoweredFlame","floor":21},{"not_picked":["hexamod:PowerFromBeyond+1","hexamod:HeatMetal"],"picked":"hexamod:FastForward","floor":22},{"not_picked":["hexamod:SuperheatedStrike+1","hexamod:ShieldOfDarkness"],"picked":"hexamod:FastForward","floor":23},{"not_picked":["hexamod:NightmareGuise","hexamod:PhantomFireball","hexamod:ThirdSeal"],"picked":"SKIP","floor":27},{"not_picked":["hexamod:Firestarter","hexamod:GhostflameBarrier"],"picked":"hexamod:AdvancingGuard","floor":29},{"not_picked":["hexamod:PhantomFireball","hexamod:Firestarter"],"picked":"hexamod:SkipABeat+1","floor":30}],"player_experience":482651,"relics_obtained":[{"floor":7,"key":"The Courier"},{"floor":12,"key":"Shuriken"},{"floor":23,"key":"Juzu Bracelet"},{"floor":30,"key":"Thread and Needle"}],"event_choices":[],"is_beta":false,"boss_relics":[{"not_picked":["Snecko Eye","Fusion Hammer"],"picked":"Runic Pyramid"}],"items_purged_floors":[27],"is_endless":false,"potions_floor_spawned":[2,9,10,14,15,16,23,30],"killed_by":"Centurion and Healer","ascension_level":0}}