{"host":"sdjng9zhqonqi3uc","time":1611437936,"event":{"mods":["2.2 Compatiblity","AchievementEnabler","BaseMod","Better Note","Better Third Choice","BetterRewards","Colored Map","Colored Powertips","Downfall","Hero for Fun","Hubris","Minty Spire (QoL Compilation)","Quick Restart","Relic Stats","Shop Mod","Spicy Shops","StSLib","Td1madao Mod","The Animator","The Cursed","The Servant 0.9.4"],"gold_per_floor":[118,118,118,43,75,75,108,135,135,135,115,76,106,152,152,252,252,262,262,187,32,32,57,79,105,105,105,443,467,526,546,546,645,645,679,695,7,21,47,84,99,148,148,148,148,148,162,62,62,72],"floor_reached":51,"language":"ENG","playtime":4136,"items_purged":["Pain"],"score":1541,"play_id":"7d51c39a-b25a-4c72-8e80-0c1d0e1cebcb","local_time":"20210123223856","is_ascension_mode":true,"campfire_choices":[{"floor":6,"key":"REST"},{"data":"animator:DolaRiku","floor":15,"key":"SMITH"},{"data":"animator:DolaStephanie","floor":27,"key":"SMITH"},{"data":"animator:NarberalGamma","floor":32,"key":"SMITH"},{"data":"animator:GoblinSlayer","floor":45,"key":"SMITH"},{"data":"animator:Archer","floor":49,"key":"SMITH"}],"circlet_count":0,"master_deck":["animator:Strike_NoGameNoLife","animator:Defend_NoGameNoLife","animator:Strike","animator:Strike","animator:Defend","animator:Defend","animator:DolaSchwi+1","animator:DolaCouronne","animator:DolaRiku+1","animator:ChlammyZell","animator:Megumin+18","animator:Jibril","animator:NarberalGamma+1","animator:GoblinSlayer+1","animator:Chris","animator:Eris","animator:DolaStephanie+1","animator:Vesta+1","animator:IzunaHatsuse+1","animator:ItamiYouji","animator:Archer+1","animator:DolaSchwi+1","animator:Darkness","animator:HarukoHaruhara+1"],"relics":["animator:LivingPicture","animator:ColorlessFragment","animator:PurgingStone","Juzu Bracelet","Medical Kit","HornCleat","FossilizedHelix","Darkstone Periapt","hubris:OldNail","MerchantsRug","animator:CerealBox","Regal Pillow","hubris:GlazedTorus","WarpedTongs","Omamori","InkBottle","hubris:Icosahedron","Lantern","animator:CursedBlade","hubris:Towel","Toolbox","Toxic Egg 2","hubris:CuriousFeather","Busted Crown","Brimstone","Mango","Mercury Hourglass","DataDisk","Boot","Meat on the Bone","TungstenRod","hubris:MysteriousPyramids"],"acts_visited":["Exordium","TheCity","TheBeyond"],"potions_floor_usage":[14,16,28,28,30],"damage_taken":[{"damage":0,"enemies":"2 Louse","floor":1,"turns":3},{"damage":0,"enemies":"Jaw Worm","floor":5,"turns":4},{"damage":0,"enemies":"Gremlin Nob","floor":7,"turns":4},{"damage":0,"enemies":"Cultist","floor":8,"turns":3},{"damage":4,"enemies":"Large Slime","floor":12,"turns":5},{"damage":0,"enemies":"Red Slaver","floor":13,"turns":3},{"damage":0,"enemies":"3 Sentries","floor":14,"turns":6},{"damage":0,"enemies":"Slime Boss","floor":16,"turns":4},{"damage":8,"enemies":"3 Byrds","floor":18,"turns":4},{"damage":8,"enemies":"2 Thieves","floor":23,"turns":4},{"damage":10,"enemies":"Snake Plant","floor":24,"turns":3},{"damage":0,"enemies":"Snecko","floor":25,"turns":2},{"damage":0,"enemies":"Gremlin Leader","floor":28,"turns":5},{"damage":6,"enemies":"Cultist and Chosen","floor":29,"turns":4},{"damage":14,"enemies":"Slavers","floor":30,"turns":2},{"damage":0,"enemies":"Shelled Parasite and Fungi","floor":31,"turns":3},{"damage":60,"enemies":"hubris:MusketHawk","floor":33,"turns":8},{"damage":0,"enemies":"3 Shapes","floor":35,"turns":2},{"damage":0,"enemies":"3 Darklings","floor":36,"turns":2},{"damage":0,"enemies":"4 Shapes","floor":38,"turns":2},{"damage":0,"enemies":"Maw","floor":39,"turns":5},{"damage":14,"enemies":"Reptomancer","floor":40,"turns":4},{"damage":0,"enemies":"Transient","floor":41,"turns":5},{"damage":0,"enemies":"2 Orb Walkers","floor":42,"turns":3},{"damage":0,"enemies":"Sphere and 2 Shapes","floor":47,"turns":2},{"damage":45,"enemies":"Donu and Deca","floor":50,"turns":5}],"seed_played":"-829584064660548237","potions_obtained":[{"floor":7,"key":"SteroidPotion"},{"floor":8,"key":"SpeedPotion"},{"floor":11,"key":"hexamod:SoulburnPotion"},{"floor":14,"key":"Slimebound:ThreeZeroPotion"},{"floor":16,"key":"AttackPotion"},{"floor":24,"key":"Energy Potion"},{"floor":25,"key":"Fire Potion"},{"floor":28,"key":"FairyPotion"},{"floor":30,"key":"Explosive Potion"},{"floor":47,"key":"Guardian:BlockOnCardUsePotion"}],"is_trial":false,"path_per_floor":["M","?","?","$","M","R","E","M","T","?","?","M","M","E","R","B",null,"M","?","?","$","?","M","M","M","T","R","E","M","E","M","R","B",null,"M","M","$","M","M","E","M","?","T","?","R","?","M","NS","R","B",null],"character_chosen":"THE_ANIMATOR","items_purchased":["animator:ColorlessFragment","Juzu Bracelet","Medical Kit","HornCleat","Darkstone Periapt","hubris:OldNail","MerchantsRug","animator:CerealBox","Regal Pillow","Toolbox","Brimstone","Mango","Mercury Hourglass","DataDisk","Boot"],"campfire_rested":1,"item_purchase_floors":[0,0,0,0,0,0,0,0,0,21,37,37,37,37,37],"current_hp_per_floor":[18,18,24,24,28,64,65,65,65,65,65,61,61,61,61,61,70,62,62,62,62,62,54,52,59,59,59,62,62,54,54,54,23,61,64,64,78,78,81,67,70,73,73,73,73,73,73,73,73,43],"gold":72,"neow_bonus":"","is_daily":false,"chose_seed":false,"campfire_upgraded":5,"win_rate":0.0,"timestamp":1611437936,"path_taken":["M","?","?","$","M","R","E","M","T","?","?","M","M","E","R","BOSS","M","?","?","$","?","M","M","M","T","R","E","M","E","M","R","BOSS","M","M","$","M","M","E","M","?","T","?","R","?","M","NS","R","BOSS"],"items_purchased_type":["Relic","Relic","Relic","Relic","Relic","Relic","Relic","Relic","Relic","Relic","Relic","Relic","Relic","Relic","Relic"],"build_version":"2020-12-22","purchased_purges":1,"victory":true,"max_hp_per_floor":[66,66,72,72,72,72,73,73,73,73,73,73,73,73,73,73,73,73,73,73,73,73,73,74,74,74,74,74,74,74,74,74,74,74,74,74,88,88,88,88,88,88,88,88,88,88,88,88,88,88],"relic_stats":{"Darkstone Periapt":6,"Regal Pillow":15,"counters":[91,322],"Juzu Bracelet":2,"Medical Kit":[1],"Boot":[0],"WarpedTongs":[92],"Mercury Hourglass":[123],"Busted Crown":66,"obtain_stats":[{"TwistedFunnel":45,"Calipers":0,"hubris:CrystalStatue":48,"Gremlin Horn":6,"Vajra":7,"Hammer of Thor":53,"Whetstone":40,"hubris:MysteriousPyramids":24,"Boot":37,"Old Coin":28,"Blood Vial":6,"HornCleat":0,"Sundial":9,"MealTicket":12,"hubris:DeckOfHolding":42,"downfall:ExtraCursedKey":38,"Toxic Egg 2":26,"MerchantsRug":0,"Pear":0,"animator:TheWolleyCore":53,"Dead Branch":31,"Blue Candle":45,"hubris:SphereOfDissonance":22,"Eternal Feather":28,"Question Card":36,"Akabeko":48,"WarpedTongs":39,"animator:CerealBox":0,"SlaversCollar":17,"animator:HolyGrailRelic":34,"Anvil of the Gods":53,"Brimstone":37,"Bronze Scales":43,"Mark of Pain":34,"hubris:TenFootPole":9,"bronze:MakeshiftBattery":17,"Meat on the Bone":40,"Darkstone Periapt":0,"Regal Pillow":0,"Lantern":14,"Singing Bowl":3,"animator:TheMissingPiece":0,"Mango":37,"Juzu Bracelet":0,"Bag of Preparation":36,"hubris:Icosahedron":2,"animator:PurgingStone":0,"animator:AncientMedallion":53,"Mummified Hand":11,"Pantograph":45,"Toolbox":21,"hubris:CuriousFeather":30,"downfall:ExtraCursedBell":48,"InkBottle":9,"Paper Frog":44,"hubris:GlazedTorus":0,"animator:ColorlessFragment":0,"PreservedInsect":0,"hubris:MedicalManual":38,"Omamori":40,"Seething Fire":53,"hubris:Towel":57,"Medical Kit":0,"Mercury Hourglass":37,"Anchor":0,"DataDisk":42,"animator:TheEgnaroPiece":53,"CaptainsWheel":45,"animator:CursedBlade":17,"Busted Crown":34,"Ornamental Fan":36,"animator:LivingPicture":0,"hubris:BundleOfHerbs":23,"Art of War":45,"Membership Card":36,"hubris:Potato":26,"FossilizedHelix":0,"hubris:OldNail":0,"TungstenRod":42,"hubris:BottledRain":31},{"TwistedFunnel":55,"Calipers":0,"hubris:CrystalStatue":57,"Gremlin Horn":3,"Vajra":3,"Hammer of Thor":58,"Whetstone":53,"hubris:MysteriousPyramids":12,"Boot":84,"Old Coin":78,"Blood Vial":3,"HornCleat":65,"Sundial":4,"MealTicket":36,"hubris:DeckOfHolding":55,"downfall:ExtraCursedKey":19,"Toxic Egg 2":77,"MerchantsRug":0,"Pear":30,"animator:TheWolleyCore":58,"Dead Branch":16,"Blue Candle":55,"hubris:SphereOfDissonance":11,"Eternal Feather":14,"Question Card":18,"Akabeko":57,"WarpedTongs":19,"animator:CerealBox":65,"SlaversCollar":39,"animator:HolyGrailRelic":17,"Anvil of the Gods":58,"Brimstone":84,"Bronze Scales":55,"Mark of Pain":48,"hubris:TenFootPole":34,"bronze:MakeshiftBattery":8,"Meat on the Bone":87,"Darkstone Periapt":65,"Regal Pillow":65,"Lantern":72,"Singing Bowl":1,"animator:TheMissingPiece":0,"Mango":84,"Juzu Bracelet":0,"Bag of Preparation":18,"hubris:Icosahedron":1,"animator:PurgingStone":0,"animator:AncientMedallion":23,"Mummified Hand":35,"Pantograph":55,"Toolbox":74,"hubris:CuriousFeather":80,"downfall:ExtraCursedBell":57,"InkBottle":69,"Paper Frog":21,"hubris:GlazedTorus":65,"animator:ColorlessFragment":65,"PreservedInsect":30,"hubris:MedicalManual":51,"Omamori":20,"Seething Fire":58,"hubris:Towel":25,"Medical Kit":65,"Mercury Hourglass":84,"Anchor":0,"DataDisk":20,"animator:TheEgnaroPiece":23,"CaptainsWheel":55,"animator:CursedBlade":73,"Busted Crown":82,"Ornamental Fan":18,"animator:LivingPicture":0,"hubris:BundleOfHerbs":43,"Art of War":55,"Membership Card":18,"hubris:Potato":13,"FossilizedHelix":65,"hubris:OldNail":65,"TungstenRod":89,"hubris:BottledRain":16},{"TwistedFunnel":209,"Calipers":0,"hubris:CrystalStatue":211,"Gremlin Horn":12,"Vajra":12,"Hammer of Thor":212,"Whetstone":207,"hubris:MysteriousPyramids":60,"Boot":296,"Old Coin":275,"Blood Vial":12,"HornCleat":225,"Sundial":15,"MealTicket":190,"hubris:DeckOfHolding":209,"downfall:ExtraCursedKey":93,"Toxic Egg 2":270,"MerchantsRug":0,"Pear":184,"animator:TheWolleyCore":212,"Dead Branch":78,"Blue Candle":209,"hubris:SphereOfDissonance":52,"Eternal Feather":70,"Question Card":89,"Akabeko":211,"WarpedTongs":93,"animator:CerealBox":225,"SlaversCollar":193,"animator:HolyGrailRelic":86,"Anvil of the Gods":212,"Brimstone":296,"Bronze Scales":209,"Mark of Pain":202,"hubris:TenFootPole":188,"bronze:MakeshiftBattery":38,"Meat on the Bone":307,"Darkstone Periapt":225,"Regal Pillow":225,"Lantern":253,"Singing Bowl":4,"animator:TheMissingPiece":0,"Mango":296,"Juzu Bracelet":0,"Bag of Preparation":89,"hubris:Icosahedron":4,"animator:PurgingStone":0,"animator:AncientMedallion":117,"Mummified Hand":189,"Pantograph":209,"Toolbox":261,"hubris:CuriousFeather":281,"downfall:ExtraCursedBell":211,"InkBottle":239,"Paper Frog":104,"hubris:GlazedTorus":225,"animator:ColorlessFragment":225,"PreservedInsect":184,"hubris:MedicalManual":205,"Omamori":98,"Seething Fire":212,"hubris:Towel":139,"Medical Kit":225,"Mercury Hourglass":296,"Anchor":0,"DataDisk":98,"animator:TheEgnaroPiece":117,"CaptainsWheel":209,"animator:CursedBlade":257,"Busted Crown":292,"Ornamental Fan":89,"animator:LivingPicture":0,"hubris:BundleOfHerbs":197,"Art of War":209,"Membership Card":89,"hubris:Potato":65,"FossilizedHelix":225,"hubris:OldNail":225,"TungstenRod":315,"hubris:BottledRain":78}],"InkBottle":[37],"TungstenRod":3,"Meat on the Bone":12},"card_choices":[{"not_picked":["animator:Mitsurugi","animator:Spearman","animator:Alexander"],"picked":"SKIP","floor":1},{"not_picked":["animator:Chris","animator:ZankiKiguchi"],"picked":"animator:DolaRiku","floor":5},{"not_picked":["animator:DolaRiku","animator:DolaCouronne"],"picked":"animator:ChlammyZell","floor":7},{"not_picked":["animator:LeleiLaLalena","animator:Aqua"],"picked":"animator:Megumin","floor":8},{"not_picked":["animator:Berserker","animator:YaoHaDucy","animator:Kazuma"],"picked":"SKIP","floor":12},{"not_picked":["animator:DolaCouronne","animator:DolaSchwi"],"picked":"animator:Jibril","floor":13},{"not_picked":["animator:Shuna","animator:LizardPriest"],"picked":"animator:NarberalGamma","floor":14},{"not_picked":["animator:Saitama","animator:Shizu"],"picked":"animator:GoblinSlayer","floor":16},{"not_picked":["animator:Shalltear","animator:Sonic"],"picked":"animator:Chris","floor":18},{"not_picked":["animator:RinTohsaka","animator:DolaRiku"],"picked":"animator:Eris","floor":23},{"not_picked":["animator:DolaSchwi+1","animator:UneriGinkaku"],"picked":"animator:DolaStephanie","floor":24},{"not_picked":["animator:ShinjiMatou","animator:DolaRiku","animator:Mitsurugi"],"picked":"SKIP","floor":25},{"not_picked":["animator:SakuraMatou+1","animator:Jibril"],"picked":"animator:Vesta+1","floor":28},{"not_picked":["animator:ChlammyZell+1","animator:Mitsurugi","animator:YaoHaDucy+1"],"picked":"SKIP","floor":29},{"not_picked":["animator:LizardPriest+1","animator:Chris+1"],"picked":"animator:IzunaHatsuse+1","floor":30},{"not_picked":["animator:MumenRider","animator:IzunaHatsuse+1","animator:DolaCouronne+1"],"picked":"SKIP","floor":31},{"not_picked":["animator:MumenRider","animator:DolaCouronne+1"],"picked":"animator:IzunaHatsuse+1","floor":31},{"not_picked":["animator:SwordMaiden+1","animator:Gilgamesh"],"picked":"animator:ItamiYouji","floor":33},{"not_picked":[],"picked":"animator:Archer","floor":35},{"not_picked":[],"picked":"animator:DolaRiku+1","floor":36},{"not_picked":["animator:Mitsurugi"],"picked":"SKIP","floor":38},{"not_picked":[],"picked":"animator:DolaSchwi","floor":39},{"not_picked":[],"picked":"animator:Darkness","floor":40},{"not_picked":["animator:PandorasActor+1"],"picked":"SKIP","floor":41},{"not_picked":["animator:PandorasActor+1"],"picked":"SKIP","floor":41},{"not_picked":[],"picked":"animator:HarukoHaruhara+1","floor":46},{"not_picked":[],"picked":"animator:Megumin","floor":47}],"player_experience":377514,"relics_obtained":[{"floor":7,"key":"Omamori"},{"floor":9,"key":"InkBottle"},{"floor":14,"key":"Lantern"},{"floor":26,"key":"Toxic Egg 2"},{"floor":28,"key":"Old Coin"},{"floor":30,"key":"hubris:CuriousFeather"},{"floor":40,"key":"Meat on the Bone"},{"floor":42,"key":"TungstenRod"},{"floor":43,"key":"hubris:MysteriousPyramids"}],"event_choices":[{"damage_healed":0,"gold_gain":0,"player_choice":"Grow","damage_taken":0,"max_hp_gain":0,"max_hp_loss":0,"event_name":"Living Wall","floor":2,"gold_loss":0,"cards_upgraded":["animator:DolaSchwi"]},{"damage_healed":0,"gold_gain":0,"player_choice":"Rummage","damage_taken":0,"relics_obtained":["WarpedTongs"],"max_hp_gain":0,"max_hp_loss":0,"event_name":"Accursed Blacksmith","floor":3,"gold_loss":0,"cards_obtained":["Pain"]},{"damage_healed":0,"gold_gain":0,"player_choice":"Bought 1 Potion","damage_taken":0,"max_hp_gain":0,"max_hp_loss":0,"event_name":"The Woman in Blue","floor":11,"gold_loss":0},{"cards_removed":["animator:Defend"],"damage_healed":0,"gold_gain":0,"player_choice":"Gave Gold","damage_taken":0,"max_hp_gain":0,"max_hp_loss":0,"event_name":"Beggar","floor":20,"gold_loss":75},{"cards_removed":["animator:Strike"],"damage_healed":0,"gold_gain":0,"player_choice":"Offered Basic","damage_taken":0,"max_hp_gain":0,"max_hp_loss":0,"event_name":"Bonfire Elementals","floor":22,"gold_loss":0},{"damage_healed":0,"gold_gain":0,"player_choice":"Fight","damage_taken":0,"max_hp_gain":0,"max_hp_loss":0,"event_name":"Mysterious Sphere","floor":42,"gold_loss":0},{"damage_healed":0,"gold_gain":0,"player_choice":"Memory 1","damage_taken":0,"max_hp_gain":0,"max_hp_loss":0,"event_name":"SensoryStone","floor":46,"gold_loss":0}],"is_beta":false,"boss_relics":[{"not_picked":["Fusion Hammer","hubris:ScarierMask"],"picked":"animator:CursedBlade"},{"not_picked":["Astrolabe","Pandora\u0027s Box"],"picked":"Busted Crown"}],"items_purged_floors":[4],"is_endless":false,"potions_floor_spawned":[7,8,14,16,24,25,28,30,35,42,47],"ascension_level":8}}