{"host":"l15sdf2mmi0nobpi","time":1611407294,"event":{"mods":["ATMod(°¢èªMod)","BaseMod","Highlight Path","Minty Spire (QoL Compilation)","Quick Restart","StSLib","¡¾¹¦ÄÜMod¡¿Neow½±Àø"],"gold_per_floor":[114,124,124,136,156,156,183,153,153,165,177,177,195,209,209,284,284,295,311,361,372,372,407,51,79,102,102,112,131,147,165,165,239,239,257,51,61,0,14,42,42,68,68,85,85,95,95,95,95],"floor_reached":48,"language":"ZHS","playtime":1545,"items_purged":["Strike_R"],"score":1480,"play_id":"ef056a5e-351b-45d1-ba8e-d0f5335da014","local_time":"20210123210814","is_ascension_mode":true,"campfire_choices":[{"data":"Flex","floor":6.0,"key":"SMITH"},{"floor":12.0,"key":"REST"},{"data":"Pommel Strike","floor":15.0,"key":"SMITH"},{"floor":27.0,"key":"REST"},{"data":"Demon Form","floor":32.0,"key":"SMITH"},{"data":"Berserk","floor":41.0,"key":"SMITH"},{"data":"Dark Embrace","floor":47.0,"key":"SMITH"}],"circlet_count":0,"master_deck":["AscendersBane","Strike_R+1","Defend_R","Defend_R","Defend_R","Defend_R","Bash","AT_ChampionKick+1","Pommel Strike+1","Flex+1","Second Wind","Feel No Pain","AT_ShrugMaster","Feel No Pain","Demon Form+1","AT_EmpoweredMortalDraw","AT_BodySlamDance","Dark Embrace+1","Shrug It Off","Berserk+1","True Grit+1","Blood for Blood+1","Warcry+1","Power Through+1","Evolve","Shockwave","Inflame+1"],"relics":["Burning Blood","AT_ATBox","Pen Nib","Mercury Hourglass","Paper Frog","AT_MortalBlade","AT_BladeRuinedKing","Sundial","AT_BellDemon","AT_EbonyIvory","Astrolabe","AT_ArchangelStaff","Red Mask","Molten Egg 2","Juzu Bracelet"],"acts_visited":["Exordium","TheCity","TheBeyond"],"potions_floor_usage":[48],"damage_taken":[{"damage":7.0,"enemies":"2 Louse","floor":1.0,"turns":3.0},{"damage":14.0,"enemies":"Jaw Worm","floor":2.0,"turns":4.0},{"damage":1.0,"enemies":"Cultist","floor":4.0,"turns":3.0},{"damage":6.0,"enemies":"Blue Slaver","floor":5.0,"turns":3.0},{"damage":20.0,"enemies":"Gremlin Nob","floor":7.0,"turns":4.0},{"damage":19.0,"enemies":"Gremlin Gang","floor":10.0,"turns":3.0},{"damage":4.0,"enemies":"2 Fungi Beasts","floor":11.0,"turns":3.0},{"damage":6.0,"enemies":"Exordium Thugs","floor":13.0,"turns":3.0},{"damage":0.0,"enemies":"Large Slime","floor":14.0,"turns":3.0},{"damage":17.0,"enemies":"The Guardian","floor":16.0,"turns":11.0},{"damage":0.0,"enemies":"Spheric Guardian","floor":18.0,"turns":1.0},{"damage":8.0,"enemies":"Chosen","floor":19.0,"turns":4.0},{"damage":6.0,"enemies":"3 Cultists","floor":21.0,"turns":3.0},{"damage":15.0,"enemies":"Slavers","floor":23.0,"turns":2.0},{"damage":41.0,"enemies":"Book of Stabbing","floor":25.0,"turns":4.0},{"damage":11.0,"enemies":"Snake Plant","floor":28.0,"turns":3.0},{"damage":16.0,"enemies":"Centurion and Healer","floor":29.0,"turns":5.0},{"damage":1.0,"enemies":"Shelled Parasite and Fungi","floor":30.0,"turns":2.0},{"damage":0.0,"enemies":"Chosen and Byrds","floor":31.0,"turns":2.0},{"damage":35.0,"enemies":"Champ","floor":33.0,"turns":6.0},{"damage":0.0,"enemies":"3 Shapes","floor":35.0,"turns":1.0},{"damage":26.0,"enemies":"3 Darklings","floor":37.0,"turns":3.0},{"damage":11.0,"enemies":"Transient","floor":39.0,"turns":6.0},{"damage":7.0,"enemies":"Reptomancer","floor":40.0,"turns":6.0},{"damage":0.0,"enemies":"Nemesis","floor":42.0,"turns":5.0},{"damage":11.0,"enemies":"Sphere and 2 Shapes","floor":44.0,"turns":2.0},{"damage":11.0,"enemies":"Jaw Worm Horde","floor":46.0,"turns":3.0},{"damage":41,"enemies":"Reptomancer","floor":48,"turns":3}],"seed_played":"4758819266579430150","potions_obtained":[{"floor":4.0,"key":"LiquidMemories"},{"floor":5.0,"key":"Weak Potion"},{"floor":8.0,"key":"SmokeBomb"},{"floor":8.0,"key":"Swift Potion"},{"floor":13.0,"key":"PowerPotion"},{"floor":16.0,"key":"DuplicationPotion"},{"floor":23.0,"key":"BlessingOfTheForge"},{"floor":28.0,"key":"Fruit Juice"},{"floor":29.0,"key":"ColorlessPotion"},{"floor":37.0,"key":"SteroidPotion"},{"floor":40.0,"key":"DistilledChaos"},{"floor":46.0,"key":"Ancient Potion"}],"is_trial":false,"path_per_floor":["M","M","?","M","M","R","E","?","T","M","M","R","M","M","R","B",null,"M","M","?","M","?","E","$","E","T","R","M","M","M","M","R","B",null,"M","$","M","?","M","E","R","E","T","M","?","M","R","E"],"character_chosen":"IRONCLAD","items_purchased":["Sundial","AT_ArchangelStaff","Evolve"],"campfire_rested":2,"item_purchase_floors":[24,36,36],"current_hp_per_floor":[67,59,36,41,41,41,27,27,27,14,16,38,38,44,44,33,65,71,69,69,69,69,60,60,25,25,47,42,37,42,48,48,19,65,71,71,51,51,46,45,45,51,51,46,46,41,41,0,0],"gold":95,"neow_bonus":"RANDOM_COMMON_RELIC","is_daily":false,"chose_seed":false,"campfire_upgraded":5,"win_rate":0.0,"timestamp":1611407294,"path_taken":["M","M","?","M","M","R","E","?","T","M","M","R","?","M","R","BOSS","M","M","?","?","?","E","$","E","T","R","M","M","M","M","R","BOSS","M","$","M","?","M","E","R","E","T","M","?","M","R","E"],"items_purchased_type":["Relic","Relic","Card"],"build_version":"2020-12-22","purchased_purges":1,"victory":false,"max_hp_per_floor":[75,75,75,75,75,75,75,75,75,75,75,75,75,75,75,75,75,75,75,75,75,75,75,75,75,75,75,75,80,80,80,80,80,80,80,80,80,80,80,80,80,80,80,80,76,76,76,76,76],"card_choices":[{"not_picked":["Sword Boomerang","AT_DiedThrough","Twin Strike"],"picked":"SKIP","floor":1.0},{"not_picked":["Entrench","Uppercut","Intimidate"],"picked":"SKIP","floor":2.0},{"not_picked":["Sword Boomerang","Clothesline"],"picked":"Pommel Strike","floor":4.0},{"not_picked":["Twin Strike","Heavy Blade"],"picked":"Flex","floor":5.0},{"not_picked":["Sword Boomerang","Power Through"],"picked":"Second Wind","floor":7.0},{"not_picked":["Heavy Blade","AT_GerminateFire","Iron Wave"],"picked":"SKIP","floor":10.0},{"not_picked":["Havoc","AT_DrawKnifeCut"],"picked":"Feel No Pain","floor":11.0},{"not_picked":["Clash","Warcry"],"picked":"AT_ShrugMaster","floor":13.0},{"not_picked":["Bludgeon","AT_IchimonjiDouble"],"picked":"Feel No Pain","floor":14.0},{"not_picked":["Berserk","Reaper"],"picked":"Demon Form","floor":16.0},{"not_picked":["AT_IchimonjiDouble","Rage","Twin Strike"],"picked":"SKIP","floor":18.0},{"not_picked":["Perfected Strike","AT_DrawKnifeCut"],"picked":"AT_BodySlamDance","floor":19.0},{"not_picked":["Disarm","Whirlwind"],"picked":"Dark Embrace","floor":21.0},{"not_picked":["Anger","Havoc"],"picked":"Shrug It Off","floor":23.0},{"not_picked":["Perfected Strike","Havoc","Metallicize+1"],"picked":"SKIP","floor":25.0},{"not_picked":["Infernal Blade","Pommel Strike"],"picked":"Berserk","floor":28.0},{"not_picked":["Warcry","Twin Strike","Cleave"],"picked":"SKIP","floor":29.0},{"not_picked":["Blood for Blood","Infernal Blade","Clash"],"picked":"SKIP","floor":30.0},{"not_picked":["Cleave","Pommel Strike","Anger+1"],"picked":"SKIP","floor":31.0},{"not_picked":["Combust","Thunderclap"],"picked":"Power Through+1","floor":35.0},{"not_picked":["Havoc","Intimidate","Sword Boomerang"],"picked":"SKIP","floor":37.0},{"not_picked":["Perfected Strike","AT_BodySlamDance","Blood for Blood+1"],"picked":"SKIP","floor":39.0},{"not_picked":["Disarm","Thunderclap+1","Dark Embrace"],"picked":"SKIP","floor":40.0},{"not_picked":["Blood for Blood+1","AT_BodySlamDance+1","Inflame"],"picked":"SKIP","floor":42.0},{"not_picked":["Warcry","Anger+1"],"picked":"Shockwave","floor":44.0},{"not_picked":["Headbutt+1","Whirlwind+1"],"picked":"Inflame+1","floor":46.0}],"player_experience":490564,"relics_obtained":[{"floor":7.0,"key":"Mercury Hourglass"},{"floor":9.0,"key":"Paper Frog"},{"floor":23.0,"key":"AT_BladeRuinedKing"},{"floor":25.0,"key":"AT_BellDemon"},{"floor":26.0,"key":"AT_EbonyIvory"},{"floor":40.0,"key":"Molten Egg 2"},{"floor":42.0,"key":"Juzu Bracelet"}],"event_choices":[{"damage_healed":0.0,"max_hp_gain":0.0,"max_hp_loss":0.0,"gold_gain":0.0,"event_name":"Shining Light","player_choice":"Entered Light","floor":3.0,"gold_loss":0.0,"damage_taken":23.0,"cards_upgraded":["Strike_R","AT_ChampionKick"]},{"damage_healed":0.0,"max_hp_gain":0.0,"max_hp_loss":0.0,"gold_gain":0.0,"event_name":"The Woman in Blue","player_choice":"Bought 2 Potions","floor":8.0,"gold_loss":0.0,"damage_taken":0.0},{"damage_healed":0.0,"max_hp_gain":0.0,"max_hp_loss":0.0,"gold_gain":50.0,"event_name":"Golden Shrine","player_choice":"Pray","floor":20.0,"gold_loss":0.0,"damage_taken":0.0},{"damage_healed":0.0,"max_hp_gain":0.0,"max_hp_loss":0.0,"gold_gain":0.0,"event_name":"The Mausoleum","player_choice":"Ignored","floor":22.0,"gold_loss":0.0,"damage_taken":0.0},{"damage_healed":0.0,"max_hp_gain":0.0,"max_hp_loss":0.0,"gold_gain":0.0,"event_name":"Tomb of Lord Red Mask","player_choice":"Paid","floor":38.0,"gold_loss":61.0,"damage_taken":0.0,"relics_obtained":["Red Mask"]},{"damage_healed":0.0,"max_hp_gain":0.0,"max_hp_loss":4.0,"gold_gain":0.0,"event_name":"Winding Halls","player_choice":"Max HP","floor":45.0,"gold_loss":0.0,"damage_taken":0.0}],"is_beta":false,"boss_relics":[{"not_picked":["SacredBark","Runic Pyramid"],"picked":"AT_MortalBlade"},{"not_picked":["Velvet Choker","Runic Cube"],"picked":"Astrolabe"}],"items_purged_floors":[24],"is_endless":false,"potions_floor_spawned":[4,5,13,16,18,23,28,29,37,39,40,46],"killed_by":"Reptomancer","ascension_level":20}}