{"host":"gn96mxb33x5p409u","time":1611406910,"event":{"mods":["2.2 Compatiblity","AchievementEnabler","Act Like it!","BaseMod","Colored Powertips","Downfall","Hubris","Infinite Spire","Jorbs\u0027s Wanderer Trilogy","Minty Spire (QoL Compilation)","Replay The Spire","StSLib","The Animator","The Jungle"],"gold_per_floor":[99,114,176,176,195,222,222,241,264,283,283,315,327,19,38,143,143,43,57,57,57,57,74,98,117,143,143,143,143],"floor_reached":27,"language":"ENG","playtime":1603,"items_purged":["bronze:Defend"],"score":293,"play_id":"043848a1-b6db-434f-b9e2-343750759141","local_time":"20210123150150","is_ascension_mode":false,"campfire_choices":[{"data":"bronze:Goto","floor":1,"key":"SMITH"},{"data":"bronze:FollowUp","floor":18,"key":"SMITH"}],"circlet_count":0,"master_deck":["bronze:Strike","bronze:Strike","bronze:Strike","bronze:Strike","bronze:Defend","bronze:Defend","bronze:Defend","bronze:Replicate","bronze:Goto+1","bronze:ChildClass","bronze:FollowUp+1","bronze:Flail","bronze:DelayedGuard","bronze:AlphaBuild","bronze:ForceShield","bronze:WhirlingStrike","bronze:Optimize","bronze:OilSpill","bronze:ThunderWave","bronze:Return","Necronomicurse","ReplayTheSpireMod:Doomed","Delirium","bronze:DelayedSlice","bronze:Allocate"],"relics":["bronze:BronzeCore","Replay:Towering Pillar of Hats","Replay:Baseball","PreservedInsect","hubris:TinFlute","hubris:TenFootPole","Coffee Dripper","downfall:HeartBlessingBlue","downfall:ExtraCursedKey","Necronomicon","Boot"],"acts_visited":["Exordium","TheCity"],"potions_floor_usage":[3,6,6,14,16,16,26,26,27],"damage_taken":[{"damage":2,"enemies":"2 Louse","floor":2,"turns":3},{"damage":28,"enemies":"Gremlin Nob","floor":3,"turns":5},{"damage":0,"enemies":"Cultist","floor":5,"turns":3},{"damage":7,"enemies":"3 Sentries","floor":6,"turns":9},{"damage":0,"enemies":"Jaw Worm","floor":8,"turns":3},{"damage":8,"enemies":"3 Louse","floor":10,"turns":2},{"damage":0,"enemies":"Gremlin Nob","floor":12,"turns":2},{"damage":1,"enemies":"2 Fungi Beasts","floor":13,"turns":2},{"damage":0,"enemies":"downfall:FleeingMerchant","floor":14,"turns":4},{"damage":6,"enemies":"Exordium Wildlife","floor":15,"turns":2},{"damage":32,"enemies":"DF_ARCHETYPE_STREAMLINE","floor":16,"turns":9},{"damage":16,"enemies":"3 Byrds","floor":19,"turns":4},{"damage":0,"enemies":"Spheric Guardian","floor":23,"turns":2},{"damage":16,"enemies":"Snake Plant","floor":25,"turns":2},{"damage":32,"enemies":"Slavers","floor":26,"turns":4},{"damage":23,"enemies":"Centurion and Healer","floor":27,"turns":2}],"seed_played":"-3799921891449028870","potions_obtained":[{"floor":2,"key":"Milkshake"},{"floor":3,"key":"EssenceOfSteel"},{"floor":4,"key":"champ:CounterPotion"},{"floor":4,"key":"EssenceOfSteel"},{"floor":13,"key":"Fire Potion"},{"floor":15,"key":"Reflective Coating"},{"floor":16,"key":"LifebloodPotion"},{"floor":19,"key":"bronze:CleanCodePotion"},{"floor":23,"key":"Fire Potion"},{"floor":26,"key":"Energy Potion"}],"is_trial":false,"path_per_floor":["R","M","?","?","M","E","T","M","T","M","?","E","M","$","M","B",null,"R","M","?","?","$","M","T","M","E","M"],"character_chosen":"THE_AUTOMATON","items_purchased":["bronze:Optimize","hubris:TenFootPole"],"campfire_rested":0,"item_purchase_floors":[14,14],"current_hp_per_floor":[77,75,47,47,47,40,40,40,40,32,57,57,56,56,50,18,77,87,71,71,63,63,63,63,47,15,0,0,0],"gold":143,"neow_bonus":"TEN_PERCENT_HP_BONUS","is_daily":false,"chose_seed":false,"campfire_upgraded":2,"win_rate":0.0,"timestamp":1611406910,"path_taken":["R","M","?","?","?","E","T","M","?","M","?","E","M","$","M","BOSS","R","M","?","?","?","M","T","M","E","?"],"items_purchased_type":["Card","Relic"],"build_version":"2020-12-22","purchased_purges":1,"victory":false,"max_hp_per_floor":[77,77,77,77,77,77,77,77,77,77,77,77,77,77,77,77,77,87,87,87,87,87,87,87,87,87,87,87,87],"card_choices":[{"not_picked":["bronze:ForLoop","bronze:BugBarrage","bronze:Invalidate"],"picked":"SKIP","floor":2},{"not_picked":["bronze:Invalidate","bronze:Allocate"],"picked":"bronze:ChildClass","floor":3},{"not_picked":["bronze:BugBarrage","bronze:WildBeam"],"picked":"bronze:FollowUp","floor":5},{"not_picked":["bronze:Turbo","bronze:Deprecate"],"picked":"bronze:Flail","floor":6},{"not_picked":["bronze:Flail","bronze:BuggyMess"],"picked":"bronze:DelayedGuard","floor":8},{"not_picked":["bronze:Deprecate","bronze:BronzeOrb"],"picked":"bronze:AlphaBuild","floor":10},{"not_picked":["bronze:DelayedGuard","bronze:Overheat"],"picked":"bronze:ForceShield","floor":12},{"not_picked":["bronze:BugBarrage","bronze:Turbo","bronze:WildBeam"],"picked":"SKIP","floor":13},{"not_picked":["bronze:BronzeOrb","bronze:Iterate"],"picked":"bronze:WhirlingStrike","floor":14},{"not_picked":["bronze:Branch","bronze:Frontload"],"picked":"bronze:OilSpill","floor":15},{"not_picked":["bronze:HyperBeam","bronze:Break"],"picked":"bronze:ThunderWave","floor":16},{"not_picked":["bronze:CutThrough","bronze:WhirlingStrike"],"picked":"bronze:Return","floor":19},{"not_picked":["bronze:CutThrough","bronze:Turbo","bronze:OilSpill"],"picked":"SKIP","floor":23},{"not_picked":["bronze:BugBarrage","bronze:WhirlingStrike+1"],"picked":"bronze:DelayedSlice","floor":25},{"not_picked":["bronze:NullPointer+1","bronze:RecursiveStrike"],"picked":"bronze:Allocate","floor":26}],"player_experience":519260,"relics_obtained":[{"floor":3,"key":"Replay:Towering Pillar of Hats"},{"floor":6,"key":"Replay:Baseball"},{"floor":9,"key":"PreservedInsect"},{"floor":12,"key":"hubris:TinFlute"},{"floor":21,"key":"Necronomicon"},{"floor":24,"key":"Boot"}],"event_choices":[{"damage_healed":0,"gold_gain":0,"player_choice":"Got Potions","damage_taken":0,"max_hp_gain":0,"max_hp_loss":0,"event_name":"Lab","floor":4,"gold_loss":0},{"damage_healed":25,"gold_gain":0,"player_choice":"Banana","damage_taken":0,"max_hp_gain":0,"max_hp_loss":0,"event_name":"Big Fish","floor":11,"gold_loss":0}],"is_beta":false,"boss_relics":[{"not_picked":["Replay:Drink Me","hubris:HollowSoul"],"picked":"Coffee Dripper"}],"items_purged_floors":[14],"is_endless":false,"potions_floor_spawned":[2,3,13,15,16,19,23,26],"killed_by":"Centurion and Healer","ascension_level":0}}