{"host":"ymn6un3ro3vi042j","time":1611430302,"event":{"mods":["AchievementEnabler","Act Like it!","Aspiration","BaseMod","Bestiary","Better Match","Better Note","Better Skull","Better Third Choice","BetterRewards","Block Reminder","Colored Map","Colored Powertips","Conspire","Curses Come First","Dark Map","DeckTracker","Downfall","Energized Spire","Friendly Minions","GifTheSpireLib","Googly Eyes","Highlight Path","Mimic Mod","Minty Spire (QoL Compilation)","Poor People Problems","Quick Restart","Rare Cards Sparkle","Relic Stats","Spicy Shops","StSLib","SuperFastMode","Synergy Search","The IronCluck","Wandering Minibosses","everything is the same but u backflip on backflip","slay the spire mod where everything is the same but ironclad has a cowboy hat"],"gold_per_floor":[110,136,147,2,2,2,17,17,68,68,88,12,12,25,25,128,128,145,245,245,245],"floor_reached":20,"language":"ENG","playtime":598,"items_purged":[],"score":162,"play_id":"34c240a7-2a01-4ea1-99d5-e85867950472","local_time":"20210123113142","is_ascension_mode":false,"campfire_choices":[{"data":"Perseverance","floor":6,"key":"SMITH"},{"data":"PathToVictory","floor":8,"key":"SMITH"},{"data":"Eruption","floor":13,"key":"SMITH"},{"data":"Pray","floor":15,"key":"SMITH"}],"circlet_count":0,"master_deck":["Strike_P","Strike_P","Strike_P","Strike_P","Defend_P","Defend_P","Defend_P","Defend_P","Eruption+1","Vigilance","Perseverance+1","Halt","BattleHymn+1","PathToVictory+1","Collect","Pray+1","LessonLearned","Worship"],"relics":["HolyWater","NeowsBlessing","Juzu Bracelet","Bronze Scales","Orichalcum","Pen Nib","Sling","Damaru","aspiration:ChemicalBlood"],"acts_visited":["Exordium","TheCity"],"potions_floor_usage":[16,16,16,18],"damage_taken":[{"damage":0,"enemies":"Jaw Worm","floor":1,"turns":1},{"damage":0,"enemies":"conspire:MimicChest","floor":2,"turns":1},{"damage":0,"enemies":"Cultist","floor":3,"turns":1},{"damage":12,"enemies":"2 Louse","floor":7,"turns":2},{"damage":5,"enemies":"Lots of Slimes","floor":11,"turns":4},{"damage":0,"enemies":"2 Fungi Beasts","floor":14,"turns":3},{"damage":22,"enemies":"Hexaghost","floor":16,"turns":5},{"damage":22,"enemies":"3 Byrds","floor":18,"turns":3}],"seed_played":"7355749530430562143","potions_obtained":[{"floor":1,"key":"bronze:BurnAndBuffPotion"},{"floor":3,"key":"Explosive Potion"},{"floor":7,"key":"Strength Potion"},{"floor":16,"key":"Guardian:BlockOnCardUsePotion"}],"is_trial":false,"path_per_floor":["M","?","M","$","?","R","M","R","T","T","M","$","R","M","R","B",null,"M","?","?"],"character_chosen":"WATCHER","items_purchased":["Bronze Scales","Sling"],"campfire_rested":0,"item_purchase_floors":[4,12],"current_hp_per_floor":[72,72,72,72,72,72,60,60,60,60,55,55,55,55,55,33,72,50,50,0,0],"gold":245,"neow_bonus":"THREE_ENEMY_KILL","is_daily":false,"chose_seed":false,"campfire_upgraded":4,"win_rate":0.0,"timestamp":1611430302,"path_taken":["M","?","M","$","?","R","M","R","T","?","M","$","R","M","R","BOSS","M","?","?"],"items_purchased_type":["Relic","Relic"],"build_version":"2020-12-22","purchased_purges":0,"victory":false,"max_hp_per_floor":[72,72,72,72,72,72,72,72,72,72,72,72,72,72,72,72,72,72,72,72,72],"relic_stats":{"counters":[8,20],"Bronze Scales":[96],"Pen Nib":[2],"Juzu Bracelet":2,"Orichalcum":[24],"obtain_stats":[{"NeowsBlessing":0,"Bronze Scales":4,"HolyWater":17,"Damaru":20,"Pen Nib":10,"Juzu Bracelet":2,"PureWater":0,"Orichalcum":9,"Sling":12,"aspiration:ChemicalBlood":20},{"NeowsBlessing":0,"Bronze Scales":3,"HolyWater":7,"Damaru":8,"Pen Nib":4,"Juzu Bracelet":2,"PureWater":0,"Orichalcum":4,"Sling":5,"aspiration:ChemicalBlood":8},{"NeowsBlessing":0,"Bronze Scales":3,"HolyWater":17,"Damaru":20,"Pen Nib":5,"Juzu Bracelet":2,"PureWater":0,"Orichalcum":5,"Sling":9,"aspiration:ChemicalBlood":20}]},"card_choices":[{"not_picked":["InnerPeace","PathToVictory"],"picked":"Perseverance","floor":1},{"not_picked":["DeceiveReality","ThirdEye"],"picked":"Halt","floor":2},{"not_picked":["Evaluate","Crescendo"],"picked":"BattleHymn","floor":3},{"not_picked":["CutThroughFate","Meditate"],"picked":"PathToVictory","floor":7},{"not_picked":["FollowUp","PathToVictory"],"picked":"Collect","floor":11},{"not_picked":["FlyingSleeves","Meditate"],"picked":"Pray","floor":14},{"not_picked":["ConjureBlade","Judgement"],"picked":"LessonLearned","floor":16},{"not_picked":["Evaluate","BowlingBash"],"picked":"Worship","floor":18}],"player_experience":55761,"relics_obtained":[{"floor":2,"key":"Juzu Bracelet"},{"floor":9,"key":"Orichalcum"},{"floor":10,"key":"Pen Nib"}],"event_choices":[{"damage_healed":0,"gold_gain":0,"player_choice":"Upgraded","damage_taken":0,"max_hp_gain":0,"max_hp_loss":0,"event_name":"Upgrade Shrine","floor":5,"gold_loss":0,"cards_upgraded":["BattleHymn"]},{"damage_healed":0,"gold_gain":100,"player_choice":"Pray","damage_taken":0,"max_hp_gain":0,"max_hp_loss":0,"event_name":"Golden Shrine","floor":19,"gold_loss":0}],"is_beta":false,"boss_relics":[{"not_picked":["Velvet Choker","SacredBark"],"picked":"HolyWater"}],"items_purged_floors":[],"is_endless":false,"potions_floor_spawned":[1,3,7,11,16],"ascension_level":0}}