{"host":"5f8ute538gzudddu","time":1611442880,"event":{"mods":["BaseMod","Highlight Path","Minty Spire (QoL Compilation)","Relic Stats","StSLib"],"gold_per_floor":[115,125,125,144,160,160,176,176,176,207,226,256,16,42,42,119,119,130,130,310,12,28,40,40,75,75,75,75,75],"floor_reached":28,"language":"ENG","playtime":915,"items_purged":["Decay"],"score":666,"play_id":"d3aec58a-f9a1-4d7c-8952-491878d09d49","local_time":"20210123150120","is_ascension_mode":true,"campfire_choices":[{"data":"Eruption","floor":6.0,"key":"SMITH"},{"data":"Meditate","floor":15.0,"key":"SMITH"},{"data":"Scrawl","floor":24.0,"key":"SMITH"},{"data":"FlurryOfBlows","floor":27.0,"key":"SMITH"}],"circlet_count":0,"master_deck":["AscendersBane","Strike_P","Strike_P","Strike_P","Strike_P","Defend_P","Defend_P","Defend_P","Eruption+1","Vigilance","Conclude","Vault","Indignation","Meditate+1","FlurryOfBlows+1","FlyingSleeves","Tantrum","ClearTheMind","Halt","Scrawl+1","FearNoEvil","FlurryOfBlows+1","Consecrate+1"],"relics":["Coffee Dripper","StrikeDummy","Regal Pillow","Shuriken","Blood Vial","Singing Bowl","VioletLotus","Membership Card","Gremlin Horn","Calipers"],"acts_visited":["Exordium","TheCity"],"potions_floor_usage":[28],"damage_taken":[{"damage":0.0,"enemies":"Small Slimes","floor":1.0,"turns":4.0},{"damage":0.0,"enemies":"Cultist","floor":2.0,"turns":4.0},{"damage":0.0,"enemies":"Jaw Worm","floor":4.0,"turns":1.0},{"damage":4.0,"enemies":"Large Slime","floor":5.0,"turns":5.0},{"damage":1.0,"enemies":"2 Fungi Beasts","floor":7.0,"turns":3.0},{"damage":0.0,"enemies":"3 Sentries","floor":10.0,"turns":3.0},{"damage":7.0,"enemies":"Gremlin Gang","floor":11.0,"turns":2.0},{"damage":2.0,"enemies":"Lagavulin","floor":12.0,"turns":3.0},{"damage":0.0,"enemies":"Gremlin Nob","floor":14.0,"turns":2.0},{"damage":25.0,"enemies":"Hexaghost","floor":16.0,"turns":5.0},{"damage":10.0,"enemies":"Shell Parasite","floor":18.0,"turns":3.0},{"damage":6.0,"enemies":"Spheric Guardian","floor":22.0,"turns":4.0},{"damage":16.0,"enemies":"Snake Plant","floor":23.0,"turns":3.0},{"damage":0.0,"enemies":"Gremlin Leader","floor":25.0,"turns":2.0},{"damage":32,"enemies":"Slavers","floor":28,"turns":2}],"seed_played":"7084203368716072209","potions_obtained":[{"floor":1.0,"key":"Ancient Potion"},{"floor":4.0,"key":"Fruit Juice"},{"floor":5.0,"key":"AttackPotion"},{"floor":11.0,"key":"Dexterity Potion"},{"floor":12.0,"key":"PowerPotion"},{"floor":22.0,"key":"Fire Potion"}],"is_trial":false,"path_per_floor":["M","M","?","M","M","R","M","?","T","E","M","E","$","E","R","B",null,"M","?","?","$","M","M","R","E","T","R","E"],"character_chosen":"WATCHER","items_purchased":["Blood Vial","Membership Card","Gremlin Horn"],"campfire_rested":0,"item_purchase_floors":[13,21,21],"current_hp_per_floor":[61,61,61,61,62,62,61,61,61,61,54,52,52,54,54,31,63,57,57,38,38,34,22,22,24,24,24,0,0],"gold":75,"neow_bonus":"BOSS_RELIC","is_daily":false,"chose_seed":false,"campfire_upgraded":4,"win_rate":0.0,"timestamp":1611442880,"path_taken":["M","M","?","M","M","R","M","?","T","E","M","E","$","E","R","BOSS","M","?","?","$","M","M","R","E","T","R","E"],"items_purchased_type":["Relic","Relic","Relic"],"build_version":"2020-12-22","purchased_purges":1,"victory":false,"max_hp_per_floor":[68,68,68,68,73,73,73,73,73,73,73,73,73,73,73,73,73,75,75,75,75,75,77,77,77,77,77,77,77],"relic_stats":{"Blood Vial":14,"Regal Pillow":0,"Singing Bowl":4,"Gremlin Horn":[2,2],"counters":[15,46],"Shuriken":[14],"VioletLotus":[4],"obtain_stats":[{"Blood Vial":13,"Regal Pillow":10,"Calipers":25,"Singing Bowl":14,"Gremlin Horn":21,"Shuriken":12,"VioletLotus":17,"Coffee Dripper":0,"Membership Card":21,"PureWater":0,"StrikeDummy":9},{"Blood Vial":8,"Regal Pillow":6,"Calipers":14,"Singing Bowl":9,"Gremlin Horn":11,"Shuriken":8,"VioletLotus":10,"Coffee Dripper":0,"Membership Card":11,"PureWater":0,"StrikeDummy":5},{"Blood Vial":25,"Regal Pillow":20,"Calipers":44,"Singing Bowl":27,"Gremlin Horn":35,"Shuriken":25,"VioletLotus":32,"Coffee Dripper":0,"Membership Card":35,"PureWater":0,"StrikeDummy":17}]},"card_choices":[{"not_picked":["PathToVictory","CarveReality"],"picked":"Conclude","floor":1.0},{"not_picked":["JustLucky","Halt"],"picked":"Vault","floor":2.0},{"not_picked":["JustLucky","EmptyFist"],"picked":"Meditate","floor":4.0},{"not_picked":["CrushJoints","Wireheading"],"picked":"FlurryOfBlows","floor":5.0},{"not_picked":["WindmillStrike","BattleHymn"],"picked":"FlyingSleeves","floor":7.0},{"not_picked":["Collect","EmptyBody"],"picked":"Tantrum","floor":10.0},{"not_picked":["ForeignInfluence","WindmillStrike","FollowUp"],"picked":"SKIP","floor":11.0},{"not_picked":["PathToVictory","Brilliance"],"picked":"ClearTheMind","floor":12.0},{"not_picked":["Pray","Consecrate"],"picked":"Halt","floor":14.0},{"not_picked":["Vault","DevaForm"],"picked":"Scrawl","floor":16.0},{"not_picked":["BowlingBash","Fasting2","WindmillStrike"],"picked":"Singing Bowl","floor":18.0},{"not_picked":["ClearTheMind","PathToVictory"],"picked":"FlurryOfBlows+1","floor":22.0},{"not_picked":["ConjureBlade","Crescendo","PathToVictory"],"picked":"Singing Bowl","floor":23.0},{"not_picked":["Protect","FlyingSleeves"],"picked":"Consecrate+1","floor":25.0}],"player_experience":940243,"relics_obtained":[{"floor":9.0,"key":"StrikeDummy"},{"floor":10.0,"key":"Regal Pillow"},{"floor":12.0,"key":"Shuriken"},{"floor":14.0,"key":"Singing Bowl"},{"floor":25.0,"key":"Calipers"}],"event_choices":[{"damage_healed":0.0,"max_hp_gain":0.0,"max_hp_loss":0.0,"gold_gain":0.0,"cards_transformed":["Defend_P"],"event_name":"Living Wall","player_choice":"Change","floor":3.0,"gold_loss":0.0,"damage_taken":0.0,"cards_obtained":["Indignation"]},{"damage_healed":0.0,"max_hp_gain":0.0,"max_hp_loss":0.0,"gold_gain":0.0,"event_name":"Wheel of Change","player_choice":"Cursed","floor":8.0,"gold_loss":0.0,"damage_taken":0.0,"cards_obtained":["Decay"]},{"damage_healed":0.0,"max_hp_gain":0.0,"max_hp_loss":0.0,"gold_gain":0.0,"event_name":"The Library","player_choice":"Read","floor":19.0,"gold_loss":0.0,"damage_taken":0.0,"cards_obtained":["FearNoEvil"]},{"damage_healed":0.0,"max_hp_gain":0.0,"max_hp_loss":0.0,"gold_gain":180.0,"event_name":"Knowing Skull","player_choice":"GOLD GOLD ","floor":20.0,"potions_obtained":[],"gold_loss":0.0,"damage_taken":19.0,"cards_obtained":[]}],"is_beta":false,"boss_relics":[{"not_picked":["Snecko Eye","Runic Pyramid"],"picked":"VioletLotus"}],"items_purged_floors":[13],"is_endless":false,"potions_floor_spawned":[1,4,5,11,12,22],"killed_by":"Slavers","ascension_level":20}}