{"host":"opg65mucj6ra7dr1","time":1611404272,"event":{"mods":["BaseMod","DeckTracker","Keyboard Shortcuts","Minty Spire (QoL Compilation)","Permanent Neow","Quick Restart","everything is the same but u backflip on backflip"],"gold_per_floor":[111,111,286,34,50,79,95,128,128,201,201,229,229,263,263,263,263,281,281,52,70,25,25,52,52,52,62,81,113,66,101,113,125,125],"floor_reached":33,"language":"KOR","playtime":1021,"items_purged":["Doubt"],"score":513,"play_id":"24c7fa08-2751-4209-9795-6545c564a0cf","local_time":"20210123211752","is_ascension_mode":true,"campfire_choices":[{"floor":11,"key":"REST"},{"floor":13,"key":"REST"},{"data":"Choke","floor":15,"key":"SMITH"},{"data":"Flechettes","floor":23,"key":"SMITH"},{"data":"Neutralize","floor":25,"key":"SMITH"},{"floor":32,"key":"REST"}],"circlet_count":0,"master_deck":["Strike_G","Strike_G","Strike_G+1","Strike_G","Defend_G","Defend_G","Defend_G","Defend_G","Defend_G","Survivor","Neutralize+1","Caltrops+1","Acrobatics","Choke+1","Dodge and Roll","Underhanded Strike","PiercingWail","Backstab","Dodge and Roll+1","Sucker Punch","Prepared+1","Calculated Gamble+1","Escape Plan+1","Dagger Spray","Flechettes+1","Prepared+1","Heel Hook+1","A Thousand Cuts","Leg Sweep+1","Cloak And Dagger+1","Quick Slash+1"],"relics":["Ring of the Snake","NeowsBlessing","Pocketwatch","Meat on the Bone","Toxic Egg 2","Incense Burner","Bottled Flame","Sozu","Bag of Preparation","The Specimen","Sundial","Boot","MawBank"],"acts_visited":["Exordium","TheCity"],"potions_floor_usage":[8,8,12,14,16],"damage_taken":[{"damage":0,"enemies":"2 Louse","floor":1,"turns":1},{"damage":0,"enemies":"Small Slimes","floor":5,"turns":1},{"damage":0,"enemies":"3 Sentries","floor":6,"turns":1},{"damage":0,"enemies":"Cultist","floor":7,"turns":2},{"damage":30,"enemies":"Gremlin Nob","floor":8,"turns":5},{"damage":34,"enemies":"Lagavulin","floor":12,"turns":8},{"damage":26,"enemies":"Gremlin Nob","floor":14,"turns":4},{"damage":18,"enemies":"The Guardian","floor":16,"turns":11},{"damage":4,"enemies":"Chosen","floor":18,"turns":4},{"damage":3,"enemies":"2 Thieves","floor":21,"turns":2},{"damage":14,"enemies":"Gremlin Leader","floor":24,"turns":6},{"damage":0,"enemies":"Snecko","floor":27,"turns":3},{"damage":4,"enemies":"Centurion and Healer","floor":28,"turns":5},{"damage":14,"enemies":"Book of Stabbing","floor":29,"turns":4},{"damage":27,"enemies":"Gremlin Leader","floor":31,"turns":5},{"damage":60,"enemies":"Champ","floor":33,"turns":8}],"seed_played":"5826929249211630311","potions_obtained":[{"floor":1,"key":"Explosive Potion"},{"floor":6,"key":"BlessingOfTheForge"},{"floor":12,"key":"Fire Potion"},{"floor":14,"key":"DistilledChaos"}],"is_trial":false,"path_per_floor":["M","?","?","$","M","E","M","E","T","?","R","E","R","E","R","B",null,"M","?","$","M","$","R","E","R","T","M","M","E","$","E","R","B"],"character_chosen":"THE_SILENT","items_purchased":["Poison Potion","Acrobatics","Choke","Escape Plan+1","Dagger Spray","Bag of Preparation","Prepared+1","Cloak And Dagger+1"],"campfire_rested":3,"item_purchase_floors":[4,4,4,20,20,20,22,30],"current_hp_per_floor":[63,49,49,49,49,49,49,19,19,19,40,18,39,25,25,19,57,53,53,53,50,50,50,36,36,36,36,44,42,42,27,48,0,0],"gold":125,"neow_bonus":"THREE_ENEMY_KILL","is_daily":false,"chose_seed":false,"campfire_upgraded":3,"win_rate":0.0,"timestamp":1611404272,"path_taken":["M","?","?","$","M","E","M","E","T","?","R","E","R","E","R","BOSS","M","?","$","M","$","R","E","R","T","M","?","E","$","E","R","BOSS"],"items_purchased_type":["Potion","Card","Card","Card","Card","Relic","Card","Card"],"build_version":"2020-12-22","purchased_purges":1,"victory":false,"max_hp_per_floor":[70,70,70,70,70,70,70,70,70,70,70,70,70,70,70,70,70,70,70,70,70,70,70,70,70,70,70,70,70,70,70,70,70,70],"card_choices":[{"not_picked":["Prepared","Outmaneuver"],"picked":"Caltrops","floor":1},{"not_picked":["Acrobatics","Concentrate"],"picked":"Dodge and Roll","floor":5},{"not_picked":["Cloak And Dagger","Envenom"],"picked":"Underhanded Strike","floor":6},{"not_picked":["Accuracy","Bane"],"picked":"PiercingWail","floor":7},{"not_picked":["Flying Knee","Bouncing Flask"],"picked":"Backstab","floor":8},{"not_picked":["Acrobatics+1","PiercingWail+1"],"picked":"Dodge and Roll+1","floor":12},{"not_picked":["Doppelganger+1","Eviscerate"],"picked":"Sucker Punch","floor":14},{"not_picked":["Deadly Poison+1","Dash"],"picked":"Prepared+1","floor":18},{"not_picked":["Accuracy","Dodge and Roll+1"],"picked":"Flechettes","floor":21},{"not_picked":["Choke","Venomology+1"],"picked":"Heel Hook+1","floor":24},{"not_picked":["Blade Dance+1","PiercingWail+1","Poisoned Stab"],"picked":"SKIP","floor":27},{"not_picked":["Outmaneuver+1","Prepared+1"],"picked":"A Thousand Cuts","floor":28},{"not_picked":["Dodge and Roll+1","Poisoned Stab"],"picked":"Leg Sweep+1","floor":29},{"not_picked":["Endless Agony","Flying Knee+1"],"picked":"Quick Slash+1","floor":31}],"player_experience":148500,"relics_obtained":[{"floor":6,"key":"Pocketwatch"},{"floor":8,"key":"Meat on the Bone"},{"floor":9,"key":"Toxic Egg 2"},{"floor":12,"key":"Incense Burner"},{"floor":14,"key":"Bottled Flame"},{"floor":24,"key":"The Specimen"},{"floor":26,"key":"Sundial"},{"floor":29,"key":"Boot"},{"floor":31,"key":"MawBank"}],"event_choices":[{"damage_healed":0,"gold_gain":0,"player_choice":"Entered Light","damage_taken":14,"max_hp_gain":0,"max_hp_loss":0,"event_name":"Shining Light","floor":2,"gold_loss":0,"cards_upgraded":["Strike_G","Caltrops"]},{"damage_healed":0,"gold_gain":175,"player_choice":"AGREE","damage_taken":0,"max_hp_gain":0,"max_hp_loss":0,"event_name":"Liars Game","floor":3,"gold_loss":0,"cards_obtained":["Doubt"]},{"damage_healed":0,"gold_gain":73,"player_choice":"Gained Gold","damage_taken":0,"max_hp_gain":0,"max_hp_loss":0,"event_name":"Golden Wing","floor":10,"gold_loss":0},{"damage_healed":0,"gold_gain":0,"cards_transformed":["Strike_G"],"player_choice":"Transformed","damage_taken":0,"max_hp_gain":0,"max_hp_loss":0,"event_name":"Transmorgrifier","floor":19,"gold_loss":0,"cards_obtained":["Calculated Gamble"]}],"is_beta":false,"boss_relics":[{"not_picked":["Fusion Hammer","Cursed Key"],"picked":"Sozu"}],"items_purged_floors":[4],"is_endless":false,"potions_floor_spawned":[1,6,12,14,21,28,29,31],"killed_by":"Champ","ascension_level":9}}