{"host":"hwrdjx5eod2cxh09","time":1611427036,"event":{"mods":["AchievementEnabler","BaseMod","Bestiary","Minty Spire (QoL Compilation)","Relic Stats"],"gold_per_floor":[116,134,150,150,150,180,180,212,236,266,276,295,295,312,312,312,312],"floor_reached":16,"language":"ENG","playtime":673,"items_purged":[],"score":128,"play_id":"502f4fe5-a8b2-4a19-afa7-f638e0f0d402","local_time":"20210124033716","is_ascension_mode":true,"campfire_choices":[{"data":"Uppercut","floor":7.0,"key":"SMITH"},{"data":"Fiend Fire","floor":13.0,"key":"SMITH"},{"data":"Pommel Strike","floor":15.0,"key":"SMITH"}],"circlet_count":0,"master_deck":["Strike_R","Strike_R","Strike_R","Strike_R","Strike_R","Defend_R","Defend_R","Defend_R","Defend_R","Bash","Fiend Fire+1","Pommel Strike+1","Uppercut+1","Evolve","Limit Break","Pummel+1","Iron Wave+1"],"relics":["Burning Blood","Boot","Art of War","Potion Belt","Molten Egg 2"],"acts_visited":["Exordium"],"potions_floor_usage":[],"damage_taken":[{"damage":1.0,"enemies":"Cultist","floor":1.0,"turns":3.0},{"damage":5.0,"enemies":"Small Slimes","floor":2.0,"turns":3.0},{"damage":0.0,"enemies":"2 Louse","floor":3.0,"turns":2.0},{"damage":27.0,"enemies":"3 Sentries","floor":6.0,"turns":9.0},{"damage":27.0,"enemies":"Gremlin Nob","floor":8.0,"turns":5.0},{"damage":5.0,"enemies":"Lagavulin","floor":10.0,"turns":4.0},{"damage":5.0,"enemies":"Looter","floor":11.0,"turns":2.0},{"damage":5.0,"enemies":"2 Fungi Beasts","floor":12.0,"turns":2.0},{"damage":7.0,"enemies":"Lots of Slimes","floor":14.0,"turns":6.0},{"damage":39,"enemies":"Hexaghost","floor":16,"turns":9}],"seed_played":"-5732403299863138918","potions_obtained":[{"floor":2.0,"key":"BlessingOfTheForge"},{"floor":3.0,"key":"SteroidPotion"}],"is_trial":false,"path_per_floor":["M","M","M","?","?","E","R","E","T","E","M","M","R","M","R","B"],"character_chosen":"IRONCLAD","items_purchased":[],"campfire_rested":0,"item_purchase_floors":[],"current_hp_per_floor":[72,72,72,77,77,56,56,35,35,36,37,38,38,37,37,0,0],"gold":312,"neow_bonus":"THREE_RARE_CARDS","is_daily":false,"chose_seed":false,"campfire_upgraded":3,"win_rate":0.0,"timestamp":1611427036,"path_taken":["M","M","?","?","?","E","R","E","T","E","M","M","R","M","R","BOSS"],"items_purchased_type":[],"build_version":"2020-12-22","purchased_purges":0,"victory":false,"max_hp_per_floor":[72,72,72,77,77,77,77,77,77,77,77,77,77,77,77,77,77],"relic_stats":{"counters":[10,45],"Art of War":[2],"Boot":[36],"obtain_stats":[{"Potion Belt":9,"Molten Egg 2":10,"Art of War":8,"Boot":6,"Burning Blood":0},{"Potion Belt":5,"Molten Egg 2":6,"Art of War":5,"Boot":4,"Burning Blood":0},{"Potion Belt":22,"Molten Egg 2":26,"Art of War":22,"Boot":17,"Burning Blood":0}],"Burning Blood":42},"card_choices":[{"not_picked":["Barricade","Limit Break"],"picked":"Fiend Fire","floor":0.0},{"not_picked":["Armaments","Flex"],"picked":"Pommel Strike","floor":1.0},{"not_picked":["Headbutt","Iron Wave","Warcry"],"picked":"SKIP","floor":2.0},{"not_picked":["Thunderclap","Warcry"],"picked":"Uppercut","floor":3.0},{"not_picked":["Pommel Strike","Flex","Bludgeon"],"picked":"SKIP","floor":6.0},{"not_picked":["Heavy Blade","Headbutt"],"picked":"Evolve","floor":8.0},{"not_picked":["Clash+1","Reckless Charge+1"],"picked":"Limit Break","floor":10.0},{"not_picked":["Warcry","Twin Strike+1"],"picked":"Pummel+1","floor":11.0},{"not_picked":["Intimidate","Sever Soul+1","Pummel+1"],"picked":"SKIP","floor":12.0},{"not_picked":["Intimidate","Sever Soul+1","Pummel+1"],"picked":"SKIP","floor":12.0},{"not_picked":["Headbutt+1","Heavy Blade+1"],"picked":"Iron Wave+1","floor":14.0}],"player_experience":269714,"relics_obtained":[{"floor":6.0,"key":"Boot"},{"floor":8.0,"key":"Art of War"},{"floor":9.0,"key":"Potion Belt"},{"floor":10.0,"key":"Molten Egg 2"}],"event_choices":[{"damage_healed":0.0,"max_hp_gain":5.0,"max_hp_loss":0.0,"gold_gain":0.0,"event_name":"Big Fish","player_choice":"Donut","floor":4.0,"gold_loss":0.0,"damage_taken":0.0},{"damage_healed":0.0,"max_hp_gain":0.0,"max_hp_loss":0.0,"gold_gain":0.0,"event_name":"Liars Game","player_choice":"Ignored","floor":5.0,"gold_loss":0.0,"damage_taken":0.0}],"is_beta":false,"boss_relics":[],"items_purged_floors":[],"is_endless":false,"potions_floor_spawned":[2,3],"killed_by":"Hexaghost","ascension_level":1}}