{"host":"ebj6lkgm8suah319","time":1611415505,"event":{"mods":["2.2 Compatiblity","AchievementEnabler","BaseMod","Block Reminder","Colored Map","Colored Powertips","Minty Spire (QoL Compilation)","Quick Restart","Rare Cards Sparkle","Relic Stats","SuperFastMode"],"gold_per_floor":[112,122,197,18,18,53,53,79,102,132,147,72,87,103,103,174,174,185,201,201,211,221,221,252,432,477,493,2,2,33,65,77,89,89],"floor_reached":33,"language":"ENG","playtime":863,"items_purged":["Strike_R"],"score":598,"play_id":"db23b772-9131-4c44-ba8d-7884c491fd23","local_time":"20210123102505","is_ascension_mode":true,"campfire_choices":[{"data":"Apotheosis","floor":15.0,"key":"SMITH"},{"data":"RitualDagger","floor":23.0,"key":"SMITH"},{"data":"Inflame","floor":29.0,"key":"SMITH"},{"data":"Flame Barrier","floor":32.0,"key":"SMITH"}],"circlet_count":0,"master_deck":["AscendersBane","Strike_R","Strike_R","Strike_R","Strike_R","Defend_R","Defend_R","Defend_R","Defend_R","Bash","Blood for Blood","Apotheosis+1","Inflame+1","Whirlwind","Flame Barrier+1","Shrug It Off","Reaper","Carnage","RitualDagger+1","Corruption+1","Sentinel","Inflame+1","Reaper"],"relics":["Burning Blood","NeowsBlessing","Orichalcum","Boot","Bag of Marbles","Frozen Egg 2","Coffee Dripper","Eternal Feather","Vajra","ClockworkSouvenir","Singing Bowl","MawBank"],"acts_visited":["Exordium","TheCity"],"potions_floor_usage":[33,33],"damage_taken":[{"damage":0.0,"enemies":"2 Louse","floor":1.0,"turns":1.0},{"damage":0.0,"enemies":"Jaw Worm","floor":2.0,"turns":1.0},{"damage":0.0,"enemies":"Gremlin Nob","floor":6.0,"turns":1.0},{"damage":6.0,"enemies":"3 Sentries","floor":8.0,"turns":8.0},{"damage":16.0,"enemies":"Gremlin Nob","floor":10.0,"turns":4.0},{"damage":0.0,"enemies":"Small Slimes","floor":11.0,"turns":3.0},{"damage":9.0,"enemies":"Looter","floor":13.0,"turns":4.0},{"damage":14.0,"enemies":"Lots of Slimes","floor":14.0,"turns":6.0},{"damage":46.0,"enemies":"The Guardian","floor":16.0,"turns":12.0},{"damage":4.0,"enemies":"Spheric Guardian","floor":18.0,"turns":4.0},{"damage":1.0,"enemies":"3 Byrds","floor":19.0,"turns":2.0},{"damage":10.0,"enemies":"3 Cultists","floor":21.0,"turns":6.0},{"damage":2.0,"enemies":"Snecko","floor":22.0,"turns":4.0},{"damage":14.0,"enemies":"Slavers","floor":24.0,"turns":5.0},{"damage":19.0,"enemies":"Centurion and Healer","floor":27.0,"turns":5.0},{"damage":29.0,"enemies":"Book of Stabbing","floor":30.0,"turns":4.0},{"damage":13.0,"enemies":"Shelled Parasite and Fungi","floor":31.0,"turns":4.0},{"damage":88,"enemies":"Automaton","floor":33,"turns":8}],"seed_played":"3807223451740595253","potions_obtained":[{"floor":1.0,"key":"HeartOfIron"},{"floor":2.0,"key":"Energy Potion"},{"floor":11.0,"key":"LiquidMemories"},{"floor":16.0,"key":"Energy Potion"},{"floor":22.0,"key":"LiquidMemories"},{"floor":27.0,"key":"Dexterity Potion"},{"floor":30.0,"key":"SteroidPotion"}],"is_trial":false,"path_per_floor":["M","M","?","$","$","E","?","E","T","E","M","$","M","M","R","B",null,"M","M","?","M","M","R","E","?","T","M","$","R","E","M","R","B"],"character_chosen":"IRONCLAD","items_purchased":["Apotheosis","ClockworkSouvenir","Singing Bowl","Inflame+1"],"campfire_rested":0,"item_purchase_floors":[4,28,28,28],"current_hp_per_floor":[74,75,64,64,64,70,70,70,70,60,66,66,63,55,55,15,60,62,75,69,72,75,75,75,56,56,57,57,69,46,41,53,0,0],"gold":89,"neow_bonus":"THREE_ENEMY_KILL","is_daily":false,"chose_seed":false,"campfire_upgraded":4,"win_rate":0.0,"timestamp":1611415505,"path_taken":["M","M","?","?","$","E","?","E","T","E","M","$","M","M","R","BOSS","M","M","?","M","M","R","E","?","T","?","$","R","E","?","R","BOSS"],"items_purchased_type":["Card","Relic","Relic","Card"],"build_version":"2020-12-22","purchased_purges":1,"victory":false,"max_hp_per_floor":[75,75,75,75,75,75,75,75,75,75,75,75,75,75,75,75,75,75,75,75,75,75,75,75,75,75,75,75,75,75,77,77,77,77],"relic_stats":{"Singing Bowl":2,"counters":[18,82],"Eternal Feather":24,"Orichalcum":[216],"Boot":[14],"MawBank":36,"obtain_stats":[{"NeowsBlessing":0,"Singing Bowl":28,"Vajra":26,"Eternal Feather":24,"Bag of Marbles":9,"Coffee Dripper":17,"Orichalcum":6,"Frozen Egg 2":10,"Boot":8,"MawBank":30,"Burning Blood":0,"ClockworkSouvenir":28},{"NeowsBlessing":0,"Singing Bowl":15,"Vajra":14,"Eternal Feather":14,"Bag of Marbles":4,"Coffee Dripper":9,"Orichalcum":3,"Frozen Egg 2":5,"Boot":4,"MawBank":16,"Burning Blood":0,"ClockworkSouvenir":15},{"NeowsBlessing":0,"Singing Bowl":66,"Vajra":61,"Eternal Feather":61,"Bag of Marbles":11,"Coffee Dripper":40,"Orichalcum":3,"Frozen Egg 2":15,"Boot":11,"MawBank":70,"Burning Blood":0,"ClockworkSouvenir":66}],"Burning Blood":89},"card_choices":[{"not_picked":["Armaments","Twin Strike"],"picked":"Blood for Blood","floor":1.0},{"not_picked":["Entrench","Rage","Infernal Blade"],"picked":"SKIP","floor":2.0},{"not_picked":["Shrug It Off","Sever Soul"],"picked":"Inflame","floor":6.0},{"not_picked":["Cleave","Second Wind","Infernal Blade"],"picked":"SKIP","floor":8.0},{"not_picked":["Pommel Strike","Heavy Blade"],"picked":"Whirlwind","floor":10.0},{"not_picked":["Wild Strike","Perfected Strike"],"picked":"Flame Barrier","floor":11.0},{"not_picked":["Armaments","Perfected Strike"],"picked":"Shrug It Off","floor":13.0},{"not_picked":["Clash","Perfected Strike","Havoc"],"picked":"SKIP","floor":14.0},{"not_picked":["Limit Break","Offering"],"picked":"Reaper","floor":16.0},{"not_picked":["Wild Strike","Cleave","Hemokinesis"],"picked":"SKIP","floor":18.0},{"not_picked":["Anger","Twin Strike"],"picked":"Carnage","floor":19.0},{"not_picked":["Body Slam","Twin Strike"],"picked":"Corruption+1","floor":21.0},{"not_picked":["Ghostly Armor","Thunderclap"],"picked":"Sentinel","floor":22.0},{"not_picked":["Power Through","Warcry","Thunderclap"],"picked":"SKIP","floor":24.0},{"not_picked":["Thunderclap","Clothesline","Iron Wave"],"picked":"SKIP","floor":27.0},{"not_picked":["Havoc","Twin Strike"],"picked":"Reaper","floor":30.0},{"not_picked":["True Grit","Headbutt","Disarm"],"picked":"Singing Bowl","floor":31.0}],"player_experience":49635,"relics_obtained":[{"floor":6.0,"key":"Orichalcum"},{"floor":8.0,"key":"Boot"},{"floor":9.0,"key":"Bag of Marbles"},{"floor":10.0,"key":"Frozen Egg 2"},{"floor":24.0,"key":"Eternal Feather"},{"floor":26.0,"key":"Vajra"},{"floor":30.0,"key":"MawBank"}],"event_choices":[{"damage_healed":0.0,"max_hp_gain":0.0,"max_hp_loss":0.0,"gold_gain":75.0,"event_name":"World of Goop","player_choice":"Gather Gold","floor":3.0,"gold_loss":0.0,"damage_taken":11.0},{"damage_healed":0.0,"max_hp_gain":0.0,"max_hp_loss":0.0,"gold_gain":0.0,"event_name":"Liars Game","player_choice":"Ignored","floor":7.0,"gold_loss":0.0,"damage_taken":0.0},{"damage_healed":0.0,"max_hp_gain":0.0,"max_hp_loss":0.0,"gold_gain":0.0,"event_name":"Nest","player_choice":"Joined the Cult","floor":20.0,"gold_loss":0.0,"damage_taken":6.0,"cards_obtained":["RitualDagger"]},{"damage_healed":0.0,"max_hp_gain":0.0,"max_hp_loss":0.0,"gold_gain":180.0,"event_name":"Knowing Skull","player_choice":"GOLD GOLD ","floor":25.0,"potions_obtained":[],"gold_loss":0.0,"damage_taken":19.0,"cards_obtained":[]}],"is_beta":false,"boss_relics":[{"not_picked":["Busted Crown","Cursed Key"],"picked":"Coffee Dripper"}],"items_purged_floors":[12],"is_endless":false,"potions_floor_spawned":[1,2,11,16,22,27,30],"killed_by":"Automaton","ascension_level":16}}