{"host":"fjaupvxe7fzqrf4j","time":1611414397,"event":{"mods":["ATMod(°¢èªMod)","BaseMod","Minty Spire (QoL Compilation)","StSLib"],"gold_per_floor":[116,191,191,291,307,341,341,380,455,499,499,535,535,574,574,668,668,692,226,246,246,246,288,288,341,341,375,427,474,311,438,438,556,556,645,433,296,345,345,410,410,578,578,641,802,871,940,1003,1003,1053,1153,1153,1153,768,851,876],"floor_reached":57,"language":"ZHS","playtime":2268,"items_purged":["Streamline","Conserve Battery","Cold Snap","Creative AI"],"score":4654,"play_id":"47d1f53d-f4f6-4445-afe7-e652a41e7f3f","local_time":"20210123230637","daily_mods":["SealedDeck","Colorless Cards","Heirloom","Time Dilation","Flight","Elite Swarm"],"is_ascension_mode":true,"campfire_choices":[{"data":"AT_OneInchPunch","floor":7.0,"key":"SMITH"},{"data":"Defragment","floor":11.0,"key":"SMITH"},{"data":"Defragment","floor":13.0,"key":"SMITH"},{"data":"Coolheaded","floor":15.0,"key":"SMITH"},{"data":"Heatsinks","floor":24.0,"key":"SMITH"},{"data":"Coolheaded","floor":32.0,"key":"SMITH"},{"data":"Capacitor","floor":41.0,"key":"SMITH"},{"floor":49.0,"key":"RECALL"},{"data":"Biased Cognition","floor":53,"key":"SMITH"}],"circlet_count":0,"master_deck":["AscendersBane","Undo","Chill","Defragment+1","Ball Lightning+1","Defragment+1","Coolheaded+1","Coolheaded+1","AT_OneInchPunch+1","Seek","Heatsinks+1","Capacitor+1","Core Surge+1","Master of Strategy","AT_WaterDrop","AT_WaterDrop","Core Surge","Biased Cognition+1"],"relics":["Cracked Core","AT_ATBox","Emotion Chip","Golden Idol","Smiling Mask","Singing Bowl","Cables","AT_RedNoBalance","Eternal Feather","DataDisk","Philosopher\u0027s Stone","Runic Capacitor","AT_SeraphEmbrace","MutagenicStrength","CeramicFish","Art of War","Lantern","Sundial","Potion Belt","AT_MibuBalloonWealth","Membership Card","Black Star","Lee\u0027s Waffle","Vajra","Bag of Preparation","Whetstone","AT_BellDemon","Du-Vu Doll","Blue Candle","Molten Egg 2","CaptainsWheel","AT_TimeSand","AT_ImmortalShieldbow","AT_BellowingDragoncrestRing","AT_GoldPhoenixTree","Nunchaku","Bag of Marbles","AT_Kusabimaru","Pantograph","Pear","Pen Nib","Chemical X","Bronze Scales","Torii"],"acts_visited":["Exordium","TheCity","TheBeyond","TheEnding"],"potions_floor_usage":[56,56],"damage_taken":[{"damage":5.0,"enemies":"Small Slimes","floor":1.0,"turns":3.0},{"damage":3.0,"enemies":"Jaw Worm","floor":5.0,"turns":2.0},{"damage":21.0,"enemies":"Gremlin Nob","floor":6.0,"turns":4.0},{"damage":0.0,"enemies":"Lagavulin","floor":8.0,"turns":4.0},{"damage":0.0,"enemies":"Gremlin Nob","floor":10.0,"turns":2.0},{"damage":0.0,"enemies":"Lagavulin","floor":12.0,"turns":4.0},{"damage":0.0,"enemies":"Gremlin Nob","floor":14.0,"turns":3.0},{"damage":4.0,"enemies":"The Guardian","floor":16.0,"turns":7.0},{"damage":0.0,"enemies":"Shell Parasite","floor":18.0,"turns":4.0},{"damage":0.0,"enemies":"Spheric Guardian","floor":20.0,"turns":4.0},{"damage":7.0,"enemies":"Book of Stabbing","floor":23.0,"turns":5.0},{"damage":0.0,"enemies":"Gremlin Leader","floor":25.0,"turns":6.0},{"damage":0.0,"enemies":"Book of Stabbing","floor":27.0,"turns":4.0},{"damage":0.0,"enemies":"Gremlin Leader","floor":28.0,"turns":4.0},{"damage":0.0,"enemies":"Book of Stabbing","floor":29.0,"turns":4.0},{"damage":0.0,"enemies":"Gremlin Leader","floor":31.0,"turns":5.0},{"damage":0.0,"enemies":"Champ","floor":33.0,"turns":10.0},{"damage":13.0,"enemies":"3 Shapes","floor":35.0,"turns":5.0},{"damage":0.0,"enemies":"Orb Walker","floor":38.0,"turns":2.0},{"damage":0.0,"enemies":"Nemesis","floor":40.0,"turns":5.0},{"damage":0.0,"enemies":"Reptomancer","floor":42.0,"turns":5.0},{"damage":0.0,"enemies":"Nemesis","floor":44.0,"turns":5.0},{"damage":0.0,"enemies":"Reptomancer","floor":45.0,"turns":5.0},{"damage":0.0,"enemies":"Giant Head","floor":46.0,"turns":5.0},{"damage":0.0,"enemies":"Nemesis","floor":47.0,"turns":5.0},{"damage":0.0,"enemies":"Giant Head","floor":48.0,"turns":9.0},{"damage":0,"enemies":"Donu and Deca","floor":50,"turns":7},{"damage":0,"enemies":"Awakened One","floor":51,"turns":13},{"damage":0,"enemies":"Shield and Spear","floor":55,"turns":5},{"damage":33,"enemies":"The Heart","floor":56,"turns":8}],"seed_played":"6695430682419945693","potions_obtained":[{"floor":1.0,"key":"LiquidMemories"},{"floor":10.0,"key":"Weak Potion"},{"floor":25.0,"key":"LiquidMemories"},{"floor":31.0,"key":"DistilledChaos"},{"floor":33.0,"key":"SpeedPotion"},{"floor":38.0,"key":"DistilledChaos"},{"floor":40.0,"key":"FocusPotion"}],"is_trial":true,"path_per_floor":["M","?","?","?","M","E","R","E","T","E","R","E","R","E","R","B",null,"M","$","M","?","?","E","R","E","T","E","E","E","$","E","R","B",null,"M","$","$","M","?","E","R","E","T","E","E","E","E","E","R","B","B",null,"R","$","E","B",null],"character_chosen":"DEFECT","items_purchased":["Runic Capacitor","AT_ArchangelStaff","Capacitor","Membership Card","Lee\u0027s Waffle","Vajra","Bag of Preparation","Pear","Swift Potion","Pen Nib","Chemical X"],"campfire_rested":0,"item_purchase_floors":[19,19,19,30,36,36,37,54,54,54,54],"current_hp_per_floor":[59,48,48,48,45,24,24,26,26,28,28,36,42,37,43,32,62,36,36,38,38,38,30,39,37,37,39,38,38,38,38,47,40,69,58,87,87,89,85,87,96,96,96,98,100,100,102,104,105,105,105,105,105,115,117,84],"gold":876,"neow_bonus":"","is_daily":false,"chose_seed":false,"campfire_upgraded":8,"win_rate":0.0,"timestamp":1611414397,"path_taken":["M","?","?","?","?","E","R","E","T","E","R","E","R","E","R","BOSS","M","$","?","?","?","E","R","E","T","E","E","E","?","E","R","BOSS","M","?","$","?","?","E","R","E","T","E","E","E","E","E","R","BOSS","BOSS","R","$","E","BOSS"],"items_purchased_type":["Relic","Relic","Card","Relic","Relic","Relic","Relic","Relic","Potion","Relic","Relic"],"build_version":"2020-12-22","purchased_purges":4,"victory":true,"max_hp_per_floor":[71,71,64,64,64,64,64,66,66,68,68,70,70,72,72,72,72,72,72,74,74,74,74,74,74,74,76,76,76,76,76,76,78,78,80,87,87,89,95,97,97,97,97,99,101,101,103,105,105,105,105,105,105,115,117,117],"card_choices":[{"not_picked":["Redo","Conserve Battery","Lockon"],"picked":"SKIP","floor":1.0},{"not_picked":["Chaos","Streamline","Go for the Eyes"],"picked":"SKIP","floor":5.0},{"not_picked":["Echo Form","Fission","Multi-Cast"],"picked":"SKIP","floor":6.0},{"not_picked":["Multi-Cast","AT_RightCognition","Biased Cognition"],"picked":"Singing Bowl","floor":8.0},{"not_picked":["Machine Learning","AT_FamilyPortrait","Transmutation"],"picked":"Singing Bowl","floor":10.0},{"not_picked":["Secret Weapon","AT_BreakingExtremeWeapon","Metamorphosis"],"picked":"Singing Bowl","floor":12.0},{"not_picked":["AT_BreakingExtremeWeapon","Reboot","Magnetism"],"picked":"Singing Bowl","floor":14.0},{"not_picked":["Sadistic Nature","Chrysalis"],"picked":"Seek","floor":16.0},{"not_picked":["Conserve Battery","Bandage Up"],"picked":"Heatsinks","floor":18.0},{"not_picked":["Lockon","Sweeping Beam","Go for the Eyes"],"picked":"Singing Bowl","floor":20.0},{"not_picked":["Thinking Ahead","Seek"],"picked":"Core Surge","floor":23.0},{"not_picked":["Panache","Transmutation"],"picked":"Master of Strategy","floor":25.0},{"not_picked":["Thinking Ahead","Buffer","AT_RightCognition"],"picked":"Singing Bowl","floor":27.0},{"not_picked":["Panache","AT_BreakingExtremeWeapon"],"picked":"AT_WaterDrop","floor":28.0},{"not_picked":["Master of Strategy","Violence"],"picked":"AT_WaterDrop","floor":29.0},{"not_picked":["Master of Strategy","Thunder Strike"],"picked":"Core Surge","floor":31.0},{"not_picked":["Amplify","AT_FamilyPortrait","AT_EmpoweredMortalDraw"],"picked":"Singing Bowl","floor":33.0},{"not_picked":["Beam Cell","Madness","Cold Snap"],"picked":"Singing Bowl","floor":35.0},{"not_picked":["Streamline","BootSequence+1","Barrage"],"picked":"Singing Bowl","floor":38.0},{"not_picked":["Dark Shackles","PanicButton","Jack Of All Trades"],"picked":"Singing Bowl","floor":39.0},{"not_picked":["Trip","AT_LightSaberMaster","Dramatic Entrance"],"picked":"Singing Bowl","floor":39.0},{"not_picked":["Dark Shackles","AT_BreakingExtremeWeapon","Secret Technique"],"picked":"Singing Bowl","floor":39.0},{"not_picked":["Secret Weapon","Fission","Mayhem"],"picked":"Singing Bowl","floor":40.0},{"not_picked":["Apotheosis","AT_EmpoweredMortalDraw"],"picked":"Creative AI","floor":42.0},{"not_picked":["Electrodynamics","Amplify","Magnetism"],"picked":"Singing Bowl","floor":44.0},{"not_picked":["Electrodynamics","Sadistic Nature","Core Surge+1"],"picked":"Singing Bowl","floor":45.0},{"not_picked":["AT_BreakingExtremeWeapon","HandOfGreed+1"],"picked":"Biased Cognition","floor":46.0},{"not_picked":["Seek","Hyperbeam+1","Fission"],"picked":"Singing Bowl","floor":47.0},{"not_picked":["Secret Technique","Mayhem","AT_TearsDenial"],"picked":"Singing Bowl","floor":48.0},{"not_picked":["Echo Form","AT_FamilyPortrait","Multi-Cast"],"picked":"Singing Bowl","floor":55}],"player_experience":515610,"relics_obtained":[{"floor":6.0,"key":"Smiling Mask"},{"floor":8.0,"key":"Singing Bowl"},{"floor":9.0,"key":"Cables"},{"floor":10.0,"key":"AT_SilverBalance"},{"floor":12.0,"key":"Eternal Feather"},{"floor":14.0,"key":"DataDisk"},{"floor":23.0,"key":"CeramicFish"},{"floor":25.0,"key":"Art of War"},{"floor":26.0,"key":"Lantern"},{"floor":27.0,"key":"Sundial"},{"floor":28.0,"key":"Potion Belt"},{"floor":29.0,"key":"AT_MibuBalloonWealth"},{"floor":40.0,"key":"Whetstone"},{"floor":40.0,"key":"AT_BellDemon"},{"floor":42.0,"key":"Du-Vu Doll"},{"floor":42.0,"key":"Blue Candle"},{"floor":44.0,"key":"Molten Egg 2"},{"floor":44.0,"key":"CaptainsWheel"},{"floor":45.0,"key":"AT_TimeSand"},{"floor":45.0,"key":"AT_ImmortalShieldbow"},{"floor":46.0,"key":"AT_BellowingDragoncrestRing"},{"floor":46.0,"key":"AT_GoldPhoenixTree"},{"floor":47.0,"key":"Nunchaku"},{"floor":47.0,"key":"Bag of Marbles"},{"floor":48.0,"key":"AT_Kusabimaru"},{"floor":48.0,"key":"Pantograph"},{"floor":55,"key":"Bronze Scales"},{"floor":55,"key":"Torii"}],"event_choices":[{"damage_healed":0.0,"max_hp_gain":0.0,"max_hp_loss":0.0,"gold_gain":75.0,"event_name":"World of Goop","player_choice":"Gather Gold","floor":2.0,"gold_loss":0.0,"damage_taken":11.0},{"damage_healed":0.0,"max_hp_gain":0.0,"max_hp_loss":7.0,"gold_gain":0.0,"event_name":"Golden Idol","player_choice":"Lose Max HP","floor":3.0,"gold_loss":0.0,"damage_taken":0.0,"relics_obtained":["Golden Idol"]},{"damage_healed":0.0,"max_hp_gain":0.0,"max_hp_loss":0.0,"gold_gain":100.0,"event_name":"Wheel of Change","player_choice":"Gold","floor":4.0,"gold_loss":0.0,"damage_taken":0.0},{"damage_healed":0.0,"max_hp_gain":0.0,"max_hp_loss":0.0,"gold_gain":0.0,"event_name":"The Mausoleum","player_choice":"Ignored","floor":21.0,"gold_loss":0.0,"damage_taken":0.0},{"damage_healed":0.0,"max_hp_gain":0.0,"max_hp_loss":0.0,"gold_gain":0.0,"event_name":"Drug Dealer","player_choice":"Inject Mutagens","floor":22.0,"gold_loss":0.0,"damage_taken":0.0,"relics_obtained":["MutagenicStrength"]},{"damage_healed":0.0,"max_hp_gain":0.0,"max_hp_loss":0.0,"gold_gain":0.0,"event_name":"SensoryStone","player_choice":"Memory 3","floor":39.0,"gold_loss":0.0,"damage_taken":10.0}],"is_beta":false,"boss_relics":[{"not_picked":["SlaversCollar","Tiny House"],"picked":"Philosopher\u0027s Stone"},{"not_picked":["Astrolabe","Inserter"],"picked":"Black Star"}],"items_purged_floors":[19,36,37,54],"is_endless":false,"potions_floor_spawned":[1,10,12,25,27,29,31,33,38,40,46,48],"ascension_level":20}}