{"host":"56mvygynx9suy49g","time":1611436158,"event":{"mods":["BaseMod","Downfall","Minty Spire (QoL Compilation)","StSLib"],"gold_per_floor":[99,99,24,24,24,24,24,24,24,51,51,51,112,127,146,246,246,196,209,209,221,238,188,188,288,238,248,261,211,211,211,231,333,333,283,293,311,322,332,282,353,112,112,62,81,99,119,69,79,79],"floor_reached":51,"language":"ENG","playtime":4893,"items_purged":["Slimebound:Strike_Slimebound"],"score":722,"play_id":"3bfb908e-1a11-43fa-898c-9dcd439287b2","local_time":"20210123150918","is_ascension_mode":false,"campfire_choices":[{"data":"Slimebound:CorrosiveSpit","floor":1,"key":"SMITH"},{"data":"Slimebound:Split","floor":6,"key":"SMITH"},{"data":"Slimebound:RallyTheTroops","floor":18,"key":"SMITH"},{"data":"Slimebound:ItLooksTasty","floor":23,"key":"SMITH"},{"data":"Slimebound:LivingWall","floor":26,"key":"SMITH"},{"data":"Slimebound:Teamwork","floor":29,"key":"SMITH"},{"data":"Slimebound:LeechEnergy","floor":30,"key":"SMITH"},{"data":"Slimebound:OozeBath","floor":35,"key":"SMITH"},{"data":"Slimebound:FinishingTackle","floor":40,"key":"SMITH"},{"data":"Slimebound:SamplingLick","floor":44,"key":"SMITH"},{"data":"Slimebound:MegaLick","floor":48,"key":"SMITH"}],"circlet_count":0,"master_deck":["Slimebound:Strike_Slimebound","Slimebound:Tackle","Slimebound:Defend_Slimebound","Slimebound:Defend_Slimebound","Slimebound:Defend_Slimebound","Slimebound:Defend_Slimebound","Slimebound:Split+1","Slimebound:CorrosiveSpit+1","Slimebound:MegaLick+1","Slimebound:Equalize","Slimebound:LivingWall+1","Slimebound:ItLooksTasty+1","Slimebound:LeechEnergy+1","Slimebound:RallyTheTroops+1","Slimebound:ViciousTackle","Slimebound:Teamwork+1","Slimebound:DisruptingSlam+1","RitualDagger+1","Slimebound:SpikyOuterGoop+1","Slimebound:GoopTackle+1","Slimebound:LevelUp+1","Slimebound:LeechingTouch+1","Slimebound:OozeBath+1","Slimebound:FinishingTackle+1","Slimebound:SamplingLick+1","Slimebound:GoopSpray+1","Slimebound:LeadByExample+1","Slimebound:SplitAcid+1"],"relics":["Slimebound:AbsorbEndCombatUpgraded","downfall:HeartsMalice","Slimebound:GreedOozeRelic","Mummified Hand","Shuriken","WingedGreaves","Incense Burner","Potion Belt","Nloth\u0027s Gift","Coffee Dripper","InkBottle","Strange Spoon"],"acts_visited":["Exordium","TheCity","TheBeyond"],"potions_floor_usage":[15,25,25,25,37,38,38,50,50,50],"damage_taken":[{"damage":0,"enemies":"Small Slimes","floor":2,"turns":1},{"damage":0,"enemies":"downfall:FleeingMerchant","floor":4,"turns":1},{"damage":0,"enemies":"2 Louse","floor":8,"turns":1},{"damage":29,"enemies":"Gremlin Nob","floor":10,"turns":4},{"damage":22,"enemies":"Lagavulin Event","floor":13,"turns":6},{"damage":1,"enemies":"Jaw Worm","floor":14,"turns":2},{"damage":4,"enemies":"Large Slime","floor":15,"turns":2},{"damage":4,"enemies":"SI_SHIV_ARCHETYPE","floor":16,"turns":7},{"damage":12,"enemies":"Shell Parasite","floor":19,"turns":4},{"damage":0,"enemies":"3 Byrds","floor":21,"turns":4},{"damage":24,"enemies":"Snake Plant","floor":22,"turns":5},{"damage":10,"enemies":"downfall:LadyInBlue","floor":25,"turns":7},{"damage":11,"enemies":"Centurion and Healer","floor":27,"turns":4},{"damage":1,"enemies":"Sentry and Sphere","floor":28,"turns":3},{"damage":13,"enemies":"Snake Plant","floor":32,"turns":2},{"damage":15,"enemies":"WA_ARCHETYPE_CALM","floor":33,"turns":9},{"damage":0,"enemies":"Orb Walker","floor":36,"turns":3},{"damage":36,"enemies":"3 Darklings","floor":37,"turns":4},{"damage":3,"enemies":"Jaw Worm Horde","floor":38,"turns":4},{"damage":20,"enemies":"Spire Growth","floor":39,"turns":4},{"damage":6,"enemies":"downfall:FleeingMerchant","floor":42,"turns":4},{"damage":1,"enemies":"Writhing Mass","floor":45,"turns":4},{"damage":6,"enemies":"Maw","floor":46,"turns":5},{"damage":24,"enemies":"Spire Growth","floor":47,"turns":3},{"damage":0,"enemies":"4 Shapes","floor":49,"turns":3},{"damage":50,"enemies":"IC_BLOCK_ARCHETYPE","floor":50,"turns":9}],"seed_played":"-5375904181566420422","potions_obtained":[{"floor":10,"key":"DuplicationPotion"},{"floor":13,"key":"Fire Potion"},{"floor":20,"key":"CultistPotion"},{"floor":22,"key":"hexamod:SoulburnPotion"},{"floor":25,"key":"Block Potion"},{"floor":25,"key":"Guardian:BlockOnCardUsePotion"},{"floor":25,"key":"LiquidMemories"},{"floor":25,"key":"DuplicationPotion"},{"floor":27,"key":"SmokeBomb"},{"floor":33,"key":"Guardian:BlockOnCardUsePotion"},{"floor":37,"key":"Block Potion"},{"floor":39,"key":"champ:CounterPotion"},{"floor":45,"key":"Swift Potion"},{"floor":46,"key":"Regen Potion"}],"is_trial":false,"path_per_floor":["R","M","?","$","?","R","T","M","?","E","?","?","?","M","M","B",null,"R","M","?","M","M","R","T","?","R","M","M","R","R","?","M","B",null,"R","M","M","M","M","R","T","$","?","R","M","M","M","R","M","B",null],"character_chosen":"SLIMEBOUND","items_purchased":["Strange Spoon"],"campfire_rested":0,"item_purchase_floors":[42],"current_hp_per_floor":[65,65,65,65,70,70,70,70,67,42,42,42,36,45,55,59,70,70,70,70,70,52,52,52,57,57,69,70,70,70,70,57,64,70,70,70,54,61,53,53,53,66,66,66,70,67,49,49,61,39],"gold":79,"neow_bonus":"THREE_ENEMY_KILL","is_daily":false,"chose_seed":false,"campfire_upgraded":11,"win_rate":0.0,"timestamp":1611436158,"path_taken":["R","M","?","$","?","R","T","?","?","E","?","?","?","?","M","BOSS","R","M","?","M","M","R","T","?","R","M","?","R","R","?","M","BOSS","R","M","M","M","?","R","T","$","?","R","?","M","M","R","M","BOSS"],"items_purchased_type":["Relic"],"build_version":"2020-12-22","purchased_purges":1,"victory":true,"max_hp_per_floor":[65,65,65,65,70,70,70,70,70,70,70,70,70,70,70,70,70,70,70,70,70,70,70,70,70,70,70,70,70,70,70,70,70,70,70,70,70,70,70,70,70,70,70,70,70,70,70,70,70,70],"card_choices":[{"not_picked":["Slimebound:Schlurp","Slimebound:LeechEnergy"],"picked":"Slimebound:MegaLick","floor":2},{"not_picked":["Slimebound:Repurpose","Slimebound:DouseInSlime"],"picked":"Slimebound:Equalize","floor":4},{"not_picked":["Slimebound:PressTheAttack","Slimebound:Replication"],"picked":"Slimebound:LivingWall","floor":8},{"not_picked":["Slimebound:Repurpose","Slimebound:PressTheAttack"],"picked":"Slimebound:ItLooksTasty","floor":10},{"not_picked":["Slimebound:BestDefense","Slimebound:GoopSpray"],"picked":"Slimebound:LeechEnergy","floor":13},{"not_picked":["Slimebound:Grow","Slimebound:RejuvenatingLick"],"picked":"Slimebound:RallyTheTroops","floor":14},{"not_picked":["Slimebound:SplitMire","Slimebound:SlimeBarrage"],"picked":"Slimebound:ViciousTackle","floor":15},{"not_picked":["Slimebound:SelfFormingGoo","Slimebound:FirmFortitude"],"picked":"Slimebound:Teamwork","floor":16},{"not_picked":["Slimebound:HauntingLick","Slimebound:LeechingTouch"],"picked":"Slimebound:DisruptingSlam+1","floor":19},{"not_picked":["Slimebound:ItLooksTasty","Slimebound:ViciousTackle+1"],"picked":"Slimebound:SpikyOuterGoop+1","floor":21},{"not_picked":["Slimebound:BestDefense","Slimebound:ItLooksTasty","Slimebound:RollThrough"],"picked":"SKIP","floor":22},{"not_picked":["Slimebound:LeechLife","Slimebound:SplitBruiser"],"picked":"Slimebound:GoopTackle+1","floor":25},{"not_picked":["Slimebound:HauntingLick","Slimebound:RollThrough"],"picked":"Slimebound:LevelUp+1","floor":27},{"not_picked":["Slimebound:SlimeBrawl","Slimebound:SplitLeeching","Slimebound:LivingWall"],"picked":"SKIP","floor":28},{"not_picked":["Slimebound:SlimeSpikes","Slimebound:LivingWall"],"picked":"Slimebound:LeechingTouch+1","floor":32},{"not_picked":["Slimebound:MinionMaster","Slimebound:DuplicatedForm"],"picked":"Slimebound:OozeBath","floor":33},{"not_picked":["Slimebound:SamplingLick","Slimebound:SplitAcid+1"],"picked":"Slimebound:FinishingTackle","floor":36},{"not_picked":["Slimebound:Grow","Slimebound:FlameTackle+1","Slimebound:FinishingTackle+1"],"picked":"SKIP","floor":37},{"not_picked":["Slimebound:SplitLeeching","Slimebound:LivingWall","Slimebound:Prepare"],"picked":"SKIP","floor":38},{"not_picked":["Slimebound:SlimeTap+1","Slimebound:RollThrough+1","Slimebound:LeechingTouch"],"picked":"SKIP","floor":39},{"not_picked":["Slimebound:RollThrough+1","Slimebound:GoopSpray"],"picked":"Slimebound:SamplingLick","floor":42},{"not_picked":["Slimebound:HauntingLick","Slimebound:ProtectTheBoss+1"],"picked":"Slimebound:GoopSpray+1","floor":45},{"not_picked":["Slimebound:LivingWall+1","Slimebound:LeechEnergy"],"picked":"Slimebound:LeadByExample+1","floor":46},{"not_picked":["Slimebound:ForwardTackle","Slimebound:Equalize","Slimebound:ProtectTheBoss"],"picked":"SKIP","floor":47},{"not_picked":["Slimebound:SplitLeeching+1","Slimebound:Overexert"],"picked":"Slimebound:SplitAcid+1","floor":49}],"player_experience":376446,"relics_obtained":[{"floor":7,"key":"Mummified Hand"},{"floor":10,"key":"Shuriken"},{"floor":13,"key":"WingedGreaves"},{"floor":24,"key":"Incense Burner"},{"floor":25,"key":"Potion Belt"},{"floor":41,"key":"InkBottle"}],"event_choices":[{"damage_healed":0,"gold_gain":0,"player_choice":"Donut","damage_taken":0,"max_hp_gain":5,"max_hp_loss":0,"event_name":"Big Fish","floor":5,"gold_loss":0},{"damage_healed":0,"gold_gain":0,"player_choice":"Success","damage_taken":3,"relics_obtained":["Centennial Puzzle"],"max_hp_gain":0,"max_hp_loss":0,"event_name":"Scrap Ooze","floor":9,"gold_loss":0}],"is_beta":false,"boss_relics":[{"not_picked":["Cursed Key","Black Star"],"picked":"Slimebound:AbsorbEndCombatUpgraded"},{"not_picked":["bronze:MakeshiftBattery","Pandora\u0027s Box"],"picked":"Coffee Dripper"}],"items_purged_floors":[42],"is_endless":false,"potions_floor_spawned":[10,13,22,25,27,33,37,39,45,46],"ascension_level":0}}