{"host":"atu1skz5iq69e5lr","time":1611431705,"event":{"mods":["AchievementEnabler","Aspiration","BaseMod","Better Third Choice","Colored Map","Conspire","Evolution","Friendly Minions","Halation","Highlight Path","HololiveMod","Hubris","Infinite Spire","Keyboard Shortcuts","Lobotomy","Minty Spire (QoL Compilation)","Replay The Spire","Shop Mod","StSLib"],"gold_per_floor":[78,98,117,156,173,198,198,208,233,268,287,315,327,102,102,207,207,217,69,69,88,98,98,98],"floor_reached":23,"language":"ENG","playtime":1300,"items_purged":["Hololive_Strike"],"score":440,"play_id":"6c85065e-27bd-45c0-a91f-8b32bf771049","local_time":"20210123205505","is_ascension_mode":true,"campfire_choices":[{"data":"Hololive_CallYozoraMel","floor":7.0,"key":"SMITH"},{"data":"Hololive_IdolExercise","floor":15.0,"key":"SMITH"}],"circlet_count":0,"master_deck":["Hololive_Strike","Hololive_Defend","Hololive_Defend","Hololive_SoulCatcher","Hololive_CallAiraniIofifteen","Hololive_CallTokoyamiTowa","Hololive_CallYogiri","Hololive_CallFriendA","Hololive_CallRoboco","Hololive_CallYozoraMel+1","Hololive_Thief","Hololive_Spy","Hololive_DurableLive","Hololive_IdolExercise+1","CurseOfTheBell","Hololive_CallCivia","Hololive_HighAtkLowDef"],"relics":["Hololive_TheStar","EVO:Axolotl","aspiration:Nostalgia","infinitespire:DarkRift","conspire:BottledYoYo","Nunchaku","Toy Ornithopter","Lantern","Calling Bell","Bag of Preparation","hubris:DeckOfHolding","hubris:MedicalManual","Strange Spoon","halation:EternalFortune"],"acts_visited":["Exordium","TheCity"],"potions_floor_usage":[18,23,23,23],"damage_taken":[{"damage":0.0,"enemies":"2 Louse","floor":1.0,"turns":2.0},{"damage":2.0,"enemies":"Jaw Worm","floor":2.0,"turns":4.0},{"damage":0.0,"enemies":"Cultist","floor":3.0,"turns":3.0},{"damage":0.0,"enemies":"Looter","floor":4.0,"turns":3.0},{"damage":0.0,"enemies":"Exordium Thugs","floor":5.0,"turns":4.0},{"damage":0.0,"enemies":"Gremlin Nob","floor":6.0,"turns":2.0},{"damage":0.0,"enemies":"2 Fungi Beasts","floor":8.0,"turns":3.0},{"damage":0.0,"enemies":"Lagavulin","floor":10.0,"turns":6.0},{"damage":0.0,"enemies":"Lots of Slimes","floor":11.0,"turns":4.0},{"damage":0.0,"enemies":"Gremlin Nob","floor":12.0,"turns":3.0},{"damage":0.0,"enemies":"Blue Slaver","floor":13.0,"turns":2.0},{"damage":0.0,"enemies":"The Guardian","floor":16.0,"turns":5.0},{"damage":0,"enemies":"3 Byrds","floor":18,"turns":4},{"damage":0,"enemies":"Chosen","floor":21,"turns":5},{"damage":13,"enemies":"Snake Plant","floor":22,"turns":7},{"damage":52,"enemies":"Gremlin Leader","floor":23,"turns":9}],"seed_played":"-4182634606832228020","potions_obtained":[{"floor":2.0,"key":"Death Potion"},{"floor":3.0,"key":"DistilledChaos"},{"floor":6.0,"key":"Energy Potion"},{"floor":13.0,"key":"Strength Potion"},{"floor":21,"key":"SteroidPotion"},{"floor":22,"key":"Block Potion"}],"is_trial":false,"path_per_floor":["M","M","M","M","M","E","R","M","T","E","M","E","M","$","R","B",null,"M","$","?","M","M","E"],"character_chosen":"Hololive_HololiveCharacter","items_purchased":["Hololive_IdolExercise","Strange Spoon"],"campfire_rested":0,"item_purchase_floors":[14,19],"current_hp_per_floor":[35,35,35,35,35,35,35,35,35,35,35,35,35,35,35,35,35,35,35,38,38,28,0,0],"gold":98,"neow_bonus":"NOSTALGIA","is_daily":false,"chose_seed":false,"campfire_upgraded":2,"win_rate":0.0,"timestamp":1611431705,"path_taken":["M","M","M","M","M","E","R","M","T","E","M","E","M","$","R","BOSS","M","$","?","M","M","E"],"items_purchased_type":["Card","Relic"],"build_version":"2020-12-22","purchased_purges":1,"victory":false,"max_hp_per_floor":[35,35,35,35,35,35,35,35,35,35,35,35,35,35,35,35,35,35,35,38,38,41,41,41],"card_choices":[{"not_picked":["Hololive_CallOzoraSubaru","Hololive_RevenueBasedLive","Hololive_CocoNews"],"picked":"Hololive_CallYozoraMel","floor":1.0},{"not_picked":["Hololive_OvertimeWork","Hololive_ILoveYou","Hololive_CallTsunomakiWatame","Hololive_CallYukihanaLamy"],"picked":"SKIP","floor":2.0},{"not_picked":["Hololive_Sequa","Hololive_LuckPotion","Hololive_FlyingPonyTail","Hololive_CallManoAloe"],"picked":"SKIP","floor":3.0},{"not_picked":["Hololive_Drill","Hololive_Sequa","Hololive_RevenueBasedLive","Hololive_CallInugamiKorone"],"picked":"SKIP","floor":4.0},{"not_picked":["Hololive_CocoNews","Hololive_CallManoAloe","Hololive_OvertimeWork"],"picked":"Hololive_Thief","floor":5.0},{"not_picked":["Hololive_FlyingPonyTail","Hololive_CallShiranuiFlare","Hololive_CallAyundaRisu"],"picked":"Hololive_Spy","floor":6.0},{"not_picked":["Hololive_CallHimemoriLuna","Hololive_Sequa","Hololive_Breathe","Hololive_DevilCharm"],"picked":"SKIP","floor":8.0},{"not_picked":["Hololive_Drill","Hololive_CallUruhaRushia","Hololive_HuntDinosaur","Hololive_Trident"],"picked":"SKIP","floor":10.0},{"not_picked":["Hololive_HuntDinosaur","Hololive_Trident","Hololive_Psychosis","Hololive_FlyingPonyTail"],"picked":"SKIP","floor":11.0},{"not_picked":["Hololive_CallOmaruPolka","Hololive_StrengthChampion","Hololive_CallHoshimachiSuisei"],"picked":"Hololive_DurableLive","floor":12.0},{"not_picked":["Hololive_LuckPotion","Hololive_RevenueBasedLive","Hololive_CallYuzukiChoco","Hololive_OvertimeWork"],"picked":"SKIP","floor":13.0},{"not_picked":["Hololive_CallHimemoriLuna","Hololive_Rebound","Hololive_Psychosis"],"picked":"Hololive_CallCivia","floor":18},{"not_picked":["Hololive_FlyingPonyTail","Hololive_CallMoonaHoshinova","Hololive_StrengthChampion+1"],"picked":"Hololive_HighAtkLowDef","floor":21},{"not_picked":["Hololive_Watashimo","Hololive_CocoNews","Hololive_CallSakuraMiko+1","Hololive_CallYuzukiChoco"],"picked":"SKIP","floor":22}],"player_experience":52770,"relics_obtained":[{"floor":6.0,"key":"conspire:BottledYoYo"},{"floor":9.0,"key":"Nunchaku"},{"floor":10.0,"key":"Toy Ornithopter"},{"floor":12.0,"key":"Lantern"},{"floor":17,"key":"Bag of Preparation"},{"floor":17,"key":"hubris:DeckOfHolding"},{"floor":17,"key":"hubris:MedicalManual"},{"floor":22,"key":"halation:EternalFortune"}],"event_choices":[],"is_beta":false,"boss_relics":[{"not_picked":["halation:HeavySnake","halation:LoveArrow"],"picked":"Calling Bell"}],"items_purged_floors":[14],"is_endless":false,"potions_floor_spawned":[2,3,6,10,11,13,21,22],"killed_by":"Gremlin Leader","ascension_level":4}}