{"host":"sav7uxregyirlf69","time":1611374981,"event":{"mods":["AchievementEnabler","BaseMod","Colored Map","DeckTracker","Keyboard Shortcuts","Minty Spire (QoL Compilation)","READ ME - Guardian Mod","StSLib","SuperFastMode"],"gold_per_floor":[113,113,113,113,123,123,158,173,200,211,38,56,75,75,75],"floor_reached":14,"language":"KOR","playtime":194,"items_purged":[],"score":234,"play_id":"6d2a5560-9d89-4c90-b053-394a3b7ee8e0","local_time":"20210123130941","is_ascension_mode":true,"campfire_choices":[{"data":"Fire Breathing","floor":6,"key":"SMITH"}],"circlet_count":0,"master_deck":["AscendersBane","Strike_R","Strike_R+1","Strike_R","Strike_R","Defend_R","Defend_R","Defend_R","Defend_R+1","Bash","Fire Breathing+1","Second Wind","Barricade","Seeing Red","Rampage","Headbutt"],"relics":["Burning Blood","NeowsBlessing","CultistMask","Toy Ornithopter","Smiling Mask","Medical Kit"],"acts_visited":["Exordium"],"potions_floor_usage":[12,14,14],"damage_taken":[{"damage":0,"enemies":"Jaw Worm","floor":1,"turns":1},{"damage":0,"enemies":"2 Louse","floor":5,"turns":1},{"damage":0,"enemies":"Gremlin Nob","floor":7,"turns":1},{"damage":1,"enemies":"Small Slimes","floor":8,"turns":4},{"damage":9,"enemies":"Red Slaver","floor":10,"turns":6},{"damage":46,"enemies":"Gremlin Gang","floor":12,"turns":5},{"damage":9,"enemies":"Large Slime","floor":13,"turns":6},{"damage":33,"enemies":"Lagavulin","floor":14,"turns":6}],"seed_played":"7505485510873146541","potions_obtained":[{"floor":1,"key":"EssenceOfSteel"},{"floor":7,"key":"LiquidBronze"},{"floor":12,"key":"BlessingOfTheForge"}],"is_trial":false,"path_per_floor":["M","?","?","?","M","R","E","M","T","M","$","M","M","E"],"character_chosen":"IRONCLAD","items_purchased":["Medical Kit"],"campfire_rested":0,"item_purchase_floors":[11],"current_hp_per_floor":[74,51,44,44,50,50,56,61,61,58,58,23,20,0,0],"gold":75,"neow_bonus":"THREE_ENEMY_KILL","is_daily":false,"chose_seed":false,"campfire_upgraded":1,"win_rate":0.0,"timestamp":1611374981,"path_taken":["M","?","?","?","?","R","E","M","T","M","$","?","M","E"],"items_purchased_type":["Relic"],"build_version":"2020-12-22","purchased_purges":0,"victory":false,"max_hp_per_floor":[75,75,75,75,75,75,75,75,75,75,75,75,75,75,75],"card_choices":[{"not_picked":["Second Wind","Sword Boomerang"],"picked":"Fire Breathing","floor":1},{"not_picked":["Rampage","Warcry"],"picked":"Second Wind","floor":5},{"not_picked":["Headbutt","Armaments"],"picked":"Barricade","floor":7},{"not_picked":["Thunderclap","Fire Breathing","Havoc"],"picked":"SKIP","floor":8},{"not_picked":["Metallicize","Iron Wave"],"picked":"Seeing Red","floor":10},{"not_picked":["Warcry","Combust"],"picked":"Rampage","floor":12},{"not_picked":["Perfected Strike","Anger"],"picked":"Headbutt","floor":13}],"player_experience":1363013,"relics_obtained":[{"floor":7,"key":"Toy Ornithopter"},{"floor":9,"key":"Smiling Mask"}],"event_choices":[{"damage_healed":0,"gold_gain":0,"player_choice":"Entered Light","damage_taken":23,"max_hp_gain":0,"max_hp_loss":0,"event_name":"Shining Light","floor":2,"gold_loss":0,"cards_upgraded":["Defend_R","Strike_R"]},{"cards_removed":["Strike_R"],"damage_healed":0,"gold_gain":0,"player_choice":"Card Removal","damage_taken":7,"max_hp_gain":0,"max_hp_loss":0,"event_name":"Golden Wing","floor":3,"gold_loss":0},{"damage_healed":0,"gold_gain":0,"player_choice":"Trade","damage_taken":0,"relics_obtained":["CultistMask"],"max_hp_gain":0,"max_hp_loss":0,"event_name":"FaceTrader","floor":4,"gold_loss":0}],"is_beta":false,"boss_relics":[],"items_purged_floors":[],"is_endless":false,"potions_floor_spawned":[1,7,10,12,13],"killed_by":"Lagavulin","ascension_level":20}}