{"host":"qswkx8hggytna0kc","time":1611392108,"event":{"mods":["Aspiration","BaseMod","BetterRewards","Colored Map","Colored Powertips","Highlight Path","Hubris","Mimic Mod","Minty Spire (QoL Compilation)","MostiFishMod","Quick Restart","Replay The Spire","StSLib","SuperFastMode"],"gold_per_floor":[119,119,138,138,238,270,287,321,321,321,331,359,370,380,380,483,483,496,511,521,534,534,534,562,562,562,589,600,616,626,656,656,753,753,772,822,837,837,847,872,891,923,923,923,940,954,986,1001,1001,1001,1001,1001,1301,1331,1331],"floor_reached":56,"language":"ZHS","playtime":1241,"items_purged":["Strike_R"],"score":2451,"play_id":"758b4bb6-36df-48b4-8416-f703c1ac0372","local_time":"20210123165508","is_ascension_mode":true,"campfire_choices":[{"data":"Pommel Strike","floor":10,"key":"SMITH"},{"data":"Whirlwind","floor":23,"key":"SMITH"},{"data":"ReplayTheSpireMod:Strike From Hell","floor":25,"key":"SMITH"},{"data":"1","floor":32,"key":"LIFT"},{"data":"ReplayTheSpireMod:Strike From Hell","floor":44,"key":"SMITH"},{"floor":49,"key":"RECALL"},{"data":"Heavy Blade","floor":52,"key":"SMITH"}],"circlet_count":0,"master_deck":["Strike_R","Strike_R","Strike_R","Strike_R","Defend_R","Defend_R","Defend_R","Defend_R","Bash","Pommel Strike+1","Whirlwind+1","ReplayTheSpireMod:Strike From Hell+1","ReplayTheSpireMod:Strike From Hell+1","Cleave+1","Offering+1","Defy Death+1","Wild Strike","Havoc+1","MostiFishMod:WingOfPhoenix+1","ReplayTheSpireMod:Strike From Hell+1","Fiend Fire+1","Warcry+1","Brutality+1","Replay:Undeath\u0027s Touch+1","ReplayTheSpireMod:Strike From Hell+1","Intimidate+1","Massacre+1","Havoc+1","Burning Pact+1","MostiFishMod:CullingBlade+1","Heavy Blade+1","Reckless Charge+1","ReplayTheSpireMod:Strike From Hell+1","MostiFishMod:ChineseTea+1","ReplayTheSpireMod:Limb From Limb+1","Infernal Blade+1","Exhume+1","Sever Soul+1","MostiFishMod:OrdinaryWorld+1","Defy Death+1","MostiFishMod:OneDayCity+1"],"relics":["Burning Blood","DaveBox","Civilization","NeowsBlessing","SynthV:TestCard","Replay:Baseball","Mango","ImprovedEquipment","hubris:FruitBowl","Golden Egg","Orichalcum","Strawberry","Girya","Toxic Egg 2","RhineSuit","MealTicket","aspiration:StickyExplosives_weak","Snack Pack","aspiration:FetidBarrel","hubris:TerracottaHorce","Turnip","Mummified Hand","hubris:FunFungus","Pet Ghost","DianPoetry","hubris:NiceRug","Replay:Ringing Soul","aspiration:HiddenCompartment","Guide Book","Ornamental Fan"],"acts_visited":["Exordium","TheCity","TheBeyond","TheEnding"],"potions_floor_usage":[28,55],"damage_taken":[{"damage":0,"enemies":"Cultist","floor":1,"turns":1},{"damage":0,"enemies":"2 Louse","floor":3,"turns":1},{"damage":0,"enemies":"3 Sentries","floor":6,"turns":1},{"damage":0,"enemies":"Small Slimes","floor":7,"turns":2},{"damage":2,"enemies":"Replay:BlueRogue","floor":8,"turns":4},{"damage":7,"enemies":"Looter","floor":11,"turns":2},{"damage":6,"enemies":"Lagavulin","floor":12,"turns":2},{"damage":6,"enemies":"Exordium Thugs","floor":13,"turns":2},{"damage":0,"enemies":"3 Louse","floor":14,"turns":1},{"damage":60,"enemies":"Hexaghost","floor":16,"turns":4},{"damage":0,"enemies":"3 Byrds","floor":18,"turns":2},{"damage":6,"enemies":"2 Thieves","floor":19,"turns":1},{"damage":6,"enemies":"Snecko","floor":20,"turns":3},{"damage":0,"enemies":"Centurion and Healer","floor":21,"turns":3},{"damage":8,"enemies":"Gremlin Leader","floor":24,"turns":3},{"damage":7,"enemies":"Book of Stabbing","floor":27,"turns":2},{"damage":11,"enemies":"Chosen and Byrds","floor":28,"turns":2},{"damage":16,"enemies":"Sentry and Sphere","floor":29,"turns":3},{"damage":25,"enemies":"Centurion and Healer","floor":30,"turns":4},{"damage":6,"enemies":"Gremlin Leader","floor":31,"turns":1},{"damage":7,"enemies":"Automaton","floor":33,"turns":2},{"damage":0,"enemies":"3 Darklings","floor":35,"turns":1},{"damage":1,"enemies":"Mind Bloom Boss Battle","floor":36,"turns":2},{"damage":4,"enemies":"3 Shapes","floor":37,"turns":1},{"damage":0,"enemies":"Writhing Mass","floor":39,"turns":1},{"damage":8,"enemies":"Giant Head","floor":40,"turns":3},{"damage":0,"enemies":"3 Darklings","floor":41,"turns":1},{"damage":37,"enemies":"R_Hoarder","floor":42,"turns":4},{"damage":23,"enemies":"Maw","floor":45,"turns":4},{"damage":7,"enemies":"Jaw Worm Horde","floor":46,"turns":2},{"damage":10,"enemies":"Reptomancer","floor":47,"turns":2},{"damage":14,"enemies":"4 Shapes","floor":48,"turns":2},{"damage":12,"enemies":"Awakened One","floor":50,"turns":3},{"damage":7,"enemies":"hubris:Merchant","floor":53,"turns":2},{"damage":1,"enemies":"Shield and Spear","floor":54,"turns":2},{"damage":9,"enemies":"The Heart","floor":55,"turns":3}],"seed_played":"2293477001730619706","potions_obtained":[{"floor":7,"key":"Regen Potion"},{"floor":8,"key":"LiquidMemories"},{"floor":12,"key":"ColorlessPotion"},{"floor":28,"key":"Fruit Juice"},{"floor":30,"key":"Weak Potion"},{"floor":53,"key":"Languid Potion"},{"floor":53,"key":"Reflective Coating"}],"is_trial":false,"path_per_floor":["M","$","M","?","?","E","M","E","T","R","M","E","M","M","R_BF","B",null,"M","M","M","M","?","R","E","R","T","E","M","M","M","E","R","B",null,"M","?","M","T","M","E","M","E","T","R","M","M","E","M","R_BF","B",null,"R","$","E","B",null],"character_chosen":"IRONCLAD","items_purchased":["Replay:Baseball","Mango","ImprovedEquipment","hubris:FruitBowl"],"campfire_rested":0,"item_purchase_floors":[2,2,2,2],"current_hp_per_floor":[79,23,33,26,26,39,52,73,73,73,79,86,93,106,122,75,143,156,163,170,183,142,142,147,147,147,153,162,159,149,158,158,166,234,247,261,270,270,283,289,298,276,276,276,302,312,326,326,326,333,338,338,351,358,365],"gold":1331,"neow_bonus":"THREE_ENEMY_KILL","is_daily":false,"chose_seed":false,"campfire_upgraded":5,"win_rate":0.0,"timestamp":1611392108,"path_taken":["M","?","M","?","?","E","M","E","T","R","M","E","M","M","R_BF","BOSS","M","M","M","M","?","R","E","R","T","E","M","M","M","E","R","BOSS","M","?","M","?","M","E","M","E","T","R","M","M","E","M","R_BF","BOSS","R","$","E","BOSS"],"items_purchased_type":["Relic","Relic","Relic","Relic"],"build_version":"2020-12-22","purchased_purges":1,"victory":true,"max_hp_per_floor":[81,95,99,99,99,106,113,130,130,130,137,144,151,158,158,165,165,172,179,186,193,200,200,207,207,207,214,228,235,242,249,249,256,256,263,270,277,277,284,291,298,305,305,305,312,319,326,333,333,340,340,340,351,358,365],"card_choices":[{"not_picked":["ReplayTheSpireMod:Stacked","Anger"],"picked":"Pommel Strike","floor":1},{"not_picked":["ReplayTheSpireMod:Stacked","Heavy Blade","Pummel","Shrug It Off"],"picked":"Whirlwind","floor":3},{"not_picked":["Flame Barrier","Replay:Undeath\u0027s Touch","Perfected Strike","Thunderclap"],"picked":"ReplayTheSpireMod:Strike From Hell","floor":6},{"not_picked":["Body Slam","Cleave","hubris:ReadiedAction","Headbutt"],"picked":"ReplayTheSpireMod:Strike From Hell","floor":7},{"not_picked":["Rampage","Metallicize","Iron Wave","Clothesline"],"picked":"Cleave","floor":8},{"not_picked":["Metallicize","Anger","Burning Pact","Sword Boomerang"],"picked":"Offering","floor":11},{"not_picked":["ReplayTheSpireMod:Muscle Training+1","Dual Wield+1","Wild Strike","Whirlwind"],"picked":"Defy Death+1","floor":12},{"not_picked":["Headbutt","ReplayTheSpireMod:Corrosion Curse+1","ReplayReversal+1","ReplayTheSpireMod:Muscle Training+1"],"picked":"Wild Strike","floor":13},{"not_picked":["Armaments+1","Flex+1","Wild Strike","Cleave"],"picked":"Havoc+1","floor":14},{"not_picked":["Demon Form","hubris:StunningStrike","Double Tap+1","Replay:Many Hands+1"],"picked":"MostiFishMod:WingOfPhoenix","floor":16},{"not_picked":["Infernal Blade+1","Headbutt","Run Through","Cleave"],"picked":"ReplayTheSpireMod:Strike From Hell+1","floor":18},{"not_picked":["Wild Strike","Fire Breathing","Evolve","hubris:ReadiedAction+1"],"picked":"Fiend Fire","floor":19},{"not_picked":["Anger","Clash+1","Twin Strike+1","hubris:SharpeningStone+1"],"picked":"Warcry+1","floor":20},{"not_picked":["Clash","Wild Strike","Whirlwind","Shrug It Off+1"],"picked":"Brutality","floor":21},{"not_picked":["hubris:CleavingFinish","Searing Blow","Anger","MostiFishMod:Chiaki+1"],"picked":"Replay:Undeath\u0027s Touch+1","floor":24},{"not_picked":["Headbutt","Fire Breathing","True Grit+1","Spot Weakness+1"],"picked":"ReplayTheSpireMod:Strike From Hell","floor":27},{"not_picked":["Body Slam","Iron Wave","Twin Strike","Cleave"],"picked":"Intimidate+1","floor":28},{"not_picked":["Clash","MostiFishMod:#F4004+1","Rampage+1","Flex+1"],"picked":"Massacre+1","floor":29},{"not_picked":["Sentinel+1","Iron Wave","Reckless Charge","Wild Strike"],"picked":"Havoc+1","floor":30},{"not_picked":["MostiFishMod:#F4004+1","Shrug It Off+1","Perfected Strike","ReplayTheSpireMod:Strike From Hell"],"picked":"Burning Pact+1","floor":31},{"not_picked":["Demonic Infusion+1","Fiend Fire","Limit Break+1","hubris:StunningStrike"],"picked":"MostiFishMod:CullingBlade","floor":33},{"not_picked":["hubris:ReadiedAction+1","Thunderclap","Searing Blow","Clothesline+1","Wild Strike"],"picked":"SKIP","floor":35},{"not_picked":["Body Slam","Limit Break+1","Flame Barrier+1","Twin Strike+1"],"picked":"Heavy Blade","floor":36},{"not_picked":["Rage+1","Twin Strike+1","Run Through+1","Intimidate+1"],"picked":"Reckless Charge+1","floor":37},{"not_picked":["True Grit+1","Replay:Undeath\u0027s Touch+1","Whirlwind","Pommel Strike"],"picked":"ReplayTheSpireMod:Strike From Hell+1","floor":39},{"not_picked":["Hemokinesis","hubris:ReadiedAction+1","ReplayTheSpireMod:LeadingStrike","Perfected Strike+1"],"picked":"MostiFishMod:ChineseTea+1","floor":40},{"not_picked":["True Grit+1","Headbutt+1","Clash","Dropkick","Body Slam+1"],"picked":"SKIP","floor":41},{"not_picked":["Searing Blow+1","Armaments+1","True Grit+1","Flex+1","Fire Breathing"],"picked":"SKIP","floor":42},{"not_picked":["Wild Strike+1","Body Slam+1","Abandon+1","Shrug It Off+1"],"picked":"ReplayTheSpireMod:Limb From Limb+1","floor":45},{"not_picked":["hubris:ReadiedAction+1","Anger+1","Warcry+1","Brutality"],"picked":"Infernal Blade+1","floor":46},{"not_picked":["Run Through","Sword Boomerang","Wild Strike","Power Through+1"],"picked":"Exhume+1","floor":47},{"not_picked":["ReplayTheSpireMod:Muscle Training+1","Warcry+1","Intimidate+1","hubris:ReadiedAction+1"],"picked":"Sever Soul+1","floor":48},{"not_picked":[],"picked":"MostiFishMod:OrdinaryWorld","floor":53},{"not_picked":[],"picked":"Defy Death+1","floor":53},{"not_picked":[],"picked":"MostiFishMod:OneDayCity+1","floor":53},{"not_picked":["Cleave"],"picked":"SKIP","floor":53},{"not_picked":["Ghostly Armor+1"],"picked":"SKIP","floor":53},{"not_picked":["Feel No Pain"],"picked":"SKIP","floor":53},{"not_picked":["PanicButton+1"],"picked":"SKIP","floor":53},{"not_picked":["MostiFishMod:#F4004+1","True Grit+1","Cleave","Clash","Heavy Blade"],"picked":"SKIP","floor":54}],"player_experience":370096,"relics_obtained":[{"floor":1,"key":"SynthV:TestCard"},{"floor":6,"key":"Orichalcum"},{"floor":8,"key":"Strawberry"},{"floor":9,"key":"Girya"},{"floor":12,"key":"Toxic Egg 2"},{"floor":24,"key":"MealTicket"},{"floor":26,"key":"aspiration:StickyExplosives_weak"},{"floor":27,"key":"Snack Pack"},{"floor":31,"key":"aspiration:FetidBarrel"},{"floor":36,"key":"Turnip"},{"floor":40,"key":"Mummified Hand"},{"floor":42,"key":"hubris:FunFungus"},{"floor":43,"key":"Pet Ghost"},{"floor":47,"key":"DianPoetry"},{"floor":53,"key":"Replay:Ringing Soul"},{"floor":53,"key":"aspiration:HiddenCompartment"},{"floor":53,"key":"Guide Book"},{"floor":54,"key":"Ornamental Fan"}],"event_choices":[{"damage_healed":0,"gold_gain":0,"player_choice":"Success","damage_taken":7,"relics_obtained":["Golden Egg"],"max_hp_gain":0,"max_hp_loss":0,"event_name":"Scrap Ooze","floor":4,"gold_loss":0},{"damage_healed":0,"gold_gain":100,"player_choice":"Gold","damage_taken":0,"max_hp_gain":0,"max_hp_loss":0,"event_name":"Wheel of Change","floor":5,"gold_loss":0},{"damage_healed":0,"gold_gain":0,"player_choice":"Shed Blood","damage_taken":48,"max_hp_gain":5,"max_hp_loss":0,"event_name":"Forgotten Altar","floor":22,"gold_loss":0},{"damage_healed":0,"gold_gain":0,"player_choice":"Fight","damage_taken":0,"max_hp_gain":0,"max_hp_loss":0,"event_name":"MindBloom","floor":36,"gold_loss":0}],"is_beta":false,"boss_relics":[{"not_picked":["Coffee Dripper","aspiration:WatcherSkillbook"],"picked":"RhineSuit"},{"not_picked":["Pandora\u0027s Box","NightmareShop"],"picked":"hubris:TerracottaHorce"}],"items_purged_floors":[2],"is_endless":false,"potions_floor_spawned":[7,8,12,13,19,20,21,28,30,33,35,41,42,45,48,54],"ascension_level":11}}