{"host":"takgv9cv6xf64vhq","time":1611393454,"event":{"mods":["BaseMod","Colored Powertips","Downfall","Marisa£®ÏF”Í°°ƒß¿Ì…≥£©","Minty Spire (QoL Compilation)","Replay The Spire","StSLib","The Cursed"],"gold_per_floor":[111,61,336,356,368,368,388,388,388,30,30,42,62,77,77,175,175,192,192,81,81,97,97,127,143,169,187,205,205,225,82,82,182,232,249,262,279,36,50,78,128,154,154,9,25,25,38,97,97,97],"floor_reached":51,"language":"ZHS","playtime":4283,"items_purged":["Regret","Regret"],"score":948,"play_id":"d1422d09-87c1-4c94-a782-05470effa552","local_time":"20210123171734","is_ascension_mode":false,"campfire_choices":[{"data":"Life Link","floor":6.0,"key":"SMITH"},{"data":"Entrench","floor":11.0,"key":"SMITH"},{"data":"True Grit","floor":15.0,"key":"SMITH"},{"data":"Armaments","floor":23.0,"key":"SMITH"},{"data":"Ghostly","floor":29,"key":"SMITH"},{"data":"Barricade","floor":32,"key":"SMITH"},{"data":"Ghostly","floor":49,"key":"SMITH"}],"circlet_count":0,"master_deck":["Strike_R","Strike_R","Strike_R","Strike_R","Defend_R","Defend_R","Defend_R","Defend_R","Bash","Ghostly Armor","True Grit+1","Life Link+1","Spot Weakness","Entrench+1","Infernal Blade","Bloodletting","Cleave","Barricade+1","Flex","Ghostly+1","Ghostly+1","Ghostly","Ghostly","Ghostly+1","ReplayTheSpireMod:Stacked","Slimebound:CheckThePlaybook","Armaments+1","Flame Barrier+1","Infernal Blade+1","Entrench","Warcry+1","Shrug It Off","Feed+1","Pommel Strike","Ghostly Armor+1","ReplayReversal","ReplayTheSpireMod:Muscle Training+1","Combust+1","Demon Form+1","Body Slam+1","Armaments+1","Armaments+1"],"relics":["Philosopher\u0027s Stone","TungstenRod","Snack Pack","Ginger","Honey Jar","Replay:Wax Seal","Gremlin Food","ClockworkSouvenir","Tiny House","Strange Spoon","Anchor","Incense Burner","Another Sword","Pantograph","Guide Book","Self Forming Clay","Red Skull"],"acts_visited":["Exordium","TheCity","TheBeyond"],"potions_floor_usage":[27,28,28,33,41,41,42,47,50,50,50,50],"damage_taken":[{"damage":5.0,"enemies":"2 Louse","floor":1.0,"turns":3.0},{"damage":3.0,"enemies":"Cultist","floor":4.0,"turns":3.0},{"damage":6.0,"enemies":"Jaw Worm","floor":5.0,"turns":4.0},{"damage":7.0,"enemies":"Exordium Wildlife","floor":7.0,"turns":5.0},{"damage":3.0,"enemies":"Blue Slaver","floor":12.0,"turns":4.0},{"damage":6.0,"enemies":"3 Louse","floor":13.0,"turns":4.0},{"damage":14.0,"enemies":"Exordium Thugs","floor":14.0,"turns":4.0},{"damage":19.0,"enemies":"Hexaghost","floor":16.0,"turns":9.0},{"damage":7.0,"enemies":"Chosen","floor":18.0,"turns":7.0},{"damage":2.0,"enemies":"2 Thieves","floor":22.0,"turns":5.0},{"damage":4,"enemies":"Gremlin Leader","floor":24,"turns":12},{"damage":0,"enemies":"Snake Plant","floor":25,"turns":5},{"damage":0,"enemies":"3 Cultists","floor":27,"turns":7},{"damage":7,"enemies":"Snecko","floor":28,"turns":6},{"damage":9,"enemies":"Chosen and Byrds","floor":30,"turns":9},{"damage":3,"enemies":"Champ","floor":33,"turns":16},{"damage":0,"enemies":"3 Shapes","floor":35,"turns":3},{"damage":0,"enemies":"Orb Walker","floor":36,"turns":4},{"damage":5,"enemies":"4 Shapes","floor":37,"turns":8},{"damage":0,"enemies":"Spire Growth","floor":39,"turns":8},{"damage":0,"enemies":"Giant Head","floor":40,"turns":13},{"damage":0,"enemies":"Mind Bloom Boss Battle","floor":41,"turns":8},{"damage":0,"enemies":"Nemesis","floor":42,"turns":9},{"damage":2,"enemies":"Writhing Mass","floor":45,"turns":9},{"damage":0,"enemies":"Maw","floor":47,"turns":8},{"damage":0,"enemies":"Awakened One","floor":50,"turns":10}],"seed_played":"441498547916620659","potions_obtained":[{"floor":4.0,"key":"BloodPotion"},{"floor":7.0,"key":"Weak Potion"},{"floor":13.0,"key":"LiquidBronze"},{"floor":14.0,"key":"Guardian:BlockOnCardUsePotion"},{"floor":24,"key":"Cursed Concoction"},{"floor":25,"key":"Weak Potion"},{"floor":27,"key":"Milkshake"},{"floor":33,"key":"Languid Potion"},{"floor":34,"key":"Fire Potion"},{"floor":37,"key":"Slimebound:ThreeZeroPotion"},{"floor":40,"key":"SteroidPotion"},{"floor":42,"key":"AttackPotion"},{"floor":45,"key":"PowerPotion"},{"floor":47,"key":"Fruit Juice"},{"floor":48,"key":"Guardian:BlockOnCardUsePotion"},{"floor":48,"key":"Swift Potion"}],"is_trial":false,"path_per_floor":["M","?","?","M","M","R","M","?","T","$","R","M","M","M","R","B",null,"M","?","$","?","M","R","E","M","T","M","M","R","M","$","R","B",null,"M","M","M","$","M","E","?","E","T","$","M","T","M","?","R","B",null],"character_chosen":"IRONCLAD","items_purchased":["Entrench","Ginger","ReplayTheSpireMod:Stacked","ClockworkSouvenir","Strange Spoon","Guide Book"],"campfire_rested":0,"item_purchase_floors":[10,10,20,31,38,44],"current_hp_per_floor":[75,75,75,72,66,66,59,59,59,59,59,56,50,54,54,35,80,73,40,40,27,27,27,27,29,29,31,28,28,25,25,25,32,45,48,51,51,51,57,62,62,62,62,62,66,66,71,55,55,75],"gold":97,"neow_bonus":"BOSS_RELIC","is_daily":false,"chose_seed":false,"campfire_upgraded":7,"win_rate":0.0,"timestamp":1611393454,"path_taken":["M","?","?","M","?","R","M","?","T","?","R","M","?","M","R","BOSS","M","?","$","?","M","R","E","M","T","M","?","R","M","$","R","BOSS","M","?","M","?","M","E","?","E","T","$","M","?","M","?","R","BOSS"],"items_purchased_type":["Card","Relic","Card","Relic","Relic","Relic"],"build_version":"2020-12-22","purchased_purges":2,"victory":true,"max_hp_per_floor":[80,80,80,80,80,80,80,80,80,80,80,80,80,80,80,80,80,80,40,40,40,40,40,40,40,40,40,40,40,40,40,40,40,45,48,51,54,54,58,62,62,62,62,62,66,66,71,71,71,75],"card_choices":[{"not_picked":["ReplayTheSpireMod:Strike From Hell","Cleave"],"picked":"Ghostly Armor","floor":1.0},{"not_picked":["Iron Wave","Dropkick"],"picked":"True Grit","floor":4.0},{"not_picked":["Second Wind","Defy Death"],"picked":"Life Link","floor":5.0},{"not_picked":["Shrug It Off","Clash"],"picked":"Spot Weakness","floor":7.0},{"not_picked":["Clothesline","Clash"],"picked":"Infernal Blade","floor":12.0},{"not_picked":["Thunderclap","Rampage"],"picked":"Bloodletting","floor":13.0},{"not_picked":["Massacre","Headbutt"],"picked":"Cleave","floor":14.0},{"not_picked":["Eclipse","Corruption"],"picked":"Barricade","floor":16.0},{"not_picked":["ReplayTheSpireMod:Strike From Hell","Searing Blow+1","True Grit"],"picked":"Flex","floor":18.0},{"not_picked":["Clothesline","Replay:Undeath\u0027s Touch","Twin Strike"],"picked":"Armaments","floor":22.0},{"not_picked":["Pummel","Defy Death","ReplayTheSpireMod:Limb From Limb"],"picked":"Flame Barrier+1","floor":24},{"not_picked":["Replay:Undeath\u0027s Touch+1","Double Tap","ReplayTheSpireMod:Strike From Hell"],"picked":"Infernal Blade+1","floor":25},{"not_picked":["Headbutt","Clash","Spot Weakness"],"picked":"Entrench","floor":27},{"not_picked":["Shrug It Off","Twin Strike","Defy Death+1"],"picked":"Warcry+1","floor":28},{"not_picked":["Pommel Strike","Twin Strike+1","Iron Wave"],"picked":"Shrug It Off","floor":30},{"not_picked":["Impervious","Fiend Fire","Hemogenesis"],"picked":"Feed","floor":33},{"not_picked":["Headbutt","Shrug It Off","Replay:Undeath\u0027s Touch"],"picked":"Pommel Strike","floor":34},{"not_picked":["Warcry","Anger","Whirlwind"],"picked":"Ghostly Armor+1","floor":35},{"not_picked":["Twin Strike+1","Body Slam+1","Pommel Strike"],"picked":"ReplayReversal","floor":36},{"not_picked":["Sword Boomerang","Infernal Blade","Body Slam+1"],"picked":"ReplayTheSpireMod:Muscle Training+1","floor":37},{"not_picked":["Cleave","Rupture+1","Anger+1"],"picked":"Combust+1","floor":39},{"not_picked":["ReplayTheSpireMod:Corrosion Curse+1","ReplayTheSpireMod:Strike From Hell+1","Dual Wield"],"picked":"Demon Form","floor":40},{"not_picked":["Anger","Armaments","Shrug It Off"],"picked":"Body Slam+1","floor":41},{"not_picked":["Clothesline","Shockwave+1","Twin Strike"],"picked":"Armaments+1","floor":42},{"not_picked":["Clash+1","Thunderclap+1","Rampage","Seeing Red"],"picked":"SKIP","floor":45},{"not_picked":["Clash+1","Thunderclap+1","Rampage","Seeing Red"],"picked":"SKIP","floor":45},{"not_picked":["Body Slam","Eclipse","Anger+1","Cleave+1"],"picked":"SKIP","floor":47},{"not_picked":["Iron Wave","Dropkick","Headbutt"],"picked":"Armaments+1","floor":48}],"player_experience":8412,"relics_obtained":[{"floor":9.0,"key":"Snack Pack"},{"floor":24,"key":"Replay:Wax Seal"},{"floor":26,"key":"Gremlin Food"},{"floor":40,"key":"Anchor"},{"floor":41,"key":"Incense Burner"},{"floor":42,"key":"Another Sword"},{"floor":43,"key":"Pantograph"},{"floor":46,"key":"Self Forming Clay"},{"floor":48,"key":"Red Skull"}],"event_choices":[{"cards_removed":["Strike_R"],"damage_healed":0.0,"max_hp_gain":0.0,"max_hp_loss":0.0,"gold_gain":0.0,"event_name":"The Cleric","player_choice":"Card Removal","floor":2.0,"gold_loss":50.0,"damage_taken":0.0},{"damage_healed":0.0,"max_hp_gain":0.0,"max_hp_loss":0.0,"gold_gain":275.0,"event_name":"Golden Shrine","player_choice":"Desecrate","floor":3.0,"gold_loss":0.0,"damage_taken":0.0,"cards_obtained":["Regret"]},{"damage_healed":0.0,"max_hp_gain":0.0,"max_hp_loss":0.0,"gold_gain":0.0,"event_name":"Big Fish","player_choice":"Box","floor":8.0,"gold_loss":0.0,"damage_taken":0.0,"relics_obtained":["TungstenRod"],"cards_obtained":["Regret"]},{"damage_healed":0.0,"max_hp_gain":0.0,"max_hp_loss":40.0,"gold_gain":0.0,"event_name":"Ghosts","player_choice":"Became a Ghost","floor":19.0,"gold_loss":0.0,"damage_taken":0.0,"cards_obtained":["Ghostly","Ghostly","Ghostly","Ghostly","Ghostly"]},{"damage_healed":0,"gold_gain":0,"player_choice":"Fight","damage_taken":0,"max_hp_gain":0,"max_hp_loss":0,"event_name":"MindBloom","floor":41,"gold_loss":0}],"is_beta":false,"boss_relics":[{"not_picked":["Coffee Dripper","Replay:Ancient Bell"],"picked":"Honey Jar"},{"not_picked":["Ring of Chaos","Sozu"],"picked":"Tiny House"}],"items_purged_floors":[20,38],"is_endless":false,"potions_floor_spawned":[4,7,13,14,24,25,27,33,37,40,42,45,47],"ascension_level":0}}