{"host":"abootywekago","time":1611387029,"event":{"mods":["BaseMod","Bestiary","Colored Map","Downfall","Googly Eyes","Hermit","Marisa????????","Minty Spire (QoL Compilation)","Replay The Spire","Shop Mod","StSLib","The Bug Knight","The Cursed","The Hierophant","The Jungle","The Marked","The Servant 0.9.4"],"gold_per_floor":[116,116,116,135,149,149,149,130,155,7,25,39,71,90,90,188,188,198,198,89,89,13,29,48,60,60,60,72,97,97,111,111,111,111],"floor_reached":33,"language":"ENG","playtime":1767,"items_purged":["hierophant:Defend_Hierophant"],"score":271,"play_id":"862c3ca9-21df-48db-816c-d54f015f8ee6","local_time":"20210123023029","is_ascension_mode":false,"campfire_choices":[{"data":"hierophant:Punish","floor":6.0,"key":"SMITH"},{"floor":15.0,"key":"REST"},{"data":"hierophant:HolyVerse","floor":27,"key":"SMITH"},{"data":"hierophant:ChurchCoffers","floor":32,"key":"SMITH"}],"circlet_count":0,"master_deck":["hierophant:Strike_Hierophant","hierophant:Strike_Hierophant","hierophant:Strike_Hierophant","hierophant:Punish+1","hierophant:Defend_Hierophant+1","hierophant:Defend_Hierophant","hierophant:ChurchCoffers+1","hierophant:HolyVerse+1","hierophant:MorningPrayer","hierophant:PassingBell","hierophant:RepressedViolence","hierophant:DivineIntervention+1","hierophant:Flagellation","hierophant:Endure","hierophant:Zeal","Delirium","hierophant:RepressedViolence+1","hierophant:PristineSoul"],"relics":["hierophant:PropheticMaskRelic","NeowsBlessing","War Paint","Boot","HollowMod:PaleOreRelic","Painkiller Herb","Ring of Fury","ReplayTheSpireMod:Ring of Exchange","Singing Bowl","Dream Catcher"],"acts_visited":["Exordium","Exordium"],"potions_floor_usage":[16,16,25,31,33,33,33,33,33],"damage_taken":[{"damage":0.0,"enemies":"2 Louse","floor":1.0,"turns":1.0},{"damage":0.0,"enemies":"Small Slimes","floor":4.0,"turns":1.0},{"damage":0.0,"enemies":"Cultist","floor":5.0,"turns":1.0},{"damage":15.0,"enemies":"Looter","floor":8.0,"turns":3.0},{"damage":8.0,"enemies":"Red Slaver","floor":11.0,"turns":3.0},{"damage":9.0,"enemies":"Blue Slaver","floor":12.0,"turns":3.0},{"damage":25.0,"enemies":"Replay:BlueRogue","floor":13.0,"turns":5.0},{"damage":0.0,"enemies":"3 Louse","floor":14.0,"turns":2.0},{"damage":0,"enemies":"Slime Boss","floor":16,"turns":3},{"damage":5,"enemies":"theJungle:Flameango_and_Byrd","floor":18,"turns":3},{"damage":0,"enemies":"theJungle:MUSHROOMGANG","floor":23,"turns":3},{"damage":0,"enemies":"theJungle:2_Snecko_Cultists","floor":24,"turns":2},{"damage":10,"enemies":"theJungle:2_Flameangoes","floor":25,"turns":3},{"damage":7,"enemies":"theJungle:Lyon","floor":28,"turns":3},{"damage":13,"enemies":"theJungle:Cassacara","floor":29,"turns":5},{"damage":0,"enemies":"theJungle:JungleHuntersEncounter","floor":31,"turns":2},{"damage":53,"enemies":"theJungle:FunGuy","floor":33,"turns":7}],"seed_played":"-2796631755601726850","potions_obtained":[{"floor":4.0,"key":"Dexterity Potion"},{"floor":5.0,"key":"SteroidPotion"},{"floor":11.0,"key":"Cursed Concoction"},{"floor":13.0,"key":"Doom Potion"},{"floor":16,"key":"FearPotion"},{"floor":18,"key":"EntropicBrew"},{"floor":28,"key":"Energy Potion"},{"floor":29,"key":"DistilledChaos"}],"is_trial":false,"path_per_floor":["M","?","?","M","M","R","?","M","T","$","M","M","E","M","R","B",null,"?","?","T","?","T","?","?","?","T","T","?","E","?","?","T","B"],"character_chosen":"HIEROPHANT","items_purchased":["Boot","hierophant:RepressedViolence+1","hierophant:PristineSoul"],"campfire_rested":1,"item_purchase_floors":[10,20,22],"current_hp_per_floor":[75,75,75,75,75,75,75,60,60,60,52,43,18,18,40,40,75,70,70,70,70,70,70,70,60,60,60,55,44,44,46,46,0,0],"gold":111,"neow_bonus":"THREE_ENEMY_KILL","is_daily":false,"chose_seed":false,"campfire_upgraded":3,"win_rate":0.0,"timestamp":1611387029,"path_taken":["M","?","?","M","?","R","?","M","T","$","M","?","E","M","R","BOSS","?","?","T","?","T","?","?","?","T","T","?","E","?","?","T","BOSS"],"items_purchased_type":["Relic","Card","Card"],"build_version":"2020-12-18","purchased_purges":1,"victory":false,"max_hp_per_floor":[75,75,75,75,75,75,75,75,75,75,75,75,75,75,75,75,75,75,75,75,75,75,75,75,75,75,75,77,79,79,81,81,81,81],"card_choices":[{"not_picked":["hierophant:ArchangelShield","hierophant:Bribe"],"picked":"hierophant:HolyVerse","floor":1.0},{"not_picked":["hierophant:Prophecy","hierophant:RecallFunds"],"picked":"hierophant:PassingBell","floor":4.0},{"not_picked":["hierophant:Shelter","hierophant:ThreeLashes"],"picked":"hierophant:RepressedViolence","floor":5.0},{"not_picked":["hierophant:Remorse","hierophant:FlamingChariot"],"picked":"hierophant:DivineIntervention","floor":8.0},{"not_picked":["hierophant:FlamingChariot","hierophant:PassingBell"],"picked":"hierophant:Flagellation","floor":11.0},{"not_picked":["hierophant:Remorse","hierophant:Patience","hierophant:AuricBeam"],"picked":"SKIP","floor":12.0},{"not_picked":["hierophant:Empathy","hierophant:Cornucopia"],"picked":"hierophant:Endure","floor":13.0},{"not_picked":["hierophant:Doubloon","hierophant:OrnateBuckler","hierophant:PassingBell"],"picked":"SKIP","floor":14.0},{"not_picked":["hierophant:AuricBeam","hierophant:ThreeLashes+1"],"picked":"hierophant:Zeal","floor":18},{"not_picked":["hierophant:FlamingChariot","hierophant:PassingBell","hierophant:AuricShield"],"picked":"SKIP","floor":23},{"not_picked":["hierophant:Rebuild","hierophant:Sermon+1","hierophant:Glossolalia"],"picked":"SKIP","floor":24},{"not_picked":["hierophant:ThreeLashes","hierophant:AuricBeam+1","hierophant:MirrorShield"],"picked":"SKIP","floor":25},{"not_picked":["hierophant:OrnateJavelin","hierophant:HammerAndAnvil","hierophant:FlamingChariot"],"picked":"Singing Bowl","floor":28},{"not_picked":["hierophant:OrnateBuckler","hierophant:Dazzle","hierophant:Batter"],"picked":"Singing Bowl","floor":29},{"not_picked":["hierophant:Doubloon","hierophant:SolarFlare","hierophant:Racketeering"],"picked":"Singing Bowl","floor":31}],"player_experience":465868,"relics_obtained":[{"floor":9.0,"key":"War Paint"},{"floor":13.0,"key":"HollowMod:PaleOreRelic"},{"floor":19,"key":"Ring of Fury"},{"floor":19,"key":"ReplayTheSpireMod:Ring of Exchange"},{"floor":26,"key":"Singing Bowl"},{"floor":29,"key":"Dream Catcher"}],"event_choices":[{"damage_healed":0.0,"max_hp_gain":0.0,"max_hp_loss":0.0,"gold_gain":0.0,"cards_transformed":["hierophant:Strike_Hierophant"],"event_name":"Transmorgrifier","player_choice":"Transformed","floor":3.0,"gold_loss":0.0,"damage_taken":0.0,"cards_obtained":["hierophant:MorningPrayer"]},{"cards_removed":["hierophant:AuricForm"],"damage_healed":0.0,"max_hp_gain":0.0,"max_hp_loss":0.0,"gold_gain":0.0,"event_name":"Purifier","player_choice":"Purged","floor":7.0,"gold_loss":0.0,"damage_taken":0.0}],"is_beta":true,"boss_relics":[{"not_picked":["Ectoplasm","Calling Bell"],"picked":"Painkiller Herb"}],"items_purged_floors":[20],"is_endless":false,"potions_floor_spawned":[4,5,11,13,16,18,28,29],"killed_by":"theJungle:FunGuy","ascension_level":0}}