{"host":"owz3koe8l53nyxsy","time":1611406320,"event":{"mods":["BaseMod","Conspire","Minty Spire (QoL Compilation)","Replay The Spire","StSLib","SuperFastMode","[功能]功能增强和修复MOD"],"gold_per_floor":[110,385,404,138,17,32,57,57,82,82,98,122,162,187,187,536,536,550,649,649,924,218,168,168,201,225,225,240,240,240,271,271,632,632,651,940,964,964,369,409,427,427,427,468,174,189,189,207,207,207],"floor_reached":51,"language":"ZHS","playtime":1982,"items_purged":["Regret","Strike_B","Strike_B","Defend_B","Defend_B","Strike_B","Strike_B","Amnesia","Regret","Defend_B","Doubt","Spreading Infection","Regret","ReplayTheSpireMod:Splinters","Hologram","Hello World","Defragment","Self Repair","Buffer","conspire:Banana"],"score":1114,"play_id":"d598ef04-f118-4837-947c-c0127c29fa8e","local_time":"20210123205200","is_ascension_mode":true,"campfire_choices":[{"floor":15,"key":"REST"},{"data":"Hello World","floor":27,"key":"SMITH"},{"data":"Turbo","floor":30,"key":"SMITH"}],"circlet_count":0,"master_deck":["Zap","Dualcast","Panache","Heatsinks","Turbo+1","Hello World+1","Ball Lightning+1","Sweeping Beam+1","Conserve Battery","Self Repair","Seek","Buffer","Reboot","Defragment+1","Echo Form","Machine Learning","Loop+1","Static Discharge+1","Melter","Magnetism","Crystallizer+1"],"relics":["Cracked Core","Runic Capacitor","Turnip","Golden Idol","Ancient Tea Set","Pantograph","Emotion Chip","Nuclear Battery","Ring of Shattering","Ring of Peace","Replay:Multitool","TungstenRod","Onion Ring","Happy Flower","Whetstone","Bronze Scales","Matryoshka","Replay:Ancient Bell","Dream Catcher","Replay:Bottled Flurry","Lizard Tail","Meat on the Bone","Solar Panel","Anchor","Sling","ReplayTheSpireMod:Lightbulb","Juzu Bracelet","Nunchaku","Orichalcum","Lantern","conspire:TreasureMap"],"acts_visited":["Exordium","TheCity","TheBeyond"],"potions_floor_usage":[7,13,16,16,16,35,37,50,50,50],"damage_taken":[{"damage":11,"enemies":"2 Louse","floor":1,"turns":3},{"damage":11,"enemies":"Cultist","floor":3,"turns":4},{"damage":0,"enemies":"Small Slimes","floor":6,"turns":2},{"damage":16,"enemies":"Gremlin Nob","floor":7,"turns":3},{"damage":4,"enemies":"2 Fungi Beasts","floor":11,"turns":2},{"damage":2,"enemies":"Red Slaver","floor":12,"turns":2},{"damage":14,"enemies":"3 Sentries","floor":13,"turns":4},{"damage":8,"enemies":"Blue Slaver","floor":14,"turns":3},{"damage":15,"enemies":"The Guardian","floor":16,"turns":7},{"damage":6,"enemies":"Chosen","floor":18,"turns":3},{"damage":6,"enemies":"Book of Stabbing","floor":25,"turns":4},{"damage":0,"enemies":"3 Byrds","floor":28,"turns":3},{"damage":10,"enemies":"Slavers","floor":31,"turns":3},{"damage":11,"enemies":"Pondfish","floor":33,"turns":5},{"damage":29,"enemies":"3 Shapes","floor":35,"turns":4},{"damage":19,"enemies":"3 Darklings","floor":37,"turns":4},{"damage":0,"enemies":"conspire:MimicChest","floor":40,"turns":4},{"damage":0,"enemies":"Maw","floor":41,"turns":4},{"damage":11,"enemies":"Reptomancer","floor":44,"turns":4},{"damage":11,"enemies":"Jaw Worm Horde","floor":46,"turns":3},{"damage":15,"enemies":"4 Shapes","floor":48,"turns":3},{"damage":41,"enemies":"Donu and Deca","floor":50,"turns":5}],"seed_played":"7009139361925821407","potions_obtained":[{"floor":1,"key":"Energy Potion"},{"floor":3,"key":"AttackPotion"},{"floor":3,"key":"SmokeBomb"},{"floor":6,"key":"Elixir"},{"floor":7,"key":"Milkshake"},{"floor":13,"key":"Weak Potion"},{"floor":13,"key":"Strength Potion"},{"floor":16,"key":"Strength Potion"},{"floor":18,"key":"SteroidPotion"},{"floor":25,"key":"conspire:TimeTravelPotion"},{"floor":29,"key":"Fire Potion"},{"floor":29,"key":"FocusPotion"},{"floor":31,"key":"LifebloodPotion"},{"floor":35,"key":"PowerPotion"},{"floor":41,"key":"Reflective Coating"},{"floor":44,"key":"Block Potion"}],"is_trial":false,"path_per_floor":["M","?","M","$","$","M","E","?","T","?","M","M","E","M","R","B",null,"M","?","?","?","$","R","T","E","T","R","M","?","R","E","R","B",null,"M","?","M","?","$","R","M","?","T","E","$","M","?","M","R","B",null],"character_chosen":"DEFECT","items_purchased":["Hello World","Runic Capacitor","Defragment","Ball Lightning","conspire:Banana","Replay:Multitool","TungstenRod","Solar Panel","Anchor","Sling","Lantern","conspire:TreasureMap"],"campfire_rested":1,"item_purchase_floors":[4,4,5,5,22,22,22,39,39,39,45,45],"current_hp_per_floor":[57,57,46,46,46,46,30,30,30,30,26,24,10,9,29,46,63,64,64,64,64,64,64,64,66,66,66,70,70,70,68,68,68,71,50,50,58,58,58,73,74,65,65,69,69,65,65,67,65,57],"gold":207,"neow_bonus":"RANDOM_COLORLESS_2","is_daily":false,"chose_seed":false,"campfire_upgraded":2,"win_rate":0.0,"timestamp":1611406320,"path_taken":["M","?","?","?","$","M","E","?","T","?","?","M","E","M","R","BOSS","M","?","?","?","$","R","?","E","T","R","?","?","R","E","R","BOSS","M","?","?","?","$","R","?","?","T","E","$","M","?","M","R","BOSS"],"items_purchased_type":["Card","Relic","Card","Card","Card","Relic","Relic","Relic","Relic","Relic","Relic","Relic"],"build_version":"2020-12-22","purchased_purges":20,"victory":true,"max_hp_per_floor":[68,68,68,68,68,68,68,68,68,68,68,68,68,68,68,68,68,68,68,68,68,68,68,68,69,69,69,70,70,70,71,71,72,72,73,73,74,74,74,74,74,74,74,74,74,74,74,74,65,65],"card_choices":[{"not_picked":["Sadistic Nature","Poisoned Strike"],"picked":"Panache","floor":0},{"not_picked":["Consume","Cold Snap"],"picked":"Heatsinks","floor":1},{"not_picked":["Hologram","Reprogram"],"picked":"Turbo","floor":3},{"not_picked":["Compile Driver","Go for the Eyes"],"picked":"FTL","floor":6},{"not_picked":["Barrage","conspire:Rain"],"picked":"Sweeping Beam","floor":7},{"not_picked":["Barrage","Force Field"],"picked":"Conserve Battery","floor":11},{"not_picked":["Streamline","Go for the Eyes"],"picked":"Hologram","floor":12},{"not_picked":["Beam Cell","Conserve Battery"],"picked":"Self Repair","floor":13},{"not_picked":["Darkness","Tempest","Hologram"],"picked":"SKIP","floor":14},{"not_picked":["Rainbow","Core Surge"],"picked":"Seek","floor":16},{"not_picked":["Core Surge","ReplayRNGCard"],"picked":"Buffer","floor":16},{"not_picked":["Multi-Cast","Buffer"],"picked":"Reboot","floor":16},{"not_picked":["BasicCrystalCard","Barrage","Compile Driver+1"],"picked":"SKIP","floor":18},{"not_picked":["Glacier+1","Tempest","Hologram+1"],"picked":"SKIP","floor":25},{"not_picked":["Beam Cell","Chill","Compile Driver"],"picked":"SKIP","floor":28},{"not_picked":["conspire:Rain+1","Panic Button"],"picked":"Defragment+1","floor":31},{"not_picked":["Core Surge","Amplify"],"picked":"Echo Form","floor":33},{"not_picked":["ReplayTheSpireMod:Fabricate Wheel","Seek"],"picked":"Buffer","floor":33},{"not_picked":["Mirror Shield","ReplayTheSpireMod:Omega Cannon"],"picked":"Machine Learning","floor":33},{"not_picked":["Looming Evil","ReplayTheSpireMod:Doomed"],"picked":"Spreading Infection","floor":34},{"not_picked":["Delirium","Normality"],"picked":"Regret","floor":34},{"not_picked":["CommonCold","Pain"],"picked":"Doubt","floor":34},{"not_picked":["Steam","Conserve Battery+1"],"picked":"Loop+1","floor":35},{"not_picked":["Hologram+1","ReplayTheSpireMod:System Scan+1"],"picked":"Self Repair","floor":36},{"not_picked":["Cold Snap+1","ReplayTheSpireMod:Calculation Training+1"],"picked":"Static Discharge+1","floor":37},{"not_picked":["Beam Cell","Streamline"],"picked":"Melter","floor":41},{"not_picked":["Replay:Sssssssssstrike","Chrysalis"],"picked":"Magnetism","floor":42},{"not_picked":["Panic Button","Go for the Eyes+1","ReplayTheSpireMod:Fabricate Wheel"],"picked":"SKIP","floor":44},{"not_picked":["Compile Driver+1","Gash"],"picked":"Crystallizer+1","floor":46},{"not_picked":["Beam Cell","Sweeping Beam+1","Barrage+1"],"picked":"SKIP","floor":48}],"player_experience":42554,"relics_obtained":[{"floor":7,"key":"Turnip"},{"floor":9,"key":"Ancient Tea Set"},{"floor":13,"key":"Pantograph"},{"floor":16,"key":"Emotion Chip"},{"floor":20,"key":"Ring of Shattering"},{"floor":20,"key":"Ring of Peace"},{"floor":24,"key":"Onion Ring"},{"floor":25,"key":"Happy Flower"},{"floor":26,"key":"Whetstone"},{"floor":31,"key":"Bronze Scales"},{"floor":33,"key":"Matryoshka"},{"floor":36,"key":"Meat on the Bone"},{"floor":40,"key":"ReplayTheSpireMod:Lightbulb"},{"floor":43,"key":"Juzu Bracelet"},{"floor":43,"key":"Nunchaku"},{"floor":44,"key":"Orichalcum"}],"event_choices":[{"damage_healed":0,"gold_gain":275,"player_choice":"Desecrate","damage_taken":0,"max_hp_gain":0,"max_hp_loss":0,"event_name":"Golden Shrine","floor":2,"gold_loss":0,"cards_obtained":["Regret"]},{"damage_healed":0,"gold_gain":0,"player_choice":"Take Wound","damage_taken":0,"relics_obtained":["Golden Idol"],"max_hp_gain":0,"max_hp_loss":0,"event_name":"Golden Idol","floor":8,"gold_loss":0,"cards_obtained":["Injury"]},{"cards_removed":["Injury"],"damage_healed":0,"gold_gain":0,"player_choice":"Removed Curses","damage_taken":0,"max_hp_gain":0,"max_hp_loss":0,"event_name":"Fountain of Cleansing","floor":10,"gold_loss":0},{"damage_healed":0,"gold_gain":99,"player_choice":"Stole From Cult","damage_taken":0,"max_hp_gain":0,"max_hp_loss":0,"event_name":"Nest","floor":19,"gold_loss":0},{"damage_healed":0,"gold_gain":275,"player_choice":"Desecrate","damage_taken":0,"max_hp_gain":0,"max_hp_loss":0,"event_name":"Golden Shrine","floor":21,"gold_loss":0,"cards_obtained":["Regret"]},{"damage_healed":0,"gold_gain":0,"player_choice":"Bet on Murderer","damage_taken":0,"max_hp_gain":0,"max_hp_loss":0,"event_name":"The Joust","floor":23,"gold_loss":50},{"damage_healed":0,"gold_gain":0,"player_choice":"Got Potions","damage_taken":0,"max_hp_gain":0,"max_hp_loss":0,"event_name":"Lab","floor":29,"gold_loss":0},{"damage_healed":0,"gold_gain":0,"player_choice":"Leave","damage_taken":0,"max_hp_gain":0,"max_hp_loss":0,"event_name":"conspire:Investor","floor":38,"gold_loss":0},{"damage_healed":0,"gold_gain":0,"player_choice":"Memory 3","damage_taken":10,"max_hp_gain":0,"max_hp_loss":0,"event_name":"SensoryStone","floor":42,"gold_loss":0},{"cards_removed":["FTL"],"damage_healed":0,"gold_gain":0,"player_choice":"Removed Attack","damage_taken":0,"max_hp_gain":0,"max_hp_loss":0,"event_name":"Falling","floor":47,"gold_loss":0},{"damage_healed":65,"gold_gain":0,"player_choice":"Heal","damage_taken":0,"max_hp_gain":0,"max_hp_loss":9,"event_name":"The Moai Head","floor":49,"gold_loss":0}],"is_beta":false,"boss_relics":[{"not_picked":["conspire:SeveredTorchhead","conspire:SlowCooker"],"picked":"Nuclear Battery"},{"not_picked":["Black Star","Ring of Chaos"],"picked":"Replay:Ancient Bell"},{"not_picked":["Replay:Rubber Ducky","Toy Ornithopter"],"picked":"Dream Catcher"},{"not_picked":["Garlic","Mirror"],"picked":"Replay:Bottled Flurry"},{"not_picked":["conspire:GlowingRock","Calipers"],"picked":"Lizard Tail"}],"items_purged_floors":[4,4,4,4,4,4,5,22,22,22,39,39,39,39,39,39,39,39,39,39],"is_endless":false,"potions_floor_spawned":[1,3,3,6,6,7,11,12,13,13,14,16,18,25,28,31,33,33,35,41,41,44,44,46,46,48],"ascension_level":5}}