{"host":"o6rpelx2jpc8yies","time":1611374053,"event":{"mods":["BaseMod","Downfall","Minty Spire (QoL Compilation)","StSLib"],"gold_per_floor":[99,111,130,130,230,130,130,158,169,169,169,169,197,39,50,154,154,54,70,70,80,80,107,107,107,7,0,26,26,26,44,57,154,154,154,171,190,344,354,383,383,383,383,417,417,417,444,393,406,406,406,432,21,21,21,21,21],"floor_reached":55,"language":"ENG","playtime":4036,"items_purged":["Slimebound:Defend_Slimebound"],"score":974,"play_id":"b7a66209-fd58-4fff-908a-fb7228854a24","local_time":"20210122205413","is_ascension_mode":true,"campfire_choices":[{"floor":1,"key":"RECALL"},{"data":"Slimebound:RainOfGoop","floor":6,"key":"SMITH"},{"data":"Slimebound:CorrosiveSpit","floor":10,"key":"SMITH"},{"data":"Slimebound:DuplicatedForm","floor":18,"key":"SMITH"},{"data":"Slimebound:GrowthPunch","floor":26,"key":"SMITH"},{"data":"Slimebound:OneTwoCombo","floor":30,"key":"SMITH"},{"data":"Slimebound:GrowthPunch","floor":35,"key":"SMITH"},{"floor":42,"key":"REST"},{"floor":45,"key":"REST"},{"floor":54,"key":"REST"}],"circlet_count":0,"master_deck":["Slimebound:Strike_Slimebound","Slimebound:Tackle","Slimebound:Defend_Slimebound","Slimebound:Defend_Slimebound","Slimebound:Split","Slimebound:CorrosiveSpit+1","Slimebound:SplitLeeching","Slimebound:RainOfGoop+1","Slimebound:SpikyOuterGoop","Slimebound:SamplingLick","Slimebound:SplitLeeching","Slimebound:Prepare","Slimebound:RejuvenatingLick","Slimebound:DuplicatedForm+1","Slimebound:FinishingTackle+1","RitualDagger+1","Slimebound:GrowthPunch+1","Slimebound:RollThrough","Slimebound:FormOfPuddle","Slimebound:GrowthPunch+1","Slimebound:TongueLash","Slimebound:OneTwoCombo+1","Slimebound:SplitMire","Slimebound:Teamwork","Slimebound:ItLooksTasty","Slimebound:HauntingLick+1","Slimebound:Recollect","expansioncontent:PrepareCrush","Parasite","Slimebound:ViciousTackle+1","Slimebound:Equalize","expansioncontent:AwakenDeath","Slimebound:MegaLick+1","Slimebound:Darklings+1","Slimebound:HungryTackle","Slimebound:HauntingLick+1","Slimebound:Schlurp+1","Slimebound:MassRepurpose+1","Slimebound:Gluttony"],"relics":["Slimebound:AbsorbEndCombatUpgraded","downfall:HeartBlessingRed","PreservedInsect","Strawberry","downfall:ExtraCursedBell","MealTicket","hexamod:CandleOfCauterizing","Turnip","Bag of Preparation","Slimebound:SelfDamagePreventRelic","downfall:HeartBlessingGreen","Pear","Toy Ornithopter","downfall:HeartBlessingBlue","Oddly Smooth Stone","Slimebound:TarBlob","Orichalcum","Toxic Egg 2","Ancient Tea Set","Art of War","Guardian:PocketSentry","Membership Card","Anchor","FossilizedHelix"],"acts_visited":["Exordium","TheCity","TheBeyond","TheEnding"],"potions_floor_usage":[13,36,50,52,52,52,55],"damage_taken":[{"damage":2,"enemies":"Jaw Worm","floor":2,"turns":3},{"damage":3,"enemies":"Cultist","floor":3,"turns":4},{"damage":36,"enemies":"3 Sentries","floor":8,"turns":6},{"damage":1,"enemies":"Small Slimes","floor":9,"turns":4},{"damage":11,"enemies":"Lagavulin","floor":13,"turns":4},{"damage":0,"enemies":"downfall:FleeingMerchant","floor":14,"turns":4},{"damage":7,"enemies":"Exordium Thugs","floor":15,"turns":4},{"damage":21,"enemies":"IC_STATUS_ARCHETYPE","floor":16,"turns":10},{"damage":30,"enemies":"3 Byrds","floor":19,"turns":6},{"damage":45,"enemies":"Snake Plant","floor":21,"turns":4},{"damage":23,"enemies":"Book of Stabbing","floor":23,"turns":5},{"damage":0,"enemies":"downfall:FleeingMerchant","floor":27,"turns":4},{"damage":21,"enemies":"Slavers","floor":28,"turns":3},{"damage":46,"enemies":"Chosen and Byrds","floor":31,"turns":6},{"damage":10,"enemies":"Snecko","floor":32,"turns":5},{"damage":62,"enemies":"SI_MIRROR_ARCHETYPE","floor":33,"turns":9},{"damage":26,"enemies":"3 Darklings","floor":36,"turns":11},{"damage":18,"enemies":"Orb Walker","floor":37,"turns":3},{"damage":15,"enemies":"downfall:FleeingMerchant","floor":38,"turns":2},{"damage":52,"enemies":"Writhing Mass","floor":39,"turns":6},{"damage":59,"enemies":"Reptomancer","floor":40,"turns":5},{"damage":60,"enemies":"Nemesis","floor":44,"turns":7},{"damage":25,"enemies":"Giant Head","floor":47,"turns":5},{"damage":54,"enemies":"3 Darklings","floor":49,"turns":4},{"damage":66,"enemies":"DF_ARCHETYPE_ORBS","floor":50,"turns":11},{"damage":94,"enemies":"downfall:CharBossMerchant","floor":52,"turns":7},{"damage":132,"enemies":"downfall:NeowBoss","floor":55,"turns":13}],"seed_played":"8892128308349356825","potions_obtained":[{"floor":2,"key":"Fire Potion"},{"floor":9,"key":"Strength Potion"},{"floor":13,"key":"hexamod:SoulburnPotion"},{"floor":19,"key":"SpeedPotion"},{"floor":20,"key":"CultistPotion"},{"floor":28,"key":"EntropicBrew"},{"floor":40,"key":"Strength Potion"},{"floor":44,"key":"Regen Potion"}],"is_trial":false,"path_per_floor":["R","M","M","?","?","R","T","E","M","R","T","?","E","$","M","B",null,"R","M","?","M","?","E","T","?","R","$","E","?","R","M","M","B",null,"R","M","M","$","M","E","T","R","?","E","R","?","E","$","M","B",null,"E","$","R","B"],"character_chosen":"SLIMEBOUND","items_purchased":["Slimebound:SelfDamagePreventRelic","expansioncontent:PrepareCrush","Slimebound:HauntingLick+1","Membership Card","Anchor","Slimebound:Gluttony","FossilizedHelix"],"campfire_rested":3,"item_purchase_floors":[14,38,48,53,53,53,53],"current_hp_per_floor":[65,65,64,64,64,64,64,41,46,46,46,46,41,64,65,52,72,72,63,63,39,49,41,41,41,51,75,66,66,66,50,70,38,92,92,92,92,92,55,11,11,38,38,20,47,47,52,67,43,20,92,33,48,75,0,0,0],"gold":21,"neow_bonus":"TRANSFORM_CARD","is_daily":false,"chose_seed":false,"campfire_upgraded":6,"win_rate":0.0,"timestamp":1611374053,"path_taken":["R","M","M","?","?","R","T","E","?","R","?","?","E","$","M","BOSS","R","M","?","M","?","E","T","?","R","$","E","?","R","M","M","BOSS","R","M","M","$","M","E","T","R","?","E","R","?","E","$","M","BOSS","E","$","R","BOSS"],"items_purchased_type":["Relic","Card","Card","Relic","Relic","Card","Relic"],"build_version":"2020-12-22","purchased_purges":1,"victory":false,"max_hp_per_floor":[65,65,65,65,65,65,65,72,72,72,72,72,72,72,72,72,72,72,72,72,72,82,82,82,82,92,92,92,92,92,92,92,92,92,92,92,92,92,92,92,92,92,92,92,92,92,92,92,92,92,92,92,92,92,92,92,92],"card_choices":[{"not_picked":["Slimebound:Recollect","Slimebound:SlimeBarrage"],"picked":"Slimebound:SplitLeeching","floor":2},{"not_picked":["Slimebound:ForwardTackle","Slimebound:TongueLash"],"picked":"Slimebound:RainOfGoop","floor":3},{"not_picked":["Slimebound:Replication","Slimebound:ComboTackle"],"picked":"Slimebound:SpikyOuterGoop","floor":8},{"not_picked":["Slimebound:ViciousTackle","Slimebound:LeechEnergy"],"picked":"Slimebound:SamplingLick","floor":9},{"not_picked":["Slimebound:SlimeSpikes","Slimebound:ServeAndProtect"],"picked":"Slimebound:SplitLeeching","floor":13},{"not_picked":["Slimebound:ViciousTackle","Slimebound:SplitLeeching"],"picked":"Slimebound:Prepare","floor":14},{"not_picked":["Slimebound:PressTheAttack","Slimebound:Nibble"],"picked":"Slimebound:RejuvenatingLick","floor":15},{"not_picked":["Slimebound:MassFeed","Slimebound:SelfFormingGoo"],"picked":"Slimebound:DuplicatedForm","floor":16},{"not_picked":["Slimebound:SamplingLick","Slimebound:GoopSpray+1"],"picked":"Slimebound:FinishingTackle+1","floor":19},{"not_picked":["Slimebound:ForwardTackle","Slimebound:RainOfGoop","Slimebound:SplitLeeching"],"picked":"SKIP","floor":21},{"not_picked":["Slimebound:Equalize","Slimebound:Recycling"],"picked":"Slimebound:GrowthPunch","floor":23},{"not_picked":["Slimebound:SplitMire+1","Slimebound:Prepare"],"picked":"Slimebound:GrowthPunch","floor":27},{"not_picked":["Slimebound:Chomp","Slimebound:ForwardTackle"],"picked":"Slimebound:TongueLash","floor":28},{"not_picked":["Slimebound:BestDefense","Slimebound:RainOfGoop","Slimebound:SlimeBarrage"],"picked":"SKIP","floor":31},{"not_picked":["Slimebound:SamplingLick","Slimebound:PressTheAttack"],"picked":"Slimebound:SplitMire","floor":32},{"not_picked":["Slimebound:Darklings","Slimebound:FirmFortitude"],"picked":"Slimebound:Teamwork","floor":33},{"not_picked":["Slimebound:Chomp+1","Slimebound:Prepare+1"],"picked":"Slimebound:ItLooksTasty","floor":36},{"not_picked":["Slimebound:PressTheAttack","Slimebound:Schlurp"],"picked":"Slimebound:HauntingLick+1","floor":37},{"not_picked":["Slimebound:ComboTackle+1","Slimebound:GrowthPunch"],"picked":"Slimebound:Recollect","floor":38},{"not_picked":["Slimebound:RejuvenatingLick","Slimebound:TongueLash+1"],"picked":"Slimebound:ViciousTackle+1","floor":39},{"not_picked":["Slimebound:SamplingLick","Slimebound:Prepare"],"picked":"Slimebound:Equalize","floor":40},{"not_picked":["expansioncontent:Chronoboost","expansioncontent:HyperBeam"],"picked":"expansioncontent:AwakenDeath","floor":43},{"not_picked":["Slimebound:DisruptingSlam","Slimebound:Dissolve+1"],"picked":"Slimebound:MegaLick+1","floor":44},{"not_picked":["Slimebound:PressTheAttack+1","Slimebound:GoopTackle+1"],"picked":"Slimebound:HungryTackle","floor":47},{"not_picked":["Slimebound:Recollect+1","Slimebound:PressTheAttack"],"picked":"Slimebound:Schlurp+1","floor":49},{"not_picked":["Slimebound:ForwardTackle","Slimebound:SplitAcid+1"],"picked":"Slimebound:MassRepurpose+1","floor":52}],"player_experience":1819876,"relics_obtained":[{"floor":7,"key":"PreservedInsect"},{"floor":8,"key":"Strawberry"},{"floor":11,"key":"Omamori"},{"floor":12,"key":"MealTicket"},{"floor":12,"key":"hexamod:CandleOfCauterizing"},{"floor":12,"key":"Turnip"},{"floor":13,"key":"Bag of Preparation"},{"floor":23,"key":"Toy Ornithopter"},{"floor":28,"key":"Oddly Smooth Stone"},{"floor":40,"key":"Orichalcum"},{"floor":41,"key":"Toxic Egg 2"},{"floor":44,"key":"Ancient Tea Set"},{"floor":47,"key":"Art of War"},{"floor":52,"key":"Guardian:PocketSentry"}],"event_choices":[{"damage_healed":0,"gold_gain":0,"cards_transformed":["Slimebound:Defend_Slimebound","Slimebound:Strike_Slimebound"],"player_choice":"Became Test Subject","damage_taken":0,"max_hp_gain":0,"max_hp_loss":0,"event_name":"Drug Dealer","floor":25,"gold_loss":0,"cards_obtained":["Slimebound:RollThrough","Slimebound:FormOfPuddle"]}],"is_beta":false,"boss_relics":[{"not_picked":["Black Star","Snecko Eye"],"picked":"Slimebound:AbsorbEndCombatUpgraded"},{"not_picked":["Coffee Dripper","Pandora\u0027s Box"],"picked":"Slimebound:TarBlob"}],"items_purged_floors":[38],"is_endless":false,"potions_floor_spawned":[2,9,13,19,23,28,31,32,40,44,47],"killed_by":"downfall:NeowBoss","ascension_level":4}}