{"host":"kk2i87xhq8q4h0un","time":1611382942,"event":{"mods":["BaseMod","Downfall","Minty Spire (QoL Compilation)","Shop Mod","StSLib"],"gold_per_floor":[99,118,138,138,138,138,138,158,174,159,259,285,285,298,325,429,429,329,352,380,400,400,400,423,435,460,460,460,193,193,183,209,209,209,209],"floor_reached":33,"language":"ENG","playtime":5642,"items_purged":[],"score":272,"play_id":"e05560e8-7b95-45b9-8074-4c9752daf1af","local_time":"20210122222222","is_ascension_mode":false,"campfire_choices":[{"data":"hexamod:Float","floor":1.0,"key":"SMITH"},{"data":"hexamod:EmpoweredFlame","floor":6.0,"key":"SMITH"},{"data":"hexamod:TimeOfNeed","floor":18.0,"key":"SMITH"},{"data":"hexamod:DynamicBlow","floor":23.0,"key":"SMITH"},{"floor":28.0,"key":"RECALL"},{"data":"hexamod:RainOfEmbers","floor":30.0,"key":"SMITH"}],"circlet_count":0,"master_deck":["hexamod:Strike","hexamod:Strike","hexamod:Strike","hexamod:Defend","hexamod:Defend","hexamod:Defend","hexamod:Sear","hexamod:Float+1","hexamod:ShieldOfDarkness","hexamod:EmpoweredFlame+1","hexamod:AdvancingGuard","hexamod:FirstSeal","hexamod:ChargedBarrage","hexamod:RainOfEmbers+1","hexamod:HeatMetal","hexamod:BurningTouch+1","hexamod:SoulSteal","hexamod:SecondSeal","hexamod:DynamicBlow+1","hexamod:TimeOfNeed+1","hexamod:HeatCrush+1","hexamod:Incineration+1","hexamod:WildfireWeapon","hexamod:RainOfEmbers","hexamod:SpectralAdrenaline"],"relics":["hexamod:UnbrokenSoul","Ancient Tea Set","Odd Mushroom","CaptainsWheel","Ornamental Fan","downfall:HeartBlessingGreen","downfall:RedIOU","Chemical X","Medical Kit","Potion Belt"],"acts_visited":["Exordium","TheCity"],"potions_floor_usage":[33],"damage_taken":[{"damage":4.0,"enemies":"2 Louse","floor":2.0,"turns":4.0},{"damage":0.0,"enemies":"Small Slimes","floor":3.0,"turns":3.0},{"damage":0.0,"enemies":"Cultist","floor":5.0,"turns":1.0},{"damage":10.0,"enemies":"The Mushroom Lair","floor":8.0,"turns":6.0},{"damage":6.0,"enemies":"Lots of Slimes","floor":9.0,"turns":7.0},{"damage":0.0,"enemies":"downfall:FleeingMerchant","floor":10.0,"turns":4.0},{"damage":13.0,"enemies":"downfall:Heads","floor":11.0,"turns":6.0},{"damage":9.0,"enemies":"Lagavulin","floor":12.0,"turns":6.0},{"damage":3.0,"enemies":"Exordium Thugs","floor":14.0,"turns":3.0},{"damage":3.0,"enemies":"Red Slaver","floor":15.0,"turns":3.0},{"damage":5.0,"enemies":"SI_SHIV_ARCHETYPE","floor":16.0,"turns":6.0},{"damage":10.0,"enemies":"Shell Parasite","floor":19.0,"turns":3.0},{"damage":8.0,"enemies":"Cultist and Chosen","floor":20.0,"turns":6.0},{"damage":5.0,"enemies":"Shelled Parasite and Fungi","floor":21.0,"turns":5.0},{"damage":0.0,"enemies":"Snecko","floor":25.0,"turns":3.0},{"damage":12.0,"enemies":"Snake Plant","floor":26.0,"turns":3.0},{"damage":3.0,"enemies":"downfall:FleeingMerchant","floor":29.0,"turns":4.0},{"damage":14.0,"enemies":"downfall:FleeingMerchant","floor":31.0,"turns":3.0},{"damage":11.0,"enemies":"Centurion and Healer","floor":32.0,"turns":4.0},{"damage":63,"enemies":"DF_ARCHETYPE_CLAW","floor":33,"turns":6}],"seed_played":"2393476511221987447","potions_obtained":[{"floor":3.0,"key":"hexamod:SoulburnPotion"},{"floor":9.0,"key":"Block Potion"},{"floor":11.0,"key":"Strength Potion"},{"floor":16.0,"key":"Guardian:BlockOnCardUsePotion"},{"floor":21.0,"key":"Block Potion"},{"floor":22.0,"key":"EntropicBrew"}],"is_trial":false,"path_per_floor":["R","M","M","?","M","R","T","?","M","$","?","E","T","M","M","B",null,"R","M","M","M","?","R","T","M","M","?","R","$","R","$","M","B"],"character_chosen":"THE_SPIRIT","items_purchased":["Chemical X","hexamod:RainOfEmbers","hexamod:SpectralAdrenaline","Medical Kit","Potion Belt","champ:CounterPotion"],"campfire_rested":0,"item_purchase_floors":[29,29,29,31,31,31],"current_hp_per_floor":[77,73,73,73,73,73,73,63,64,71,58,56,56,53,57,52,77,77,74,73,68,68,68,68,75,63,63,63,67,67,60,56,0,0,0],"gold":209,"neow_bonus":"TEN_PERCENT_HP_BONUS","is_daily":false,"chose_seed":false,"campfire_upgraded":5,"win_rate":0.0,"timestamp":1611382942,"path_taken":["R","M","M","?","M","R","T","?","M","$","?","E","?","?","M","BOSS","R","M","M","?","?","R","T","M","?","?","R","$","R","$","M","BOSS"],"items_purchased_type":["Relic","Card","Card","Relic","Relic","Potion"],"build_version":"2020-12-22","purchased_purges":0,"victory":false,"max_hp_per_floor":[77,77,77,77,77,77,77,77,77,77,77,77,77,77,77,77,77,77,77,77,77,77,77,77,77,77,77,77,77,77,77,77,77,77,77],"card_choices":[{"not_picked":["hexamod:Firestarter","hexamod:Incineration"],"picked":"hexamod:ShieldOfDarkness","floor":2.0},{"not_picked":["hexamod:Rewind","hexamod:SpectersWail"],"picked":"hexamod:EmpoweredFlame","floor":3.0},{"not_picked":["hexamod:ShieldOfDarkness","hexamod:Firestarter"],"picked":"hexamod:AdvancingGuard","floor":5.0},{"not_picked":["hexamod:NightmareStrike","hexamod:HeatCrush"],"picked":"hexamod:FirstSeal","floor":8.0},{"not_picked":["hexamod:GhostLash","hexamod:HauntingEcho"],"picked":"hexamod:ChargedBarrage","floor":9.0},{"not_picked":["hexamod:GhostOfSpireFuture","hexamod:NecessarySacrifice"],"picked":"hexamod:RainOfEmbers","floor":10.0},{"not_picked":["hexamod:EmpoweredFlame","hexamod:HeatMetal"],"picked":"hexamod:BurningTouch","floor":11.0},{"not_picked":["hexamod:PhantomCloak","hexamod:BurningTouch"],"picked":"hexamod:SoulSteal","floor":12.0},{"not_picked":["hexamod:SoulSteal","hexamod:BacktrackSmack"],"picked":"hexamod:SecondSeal","floor":14.0},{"not_picked":["hexamod:ThermalTransfer","hexamod:NightmareStrike"],"picked":"hexamod:DynamicBlow","floor":15.0},{"not_picked":["hexamod:GhostOfSpirePresent","hexamod:ForkedFlame"],"picked":"hexamod:TimeOfNeed","floor":16.0},{"not_picked":["hexamod:PhantomCloak","hexamod:AdvancingGuard"],"picked":"hexamod:HeatCrush+1","floor":19.0},{"not_picked":["hexamod:SkipABeat","hexamod:ChargedBarrage","hexamod:GhostShield"],"picked":"SKIP","floor":20.0},{"not_picked":["hexamod:SwordOfDarkness","hexamod:SecondSeal"],"picked":"hexamod:Incineration+1","floor":21.0},{"not_picked":["hexamod:GhostflameBarrier+1","hexamod:BurningTouch","hexamod:ThermalTransfer"],"picked":"SKIP","floor":25.0},{"not_picked":["hexamod:GhostShield","hexamod:HauntingEcho","hexamod:FastForward+1"],"picked":"SKIP","floor":26.0},{"not_picked":["hexamod:ShieldOfDarkness","hexamod:HauntingEcho+1"],"picked":"hexamod:WildfireWeapon","floor":29.0},{"not_picked":["hexamod:HexaLevel","hexamod:FastForward+1","hexamod:Haunt"],"picked":"SKIP","floor":31.0},{"not_picked":["hexamod:HeatMetal+1","hexamod:ThermalTransfer+1","hexamod:AdvancingGuard"],"picked":"SKIP","floor":32.0}],"player_experience":1036809,"relics_obtained":[{"floor":7.0,"key":"Ancient Tea Set"},{"floor":8.0,"key":"Odd Mushroom"},{"floor":12.0,"key":"CaptainsWheel"},{"floor":13.0,"key":"Ornamental Fan"},{"floor":24.0,"key":"Nunchaku"}],"event_choices":[{"damage_healed":0.0,"max_hp_gain":0.0,"max_hp_loss":0.0,"gold_gain":0.0,"event_name":"Mushrooms","player_choice":"Fought Mushrooms","floor":8.0,"gold_loss":0.0,"damage_taken":0.0},{"damage_healed":0.0,"max_hp_gain":0.0,"max_hp_loss":0.0,"gold_gain":0.0,"event_name":"Lab","player_choice":"Got Potions","floor":22.0,"gold_loss":0.0,"damage_taken":0.0}],"is_beta":false,"boss_relics":[{"not_picked":["Velvet Choker","Snecko Eye"],"picked":"hexamod:UnbrokenSoul"}],"items_purged_floors":[],"is_endless":false,"potions_floor_spawned":[3,9,11,16,19,21],"killed_by":"DF_ARCHETYPE_CLAW","ascension_level":0}}