{"host":"gf6h0fjn0q83ridf","time":1611422436,"event":{"mods":["Arknights The Spire","BaseMod","Downfall","Energized Spire","Hunter ÁÔÈË","KinomotoSakuraMod(Ä¾Ö®±¾Ó£)","KomeijiMod","Minty Spire (QoL Compilation)","Reimu£¨²©ÀöÁéÃÎ£©","RumiaBox-Â¶Ã×æ«µÄÉñÃØºÐ×Ó","Spicy Shops","StSLib","WarShipGirlsR/Õ½½¢ÉÙÅ®R mod","Youmu£¨»êÆÇÑýÃÎ£©"],"gold_per_floor":[178,196,211,46,60,60,71,104,104,104,104,139,44,54,54,156,156,170,28,107,119,0,35,35,0,0,0,48,67,99,114,114,211,211,221,221,221,236,113,144,2,19,19,19,29,54,65,76,76,76],"floor_reached":51,"language":"ZHS","playtime":8481,"items_purged":[],"score":807,"play_id":"e7dd8d07-1fd8-4d7b-b3cf-c779d040e38d","local_time":"20210124012036","is_ascension_mode":false,"campfire_choices":[{"data":"Absorbed","floor":6.0,"key":"SMITH"},{"data":"Paradox","floor":11.0,"key":"SMITH"},{"data":"ThirstForBlood","floor":15.0,"key":"SMITH"},{"data":"RemiliaStalker","floor":24.0,"key":"SMITH"},{"data":"BloodSurge","floor":27.0,"key":"SMITH"},{"data":"PartStrengthen","floor":32.0,"key":"SMITH"},{"data":"StarOfDavid","floor":44,"key":"SMITH"},{"data":"NaturallyHealing","floor":49,"key":"SMITH"}],"circlet_count":0,"master_deck":["Strike_Remiria","Strike_Remiria","Strike_Remiria","Strike_Remiria","Defend_Remirira","Defend_Remirira","Defend_Remirira","Defend_Remirira","Absorbed+1","Scratch","StigmaNizer","Paradox+1","BloodySuit","BloodySuit","PartStrengthen+1","Exsanguinate","ThePrice","Cripple","BloodCollect","RocketKickup","DoubleEdge","ThirstForBlood+1","StigmaNizer","RedMagic","ServantFlier+1","BloodSurge+1","Cripple","RemiliaStalker+1","FastHealing","CruelSlaughter+1","StarOfDavid+1","NaturallyHealing+1","Madness","Secret Weapon","Good Instincts","BloodyMagicSquare+1","FateSonata","RedtheNightlessCastle","DemonsDinnerFork_Remiria","Culling+1","LifeBreak+1","NaturallyHealing+1","FierceSweep+1","DamonLordCradle_Remiria","BloodCleaner+1","BloodCollect"],"relics":["ThirstyCrossSpe","Gremlin Horn","Tiny Chest","FaceOfCleric","Smiling Mask","RedLine:ReiMu","Eternal Feather","Mercury Hourglass","GodSword1","Happy Flower","Unceasing Top","SlaversCollar","GoodDreamPillow","GodSword3","CaptainsWheel","Prayer Wheel"],"acts_visited":["Exordium","TheCity","TheBeyond"],"potions_floor_usage":[47,48],"damage_taken":[{"damage":1.0,"enemies":"2 Louse","floor":1.0,"turns":3.0},{"damage":0.0,"enemies":"Cultist","floor":2.0,"turns":4.0},{"damage":0.0,"enemies":"Small Slimes","floor":3.0,"turns":2.0},{"damage":6.0,"enemies":"2 Fungi Beasts","floor":5.0,"turns":4.0},{"damage":14.0,"enemies":"Exordium Thugs","floor":7.0,"turns":6.0},{"damage":5.0,"enemies":"Lagavulin","floor":8.0,"turns":8.0},{"damage":9.0,"enemies":"3 Sentries","floor":12.0,"turns":8.0},{"damage":4.0,"enemies":"Exordium Wildlife","floor":14.0,"turns":2.0},{"damage":15.0,"enemies":"Hexaghost","floor":16.0,"turns":9.0},{"damage":2.0,"enemies":"Chosen","floor":18.0,"turns":4.0},{"damage":11.0,"enemies":"2 Thieves","floor":21.0,"turns":2.0},{"damage":25.0,"enemies":"Gremlin Leader","floor":23.0,"turns":5.0},{"damage":5.0,"enemies":"Chosen and Byrds","floor":29.0,"turns":3.0},{"damage":13.0,"enemies":"Book of Stabbing","floor":30.0,"turns":7.0},{"damage":0.0,"enemies":"Sentry and Sphere","floor":31.0,"turns":3.0},{"damage":2.0,"enemies":"Collector","floor":33.0,"turns":5.0},{"damage":13.0,"enemies":"3 Darklings","floor":35.0,"turns":3.0},{"damage":3.0,"enemies":"Orb Walker","floor":38.0,"turns":3.0},{"damage":12.0,"enemies":"Nemesis","floor":40.0,"turns":9.0},{"damage":43.0,"enemies":"Jaw Worm Horde","floor":42.0,"turns":3.0},{"damage":6,"enemies":"4 Shapes","floor":45,"turns":1},{"damage":0,"enemies":"Reptomancer","floor":46,"turns":1},{"damage":27,"enemies":"Transient","floor":47,"turns":5},{"damage":11,"enemies":"Spire Growth","floor":48,"turns":6},{"damage":46,"enemies":"Awakened One","floor":50,"turns":5}],"seed_played":"3073543001096422572","potions_obtained":[{"floor":1.0,"key":"Fire Potion"},{"floor":8.0,"key":"RedTea"},{"floor":12.0,"key":"RedTea"},{"floor":16.0,"key":"DuplicationPotion"},{"floor":21.0,"key":"Swift Potion"},{"floor":35.0,"key":"Fire Potion"},{"floor":42.0,"key":"Regen Potion"},{"floor":48,"key":"Fire Potion"}],"is_trial":false,"path_per_floor":["M","M","M","$","M","R","M","E","T","?","R","E","$","M","R","B",null,"M","$","T","M","?","E","R","?","T","R","T","M","E","M","R","B",null,"M","?","?","M","?","E","$","M","T","R","M","E","M","M","R","B",null],"character_chosen":"RemiriaScarlet","items_purchased":["BloodySuit","PartStrengthen","Exsanguinate","DoubleEdge","ThirstForBlood","BloodSurge","RedtheNightlessCastle","DemonsDinnerFork_Remiria"],"campfire_rested":0,"item_purchase_floors":[4,4,4,13,13,19,41,41],"current_hp_per_floor":[109,109,109,109,103,103,93,88,88,88,88,80,80,78,78,67,113,112,112,112,115,115,99,114,114,114,116,116,113,104,105,119,120,120,111,111,101,101,101,105,105,63,63,87,82,92,81,96,123,109],"gold":76,"neow_bonus":"TEN_PERCENT_HP_BONUS","is_daily":false,"chose_seed":false,"campfire_upgraded":8,"win_rate":0.0,"timestamp":1611422436,"path_taken":["M","M","M","$","M","R","M","E","T","?","R","E","?","?","R","BOSS","M","$","?","?","?","E","R","?","T","R","?","M","E","M","R","BOSS","M","?","?","M","?","E","$","M","T","R","M","E","M","M","R","BOSS"],"items_purchased_type":["Card","Card","Card","Card","Card","Card","Card","Card"],"build_version":"2020-12-22","purchased_purges":0,"victory":true,"max_hp_per_floor":[110,110,110,110,110,110,110,110,110,110,110,111,111,112,112,113,113,114,114,114,115,115,116,116,116,116,116,116,117,118,119,119,120,120,121,121,121,122,122,123,123,124,124,124,125,126,127,128,128,129],"card_choices":[{"not_picked":["TrickFate","VampireKiss_Remiria"],"picked":"StigmaNizer","floor":1.0},{"not_picked":["FastHealing","BodyStrengthen"],"picked":"Paradox","floor":2.0},{"not_picked":["DamonLordCradle_Remiria","RocketKickup"],"picked":"BloodySuit","floor":3.0},{"not_picked":["Warpath","PainBurst"],"picked":"ThePrice","floor":5.0},{"not_picked":["BloodCollect","FastHealing"],"picked":"Cripple","floor":7.0},{"not_picked":["ThePrice","DamonLordCradle_Remiria"],"picked":"BloodCollect","floor":8.0},{"not_picked":["Feint","BodyStrengthen"],"picked":"RocketKickup","floor":12.0},{"not_picked":["Exsanguinate","ThePrice"],"picked":"StigmaNizer","floor":14.0},{"not_picked":["RedtheNightlessCastle","BadLadyScramble"],"picked":"RedMagic","floor":16.0},{"not_picked":["NightDance+1","Warpath"],"picked":"ServantFlier+1","floor":18.0},{"not_picked":["BloodCleaner","DamonLordCradle_Remiria"],"picked":"Cripple","floor":21.0},{"not_picked":["FierceSweep","ScarletNetherworld"],"picked":"RemiliaStalker","floor":23.0},{"not_picked":["Cripple","FateMeister"],"picked":"FastHealing","floor":29.0},{"not_picked":["FierceSweep","FateMeister+1"],"picked":"CruelSlaughter+1","floor":30.0},{"not_picked":["Offensive+1","VampireClaw"],"picked":"FierceSweep+1","floor":31.0},{"not_picked":["ScarletDestiny","Septette"],"picked":"StarOfDavid","floor":33.0},{"not_picked":["CombatMeter","PainBurst"],"picked":"NaturallyHealing+1","floor":35.0},{"not_picked":["Swift Strike","Forethought"],"picked":"Madness","floor":37.0},{"not_picked":["Enlightenment","Dark Shackles"],"picked":"Secret Weapon","floor":37.0},{"not_picked":["Flash of Steel","Discovery"],"picked":"Good Instincts","floor":37.0},{"not_picked":["StigmaNizer","TricksterDevil"],"picked":"BloodyMagicSquare+1","floor":38.0},{"not_picked":["Impregnable","Paradox"],"picked":"FateSonata","floor":40.0},{"not_picked":["ServantFlier","BodyStrengthen+1"],"picked":"Culling+1","floor":42.0},{"not_picked":["CombatMeter+1","ChainGang"],"picked":"LifeBreak+1","floor":45},{"not_picked":["DemonsDinnerFork_Remiria+1","StarOfDavid"],"picked":"NaturallyHealing","floor":46},{"not_picked":["Cripple","FastHealing+1"],"picked":"FierceSweep+1","floor":47},{"not_picked":["ServantFlier","Feint+1"],"picked":"DamonLordCradle_Remiria","floor":47},{"not_picked":["FateMeister+1","Cripple+1"],"picked":"BloodCleaner+1","floor":48},{"not_picked":["BloodySuit+1","ServantFlier+1"],"picked":"BloodCollect","floor":48}],"player_experience":112254,"relics_obtained":[{"floor":8.0,"key":"Gremlin Horn"},{"floor":9.0,"key":"Tiny Chest"},{"floor":12.0,"key":"Smiling Mask"},{"floor":20.0,"key":"Eternal Feather"},{"floor":23.0,"key":"Mercury Hourglass"},{"floor":26.0,"key":"GodSword1"},{"floor":28.0,"key":"Happy Flower"},{"floor":30.0,"key":"Unceasing Top"},{"floor":40.0,"key":"GodSword3"},{"floor":43.0,"key":"CaptainsWheel"},{"floor":46,"key":"Prayer Wheel"}],"event_choices":[{"damage_healed":0.0,"max_hp_gain":0.0,"max_hp_loss":0.0,"gold_gain":0.0,"event_name":"FaceTrader","player_choice":"Trade","floor":10.0,"gold_loss":0.0,"damage_taken":0.0,"relics_obtained":["FaceOfCleric"]},{"damage_healed":0.0,"max_hp_gain":0.0,"max_hp_loss":0.0,"gold_gain":0.0,"event_name":"Masked Bandits","player_choice":"Paid Fearfully","floor":25.0,"gold_loss":35.0,"damage_taken":0.0},{"cards_removed":["FierceSweep"],"damage_healed":0.0,"max_hp_gain":0.0,"max_hp_loss":0.0,"gold_gain":0.0,"event_name":"Falling","player_choice":"Removed Attack","floor":36.0,"gold_loss":0.0,"damage_taken":0.0},{"damage_healed":0.0,"max_hp_gain":0.0,"max_hp_loss":0.0,"gold_gain":0.0,"event_name":"SensoryStone","player_choice":"Memory 3","floor":37.0,"gold_loss":0.0,"damage_taken":10.0}],"is_beta":false,"boss_relics":[{"not_picked":["energizedSpire:HugeHouse","energizedSpire:RedRose"],"picked":"RedLine:ReiMu"},{"not_picked":["Tiny House","energizedSpire:EnergizedDie"],"picked":"SlaversCollar"}],"items_purged_floors":[],"is_endless":false,"potions_floor_spawned":[1,8,12,16,21,31,35,42,48],"ascension_level":0}}