{"host":"hry4lcefviisd2vw","time":1611391851,"event":{"mods":["BaseMod","Highlight Path","Hubris","Jorbs\u0027s Wanderer Trilogy","Minty Spire (QoL Compilation)","Permanent Neow","Replay The Spire","Shop Mod","StSLib","The Cursed","The Servant 0.9.4"],"gold_per_floor":[115,134,134,151,163,163,191,191,191,211,211,237,237,237,237],"floor_reached":14,"language":"ENG","playtime":1635,"items_purged":[],"score":155,"play_id":"40ec8396-d8bb-4b42-a8ef-9f73c66516ed","local_time":"20210123005051","is_ascension_mode":true,"campfire_choices":[{"data":"Zap","floor":6,"key":"SMITH"},{"data":"Dualcast","floor":8,"key":"SMITH"},{"data":"Static Discharge","floor":11,"key":"SMITH"}],"circlet_count":0,"master_deck":["AscendersBane","Strike_B","Strike_B","Strike_B","Strike_B","Defend_B","Defend_B","Defend_B","Defend_B","Zap+1","Dualcast+1","Static Discharge+1","FIFO Queue","White Noise+1","Doom and Gloom","Stack","Ball Lightning"],"relics":["hubris:GrandSneckoEye","ReplayTheSpireMod:Ninjato","White Beast Statue","HornCleat"],"acts_visited":["Exordium"],"potions_floor_usage":[7,10,12,12],"damage_taken":[{"damage":3,"enemies":"2 Louse","floor":1,"turns":2},{"damage":0,"enemies":"Small Slimes","floor":2,"turns":3},{"damage":1,"enemies":"Cultist","floor":4,"turns":3},{"damage":1,"enemies":"Exordium Wildlife","floor":5,"turns":3},{"damage":12,"enemies":"Lagavulin","floor":7,"turns":7},{"damage":0,"enemies":"Looter","floor":10,"turns":2},{"damage":49,"enemies":"Gremlin Nob","floor":12,"turns":4},{"damage":10,"enemies":"Lagavulin","floor":14,"turns":5}],"seed_played":"2331826942492610755","potions_obtained":[{"floor":1,"key":"Explosive Potion"},{"floor":2,"key":"FocusPotion"},{"floor":4,"key":"PowerPotion"},{"floor":7,"key":"SteroidPotion"},{"floor":10,"key":"Strength Potion"},{"floor":12,"key":"Elixir"}],"is_trial":false,"path_per_floor":["M","M","$","M","M","R","E","R","T","M","R","E","?","E"],"character_chosen":"DEFECT","items_purchased":[],"campfire_rested":0,"item_purchase_floors":[],"current_hp_per_floor":[65,65,65,64,63,63,51,51,51,51,51,2,2,0,0],"gold":237,"neow_bonus":"BOSS_RELIC","is_daily":false,"chose_seed":false,"campfire_upgraded":3,"win_rate":0.0,"timestamp":1611391851,"path_taken":["M","M","$","M","M","R","E","R","T","M","R","E","?","E"],"items_purchased_type":[],"build_version":"2020-12-22","purchased_purges":0,"victory":false,"max_hp_per_floor":[75,75,75,75,75,75,75,75,75,75,75,75,75,75,75],"card_choices":[{"not_picked":["Force Field","Compile Driver"],"picked":"Static Discharge","floor":1},{"not_picked":["Rebound","Conserve Battery","Redo"],"picked":"SKIP","floor":2},{"not_picked":["Cold Snap","Steam"],"picked":"FIFO Queue","floor":4},{"not_picked":["Rebound","Leap"],"picked":"White Noise","floor":5},{"not_picked":["Turbo","Panic Button"],"picked":"Doom and Gloom","floor":7},{"not_picked":["Conserve Battery","Biased Cognition"],"picked":"Stack","floor":10},{"not_picked":["Streamline","Rebound"],"picked":"Ball Lightning","floor":12}],"player_experience":444462,"relics_obtained":[{"floor":7,"key":"ReplayTheSpireMod:Ninjato"},{"floor":9,"key":"White Beast Statue"},{"floor":12,"key":"HornCleat"}],"event_choices":[{"damage_healed":0,"gold_gain":0,"player_choice":"Grow","damage_taken":0,"max_hp_gain":0,"max_hp_loss":0,"event_name":"Living Wall","floor":13,"gold_loss":0,"cards_upgraded":["White Noise"]}],"is_beta":false,"boss_relics":[],"items_purged_floors":[],"is_endless":false,"potions_floor_spawned":[1,2,4,7,10,12],"killed_by":"Lagavulin","ascension_level":11}}