{"host":"9v3x998ddbx8o276","time":1611378672,"event":{"mods":["AchievementEnabler","BaseMod","Colored Map","Colored Powertips","Highlight Path","Minty Spire (QoL Compilation)","Quick Restart","Rare Cards Sparkle"],"gold_per_floor":[117,117,132,9,26,26,38,38,112,124,134,168,168,194,194,297,297,312,338,43,53,79,79,79,114,114,39,39,55,55,71,71,171,171,188,168,183,183,235,235,60,60,60,72,72,85,85,110,110,110],"floor_reached":51,"language":"ENG","playtime":2339,"items_purged":["Regret"],"score":1050,"play_id":"84900e22-06cb-4771-8293-20d44705ed76","local_time":"20210123154112","is_ascension_mode":true,"campfire_choices":[{"data":"Bash","floor":6.0,"key":"SMITH"},{"floor":13.0,"key":"REST"},{"floor":15.0,"key":"REST"},{"floor":23.0,"key":"REST"},{"floor":28.0,"key":"REST"},{"data":"Feed","floor":30.0,"key":"SMITH"},{"data":"Armaments","floor":32.0,"key":"SMITH"},{"floor":40.0,"key":"REST"},{"data":"Fire Breathing","floor":45.0,"key":"SMITH"},{"floor":47.0,"key":"REST"},{"data":"Feel No Pain","floor":49.0,"key":"SMITH"}],"circlet_count":0,"master_deck":["Bash+1","Wild Strike","Inflame","Sword Boomerang","Feel No Pain+1","Anger","Battle Trance","Anger","Clothesline","Dual Wield","Havoc","Feed+1","Double Tap","Wild Strike","Shockwave","Fiend Fire","Bloodletting","Reckless Charge","Flame Barrier","Armaments+1","Body Slam+1","Warcry","Intimidate+1","Power Through+1","Demon Form","Corruption","Fire Breathing+1","Second Wind","Armaments+1","Seeing Red","Sever Soul+1","Berserk"],"relics":["Burning Blood","Bag of Preparation","Dream Catcher","Kunai","Incense Burner","Bottled Tornado","Pandora\u0027s Box","Red Mask","Charon\u0027s Ashes","Potion Belt","Paper Frog","White Beast Statue","Snecko Eye","Bird Faced Urn","Champion Belt","Vajra"],"acts_visited":["Exordium","TheCity","TheBeyond"],"potions_floor_usage":[50,50,50,50,50],"damage_taken":[{"damage":0.0,"enemies":"Small Slimes","floor":1.0,"turns":3.0},{"damage":5.0,"enemies":"Jaw Worm","floor":3.0,"turns":3.0},{"damage":6.0,"enemies":"2 Louse","floor":5.0,"turns":2.0},{"damage":11.0,"enemies":"Blue Slaver","floor":7.0,"turns":3.0},{"damage":13.0,"enemies":"Red Slaver","floor":10.0,"turns":3.0},{"damage":21.0,"enemies":"3 Louse","floor":11.0,"turns":3.0},{"damage":15.0,"enemies":"3 Sentries","floor":12.0,"turns":9.0},{"damage":24.0,"enemies":"Gremlin Nob","floor":14.0,"turns":4.0},{"damage":26.0,"enemies":"Slime Boss","floor":16.0,"turns":11.0},{"damage":24.0,"enemies":"2 Thieves","floor":18.0,"turns":5.0},{"damage":24.0,"enemies":"Masked Bandits","floor":19.0,"turns":5.0},{"damage":3.0,"enemies":"Chosen","floor":21.0,"turns":4.0},{"damage":30.0,"enemies":"Slavers","floor":25.0,"turns":8.0},{"damage":7.0,"enemies":"3 Cultists","floor":29.0,"turns":4.0},{"damage":3.0,"enemies":"Centurion and Healer","floor":31.0,"turns":4.0},{"damage":79.0,"enemies":"Champ","floor":33.0,"turns":11.0},{"damage":22.0,"enemies":"Orb Walker","floor":35.0,"turns":3.0},{"damage":1.0,"enemies":"3 Shapes","floor":37.0,"turns":3.0},{"damage":3.0,"enemies":"Transient","floor":38.0,"turns":3.0},{"damage":20.0,"enemies":"2 Orb Walkers","floor":39.0,"turns":4.0},{"damage":19.0,"enemies":"Sphere and 2 Shapes","floor":44.0,"turns":4.0},{"damage":19.0,"enemies":"3 Darklings","floor":46.0,"turns":3.0},{"damage":23.0,"enemies":"Giant Head","floor":48.0,"turns":9.0},{"damage":40,"enemies":"Donu and Deca","floor":50,"turns":6}],"seed_played":"3539364246158161951","potions_obtained":[{"floor":7.0,"key":"SteroidPotion"},{"floor":11.0,"key":"Fruit Juice"},{"floor":12.0,"key":"Block Potion"},{"floor":18.0,"key":"GamblersBrew"},{"floor":29.0,"key":"ColorlessPotion"},{"floor":31.0,"key":"DistilledChaos"},{"floor":33.0,"key":"SmokeBomb"},{"floor":35.0,"key":"Dexterity Potion"},{"floor":36.0,"key":"AttackPotion"},{"floor":39.0,"key":"SneckoOil"},{"floor":44.0,"key":"Fire Potion"},{"floor":48.0,"key":"Fire Potion"}],"is_trial":false,"path_per_floor":["M","?","M","$","M","R","M","?","T","M","M","E","R","E","R","B",null,"M","?","$","M","T","R","?","E","T","?","R","M","R","M","R","B",null,"M","?","M","M","?","R","$","?","T","M","R","M","R","E","R","B",null],"character_chosen":"IRONCLAD","items_purchased":["Perfected Strike","Charon\u0027s Ashes","CultistPotion","Seeing Red"],"campfire_rested":6,"item_purchase_floors":[4,20,41,41],"current_hp_per_floor":[78,78,79,79,79,79,74,67,67,60,45,36,60,42,66,46,72,54,39,39,42,42,66,66,46,46,46,72,74,74,81,81,8,73,57,57,66,69,59,89,89,89,89,88,88,83,110,101,101,84],"gold":110,"neow_bonus":"RANDOM_COMMON_RELIC","is_daily":false,"chose_seed":false,"campfire_upgraded":5,"win_rate":0.0,"timestamp":1611378672,"path_taken":["M","?","M","$","M","R","M","?","T","M","M","E","R","E","R","BOSS","M","?","$","M","?","R","?","E","T","?","R","M","R","?","R","BOSS","M","?","?","M","?","R","$","?","T","M","R","M","R","E","R","BOSS"],"items_purchased_type":["Card","Relic","Potion","Card"],"build_version":"2020-12-22","purchased_purges":1,"victory":true,"max_hp_per_floor":[80,80,80,80,80,80,80,80,80,80,80,80,80,80,80,80,80,80,83,83,83,83,83,83,87,87,87,87,90,90,94,94,94,94,94,94,98,98,102,102,102,102,102,106,106,110,110,114,114,119],"card_choices":[{"not_picked":["Burning Pact","Clash"],"picked":"Wild Strike","floor":1.0},{"not_picked":["Pommel Strike","Burning Pact"],"picked":"Inflame","floor":3.0},{"not_picked":["Havoc","Warcry"],"picked":"Sword Boomerang","floor":5.0},{"not_picked":["Havoc","Pommel Strike"],"picked":"Feel No Pain","floor":7.0},{"not_picked":["Clash","Heavy Blade"],"picked":"Anger","floor":10.0},{"not_picked":["Twin Strike","Intimidate"],"picked":"Battle Trance","floor":11.0},{"not_picked":["Metallicize","Thunderclap"],"picked":"Anger","floor":12.0},{"not_picked":["Anger","Twin Strike"],"picked":"Clothesline","floor":13.0},{"not_picked":["Uppercut","Perfected Strike"],"picked":"Dual Wield","floor":14.0},{"not_picked":["Uppercut","Perfected Strike"],"picked":"Havoc","floor":15.0},{"not_picked":["Double Tap","Impervious"],"picked":"Feed","floor":16.0},{"not_picked":["Flex","Burning Pact","Headbutt+1"],"picked":"SKIP","floor":18.0},{"not_picked":["Rupture","Flex"],"picked":"Armaments","floor":19.0},{"not_picked":["Metallicize+1","Thunderclap"],"picked":"Body Slam+1","floor":21.0},{"not_picked":["Heavy Blade","Infernal Blade"],"picked":"Warcry","floor":25.0},{"not_picked":["Heavy Blade","Havoc"],"picked":"Intimidate+1","floor":28.0},{"not_picked":["Dark Embrace","True Grit"],"picked":"Power Through+1","floor":29.0},{"not_picked":["Body Slam","Evolve"],"picked":"Demon Form","floor":31.0},{"not_picked":["Immolate","Brutality"],"picked":"Corruption","floor":33.0},{"not_picked":["Inflame","Wild Strike","Thunderclap+1"],"picked":"SKIP","floor":35.0},{"not_picked":["Clash","Armaments+1"],"picked":"Fire Breathing","floor":37.0},{"not_picked":["Hemokinesis","Shrug It Off"],"picked":"Second Wind","floor":39.0},{"not_picked":["Intimidate","Anger"],"picked":"Armaments+1","floor":40.0},{"not_picked":["Armaments","Whirlwind"],"picked":"Sever Soul+1","floor":44.0},{"not_picked":["Whirlwind","Wild Strike","Uppercut"],"picked":"SKIP","floor":46.0},{"not_picked":["Iron Wave","Clash+1"],"picked":"Berserk","floor":48.0}],"player_experience":1684881,"relics_obtained":[{"floor":9.0,"key":"Kunai"},{"floor":12.0,"key":"Incense Burner"},{"floor":14.0,"key":"Bottled Tornado"},{"floor":19.0,"key":"Red Mask"},{"floor":22.0,"key":"Potion Belt"},{"floor":25.0,"key":"Paper Frog"},{"floor":26.0,"key":"White Beast Statue"},{"floor":39.0,"key":"Bird Faced Urn"},{"floor":43.0,"key":"Champion Belt"},{"floor":48.0,"key":"Vajra"}],"event_choices":[{"damage_healed":0.0,"max_hp_gain":0.0,"max_hp_loss":0.0,"gold_gain":0.0,"event_name":"Big Fish","player_choice":"Box","floor":2.0,"gold_loss":0.0,"damage_taken":0.0,"relics_obtained":["Dream Catcher"],"cards_obtained":["Regret"]},{"cards_removed":["Strike_R"],"damage_healed":0.0,"max_hp_gain":0.0,"max_hp_loss":0.0,"gold_gain":0.0,"event_name":"Golden Wing","player_choice":"Card Removal","floor":8.0,"gold_loss":0.0,"damage_taken":7.0},{"damage_healed":0.0,"max_hp_gain":0.0,"max_hp_loss":0.0,"gold_gain":0.0,"event_name":"Masked Bandits","player_choice":"Fought Bandits","floor":19.0,"gold_loss":0.0,"damage_taken":0.0},{"damage_healed":0.0,"max_hp_gain":0.0,"max_hp_loss":0.0,"gold_gain":0.0,"event_name":"Ghosts","player_choice":"Ignored","floor":24.0,"gold_loss":0.0,"damage_taken":0.0},{"cards_removed":["Perfected Strike"],"damage_healed":0.0,"max_hp_gain":0.0,"max_hp_loss":0.0,"gold_gain":0.0,"event_name":"Beggar","player_choice":"Gave Gold","floor":27.0,"gold_loss":75.0,"damage_taken":0.0},{"damage_healed":0.0,"max_hp_gain":0.0,"max_hp_loss":0.0,"gold_gain":0.0,"event_name":"The Woman in Blue","player_choice":"Bought 1 Potion","floor":36.0,"gold_loss":0.0,"damage_taken":0.0},{"damage_healed":0.0,"max_hp_gain":0.0,"max_hp_loss":0.0,"gold_gain":0.0,"event_name":"Mysterious Sphere","player_choice":"Fight","floor":39.0,"gold_loss":0.0,"damage_taken":0.0},{"cards_removed":["Disarm"],"damage_healed":0.0,"max_hp_gain":0.0,"max_hp_loss":0.0,"gold_gain":0.0,"event_name":"Falling","player_choice":"Removed Skill","floor":42.0,"gold_loss":0.0,"damage_taken":0.0}],"is_beta":false,"boss_relics":[{"not_picked":["Runic Dome","Ectoplasm"],"picked":"Pandora\u0027s Box"},{"not_picked":["Black Blood","Runic Pyramid"],"picked":"Snecko Eye"}],"items_purged_floors":[4],"is_endless":false,"potions_floor_spawned":[7,11,12,18,29,31,33,35,37,38,39,44,46,48],"ascension_level":9}}