{"host":"74uvi6kym3vf3uk6","time":1611382512,"event":{"mods":["AchievementEnabler","BaseMod","Better Altar","Better Match","Better Note","Better Sensory Stone","Better Skull","Better Third Choice","CatGirl Mod","Colored Map","Colored Powertips","Custom Start","Dark Map","Highlight Path","Minty Spire (QoL Compilation)","Permanent Neow","Rare Cards Sparkle","Shop Mod","StSLib","The Elementalist","The Exalted","The Runesmith","The Servant 0.9.4"],"gold_per_floor":[117,127,127,144,161,161,189,205,230,230,248,248,133,146,146,146,146],"floor_reached":16,"language":"ENG","playtime":2338,"items_purged":[],"score":104,"play_id":"1302a088-ce36-4a78-8d9f-10e63ac1b8dd","local_time":"20210123001512","is_ascension_mode":false,"campfire_choices":[{"data":"theCatGirl:PoisedStrike","floor":6,"key":"SMITH"},{"floor":10,"key":"REST"},{"floor":12,"key":"REST"},{"floor":15,"key":"REST"}],"circlet_count":0,"master_deck":["theCatGirl:Strike","theCatGirl:Strike","theCatGirl:Strike","theCatGirl:Defend","theCatGirl:Defend","theCatGirl:Defend","theCatGirl:Defend","theCatGirl:ClawStrike","theCatGirl:Evasion","theCatGirl:PoisedStrike+1","theCatGirl:TryingMyBest","theCatGirl:Meow","theCatGirl:ClawScratch","theCatGirl:ElegantStrike","theCatGirl:ShockedWitness","theCatGirl:HungerClaw","theCatGirl:RageClaws","theCatGirl:SearchBackpack","theCatGirl:RunningWithDaggers","theCatGirl:DefensiveStance"],"relics":["theCatGirl:TrainedRelic","Dream Catcher","Ornamental Fan","PreservedInsect","MerchantsRug"],"acts_visited":["Exordium"],"potions_floor_usage":[7],"damage_taken":[{"damage":5,"enemies":"Small Slimes","floor":1,"turns":5},{"damage":1,"enemies":"Cultist","floor":2,"turns":4},{"damage":0,"enemies":"Jaw Worm","floor":4,"turns":4},{"damage":0,"enemies":"Blue Slaver","floor":5,"turns":4},{"damage":30,"enemies":"Gremlin Nob","floor":7,"turns":6},{"damage":9,"enemies":"2 Fungi Beasts","floor":8,"turns":4},{"damage":0,"enemies":"Exordium Wildlife","floor":11,"turns":3},{"damage":19,"enemies":"Gremlin Gang","floor":14,"turns":6},{"damage":79,"enemies":"The Guardian","floor":16,"turns":18}],"seed_played":"-4584689336598575679","potions_obtained":[{"floor":2,"key":"BlessingOfTheForge"},{"floor":7,"key":"DuplicationPotion"},{"floor":8,"key":"ColorlessPotion"}],"is_trial":false,"path_per_floor":["M","M","?","M","M","R","E","M","T","R","M","R","$","M","R","B"],"character_chosen":"THE_CATGIRL","items_purchased":["MerchantsRug"],"campfire_rested":3,"item_purchase_floors":[13],"current_hp_per_floor":[65,64,64,64,64,64,34,25,25,46,49,70,70,54,76,0,0],"gold":146,"neow_bonus":"RANDOM_COMMON_RELIC","is_daily":false,"chose_seed":false,"campfire_upgraded":1,"win_rate":0.0,"timestamp":1611382512,"path_taken":["M","M","?","M","M","R","E","M","T","R","?","R","$","M","R","BOSS"],"items_purchased_type":["Relic"],"build_version":"2020-12-22","purchased_purges":0,"victory":false,"max_hp_per_floor":[70,70,70,70,70,70,70,70,70,70,73,73,73,76,76,76,76],"card_choices":[{"not_picked":["theCatGirl:Growl","theCatGirl:BloodBath"],"picked":"theCatGirl:PoisedStrike","floor":1},{"not_picked":["theCatGirl:ShockedWitness","theCatGirl:RecoveryBlow"],"picked":"theCatGirl:TryingMyBest","floor":2},{"not_picked":["theCatGirl:SearchBackpack","theCatGirl:ComboAttack"],"picked":"theCatGirl:Meow","floor":4},{"not_picked":["theCatGirl:ScratchFlurry","theCatGirl:AllIn"],"picked":"theCatGirl:ClawScratch","floor":5},{"not_picked":["theCatGirl:RunningWithDaggers","theCatGirl:ComboAttack"],"picked":"theCatGirl:ElegantStrike","floor":7},{"not_picked":["theCatGirl:BloodBath","theCatGirl:ScratchFlurry"],"picked":"theCatGirl:ShockedWitness","floor":8},{"not_picked":["theCatGirl:FocusedStrike","theCatGirl:Growl"],"picked":"theCatGirl:HungerClaw","floor":10},{"not_picked":["theCatGirl:UnrelentingAssault","theCatGirl:TryingMyBest"],"picked":"theCatGirl:RageClaws","floor":11},{"not_picked":["theCatGirl:AccidentalSlap","theCatGirl:Meow"],"picked":"theCatGirl:SearchBackpack","floor":12},{"not_picked":["theCatGirl:AllIn","theCatGirl:FumblingBlow"],"picked":"theCatGirl:RunningWithDaggers","floor":14},{"not_picked":["theCatGirl:Growl","theCatGirl:AccidentalSlap"],"picked":"theCatGirl:DefensiveStance","floor":15}],"player_experience":171365,"relics_obtained":[{"floor":7,"key":"Ornamental Fan"},{"floor":9,"key":"PreservedInsect"}],"event_choices":[{"cards_removed":["theCatGirl:Strike"],"damage_healed":0,"gold_gain":0,"player_choice":"Purged","damage_taken":0,"max_hp_gain":0,"max_hp_loss":0,"event_name":"Purifier","floor":3,"gold_loss":0}],"is_beta":false,"boss_relics":[],"items_purged_floors":[],"is_endless":false,"potions_floor_spawned":[2,7,8],"killed_by":"The Guardian","ascension_level":0}}