{"host":"7vyuhf36gh5rmcz2","time":1611429223,"event":{"mods":["AchievementEnabler","BaseMod","Highlight Path","Minty Spire (QoL Compilation)","StSLib"],"gold_per_floor":[115,190,7,27,27,27,46,46,69,69,69,86,117,133,133,234,234,253,253,253,178,178,178,204,204,204,303,35,35,55,73,73,169,169,186,186,108,158,2,37,37,71,71,20,20,20,0,14,14,14,14,14,14,14,14],"floor_reached":54,"language":"ENG","playtime":4198,"items_purged":["Strike_B","Strike_B"],"score":1158,"play_id":"fa4bd1a5-c14d-41d1-837f-21418fa7ab83","local_time":"20210123191343","is_ascension_mode":true,"campfire_choices":[{"data":"Creative AI","floor":6,"key":"SMITH"},{"data":"Heatsinks","floor":8,"key":"SMITH"},{"data":"Dualcast","floor":10,"key":"SMITH"},{"data":"Recycle","floor":15,"key":"SMITH"},{"data":"Amplify","floor":23,"key":"SMITH"},{"floor":25,"key":"REST"},{"data":"Panache","floor":32,"key":"SMITH"},{"floor":46,"key":"RECALL"},{"floor":49,"key":"REST"},{"floor":52,"key":"REST"}],"circlet_count":0,"master_deck":["AscendersBane","Defend_B","Defend_B","Defend_B","Defend_B","Zap","Dualcast+1","Creative AI+1","Leap","Heatsinks+1","Glacier","Steam","Defragment+1","Recycle+1","Streamline","Force Field","Steam Power","Amplify+1","White Noise+1","Shame","Leap+1","Panache+1","Streamline+1","Core Surge","Fission"],"relics":["FrozenCore","Tiny Chest","Blood Vial","Anchor","Enchiridion","Juzu Bracelet","Mercury Hourglass","Fusion Hammer","Bottled Lightning","WingedGreaves","Bronze Scales","Oddly Smooth Stone","Prayer Wheel","MealTicket","Nunchaku","Red Mask"],"acts_visited":["Exordium","TheCity","TheBeyond","TheEnding"],"potions_floor_usage":[13,16,24,33,40,42,50,50,50],"damage_taken":[{"damage":6,"enemies":"Jaw Worm","floor":1,"turns":5},{"damage":1,"enemies":"Cultist","floor":4,"turns":6},{"damage":4,"enemies":"2 Louse","floor":7,"turns":3},{"damage":5,"enemies":"Gremlin Gang","floor":12,"turns":10},{"damage":5,"enemies":"3 Sentries","floor":13,"turns":8},{"damage":5,"enemies":"Exordium Wildlife","floor":14,"turns":11},{"damage":3,"enemies":"The Guardian","floor":16,"turns":11},{"damage":6,"enemies":"Spheric Guardian","floor":18,"turns":8},{"damage":5,"enemies":"2 Thieves","floor":21,"turns":5},{"damage":21,"enemies":"Slavers","floor":24,"turns":8},{"damage":0,"enemies":"Cultist and Chosen","floor":30,"turns":10},{"damage":0,"enemies":"Centurion and Healer","floor":31,"turns":6},{"damage":0,"enemies":"Champ","floor":33,"turns":11},{"damage":0,"enemies":"Orb Walker","floor":35,"turns":3},{"damage":0,"enemies":"Mind Bloom Boss Battle","floor":38,"turns":5},{"damage":0,"enemies":"Nemesis","floor":40,"turns":7},{"damage":12,"enemies":"Giant Head","floor":42,"turns":9},{"damage":0,"enemies":"3 Shapes","floor":48,"turns":2},{"damage":64,"enemies":"Awakened One","floor":50,"turns":14},{"damage":73,"enemies":"Shield and Spear","floor":54,"turns":6}],"seed_played":"4745182682535582839","potions_obtained":[{"floor":1,"key":"Swift Potion"},{"floor":14,"key":"BlessingOfTheForge"},{"floor":16,"key":"LiquidBronze"},{"floor":30,"key":"Ancient Potion"},{"floor":31,"key":"LiquidMemories"},{"floor":40,"key":"DistilledChaos"},{"floor":48,"key":"Regen Potion"}],"is_trial":false,"path_per_floor":["M","?","$","M","?","R","M","R","T","R","?","M","E","M","R","B",null,"M","?","T","M","?","R","E","R","T","?","$","$","M","M","R","B",null,"M","T","$","?","$","E","?","E","T","$","T","R","?","M","R","B",null,"R","$","E"],"character_chosen":"DEFECT","items_purchased":["Heatsinks","Glacier","Panache","DistilledChaos","Bronze Scales","Fire Potion"],"campfire_rested":3,"item_purchase_floors":[3,3,28,37,39,44],"current_hp_per_floor":[62,56,56,55,55,55,51,51,51,51,51,46,41,38,38,37,60,56,56,56,53,37,37,18,38,38,38,38,38,40,42,42,44,62,64,64,64,66,66,68,68,56,56,68,68,68,68,68,68,19,56,68,68,0,0],"gold":14,"neow_bonus":"THREE_RARE_CARDS","is_daily":false,"chose_seed":false,"campfire_upgraded":6,"win_rate":0.0,"timestamp":1611429223,"path_taken":["M","?","$","?","?","R","?","R","T","R","?","?","E","M","R","BOSS","M","?","?","M","?","R","E","R","T","?","?","$","M","M","R","BOSS","M","?","$","?","$","E","?","E","T","?","?","R","?","M","R","BOSS","R","$","E"],"items_purchased_type":["Card","Card","Card","Potion","Relic","Potion"],"build_version":"2020-12-22","purchased_purges":2,"victory":false,"max_hp_per_floor":[68,68,68,68,68,68,68,68,68,68,68,68,68,68,68,68,68,68,68,68,68,68,68,68,68,68,68,68,68,68,68,68,68,68,68,68,68,68,68,68,68,68,68,68,68,68,68,68,68,68,68,68,68,68,68],"card_choices":[{"not_picked":["Rainbow","Hyperbeam"],"picked":"Creative AI","floor":0},{"not_picked":["Capacitor","White Noise"],"picked":"Leap","floor":1},{"not_picked":["Cold Snap","Barrage"],"picked":"Steam","floor":4},{"not_picked":["Steam","Barrage"],"picked":"Recycle","floor":7},{"not_picked":["Rebound","Stack"],"picked":"Streamline","floor":12},{"not_picked":["Self Repair","Scrape"],"picked":"Force Field","floor":13},{"not_picked":["Beam Cell","Consume"],"picked":"Steam Power","floor":14},{"not_picked":["Meteor Strike","Electrodynamics"],"picked":"Amplify","floor":16},{"not_picked":["Redo","Cold Snap"],"picked":"White Noise+1","floor":18},{"not_picked":["Hologram","Sweeping Beam"],"picked":"Leap+1","floor":21},{"not_picked":["Creative AI","Consume+1","Glacier"],"picked":"SKIP","floor":24},{"not_picked":["Turbo","Ball Lightning"],"picked":"Streamline+1","floor":30},{"not_picked":["Cold Snap","Aggregate","Sweeping Beam"],"picked":"SKIP","floor":31},{"not_picked":["Amplify","Rainbow"],"picked":"Core Surge","floor":33},{"not_picked":["Leap+1","Genetic Algorithm","Coolheaded+1"],"picked":"SKIP","floor":35},{"not_picked":["Barrage","Coolheaded"],"picked":"Fission","floor":40},{"not_picked":["Steam+1","Streamline","Genetic Algorithm+1"],"picked":"SKIP","floor":42},{"not_picked":["Hello World+1","Cold Snap","Coolheaded+1"],"picked":"SKIP","floor":48},{"not_picked":["Streamline","Beam Cell+1","Storm"],"picked":"SKIP","floor":48}],"player_experience":543409,"relics_obtained":[{"floor":9,"key":"Tiny Chest"},{"floor":13,"key":"Blood Vial"},{"floor":22,"key":"Enchiridion"},{"floor":24,"key":"Juzu Bracelet"},{"floor":26,"key":"Mercury Hourglass"},{"floor":36,"key":"Bottled Lightning"},{"floor":38,"key":"WingedGreaves"},{"floor":40,"key":"Oddly Smooth Stone"},{"floor":42,"key":"Prayer Wheel"},{"floor":43,"key":"MealTicket"},{"floor":45,"key":"Nunchaku"}],"event_choices":[{"damage_healed":0,"gold_gain":75,"player_choice":"Touch","damage_taken":6,"max_hp_gain":0,"max_hp_loss":0,"event_name":"FaceTrader","floor":2,"gold_loss":0},{"damage_healed":0,"gold_gain":0,"cards_transformed":["Strike_B"],"player_choice":"Transformed","damage_taken":0,"max_hp_gain":0,"max_hp_loss":0,"event_name":"Transmorgrifier","floor":5,"gold_loss":0,"cards_obtained":["Defragment"]},{"damage_healed":0,"gold_gain":0,"player_choice":"Upgraded","damage_taken":0,"max_hp_gain":0,"max_hp_loss":0,"event_name":"Upgrade Shrine","floor":11,"gold_loss":0,"cards_upgraded":["Defragment"]},{"damage_healed":0,"gold_gain":0,"player_choice":"Stole Relic","damage_taken":0,"relics_obtained":["Anchor"],"max_hp_gain":0,"max_hp_loss":0,"event_name":"Addict","floor":19,"gold_loss":0,"cards_obtained":["Shame"]},{"damage_healed":0,"gold_gain":0,"player_choice":"Obtained Book","damage_taken":16,"max_hp_gain":0,"max_hp_loss":0,"event_name":"Cursed Tome","floor":22,"gold_loss":0},{"damage_healed":0,"gold_gain":99,"player_choice":"Stole From Cult","damage_taken":0,"max_hp_gain":0,"max_hp_loss":0,"event_name":"Nest","floor":27,"gold_loss":0},{"damage_healed":0,"gold_gain":0,"player_choice":"Fight","damage_taken":0,"max_hp_gain":0,"max_hp_loss":0,"event_name":"MindBloom","floor":38,"gold_loss":0},{"cards_removed":["Strike_B"],"damage_healed":0,"gold_gain":0,"player_choice":"Removed Attack","damage_taken":0,"max_hp_gain":0,"max_hp_loss":0,"event_name":"Falling","floor":41,"gold_loss":0},{"damage_healed":0,"gold_gain":0,"player_choice":"Paid","damage_taken":0,"relics_obtained":["Red Mask"],"max_hp_gain":0,"max_hp_loss":0,"event_name":"Tomb of Lord Red Mask","floor":47,"gold_loss":20}],"is_beta":false,"boss_relics":[{"not_picked":["Inserter","Pandora\u0027s Box"],"picked":"FrozenCore"},{"not_picked":["SacredBark","Nuclear Battery"],"picked":"Fusion Hammer"}],"items_purged_floors":[3,28],"is_endless":false,"potions_floor_spawned":[1,14,16,30,31,40,48],"killed_by":"Shield and Spear","ascension_level":10}}