{"host":"g01l53quoe6lrer0","time":1611385238,"event":{"mods":["2.2 Compatiblity","AchievementEnabler","BaseMod","Colored Map","Highlight Path","Keyboard Shortcuts","Minty Spire (QoL Compilation)","Permanent Neow","StSLib","SuperFastMode","everything is the same but u backflip on backflip"],"gold_per_floor":[110,128,142,142,156,156,169,169,169,186,214,214,225,245,245,245,245],"floor_reached":16,"language":"KOR","playtime":477,"items_purged":[],"score":170,"play_id":"83abe086-ad10-4a2a-b236-cf813143ebc0","local_time":"20210123160038","is_ascension_mode":true,"campfire_choices":[{"data":"Dagger Spray","floor":6.0,"key":"SMITH"},{"data":"Cloak And Dagger","floor":8.0,"key":"SMITH"},{"data":"Infinite Blades","floor":12.0,"key":"SMITH"},{"data":"Burst","floor":15,"key":"SMITH"}],"circlet_count":0,"master_deck":["AscendersBane","Strike_G","Strike_G","Strike_G","Strike_G","Strike_G","Defend_G","Defend_G+1","Defend_G+1","Defend_G","Defend_G","Survivor","Neutralize","Blade Dance","Dagger Spray+1","Blade Dance","Quick Slash","Cloak And Dagger+1","Infinite Blades+1","Acrobatics","Burst+1","Footwork"],"relics":["Ring of the Snake","Tough Bandages","Singing Bowl","War Paint"],"acts_visited":["Exordium"],"potions_floor_usage":[16],"damage_taken":[{"damage":0.0,"enemies":"Small Slimes","floor":1.0,"turns":3.0},{"damage":0.0,"enemies":"2 Louse","floor":2.0,"turns":3.0},{"damage":0.0,"enemies":"Cultist","floor":3.0,"turns":3.0},{"damage":3.0,"enemies":"Looter","floor":5.0,"turns":3.0},{"damage":0.0,"enemies":"Lots of Slimes","floor":7.0,"turns":1.0},{"damage":5.0,"enemies":"Exordium Thugs","floor":10.0,"turns":4.0},{"damage":13.0,"enemies":"Lagavulin","floor":11.0,"turns":7.0},{"damage":5.0,"enemies":"Looter","floor":13.0,"turns":3.0},{"damage":5,"enemies":"3 Louse","floor":14,"turns":5},{"damage":32,"enemies":"Slime Boss","floor":16,"turns":9}],"seed_played":"777086596586266139","potions_obtained":[{"floor":3.0,"key":"BlessingOfTheForge"},{"floor":7.0,"key":"Weak Potion"},{"floor":11.0,"key":"Block Potion"},{"floor":14,"key":"LiquidBronze"}],"is_trial":false,"path_per_floor":["M","M","M","?","M","R","M","R","T","M","E","R","M","M","R","B"],"character_chosen":"THE_SILENT","items_purchased":[],"campfire_rested":0,"item_purchase_floors":[],"current_hp_per_floor":[45,45,45,68,65,65,65,65,65,60,47,47,42,37,37,5,5],"gold":245,"neow_bonus":"ONE_RARE_RELIC","is_daily":false,"chose_seed":false,"campfire_upgraded":4,"win_rate":0.0,"timestamp":1611385238,"path_taken":["M","M","M","?","M","R","M","R","T","M","E","R","M","M","R","BOSS"],"items_purchased_type":[],"build_version":"2020-12-22","purchased_purges":0,"victory":false,"max_hp_per_floor":[70,70,70,70,70,70,70,70,70,70,70,70,70,70,70,70,70],"card_choices":[{"not_picked":["Dagger Spray","Dodge and Roll"],"picked":"Blade Dance","floor":1.0},{"not_picked":["Poisoned Stab","Tools of the Trade"],"picked":"Dagger Spray","floor":2.0},{"not_picked":["Flying Knee","Dagger Spray"],"picked":"Blade Dance","floor":3.0},{"not_picked":["Escape Plan","Predator"],"picked":"Quick Slash","floor":5.0},{"not_picked":["Dagger Spray","Skewer"],"picked":"Cloak And Dagger","floor":7.0},{"not_picked":["Heel Hook","Crippling Poison"],"picked":"Infinite Blades","floor":10.0},{"not_picked":["Escape Plan","Sucker Punch"],"picked":"Acrobatics","floor":11.0},{"not_picked":["Slice","Bane"],"picked":"Burst","floor":13.0},{"not_picked":["Predator","Endless Agony"],"picked":"Footwork","floor":14}],"player_experience":264903,"relics_obtained":[{"floor":9.0,"key":"Singing Bowl"},{"floor":11.0,"key":"War Paint"}],"event_choices":[{"damage_healed":23.0,"max_hp_gain":0.0,"max_hp_loss":0.0,"gold_gain":0.0,"event_name":"Big Fish","player_choice":"Banana","floor":4.0,"gold_loss":0.0,"damage_taken":0.0}],"is_beta":false,"boss_relics":[],"items_purged_floors":[],"is_endless":false,"potions_floor_spawned":[3,7,11,14],"killed_by":"Slime Boss","ascension_level":12}}