{"host":"46hhpd9tbruz5rpt","time":1611400731,"event":{"mods":["Act Like it!","BaseMod","Gensokyo","Marisa£®ÏF”Í°°ƒß¿Ì…≥£©","Minty Spire (QoL Compilation)","Quick Restart","Replay The Spire","StSLib"],"gold_per_floor":[118,43,61,61,61,96,109,109,159,159,159,159,182,182,182,182,182],"floor_reached":16,"language":"ZHS","playtime":438,"items_purged":["Strike_MRS"],"score":165,"play_id":"3c3dc29a-96af-4b22-8f86-8b84b9c7305f","local_time":"20210123191851","is_ascension_mode":true,"campfire_choices":[{"data":"GrandCross","floor":8.0,"key":"SMITH"},{"floor":15,"key":"REST"}],"circlet_count":0,"master_deck":["Strike_MRS","Strike_MRS","Strike_MRS","Defend_MRS","Defend_MRS","Defend_MRS+1","Defend_MRS","MasterSpark","UpSweep","GrandCross+1","PowerUp","6A"],"relics":["MiniHakkero","NeowsBlessing","Gensokyo:PortableGap","Juzu Bracelet","Gremlin Food","Pear","Gensokyo:MarisaPhilosophersStone","Potion Belt","Gensokyo:CelestialsFlawlessClothing"],"acts_visited":["Gensokyo:Gensokyo"],"potions_floor_usage":[],"damage_taken":[{"damage":0.0,"enemies":"Gensokyo:Gryphon","floor":1.0,"turns":1.0},{"damage":0.0,"enemies":"Gensokyo:2_Kodama","floor":3.0,"turns":1.0},{"damage":0.0,"enemies":"Gensokyo:Mamizou","floor":6.0,"turns":2.0},{"damage":0.0,"enemies":"Gensokyo:Python","floor":7.0,"turns":2.0},{"damage":34,"enemies":"Gensokyo:Python","floor":12,"turns":8},{"damage":0,"enemies":"Gensokyo:Yukari","floor":16,"turns":3}],"seed_played":"-3948561444063673906","potions_obtained":[{"floor":3.0,"key":"DistilledChaos"},{"floor":12,"key":"Strength Potion"}],"is_trial":false,"path_per_floor":["M","$","M","?","$","E","M","R","T","?","?","?","T","?","R","B"],"character_chosen":"MARISA","items_purchased":[],"campfire_rested":1,"item_purchase_floors":[],"current_hp_per_floor":[68,68,68,68,68,68,68,68,68,63,63,29,29,10,33,33,33],"gold":182,"neow_bonus":"THREE_ENEMY_KILL","is_daily":false,"chose_seed":false,"campfire_upgraded":1,"win_rate":0.0,"timestamp":1611400731,"path_taken":["M","$","?","?","?","E","M","R","T","?","?","?","?","?","R","BOSS"],"items_purchased_type":[],"build_version":"2020-12-22","purchased_purges":1,"victory":false,"max_hp_per_floor":[75,75,75,68,68,68,68,68,68,78,78,78,78,78,78,78,78],"card_choices":[{"not_picked":["DoubleSpark","LuminesStrike"],"picked":"GrandCross","floor":1.0},{"not_picked":["OpenUniverse","WitchOfGreed","DarkMatter"],"picked":"SKIP","floor":3.0},{"not_picked":["WitchLeyline","StarlightTyphoon"],"picked":"PowerUp","floor":6.0},{"not_picked":["SporeBomb","LuminesStrike","IllusionStar"],"picked":"SKIP","floor":7.0}],"player_experience":96576,"relics_obtained":[{"floor":6.0,"key":"Juzu Bracelet"},{"floor":9.0,"key":"Gremlin Food"},{"floor":12,"key":"Gensokyo:MarisaPhilosophersStone"},{"floor":13,"key":"Potion Belt"}],"event_choices":[],"is_beta":false,"boss_relics":[],"items_purged_floors":[2],"is_endless":false,"potions_floor_spawned":[3,12],"killed_by":"Gensokyo:Yukari","ascension_level":8}}