{"host":"a4s27ghlnr83kbqz","time":1611401794,"event":{"mods":["AchievementEnabler","BaseMod","Colored Map","Minty Spire (QoL Compilation)","Permanent Neow","SuperFastMode"],"gold_per_floor":[12,12,30,43,61,61,93,110,157,169,180,180,211,221,221,298,298,310,310,200,219,233,233,249,282,308,343,343,355,355,183,183,259,259,272,220,237,256,276,276,286,320,365,365,365,382,382,398,398,398,398,398],"floor_reached":51,"language":"KOR","playtime":1536,"items_purged":[],"score":1445,"play_id":"e7ffe0bf-135e-4661-ae10-8c3848d53f09","local_time":"20210123203634","is_ascension_mode":true,"campfire_choices":[{"data":"Perfected Strike","floor":6,"key":"SMITH"},{"data":"Bash","floor":12,"key":"SMITH"},{"data":"Evolve","floor":15,"key":"SMITH"},{"floor":23,"key":"REST"},{"floor":28,"key":"REST"},{"data":"Offering","floor":30,"key":"SMITH"},{"data":"Rage","floor":32,"key":"SMITH"},{"data":"Perfected Strike","floor":40,"key":"SMITH"},{"floor":45,"key":"REST"},{"floor":47,"key":"REST"},{"data":"Perfected Strike","floor":49,"key":"SMITH"}],"circlet_count":0,"master_deck":["AscendersBane","Strike_R+1","Strike_R+1","Strike_R+1","Strike_R+1","Defend_R+1","Defend_R+1","Defend_R+1","Bash+1","Pommel Strike","Perfected Strike+1","Twin Strike","Flame Barrier","Power Through","Evolve+1","Battle Trance+1","Offering+1","Pommel Strike+1","Wild Strike+1","Rage+1","Second Wind","Perfected Strike+1","Perfected Strike+1","Feed","Blood for Blood","Perfected Strike","Feel No Pain+1","Wild Strike","Pommel Strike","Clothesline+1","Shrug It Off+1"],"relics":["Burning Blood","WingedGreaves","FossilizedHelix","Oddly Smooth Stone","Dream Catcher","Sozu","Pantograph","Self Forming Clay","Orrery","Snecko Eye","Bag of Marbles","Art of War"],"acts_visited":["Exordium","TheCity","TheBeyond"],"potions_floor_usage":[10,13,25,33],"damage_taken":[{"damage":7,"enemies":"Cultist","floor":1,"turns":4},{"damage":9,"enemies":"2 Louse","floor":3,"turns":3},{"damage":4,"enemies":"Small Slimes","floor":4,"turns":3},{"damage":35,"enemies":"Gremlin Gang","floor":5,"turns":4},{"damage":32,"enemies":"Gremlin Nob","floor":7,"turns":4},{"damage":12,"enemies":"3 Louse","floor":8,"turns":3},{"damage":6,"enemies":"Exordium Thugs","floor":10,"turns":3},{"damage":3,"enemies":"Red Slaver","floor":11,"turns":4},{"damage":0,"enemies":"3 Sentries","floor":13,"turns":4},{"damage":1,"enemies":"Exordium Wildlife","floor":14,"turns":5},{"damage":13,"enemies":"Slime Boss","floor":16,"turns":9},{"damage":12,"enemies":"Chosen","floor":18,"turns":3},{"damage":6,"enemies":"Spheric Guardian","floor":21,"turns":3},{"damage":18,"enemies":"Cultist and Chosen","floor":22,"turns":5},{"damage":7,"enemies":"Centurion and Healer","floor":24,"turns":4},{"damage":24,"enemies":"Gremlin Leader","floor":25,"turns":5},{"damage":18,"enemies":"Book of Stabbing","floor":27,"turns":3},{"damage":0,"enemies":"3 Cultists","floor":29,"turns":4},{"damage":60,"enemies":"Collector","floor":33,"turns":6},{"damage":0,"enemies":"3 Shapes","floor":35,"turns":4},{"damage":0,"enemies":"3 Darklings","floor":37,"turns":3},{"damage":0,"enemies":"Spire Growth","floor":38,"turns":3},{"damage":17,"enemies":"4 Shapes","floor":39,"turns":6},{"damage":6,"enemies":"Maw","floor":41,"turns":6},{"damage":53,"enemies":"Giant Head","floor":42,"turns":6},{"damage":12,"enemies":"Writhing Mass","floor":46,"turns":6},{"damage":0,"enemies":"Spire Growth","floor":48,"turns":2},{"damage":56,"enemies":"Awakened One","floor":50,"turns":12},{"damage":58,"enemies":"Donu and Deca","floor":51,"turns":5}],"seed_played":"545059872804269082","potions_obtained":[{"floor":5,"key":"FairyPotion"},{"floor":7,"key":"EssenceOfSteel"},{"floor":8,"key":"FearPotion"},{"floor":11,"key":"Explosive Potion"},{"floor":14,"key":"PowerPotion"}],"is_trial":false,"path_per_floor":["M","T","M","M","M","R","E","M","T","M","M","R","E","M","R","B",null,"M","?","?","M","M","R","M","E","T","E","R","M","R","$","R","B",null,"M","$","M","M","M","R","M","E","T","?","R","M","R","M","R","B","B"],"character_chosen":"IRONCLAD","items_purchased":["Orrery","Perfected Strike"],"campfire_rested":4,"item_purchase_floors":[31,36],"current_hp_per_floor":[67,67,64,66,37,37,11,28,28,28,31,31,37,42,42,35,65,59,59,59,59,47,69,68,50,50,38,60,66,66,66,66,21,62,71,71,77,78,67,67,67,20,20,20,43,37,60,66,66,28,0,0],"gold":398,"neow_bonus":"REMOVE_TWO","is_daily":false,"chose_seed":false,"campfire_upgraded":7,"win_rate":0.0,"timestamp":1611401794,"path_taken":["M","?","M","M","M","R","E","M","T","M","M","R","E","M","R","BOSS","M","?","?","M","?","R","M","E","T","E","R","M","R","$","R","BOSS","M","$","M","M","M","R","M","E","T","?","R","M","R","M","R","BOSS","BOSS"],"items_purchased_type":["Relic","Card"],"build_version":"2020-12-22","purchased_purges":0,"victory":false,"max_hp_per_floor":[75,75,75,75,75,75,75,75,75,75,75,75,75,75,75,75,75,75,75,75,75,75,75,75,75,75,75,75,75,75,75,75,75,75,78,78,78,78,78,78,78,78,78,78,78,78,78,78,78,78,78,78],"card_choices":[{"not_picked":["Thunderclap","Iron Wave"],"picked":"Cleave","floor":1},{"not_picked":["Shockwave","Bloodletting"],"picked":"Pommel Strike","floor":3},{"not_picked":["Shrug It Off","Rupture"],"picked":"Perfected Strike","floor":4},{"not_picked":["Entrench","Headbutt","Body Slam"],"picked":"SKIP","floor":5},{"not_picked":["Flex","Burning Pact"],"picked":"Twin Strike","floor":7},{"not_picked":["Thunderclap","Havoc","True Grit"],"picked":"SKIP","floor":8},{"not_picked":["Berserk","Blood for Blood"],"picked":"Flame Barrier","floor":10},{"not_picked":["Sentinel","Uppercut"],"picked":"Power Through","floor":11},{"not_picked":["Clothesline","Headbutt"],"picked":"Evolve","floor":13},{"not_picked":["Flex","Burning Pact"],"picked":"Battle Trance","floor":14},{"not_picked":["Limit Break","Feed"],"picked":"Offering","floor":16},{"not_picked":["True Grit","Evolve","Headbutt"],"picked":"SKIP","floor":18},{"not_picked":["Heavy Blade","Cleave","Anger"],"picked":"SKIP","floor":21},{"not_picked":["Body Slam","Shrug It Off"],"picked":"Pommel Strike+1","floor":22},{"not_picked":["Headbutt","Body Slam"],"picked":"Wild Strike+1","floor":24},{"not_picked":["Shrug It Off","Feed"],"picked":"Rage","floor":25},{"not_picked":["Armaments","Dual Wield","Spot Weakness"],"picked":"SKIP","floor":27},{"not_picked":["Anger","Sentinel","Body Slam+1"],"picked":"SKIP","floor":29},{"not_picked":["Power Through","Armaments"],"picked":"Second Wind","floor":31},{"not_picked":["Wild Strike","Entrench"],"picked":"Perfected Strike","floor":31},{"not_picked":["Combust","Pommel Strike"],"picked":"Perfected Strike","floor":31},{"not_picked":["Fiend Fire","Brutality"],"picked":"Feed","floor":33},{"not_picked":["Cleave","Warcry"],"picked":"Blood for Blood","floor":35},{"not_picked":["Rupture","Iron Wave+1"],"picked":"Feel No Pain+1","floor":37},{"not_picked":["Whirlwind","Bloodletting"],"picked":"Wild Strike","floor":38},{"not_picked":["True Grit+1","Ghostly Armor"],"picked":"Pommel Strike","floor":39},{"not_picked":["Intimidate","Warcry"],"picked":"Clothesline+1","floor":41},{"not_picked":["Anger","Pummel+1","Iron Wave"],"picked":"SKIP","floor":42},{"not_picked":["Entrench+1","Exhume","Sword Boomerang"],"picked":"SKIP","floor":46},{"not_picked":["Whirlwind","Flex+1"],"picked":"Shrug It Off+1","floor":47},{"not_picked":["Dual Wield","Clash","Iron Wave"],"picked":"SKIP","floor":48}],"player_experience":1116695,"relics_obtained":[{"floor":2,"key":"WingedGreaves"},{"floor":7,"key":"FossilizedHelix"},{"floor":9,"key":"Oddly Smooth Stone"},{"floor":13,"key":"Dream Catcher"},{"floor":25,"key":"Pantograph"},{"floor":27,"key":"Self Forming Clay"},{"floor":42,"key":"Bag of Marbles"},{"floor":43,"key":"Art of War"}],"event_choices":[{"damage_healed":0,"gold_gain":0,"player_choice":"Simplicity","damage_taken":0,"max_hp_gain":0,"max_hp_loss":0,"event_name":"Back to Basics","floor":19,"gold_loss":0,"cards_upgraded":["Strike_R","Strike_R","Strike_R","Strike_R","Defend_R","Defend_R","Defend_R"]},{"cards_removed":["Cleave"],"damage_healed":0,"gold_gain":0,"player_choice":"Upgrade and Remove","damage_taken":0,"max_hp_gain":0,"max_hp_loss":0,"event_name":"Designer","floor":20,"gold_loss":110,"cards_upgraded":["Battle Trance"]},{"damage_healed":0,"gold_gain":0,"player_choice":"Ignored","damage_taken":0,"max_hp_gain":0,"max_hp_loss":0,"event_name":"SecretPortal","floor":44,"gold_loss":0}],"is_beta":false,"boss_relics":[{"not_picked":["Busted Crown","Black Star"],"picked":"Sozu"},{"not_picked":["Runic Cube","Empty Cage"],"picked":"Snecko Eye"}],"items_purged_floors":[],"is_endless":false,"potions_floor_spawned":[5,7,8,11,14,18,24,25,29,37,46],"killed_by":"Donu and Deca","ascension_level":20}}