{"host":"d9m9v0h6vo0edadb","time":1611405583,"event":{"mods":["BaseMod","Hermit","Keyboard Shortcuts","Minty Spire (QoL Compilation)","StSLib","SuperFastMode","The Cursed"],"gold_per_floor":[118,118,118,137,62,62,75,75,75,95,111,138,152,167,167,167,167],"floor_reached":16,"language":"KOR","playtime":186,"items_purged":["Strike_G"],"score":258,"play_id":"a3d32600-c631-4760-9eb7-cfd5ae9cda11","local_time":"20210123213943","is_ascension_mode":true,"campfire_choices":[{"data":"Poisoned Stab","floor":6.0,"key":"SMITH"},{"data":"Blade Dance","floor":8.0,"key":"SMITH"},{"data":"Poisoned Stab","floor":15,"key":"SMITH"}],"circlet_count":0,"master_deck":["AscendersBane","Strike_G","Strike_G","Strike_G","Defend_G","Defend_G+1","Defend_G","Defend_G","Defend_G+1","Survivor","Neutralize","Backstab","Poisoned Stab+1","Blade Dance+1","Poisoned Stab+1","Burst","Dagger Throw"],"relics":["Ring of the Snake","NeowsBlessing","Orichalcum","Tiny Chest"],"acts_visited":["Exordium"],"potions_floor_usage":[12,16,16],"damage_taken":[{"damage":0.0,"enemies":"Jaw Worm","floor":1.0,"turns":1.0},{"damage":0.0,"enemies":"Small Slimes","floor":4.0,"turns":1.0},{"damage":0.0,"enemies":"Cultist","floor":7.0,"turns":1.0},{"damage":4.0,"enemies":"Red Slaver","floor":10.0,"turns":4.0},{"damage":0.0,"enemies":"Blue Slaver","floor":11.0,"turns":4.0},{"damage":0,"enemies":"Gremlin Nob","floor":12,"turns":4},{"damage":11,"enemies":"Exordium Wildlife","floor":13,"turns":4},{"damage":0,"enemies":"Exordium Thugs","floor":14,"turns":3},{"damage":44,"enemies":"Hexaghost","floor":16,"turns":9}],"seed_played":"-8595097451312768303","potions_obtained":[{"floor":1.0,"key":"PowerPotion"},{"floor":10.0,"key":"Regen Potion"},{"floor":13,"key":"SkillPotion"}],"is_trial":false,"path_per_floor":["M","?","?","M","$","R","M","R","T","M","M","E","M","M","R","B"],"character_chosen":"THE_SILENT","items_purchased":[],"campfire_rested":0,"item_purchase_floors":[],"current_hp_per_floor":[59,39,39,39,39,39,39,39,39,35,35,35,24,24,24,0,0],"gold":167,"neow_bonus":"THREE_ENEMY_KILL","is_daily":false,"chose_seed":false,"campfire_upgraded":3,"win_rate":0.0,"timestamp":1611405583,"path_taken":["M","?","?","?","$","R","?","R","T","M","M","E","M","M","R","BOSS"],"items_purchased_type":[],"build_version":"2020-12-22","purchased_purges":1,"victory":false,"max_hp_per_floor":[66,66,66,66,66,66,66,66,66,66,66,66,66,66,66,66,66],"card_choices":[{"not_picked":["Finisher","Bane"],"picked":"Backstab","floor":1.0},{"not_picked":["Expertise","Dodge and Roll"],"picked":"Poisoned Stab","floor":4.0},{"not_picked":["Flying Knee","Accuracy"],"picked":"Blade Dance","floor":7.0},{"not_picked":["Outmaneuver","Quick Slash","Blur"],"picked":"SKIP","floor":10.0},{"not_picked":["Outmaneuver","Quick Slash","Blur"],"picked":"SKIP","floor":10.0},{"not_picked":["Heel Hook","PiercingWail"],"picked":"Poisoned Stab","floor":11.0},{"not_picked":["Deflect","Flying Knee"],"picked":"Burst","floor":12},{"not_picked":["Cloak And Dagger","Backstab"],"picked":"Dagger Throw","floor":13},{"not_picked":["Underhanded Strike","Flying Knee","Dodge and Roll"],"picked":"SKIP","floor":14}],"player_experience":988309,"relics_obtained":[{"floor":9.0,"key":"Orichalcum"},{"floor":12,"key":"Tiny Chest"}],"event_choices":[{"damage_healed":0.0,"max_hp_gain":0.0,"max_hp_loss":0.0,"gold_gain":0.0,"event_name":"Shining Light","player_choice":"Entered Light","floor":2.0,"gold_loss":0.0,"damage_taken":20.0,"cards_upgraded":["Defend_G","Defend_G"]},{"cards_removed":["Strike_G"],"damage_healed":0.0,"max_hp_gain":0.0,"max_hp_loss":0.0,"gold_gain":0.0,"event_name":"Living Wall","player_choice":"Forget","floor":3.0,"gold_loss":0.0,"damage_taken":0.0}],"is_beta":false,"boss_relics":[],"items_purged_floors":[5],"is_endless":false,"potions_floor_spawned":[1,10,11,13],"killed_by":"Hexaghost","ascension_level":20}}