{"host":"hk3n60c9tb8azi3z","time":1611409351,"event":{"mods":["AchievementEnabler","BaseMod","Minty Spire (QoL Compilation)","Relic Sorter","Relic Stats"],"gold_per_floor":[114,127,202,202,41,95,95,121,147,178,178,208,220,249,249,328,328,340,340,360,82,82,115,115,140,152,192,204,545,557,111,111,190,190,204,33,33,83,94,94,94,94],"floor_reached":41,"language":"ENG","playtime":3594,"items_purged":[],"score":1252,"play_id":"5cd51e37-538c-4a35-8e4e-791e9cf93000","local_time":"20210123144231","daily_mods":["Draft","Heirloom","Flight","Elite Swarm"],"is_ascension_mode":true,"campfire_choices":[{"floor":7.0,"key":"REST"},{"data":"Blasphemy","floor":11.0,"key":"SMITH"},{"data":"Omniscience","floor":15.0,"key":"SMITH"},{"data":"ConjureBlade","floor":24.0,"key":"SMITH"},{"data":"Wish","floor":28.0,"key":"SMITH"},{"data":"DevaForm","floor":30.0,"key":"SMITH"},{"data":"Scrawl","floor":32.0,"key":"SMITH"},{"floor":40,"key":"REST"}],"circlet_count":0,"master_deck":["AscendersBane","BowlingBash","EmptyFist+1","LikeWater+1","Wireheading+1","Protect+1","Wallop","CrushJoints","CutThroughFate","EmptyFist","LikeWater","SashWhip","CutThroughFate","Collect+1","ClearTheMind","WheelKick","FlyingSleeves","ThirdEye+1","Protect","InnerPeace","ConjureBlade+1","Sanctity","Blasphemy+1","MasterReality","LessonLearned","LessonLearned","Collect","Omniscience+1","SpiritShield+1","ThirdEye+1","FearNoEvil","Scrawl+1","DevaForm+1","Wish+1","Establishment","Devotion","Perseverance+1"],"relics":["PureWater","CloakClasp","Orrery","White Beast Statue","Art of War","Regal Pillow","Toy Ornithopter","War Paint","Cursed Key","Nloth\u0027s Gift","Gremlin Horn","Bronze Scales","MawBank","Anchor","Old Coin","Membership Card","Prayer Wheel","Bottled Tornado","SacredBark","GoldenEye"],"acts_visited":["Exordium","TheCity","TheBeyond"],"potions_floor_usage":[39],"damage_taken":[{"damage":8.0,"enemies":"Small Slimes","floor":1.0,"turns":4.0},{"damage":2.0,"enemies":"2 Louse","floor":2.0,"turns":2.0},{"damage":6.0,"enemies":"3 Sentries","floor":6.0,"turns":3.0},{"damage":0.0,"enemies":"Lagavulin","floor":8.0,"turns":6.0},{"damage":1.0,"enemies":"3 Sentries","floor":10.0,"turns":6.0},{"damage":0.0,"enemies":"Lagavulin","floor":12.0,"turns":4.0},{"damage":0.0,"enemies":"Cultist","floor":13.0,"turns":5.0},{"damage":0.0,"enemies":"Gremlin Nob","floor":14.0,"turns":2.0},{"damage":1.0,"enemies":"The Guardian","floor":16.0,"turns":9.0},{"damage":0.0,"enemies":"Shell Parasite","floor":18.0,"turns":5.0},{"damage":0.0,"enemies":"Chosen","floor":20.0,"turns":3.0},{"damage":5.0,"enemies":"Book of Stabbing","floor":23.0,"turns":6.0},{"damage":3.0,"enemies":"Slavers","floor":25.0,"turns":6.0},{"damage":17.0,"enemies":"Book of Stabbing","floor":27.0,"turns":3.0},{"damage":0.0,"enemies":"Gremlin Leader","floor":29.0,"turns":5.0},{"damage":24.0,"enemies":"Collector","floor":33.0,"turns":7.0},{"damage":0.0,"enemies":"3 Shapes","floor":35.0,"turns":4.0},{"damage":2,"enemies":"Orb Walker","floor":38,"turns":4},{"damage":32,"enemies":"Transient","floor":39,"turns":6},{"damage":58,"enemies":"Reptomancer","floor":41,"turns":5}],"seed_played":"1365535863299925581","potions_obtained":[{"floor":1.0,"key":"AttackPotion"},{"floor":2.0,"key":"ColorlessPotion"},{"floor":8.0,"key":"Dexterity Potion"},{"floor":10.0,"key":"AttackPotion"},{"floor":12.0,"key":"StancePotion"},{"floor":14.0,"key":"Weak Potion"},{"floor":16.0,"key":"Dexterity Potion"},{"floor":20.0,"key":"Weak Potion"},{"floor":23.0,"key":"Weak Potion"},{"floor":25.0,"key":"StancePotion"},{"floor":27.0,"key":"Block Potion"},{"floor":29.0,"key":"SmokeBomb"},{"floor":33.0,"key":"ColorlessPotion"},{"floor":35.0,"key":"SteroidPotion"},{"floor":38,"key":"StancePotion"},{"floor":39,"key":"BlessingOfTheForge"}],"is_trial":true,"path_per_floor":["M","M","?","?","$","E","R","E","T","E","R","E","M","E","R","B",null,"M","?","M","$","?","E","R","E","T","E","R","E","R","$","R","B",null,"M","$","?","M","M","R","E"],"character_chosen":"WATCHER","items_purchased":["Orrery","Gremlin Horn","Membership Card","Prayer Wheel","Bottled Tornado","GoldenEye"],"campfire_rested":2,"item_purchase_floors":[5,21,31,31,31,36],"current_hp_per_floor":[53,51,40,40,40,34,54,54,54,53,53,53,53,58,58,62,67,67,67,68,68,68,63,63,65,65,48,48,58,58,58,58,34,60,65,65,65,63,36,68,10,10],"gold":94,"neow_bonus":"","is_daily":false,"chose_seed":false,"campfire_upgraded":6,"win_rate":0.0,"timestamp":1611409351,"path_taken":["M","M","?","?","$","E","R","E","T","E","R","E","?","E","R","BOSS","M","?","?","$","?","E","R","E","T","E","R","E","R","$","R","BOSS","M","$","?","M","M","R","E"],"items_purchased_type":["Relic","Relic","Relic","Relic","Relic","Relic"],"build_version":"2020-12-22","purchased_purges":0,"victory":false,"max_hp_per_floor":[68,68,68,68,68,68,68,68,68,68,68,68,68,68,68,68,68,68,68,68,68,68,68,68,68,68,68,68,68,68,68,68,68,68,68,68,68,68,68,68,68,68],"relic_stats":{"Regal Pillow":12,"Gremlin Horn":[13,13],"counters":[20,95],"CloakClasp":[318],"War Paint":["Protect","ThirdEye"],"Cursed Key":1,"MawBank":72,"GoldenEye":[14],"Bronze Scales":[160],"Prayer Wheel":3,"Art of War":[28],"Nloth\u0027s Gift":0,"obtain_stats":[{"Regal Pillow":9,"Gremlin Horn":21,"SacredBark":34,"CloakClasp":0,"War Paint":14,"Bottled Tornado":31,"Cursed Key":17,"MawBank":25,"GoldenEye":36,"White Beast Statue":6,"Old Coin":29,"Anchor":27,"Bronze Scales":23,"Orrery":5,"Prayer Wheel":31,"Art of War":8,"Nloth\u0027s Gift":19,"Membership Card":31,"PureWater":0,"StrikeDummy":10,"Toy Ornithopter":12},{"Regal Pillow":4,"Gremlin Horn":11,"SacredBark":16,"CloakClasp":0,"War Paint":8,"Bottled Tornado":15,"Cursed Key":9,"MawBank":13,"GoldenEye":17,"White Beast Statue":3,"Old Coin":15,"Anchor":14,"Bronze Scales":12,"Orrery":2,"Prayer Wheel":15,"Art of War":4,"Nloth\u0027s Gift":10,"Membership Card":15,"PureWater":0,"StrikeDummy":5,"Toy Ornithopter":6},{"Regal Pillow":15,"Gremlin Horn":49,"SacredBark":76,"CloakClasp":0,"War Paint":32,"Bottled Tornado":69,"Cursed Key":41,"MawBank":61,"GoldenEye":80,"White Beast Statue":9,"Old Coin":69,"Anchor":64,"Bronze Scales":55,"Orrery":6,"Prayer Wheel":69,"Art of War":15,"Nloth\u0027s Gift":46,"Membership Card":69,"PureWater":0,"StrikeDummy":21,"Toy Ornithopter":25}],"Toy Ornithopter":36},"card_choices":[{"not_picked":["Indignation","Study"],"picked":"BowlingBash","floor":0.0},{"not_picked":["ForeignInfluence","DeceiveReality"],"picked":"EmptyFist","floor":0.0},{"not_picked":["FlurryOfBlows","InnerPeace"],"picked":"LikeWater","floor":0.0},{"not_picked":["Perseverance","Collect"],"picked":"Wireheading","floor":0.0},{"not_picked":["Consecrate","Prostrate"],"picked":"Protect","floor":0.0},{"not_picked":["PathToVictory","Worship"],"picked":"Wallop","floor":0.0},{"not_picked":["Evaluate","Collect"],"picked":"CrushJoints","floor":0.0},{"not_picked":["EmptyMind","ThirdEye"],"picked":"CutThroughFate","floor":0.0},{"not_picked":["Prostrate","PathToVictory"],"picked":"EmptyFist","floor":0.0},{"not_picked":["DeceiveReality","Swivel"],"picked":"LikeWater","floor":0.0},{"not_picked":["Prostrate","Conclude"],"picked":"SashWhip","floor":0.0},{"not_picked":["Perseverance","EmptyBody"],"picked":"CutThroughFate","floor":0.0},{"not_picked":["EmptyFist","Weave"],"picked":"Collect","floor":0.0},{"not_picked":["FlyingSleeves","Protect"],"picked":"ClearTheMind","floor":0.0},{"not_picked":["EmptyMind","BowlingBash"],"picked":"FlurryOfBlows","floor":0.0},{"not_picked":["ClearTheMind","Prostrate"],"picked":"WheelKick","floor":1.0},{"not_picked":["PathToVictory","Study"],"picked":"FlyingSleeves","floor":2.0},{"not_picked":["WheelKick","BowlingBash"],"picked":"ThirdEye","floor":5.0},{"not_picked":["Adaptation","Halt"],"picked":"Protect","floor":5.0},{"not_picked":["Protect","Prostrate"],"picked":"InnerPeace","floor":5.0},{"not_picked":["Protect","FlyingSleeves"],"picked":"ConjureBlade","floor":5.0},{"not_picked":["WreathOfFlame","Consecrate"],"picked":"Sanctity","floor":5.0},{"not_picked":["Brilliance","ConjureBlade"],"picked":"Blasphemy","floor":6.0},{"not_picked":["DeusExMachina","Blasphemy"],"picked":"MasterReality","floor":8.0},{"not_picked":["Devotion","Establishment"],"picked":"LessonLearned","floor":10.0},{"not_picked":["ConjureBlade","Judgement"],"picked":"LessonLearned","floor":12.0},{"not_picked":["Protect","WindmillStrike"],"picked":"Collect","floor":13.0},{"not_picked":["Vault","ConjureBlade"],"picked":"Omniscience","floor":14.0},{"not_picked":["Blasphemy","Ragnarok"],"picked":"SpiritShield","floor":16.0},{"not_picked":["Collect","FlyingSleeves+1"],"picked":"ThirdEye","floor":18.0},{"not_picked":["Collect","Consecrate","ThirdEye"],"picked":"SKIP","floor":20.0},{"not_picked":["Brilliance","Judgement"],"picked":"Scrawl","floor":23.0},{"not_picked":["Blasphemy","ConjureBlade"],"picked":"DevaForm","floor":25.0},{"not_picked":["Judgement","Establishment"],"picked":"Wish","floor":27.0},{"not_picked":["DeusExMachina","SpiritShield"],"picked":"Establishment","floor":29.0},{"not_picked":["SpiritShield","Alpha"],"picked":"Devotion","floor":33.0},{"not_picked":["Protect","JustLucky","Adaptation"],"picked":"SKIP","floor":35.0},{"not_picked":["FlurryOfBlows","FollowUp","JustLucky"],"picked":"SKIP","floor":35.0},{"not_picked":["DeceiveReality+1","SandsOfTime","Crescendo+1"],"picked":"SKIP","floor":38},{"not_picked":["SandsOfTime+1","Consecrate","Crescendo+1"],"picked":"SKIP","floor":38},{"not_picked":["BowlingBash","Halt"],"picked":"Perseverance+1","floor":39},{"not_picked":["Evaluate","ClearTheMind+1","SashWhip+1"],"picked":"SKIP","floor":39}],"player_experience":1565797,"relics_obtained":[{"floor":6.0,"key":"White Beast Statue"},{"floor":8.0,"key":"Art of War"},{"floor":9.0,"key":"Regal Pillow"},{"floor":10.0,"key":"StrikeDummy"},{"floor":12.0,"key":"Toy Ornithopter"},{"floor":14.0,"key":"War Paint"},{"floor":23.0,"key":"Bronze Scales"},{"floor":25.0,"key":"MawBank"},{"floor":27.0,"key":"Anchor"},{"floor":29.0,"key":"Old Coin"}],"event_choices":[{"damage_healed":0.0,"max_hp_gain":0.0,"max_hp_loss":0.0,"gold_gain":75.0,"event_name":"World of Goop","player_choice":"Gather Gold","floor":3.0,"gold_loss":0.0,"damage_taken":11.0},{"cards_removed":["FlurryOfBlows"],"damage_healed":0.0,"max_hp_gain":0.0,"max_hp_loss":0.0,"gold_gain":0.0,"event_name":"Purifier","player_choice":"Purged","floor":4.0,"gold_loss":0.0,"damage_taken":0.0},{"damage_healed":0.0,"max_hp_gain":0.0,"max_hp_loss":0.0,"gold_gain":0.0,"event_name":"N\u0027loth","player_choice":"Traded Relic","floor":19.0,"relics_lost":["StrikeDummy"],"gold_loss":0.0,"damage_taken":0.0,"relics_obtained":["Nloth\u0027s Gift"]},{"damage_healed":0.0,"max_hp_gain":0.0,"max_hp_loss":0.0,"gold_gain":0.0,"event_name":"The Library","player_choice":"Read","floor":22.0,"gold_loss":0.0,"damage_taken":0.0,"cards_obtained":["FearNoEvil"]},{"cards_removed":["Decay"],"damage_healed":0,"gold_gain":0,"player_choice":"Removed Curses","damage_taken":0,"max_hp_gain":0,"max_hp_loss":0,"event_name":"Fountain of Cleansing","floor":37,"gold_loss":0}],"is_beta":false,"boss_relics":[{"not_picked":["Coffee Dripper","Busted Crown"],"picked":"Cursed Key"},{"not_picked":["SlaversCollar","Empty Cage"],"picked":"SacredBark"}],"items_purged_floors":[],"is_endless":false,"potions_floor_spawned":[1,2,8,10,12,13,14,16,18,20,23,25,27,29,33,35,38,39],"killed_by":"Reptomancer","ascension_level":20}}