{"host":"qekv59dthhdg54sz","time":1611378117,"event":{"mods":["AchievementEnabler","BaseMod","Colored Map","DeckTracker","KOR Keyword Fix","Minty Spire (QoL Compilation)","Rare Cards Sparkle","StSLib","SuperFastMode"],"gold_per_floor":[110,130,141,141,153,153,164,164,164,15,34,64,64,39,39,113,113,33,44,2,2,2,2,12,25,49,49,49,49],"floor_reached":28,"language":"KOR","playtime":612,"items_purged":["Defend_G"],"score":436,"play_id":"d2104815-5160-4277-b8ab-41d2c8ddd0bf","local_time":"20210123140157","is_ascension_mode":true,"campfire_choices":[{"data":"Acrobatics","floor":6,"key":"SMITH"},{"floor":8,"key":"REST"},{"floor":15,"key":"REST"},{"data":"Calculated Gamble","floor":23,"key":"SMITH"}],"circlet_count":0,"master_deck":["AscendersBane","Strike_G","Strike_G","Strike_G","Strike_G","Defend_G","Defend_G","Defend_G","Defend_G","Survivor","Neutralize","Grand Finale","Acrobatics+1","Dagger Spray","Quick Slash","Noxious Fumes","Well Laid Plans","Backflip","Calculated Gamble+1","Decay"],"relics":["Ring of the Snake","Bottled Lightning","InkBottle","Sundial","Runic Pyramid","Frozen Egg 2","Blood Vial"],"acts_visited":["Exordium","TheCity"],"potions_floor_usage":[7,12,19,25,25],"damage_taken":[{"damage":8.0,"enemies":"2 Louse","floor":1.0,"turns":6.0},{"damage":15,"enemies":"Cultist","floor":2,"turns":6},{"damage":2,"enemies":"Jaw Worm","floor":3,"turns":5},{"damage":8,"enemies":"Lots of Slimes","floor":5,"turns":4},{"damage":0,"enemies":"Gremlin Gang","floor":7,"turns":3},{"damage":4,"enemies":"2 Fungi Beasts","floor":11,"turns":4},{"damage":12,"enemies":"Lagavulin","floor":12,"turns":7},{"damage":9,"enemies":"Hexaghost","floor":16,"turns":8},{"damage":18,"enemies":"2 Thieves","floor":18,"turns":4},{"damage":1,"enemies":"3 Byrds","floor":19,"turns":4},{"damage":32,"enemies":"Sentry and Sphere","floor":24,"turns":6},{"damage":0,"enemies":"3 Cultists","floor":25,"turns":2},{"damage":0,"enemies":"Shelled Parasite and Fungi","floor":28,"turns":1}],"seed_played":"7092469883192122938","potions_obtained":[{"floor":5,"key":"Energy Potion"},{"floor":11,"key":"SteroidPotion"},{"floor":12,"key":"Energy Potion"},{"floor":16,"key":"Poison Potion"},{"floor":19,"key":"Energy Potion"}],"is_trial":false,"path_per_floor":["M","M","M","?","M","R","M","R","T","$","M","E","T","$","R","B",null,"M","M","$","T","$","R","M","M","T","?","M"],"character_chosen":"THE_SILENT","items_purchased":["Well Laid Plans","Backflip","Calculated Gamble"],"campfire_rested":2,"item_purchase_floors":[10,14,20],"current_hp_per_floor":[36,21,19,19,11,11,11,30,30,30,26,14,14,14,33,24,56,38,37,37,37,37,37,5,5,5,5,7,7],"gold":49,"neow_bonus":"THREE_RARE_CARDS","is_daily":false,"chose_seed":false,"campfire_upgraded":2,"win_rate":0.0,"timestamp":1611378117,"path_taken":["M","M","M","?","M","R","M","R","T","?","M","E","?","$","R","BOSS","M","M","$","?","$","R","M","?","T","?","M"],"items_purchased_type":["Card","Card","Card"],"build_version":"2020-12-22","purchased_purges":1,"victory":false,"max_hp_per_floor":[66,66,66,66,66,66,66,66,66,66,66,66,66,66,66,66,66,66,66,66,66,66,66,66,66,66,66,66,66],"card_choices":[{"not_picked":["Die Die Die","Night Terror"],"picked":"Grand Finale","floor":0.0},{"not_picked":["Slice","Poisoned Stab"],"picked":"Acrobatics","floor":1},{"not_picked":["Deflect","Acrobatics"],"picked":"Dagger Spray","floor":2},{"not_picked":["Infinite Blades","After Image"],"picked":"Quick Slash","floor":3},{"not_picked":["Terror","Deflect"],"picked":"Noxious Fumes","floor":5},{"not_picked":["Dagger Spray","Flechettes","Calculated Gamble"],"picked":"SKIP","floor":7},{"not_picked":["Sucker Punch","Deflect","Outmaneuver"],"picked":"SKIP","floor":11},{"not_picked":["Catalyst","All Out Attack","Noxious Fumes"],"picked":"SKIP","floor":12},{"not_picked":["Infinite Blades","Deflect","Blade Dance"],"picked":"SKIP","floor":18},{"not_picked":["Backflip","Bane","Heel Hook"],"picked":"SKIP","floor":19},{"not_picked":["PiercingWail","Poisoned Stab","Acrobatics"],"picked":"SKIP","floor":24},{"not_picked":["Deflect","Quick Slash","Endless Agony"],"picked":"SKIP","floor":25}],"player_experience":811372,"relics_obtained":[{"floor":9,"key":"Bottled Lightning"},{"floor":12,"key":"InkBottle"},{"floor":13,"key":"Sundial"},{"floor":21,"key":"Frozen Egg 2"},{"floor":26,"key":"Blood Vial"}],"event_choices":[{"cards_removed":["Strike_G"],"damage_healed":0,"gold_gain":0,"player_choice":"Offered Basic","damage_taken":0,"max_hp_gain":0,"max_hp_loss":0,"event_name":"Bonfire Elementals","floor":4,"gold_loss":0},{"damage_healed":0,"gold_gain":0,"player_choice":"Smashed Altar","damage_taken":0,"max_hp_gain":0,"max_hp_loss":0,"event_name":"Forgotten Altar","floor":27,"gold_loss":0,"cards_obtained":["Decay"]}],"is_beta":false,"boss_relics":[{"not_picked":["Ring of the Serpent","Ectoplasm"],"picked":"Runic Pyramid"}],"items_purged_floors":[10],"is_endless":false,"potions_floor_spawned":[5,11,12,16,19],"killed_by":"Shelled Parasite and Fungi","ascension_level":20}}