{"host":"agbyy69nq62afhwx","time":1611393273,"event":{"mods":["BaseMod","Colored Map","DeckTracker","Highlight Path","Keyboard Shortcuts","Minty Spire (QoL Compilation)","Quick Restart","StSLib","SuperFastMode","everything is the same but u backflip on backflip"],"gold_per_floor":[112,123,123,48,68,68,84,84,84],"floor_reached":8,"language":"KOR","playtime":174,"items_purged":["Strike_B"],"score":82,"play_id":"030edcc8-632a-43f9-b2e6-f25e91775780","local_time":"20210123181433","is_ascension_mode":true,"campfire_choices":[{"data":"Echo Form","floor":6.0,"key":"SMITH"}],"circlet_count":0,"master_deck":["AscendersBane","Strike_B","Strike_B","Strike_B","Defend_B","Defend_B","Defend_B","Defend_B","Zap+1","Dualcast","Echo Form+1","White Noise","Ball Lightning"],"relics":["Cracked Core"],"acts_visited":[],"potions_floor_usage":[8],"damage_taken":[{"damage":8.0,"enemies":"Small Slimes","floor":1.0,"turns":3.0},{"damage":10.0,"enemies":"Cultist","floor":2.0,"turns":4.0},{"damage":3.0,"enemies":"2 Louse","floor":5.0,"turns":2.0},{"damage":20,"enemies":"Gremlin Gang","floor":7,"turns":4},{"damage":10,"enemies":"Gremlin Nob","floor":8,"turns":3}],"seed_played":"-4750033928005350137","potions_obtained":[{"floor":1.0,"key":"Weak Potion"},{"floor":7,"key":"Ancient Potion"}],"is_trial":false,"path_per_floor":["M","M","?","$","M","R","M","E"],"character_chosen":"DEFECT","items_purchased":[],"campfire_rested":0,"item_purchase_floors":[],"current_hp_per_floor":[56,46,46,46,43,43,23,13,13],"gold":84,"neow_bonus":"ONE_RANDOM_RARE_CARD","is_daily":false,"chose_seed":false,"campfire_upgraded":1,"win_rate":0.0,"timestamp":1611393273,"path_taken":["M","M","?","?","M","R","M","E"],"items_purchased_type":[],"build_version":"2020-12-22","purchased_purges":1,"victory":false,"max_hp_per_floor":[71,71,71,71,71,71,71,71,71],"card_choices":[{"not_picked":["Compile Driver","Reprogram"],"picked":"White Noise","floor":1.0},{"not_picked":["Conserve Battery","Stack"],"picked":"Ball Lightning","floor":2.0},{"not_picked":["Rip and Tear","Gash","Steam Power"],"picked":"SKIP","floor":5.0},{"not_picked":["Rip and Tear","Reprogram","Beam Cell"],"picked":"SKIP","floor":7}],"player_experience":441908,"relics_obtained":[],"event_choices":[{"damage_healed":0.0,"max_hp_gain":0.0,"max_hp_loss":0.0,"gold_gain":0.0,"event_name":"Upgrade Shrine","player_choice":"Upgraded","floor":3.0,"gold_loss":0.0,"damage_taken":0.0,"cards_upgraded":["Zap"]}],"is_beta":false,"boss_relics":[],"items_purged_floors":[4],"is_endless":false,"potions_floor_spawned":[1,7],"killed_by":"Gremlin Nob","ascension_level":14}}