{"host":"srk2drlvga69hbot","time":1611424101,"event":{"mods":["BaseMod","Bestiary","Block Reminder","Colored Map","Colored Powertips","Dark Map","DeckTracker","Highlight Path","Minty Spire (QoL Compilation)","Quick Restart","Rare Cards Sparkle","Relic Stats","SuperFastMode","Unceasing Turn Reminder"],"gold_per_floor":[110,110,385,60,73,73,130,147,224,224,257,270,270,284,284,284,284],"floor_reached":16,"language":"ZHS","playtime":485,"items_purged":["Regret"],"score":115,"play_id":"146e9a67-7ea2-467f-a7a6-2e40f097aab9","local_time":"20210124014821","is_ascension_mode":true,"campfire_choices":[{"data":"Concentrate","floor":6,"key":"SMITH"},{"data":"Neutralize","floor":10,"key":"SMITH"},{"data":"Acrobatics","floor":13,"key":"SMITH"},{"floor":15,"key":"REST"}],"circlet_count":0,"master_deck":["Strike_G","Strike_G","Strike_G","Strike_G","Strike_G","Defend_G","Defend_G","Defend_G","Defend_G","Survivor","Neutralize+1","Concentrate+1","Backflip","Acrobatics+1"],"relics":["Ring of the Snake","NeowsBlessing","Letter Opener","Art of War","Pear","Blood Vial"],"acts_visited":["Exordium"],"potions_floor_usage":[11,16],"damage_taken":[{"damage":0,"enemies":"Jaw Worm","floor":1,"turns":1},{"damage":0,"enemies":"2 Louse","floor":5,"turns":1},{"damage":0,"enemies":"3 Sentries","floor":7,"turns":1},{"damage":1,"enemies":"Cultist","floor":8,"turns":5},{"damage":29,"enemies":"Gremlin Nob","floor":11,"turns":6},{"damage":3,"enemies":"Blue Slaver","floor":12,"turns":4},{"damage":8,"enemies":"3 Louse","floor":14,"turns":4},{"damage":71,"enemies":"The Guardian","floor":16,"turns":14}],"seed_played":"-8550466983462819737","potions_obtained":[{"floor":1,"key":"BlessingOfTheForge"},{"floor":5,"key":"DistilledChaos"}],"is_trial":false,"path_per_floor":["M","?","?","$","M","R","?","M","T","R","E","M","R","M","R","B"],"character_chosen":"THE_SILENT","items_purchased":["Letter Opener"],"campfire_rested":1,"item_purchase_floors":[4],"current_hp_per_floor":[70,63,63,63,63,63,63,62,72,72,43,42,42,36,60,0,0],"gold":284,"neow_bonus":"THREE_ENEMY_KILL","is_daily":false,"chose_seed":false,"campfire_upgraded":3,"win_rate":0.0,"timestamp":1611424101,"path_taken":["M","?","?","$","?","R","?","M","T","R","E","M","R","M","R","BOSS"],"items_purchased_type":["Relic"],"build_version":"2020-12-22","purchased_purges":1,"victory":false,"max_hp_per_floor":[70,70,70,70,70,70,70,70,80,80,80,80,80,80,80,80,80],"relic_stats":{"Blood Vial":6,"counters":[8,36],"Art of War":[1],"Letter Opener":[20],"obtain_stats":[{"Blood Vial":11,"Pear":9,"NeowsBlessing":0,"Art of War":7,"Letter Opener":4,"Ring of the Snake":0},{"Blood Vial":5,"Pear":4,"NeowsBlessing":0,"Art of War":3,"Letter Opener":1,"Ring of the Snake":0},{"Blood Vial":14,"Pear":8,"NeowsBlessing":0,"Art of War":3,"Letter Opener":1,"Ring of the Snake":0}],"Ring of the Snake":[16]},"card_choices":[{"not_picked":["All Out Attack","Escape Plan"],"picked":"Concentrate","floor":1},{"not_picked":["Riddle With Holes","Noxious Fumes","Quick Slash"],"picked":"SKIP","floor":5},{"not_picked":["Masterful Stab","Blade Dance"],"picked":"Backflip","floor":7},{"not_picked":["Endless Agony","Blade Dance","Bane"],"picked":"SKIP","floor":8},{"not_picked":["Outmaneuver","Concentrate","Dagger Spray"],"picked":"SKIP","floor":11},{"not_picked":["Bane","Poisoned Stab"],"picked":"Acrobatics","floor":12},{"not_picked":["Caltrops","Acrobatics","Slice"],"picked":"SKIP","floor":14}],"player_experience":181474,"relics_obtained":[{"floor":7,"key":"Art of War"},{"floor":9,"key":"Pear"},{"floor":11,"key":"Blood Vial"}],"event_choices":[{"cards_removed":["Defend_G"],"damage_healed":0,"gold_gain":0,"player_choice":"Card Removal","damage_taken":7,"max_hp_gain":0,"max_hp_loss":0,"event_name":"Golden Wing","floor":2,"gold_loss":0},{"damage_healed":0,"gold_gain":275,"player_choice":"Desecrate","damage_taken":0,"max_hp_gain":0,"max_hp_loss":0,"event_name":"Golden Shrine","floor":3,"gold_loss":0,"cards_obtained":["Regret"]},{"damage_healed":0,"gold_gain":0,"player_choice":"Searched \u00272\u0027 times","damage_taken":0,"max_hp_gain":0,"max_hp_loss":0,"event_name":"Dead Adventurer","floor":7,"gold_loss":0}],"is_beta":false,"boss_relics":[],"items_purged_floors":[4],"is_endless":false,"potions_floor_spawned":[1,5],"killed_by":"The Guardian","ascension_level":3}}