{"host":"hrp2gnzf6w2vk8p2","time":1611437046,"event":{"mods":["AchievementEnabler","Act Like it!","BaseMod","Better Third Choice","BetterRewards","Colored Powertips","Conspire","DeckTracker","Gensokyo","Hallownest","Hermit","Highlight Path","Hubris","Infinite Spire","Jorbs\u0027s Wanderer Trilogy","Lobotomy","Marisa????????","Minty Spire (QoL Compilation)","Replay The Spire","StSLib","The Animator","The Bug Knight","The Construct","The Cursed","The Disciple","The Hierophant","The Jungle","The Mystic","The Necromancer","The Runesmith","The Servant 0.9.4"],"gold_per_floor":[111,111,122,31,31,31,31,41,41,51,96,96,139,186,198,326,338,375,425,455,505,517,559,611,673,685,711,723,793,805,836,848,964,976,998,1010,1022,1047,969,1008,1032,1044,1056,1068,1098,1157,1169,1191,1203,1247,1259,1271,701,733,733,733],"floor_reached":55,"language":"ENG","playtime":6385,"items_purged":[],"score":863,"play_id":"3023401a-79d3-401b-a96d-68a94f3b6c30","local_time":"20210123222405","is_ascension_mode":false,"campfire_choices":[{"data":"PowerUp","floor":7,"key":"SMITH"},{"floor":12,"key":"RECALL"},{"data":"FairyDestructionRay","floor":15,"key":"SMITH"},{"floor":28,"key":"REST"},{"floor":30,"key":"REST"},{"data":"hubris:Fate","floor":32,"key":"SMITH"},{"data":"MillisecondPulsars","floor":42,"key":"SMITH"},{"data":"LuminesStrike","floor":44,"key":"SMITH"},{"floor":47,"key":"REST"},{"data":"AbsoluteMagnitude","floor":49,"key":"SMITH"},{"data":"MasterSpark","floor":52,"key":"SMITH"}],"circlet_count":0,"master_deck":["Strike_MRS","Strike_MRS","Strike_MRS","Strike_MRS","Defend_MRS","Defend_MRS+1","Defend_MRS","Defend_MRS","MasterSpark+1","UpSweep","AbsoluteMagnitude+1","PowerUp+1","MysteriousBeam","Robbery","PowerUp","PowerUp","ShootingEcho","DC+1","EnergyFlow","FairyDestructionRay+1","JA","AsteroidBelt","StarlightTyphoon+1","OrrerysSun","GrandCross+1","hubris:Fate+1","AsteroidBelt+1","LuminesStrike+1","ShootTheMoon","EnergyRecoil+1","JA+1","MagicAbsorber","MillisecondPulsars+1","DoubleSpark+1","DragonMeteor+1","Occultation+1","MilkyWay+1","OortCloud+1","ChargingUp+1","Acceleration","MachineGunSpark+1","DeepEcoloBomb+1","hubris:EnhanceAbility","MysteriousBeam+1"],"relics":["MiniHakkero","Boot","hubris:TenFootPole","Garlic","FossilizedHelix","MawBank","Painkiller Herb","Gremlin Food","hubris:GrandSneckoEye","Vajra","Molten Egg 2","conspire:RunicOctahedron","PreservedInsect","Oddly Smooth Stone","Potion Belt","Gremlin Horn","Replay:Baseball","Replay:Towering Pillar of Hats"],"acts_visited":["Exordium","TheCity","TheBeyond","TheEnding"],"potions_floor_usage":[16,19,27,50,50,50,50,55],"damage_taken":[{"damage":0,"enemies":"2 Louse","floor":1,"turns":3},{"damage":3,"enemies":"conspire:RoseBush","floor":3,"turns":2},{"damage":2,"enemies":"infinitespire:Voidling","floor":8,"turns":2},{"damage":0,"enemies":"Large Slime","floor":10,"turns":3},{"damage":3,"enemies":"Replay:BlueRogue","floor":11,"turns":3},{"damage":14,"enemies":"Lagavulin","floor":13,"turns":4},{"damage":0,"enemies":"Red Slaver","floor":14,"turns":2},{"damage":0,"enemies":"Fading Forest","floor":16,"turns":11},{"damage":0,"enemies":"2 Thieves","floor":18,"turns":3},{"damage":0,"enemies":"Shell Parasite","floor":19,"turns":2},{"damage":13,"enemies":"conspire:HollyBat","floor":20,"turns":5},{"damage":12,"enemies":"Centurion and Healer","floor":21,"turns":5},{"damage":13,"enemies":"HollowMod:Nosk","floor":23,"turns":5},{"damage":2,"enemies":"Chosen and Byrds","floor":24,"turns":3},{"damage":0,"enemies":"3 Cultists","floor":25,"turns":4},{"damage":24,"enemies":"conspire:HollyBat","floor":27,"turns":7},{"damage":10,"enemies":"Centurion and Healer","floor":29,"turns":4},{"damage":0,"enemies":"Snecko","floor":31,"turns":1},{"damage":23,"enemies":"hubris:MusketHawk","floor":33,"turns":6},{"damage":12,"enemies":"3 Darklings","floor":35,"turns":4},{"damage":0,"enemies":"Orb Walker","floor":38,"turns":2},{"damage":0,"enemies":"Giant Head","floor":40,"turns":4},{"damage":0,"enemies":"Jaw Worm Horde","floor":41,"turns":2},{"damage":0,"enemies":"Transient","floor":45,"turns":5},{"damage":17,"enemies":"Reptomancer","floor":46,"turns":4},{"damage":0,"enemies":"Writhing Mass","floor":48,"turns":4},{"damage":12,"enemies":"hubris:GrandSnecko","floor":50,"turns":9},{"damage":3,"enemies":"Shield and Spear","floor":54,"turns":2},{"damage":72,"enemies":"The Heart","floor":55,"turns":5}],"seed_played":"-2486766443524846247","potions_obtained":[{"floor":8,"key":"Adrenaline Potion"},{"floor":11,"key":"Explosive Potion"},{"floor":13,"key":"ShroomBrew"},{"floor":14,"key":"Reflective Coating"},{"floor":21,"key":"BlessingOfTheForge"},{"floor":23,"key":"SpeedPotion"},{"floor":27,"key":"Languid Potion"},{"floor":33,"key":"SteroidPotion"},{"floor":41,"key":"BottledSpark"},{"floor":45,"key":"PowerPotion"},{"floor":46,"key":"infinitespire:BlackPotion"}],"is_trial":false,"path_per_floor":["M","?","M","$","?","?","R","M","T","M","E","R","E","M","R","B",null,"?","?","?","?","AVR","E","?","?","T","?","T","?","T","?","T","B",null,"?","?","T","?","?","E","?","T","T","T","?","E","T","?","T","B",null,"T","T","E","B"],"character_chosen":"MARISA","items_purchased":["Robbery","PowerUp","Replay:Baseball","Acceleration","LifebloodPotion","MachineGunSpark+1","DeepEcoloBomb+1","hubris:EnhanceAbility"],"campfire_rested":3,"item_purchase_floors":[4,4,53,53,53,53,53,53],"current_hp_per_floor":[75,75,72,72,63,63,63,61,61,61,58,58,44,44,44,52,75,75,75,62,50,50,52,50,50,50,26,48,38,60,60,60,37,75,63,63,63,63,63,63,63,63,63,63,63,46,68,68,68,56,75,75,75,72,0,0],"gold":733,"neow_bonus":"ONE_RANDOM_RARE_CARD","is_daily":false,"chose_seed":false,"campfire_upgraded":7,"win_rate":0.0,"timestamp":1611437045,"path_taken":["M","?","M","$","?","?","R","M","T","M","E","R","E","M","R","BOSS","?","?","?","?","AVR","E","?","?","T","?","T","?","T","?","T","BOSS","?","?","T","?","?","E","?","T","T","T","?","E","T","?","T","BOSS","T","T","E","BOSS"],"items_purchased_type":["Card","Card","Relic","Card","Potion","Card","Card","Card"],"build_version":"2020-12-22","purchased_purges":0,"victory":false,"max_hp_per_floor":[75,75,75,75,75,75,75,75,75,75,75,75,75,75,75,75,75,75,75,75,75,75,75,75,75,75,75,75,75,75,75,75,75,75,75,75,75,75,75,75,75,75,75,75,75,75,75,75,75,75,75,75,75,75,75,75],"card_choices":[{"not_picked":["MysteriousBeam","LuminesStrike"],"picked":"PowerUp","floor":1},{"not_picked":["GravityBeat","AsteroidBelt"],"picked":"MysteriousBeam","floor":3},{"not_picked":["GravityBeat","EarthLightRay"],"picked":"PowerUp","floor":8},{"not_picked":["PowerUp","MysteriousBeam"],"picked":"ShootingEcho","floor":10},{"not_picked":["GrandCross","SporeBomb"],"picked":"DC","floor":11},{"not_picked":["PowerUp","NonDirectionalLaser"],"picked":"EnergyFlow","floor":13},{"not_picked":["RefractionSpark","OneTimeOff"],"picked":"FairyDestructionRay","floor":14},{"not_picked":["BigCrunch","CollectingQuirk"],"picked":"JA","floor":16},{"not_picked":["DC","ShootingEcho"],"picked":"AsteroidBelt","floor":18},{"not_picked":["GrandCross+1","FairyDestructionRay"],"picked":"StarlightTyphoon","floor":19},{"not_picked":["AlicesGift","ManaConvection"],"picked":"OrrerysSun","floor":20},{"not_picked":["GravityBeat","OpenUniverse"],"picked":"GrandCross+1","floor":21},{"not_picked":["DC","PowerUp+1"],"picked":"AsteroidBelt+1","floor":23},{"not_picked":["PowerUp","WitchOfGreed"],"picked":"LuminesStrike","floor":24},{"not_picked":["IllusionStar","MachineGunSpark"],"picked":"ShootTheMoon","floor":25},{"not_picked":["Acceleration","UnstableBomb+1"],"picked":"EnergyRecoil","floor":27},{"not_picked":["IllusionStar","PulseMagic"],"picked":"JA+1","floor":29},{"not_picked":["DeepEcoloBomb+1","ManaConvection"],"picked":"MagicAbsorber","floor":31},{"not_picked":["AbsoluteMagnitude+1","CollectingQuirk+1"],"picked":"MillisecondPulsars","floor":33},{"not_picked":["AsteroidBelt","Acceleration"],"picked":"DoubleSpark+1","floor":35},{"not_picked":["WitchOfGreed+1","BlazeAway"],"picked":"DragonMeteor+1","floor":38},{"not_picked":["Orbital","MachineGunSpark+1"],"picked":"Occultation+1","floor":40},{"not_picked":["ShootingEcho+1","EarthLightRay"],"picked":"MilkyWay+1","floor":41},{"not_picked":["GalacticHalo+1","DoubleSpark+1"],"picked":"OortCloud+1","floor":45},{"not_picked":["SuperPerseids+1","AsteroidBelt"],"picked":"ChargingUp+1","floor":46},{"not_picked":["ShootingEcho+1","DragonMeteor+1","Orbital+1"],"picked":"SKIP","floor":48},{"not_picked":["IllusionStar+1","ManaConvection"],"picked":"MysteriousBeam+1","floor":54}],"player_experience":13087,"relics_obtained":[{"floor":2,"key":"Boot"},{"floor":11,"key":"FossilizedHelix"},{"floor":13,"key":"MawBank"},{"floor":23,"key":"Vajra"},{"floor":26,"key":"Molten Egg 2"},{"floor":40,"key":"Oddly Smooth Stone"},{"floor":43,"key":"Potion Belt"},{"floor":46,"key":"Gremlin Horn"},{"floor":54,"key":"Replay:Towering Pillar of Hats"}],"event_choices":[{"damage_healed":0,"gold_gain":1,"player_choice":"Relic Relic ","damage_taken":11,"max_hp_gain":0,"max_hp_loss":0,"event_name":"betterThird:BetterScrap","floor":5,"gold_loss":0,"cards_obtained":["Rainbow"]},{"damage_healed":63,"gold_gain":0,"player_choice":"Embrace Burn","damage_taken":0,"max_hp_gain":0,"max_hp_loss":75,"event_name":"betterThird:BetterShining","floor":6,"gold_loss":0},{"damage_healed":0,"gold_gain":0,"player_choice":"Gave Potion","damage_taken":0,"relics_obtained":["PreservedInsect"],"max_hp_gain":0,"max_hp_loss":0,"event_name":"WeMeetAgain","floor":36,"gold_loss":0},{"cards_removed":["Burn"],"damage_healed":0,"gold_gain":0,"player_choice":"Upgrade and Remove","damage_taken":0,"max_hp_gain":0,"max_hp_loss":0,"event_name":"Designer","floor":39,"gold_loss":90,"cards_upgraded":["StarlightTyphoon"]}],"is_beta":false,"boss_relics":[{"not_picked":["ChewingGum","ReplayTheSpireMod:DimensionalGlitch"],"picked":"Painkiller Herb"},{"not_picked":["Kintsugi","conspire:SlowCooker"],"picked":"conspire:RunicOctahedron"}],"items_purged_floors":[],"is_endless":false,"potions_floor_spawned":[8,11,13,14,21,23,24,27,33,41,45,46],"killed_by":"The Heart","ascension_level":0}}