{"host":"h1ba9qculgt1zycs","time":1611362904,"event":{"mods":["BaseMod","Hermit","Minty Spire (QoL Compilation)","Remove Card Discount Mod","StSLib","The Cursed"],"gold_per_floor":[112,126,201,201,201,242,242,281,305,67,82,97,136,160,160,283,283,302,55,55,55,55,55,88,104,104,104,119,119,154,172,172,291,291,312,332,332,32,52,52,83,83,110,148,0,25,25,23,23,23],"floor_reached":51,"language":"ENG","playtime":2183,"items_purged":["Darkness","Zap+1","Dualcast","Decay"],"score":1187,"play_id":"123adb0b-3628-4246-a99f-7cea3cf419b9","local_time":"20210123014824","is_ascension_mode":true,"campfire_choices":[{"data":"Seek","floor":7,"key":"SMITH"},{"data":"Reprogram","floor":15,"key":"SMITH"},{"data":"Enlightenment","floor":23,"key":"SMITH"},{"data":"Master of Strategy","floor":27,"key":"SMITH"},{"data":"Sunder","floor":29,"key":"SMITH"},{"data":"Buffer","floor":32,"key":"SMITH"},{"data":"Streamline","floor":40,"key":"SMITH"},{"data":"Buffer","floor":49,"key":"SMITH"}],"circlet_count":0,"master_deck":["Strike_B","Strike_B","Strike_B","Defend_B","Defend_B","Defend_B+1","Defend_B","Reprogram+1","Seek+1","Sunder+1","Streamline","Streamline+1","Machine Learning","FTL+1","Enlightenment+1","Master of Strategy+1","Necronomicurse","Buffer+1","Gash","Buffer+1","Melter+1","Rebound","Beam Cell","Meteor Strike","FTL+1"],"relics":["Cracked Core","Golden Idol","Pen Nib","War Paint","Bag of Marbles","Strange Spoon","Darkstone Periapt","Necronomicon","White Beast Statue","MutagenicStrength","Blood Vial","Letter Opener","Juzu Bracelet","Empty Cage","TungstenRod","Boot","Vajra","Orichalcum"],"acts_visited":["Exordium","TheCity","TheBeyond"],"potions_floor_usage":[6,12,13,16,28,33,33,33,41],"damage_taken":[{"damage":2,"enemies":"Jaw Worm","floor":1,"turns":4},{"damage":13,"enemies":"Small Slimes","floor":2,"turns":3},{"damage":4,"enemies":"3 Sentries","floor":6,"turns":2},{"damage":0,"enemies":"Gremlin Nob","floor":8,"turns":2},{"damage":0,"enemies":"2 Louse","floor":11,"turns":1},{"damage":0,"enemies":"Blue Slaver","floor":12,"turns":1},{"damage":0,"enemies":"3 Sentries","floor":13,"turns":4},{"damage":3,"enemies":"Red Slaver","floor":14,"turns":4},{"damage":15,"enemies":"Hexaghost","floor":16,"turns":9},{"damage":8,"enemies":"Chosen","floor":18,"turns":6},{"damage":26,"enemies":"Slavers","floor":24,"turns":5},{"damage":0,"enemies":"Shell Parasite","floor":25,"turns":1},{"damage":5,"enemies":"Snecko","floor":28,"turns":3},{"damage":0,"enemies":"Gremlin Leader","floor":30,"turns":3},{"damage":0,"enemies":"Snake Plant","floor":31,"turns":1},{"damage":15,"enemies":"Automaton","floor":33,"turns":4},{"damage":10,"enemies":"3 Darklings","floor":35,"turns":5},{"damage":7,"enemies":"Orb Walker","floor":36,"turns":3},{"damage":10,"enemies":"Sphere and 2 Shapes","floor":39,"turns":3},{"damage":0,"enemies":"Reptomancer","floor":41,"turns":1},{"damage":11,"enemies":"Nemesis","floor":44,"turns":5},{"damage":0,"enemies":"Jaw Worm Horde","floor":46,"turns":3},{"damage":74,"enemies":"Awakened One","floor":50,"turns":9}],"seed_played":"1079473831191970673","potions_obtained":[{"floor":2,"key":"SkillPotion"},{"floor":6,"key":"SpeedPotion"},{"floor":8,"key":"AttackPotion"},{"floor":12,"key":"AttackPotion"},{"floor":24,"key":"Dexterity Potion"},{"floor":25,"key":"Fruit Juice"},{"floor":28,"key":"FocusPotion"},{"floor":30,"key":"Block Potion"},{"floor":31,"key":"AttackPotion"},{"floor":33,"key":"FairyPotion"},{"floor":35,"key":"Fire Potion"},{"floor":36,"key":"PotionOfCapacity"},{"floor":39,"key":"Energy Potion"},{"floor":41,"key":"FearPotion"},{"floor":46,"key":"FairyPotion"}],"is_trial":false,"path_per_floor":["M","M","?","?","?","E","R","E","T","$","M","M","E","M","R","B",null,"M","$","?","?","?","R","E","M","T","R","M","R","E","M","R","B",null,"M","M","?","$","M","R","E","?","T","E","$","M","?","$","R","B",null],"character_chosen":"DEFECT","items_purchased":["Sunder","Strange Spoon","Enlightenment","Master of Strategy","TungstenRod","Meteor Strike"],"campfire_rested":0,"item_purchase_floors":[10,10,19,19,38,45],"current_hp_per_floor":[73,60,49,29,22,18,18,18,18,18,18,18,18,15,15,67,78,70,70,60,66,66,66,40,42,42,42,44,44,46,48,48,35,83,75,70,70,70,62,62,64,109,109,98,98,100,106,106,106,34],"gold":23,"neow_bonus":"TEN_PERCENT_HP_BONUS","is_daily":false,"chose_seed":false,"campfire_upgraded":8,"win_rate":0.0,"timestamp":1611362904,"path_taken":["M","M","?","?","?","E","R","E","T","?","?","M","E","?","R","BOSS","M","$","?","?","?","R","E","M","T","R","M","R","E","M","R","BOSS","M","M","?","$","M","R","E","?","T","E","?","M","?","$","R","BOSS"],"items_purchased_type":["Card","Relic","Card","Card","Relic","Card"],"build_version":"2020-12-22","purchased_purges":4,"victory":true,"max_hp_per_floor":[82,82,82,82,82,82,82,82,82,82,82,82,82,82,82,82,82,82,82,88,94,94,94,94,94,94,94,99,99,99,99,99,99,99,99,99,99,99,99,99,99,109,109,109,109,109,115,115,115,115],"card_choices":[{"not_picked":["Go for the Eyes","Coolheaded"],"picked":"Darkness","floor":1},{"not_picked":["Rebound","Defragment"],"picked":"Reprogram","floor":2},{"not_picked":["Reinforced Body","Gash"],"picked":"Seek","floor":6},{"not_picked":["Barrage","Coolheaded","Stack"],"picked":"SKIP","floor":8},{"not_picked":["Hyperbeam","Rebound"],"picked":"Streamline","floor":11},{"not_picked":["Coolheaded","Self Repair"],"picked":"Streamline","floor":12},{"not_picked":["Stack","Barrage","Static Discharge"],"picked":"SKIP","floor":13},{"not_picked":["Sweeping Beam","Conserve Battery","Steam"],"picked":"SKIP","floor":14},{"not_picked":["Creative AI","Buffer"],"picked":"Machine Learning","floor":16},{"not_picked":["Self Repair","Force Field"],"picked":"FTL+1","floor":18},{"not_picked":["Auto Shields+1","Scrape","Coolheaded"],"picked":"SKIP","floor":24},{"not_picked":["Coolheaded","Go for the Eyes","Leap"],"picked":"SKIP","floor":25},{"not_picked":["Turbo","Go for the Eyes","Scrape"],"picked":"SKIP","floor":28},{"not_picked":["Hologram","Cold Snap"],"picked":"Buffer","floor":30},{"not_picked":["Steam","Compile Driver"],"picked":"Gash","floor":31},{"not_picked":["Electrodynamics","Amplify"],"picked":"Buffer","floor":33},{"not_picked":["Steam+1","Coolheaded"],"picked":"Melter+1","floor":35},{"not_picked":["Capacitor","Turbo+1"],"picked":"Rebound","floor":36},{"not_picked":["Scrape","Chaos+1"],"picked":"Beam Cell","floor":39},{"not_picked":["Auto Shields+1","Rip and Tear+1"],"picked":"Buffer","floor":41},{"not_picked":["Doom and Gloom","Rebound+1","Glacier"],"picked":"SKIP","floor":44},{"not_picked":["Beam Cell","Go for the Eyes"],"picked":"FTL+1","floor":46}],"player_experience":271333,"relics_obtained":[{"floor":6,"key":"War Paint"},{"floor":8,"key":"Bag of Marbles"},{"floor":13,"key":"Darkstone Periapt"},{"floor":20,"key":"Necronomicon"},{"floor":24,"key":"Blood Vial"},{"floor":26,"key":"Letter Opener"},{"floor":30,"key":"Juzu Bracelet"},{"floor":41,"key":"Boot"},{"floor":43,"key":"Vajra"},{"floor":44,"key":"Orichalcum"}],"event_choices":[{"damage_healed":0,"gold_gain":75,"player_choice":"Gather Gold","damage_taken":11,"max_hp_gain":0,"max_hp_loss":0,"event_name":"World of Goop","floor":3,"gold_loss":0},{"damage_healed":0,"gold_gain":0,"player_choice":"Take Damage","damage_taken":20,"relics_obtained":["Golden Idol"],"max_hp_gain":0,"max_hp_loss":0,"event_name":"Golden Idol","floor":4,"gold_loss":0},{"damage_healed":0,"gold_gain":0,"player_choice":"Success","damage_taken":7,"relics_obtained":["Pen Nib"],"max_hp_gain":0,"max_hp_loss":0,"event_name":"Scrap Ooze","floor":5,"gold_loss":0},{"damage_healed":0,"gold_gain":0,"player_choice":"Obtained Book","damage_taken":16,"max_hp_gain":0,"max_hp_loss":0,"event_name":"Cursed Tome","floor":20,"gold_loss":0},{"damage_healed":0,"gold_gain":0,"player_choice":"Stole Relic","damage_taken":0,"relics_obtained":["White Beast Statue"],"max_hp_gain":0,"max_hp_loss":0,"event_name":"Addict","floor":21,"gold_loss":0,"cards_obtained":["Shame"]},{"damage_healed":0,"gold_gain":0,"player_choice":"Inject Mutagens","damage_taken":0,"relics_obtained":["MutagenicStrength"],"max_hp_gain":0,"max_hp_loss":0,"event_name":"Drug Dealer","floor":22,"gold_loss":0},{"damage_healed":0,"gold_gain":0,"player_choice":"Ignored","damage_taken":0,"max_hp_gain":0,"max_hp_loss":0,"event_name":"SecretPortal","floor":37,"gold_loss":0},{"cards_removed":["Buffer"],"damage_healed":35,"gold_gain":0,"player_choice":"Offered Rare","damage_taken":0,"max_hp_gain":10,"max_hp_loss":0,"event_name":"Bonfire Elementals","floor":42,"gold_loss":0},{"damage_healed":0,"gold_gain":0,"player_choice":"Cursed","damage_taken":0,"max_hp_gain":0,"max_hp_loss":0,"event_name":"Wheel of Change","floor":47,"gold_loss":0,"cards_obtained":["Decay"]}],"is_beta":false,"boss_relics":[{"not_picked":["Velvet Choker","Snecko Eye","Fusion Hammer"]},{"not_picked":["Runic Dome","Coffee Dripper"],"picked":"Empty Cage"}],"items_purged_floors":[10,10,10,48],"is_endless":false,"potions_floor_spawned":[2,6,8,12,24,25,28,30,31,33,35,36,39,41,44,46],"ascension_level":6}}