{"host":"5ezk7t18wcb10u1o","time":1611406195,"event":{"mods":["BaseMod","Bestiary","Colored Powertips","Minty Spire (QoL Compilation)","Relic Sorter"],"gold_per_floor":[112,112,112,130,146,190,190,265,290,290,440,470,338,359,359,359,359],"floor_reached":16,"language":"ENG","playtime":662,"items_purged":["Doubt"],"score":196,"play_id":"f3ea7236-77fa-4c2c-9a04-9418e8cb555c","local_time":"20210123124955","is_ascension_mode":true,"campfire_choices":[{"floor":7,"key":"REST"},{"floor":10,"key":"REST"},{"floor":15,"key":"REST"}],"circlet_count":0,"master_deck":["AscendersBane","Strike_B","Strike_B","Strike_B","Strike_B","Defend_B","Defend_B","Defend_B","Defend_B","Zap","Dualcast","Reinforced Body","Injury","Hologram","Consume","Leap","Steam","Sweeping Beam"],"relics":["Cracked Core","Golden Idol","Potion Belt","Nunchaku","Odd Mushroom"],"acts_visited":["Exordium"],"potions_floor_usage":[6,16,16],"damage_taken":[{"damage":14,"enemies":"Jaw Worm","floor":1,"turns":4},{"damage":8,"enemies":"Small Slimes","floor":4,"turns":4},{"damage":1,"enemies":"2 Louse","floor":5,"turns":3},{"damage":43,"enemies":"Gremlin Nob","floor":6,"turns":5},{"damage":29,"enemies":"The Mushroom Lair","floor":12,"turns":6},{"damage":11,"enemies":"Looter","floor":14,"turns":3},{"damage":44,"enemies":"Slime Boss","floor":16,"turns":8}],"seed_played":"8890145298045515548","potions_obtained":[{"floor":1,"key":"DuplicationPotion"},{"floor":12,"key":"SpeedPotion"},{"floor":14,"key":"Fire Potion"}],"is_trial":false,"path_per_floor":["M","?","?","M","M","E","R","?","T","R","?","?","$","M","R","B"],"character_chosen":"DEFECT","items_purchased":["Block Potion"],"campfire_rested":3,"item_purchase_floors":[13],"current_hp_per_floor":[57,57,62,54,53,10,34,23,23,47,47,18,18,7,31,0,0],"gold":359,"neow_bonus":"TEN_PERCENT_HP_BONUS","is_daily":false,"chose_seed":false,"campfire_upgraded":0,"win_rate":0.0,"timestamp":1611406195,"path_taken":["M","?","?","M","M","E","R","?","T","R","?","?","$","M","R","BOSS"],"items_purchased_type":["Potion"],"build_version":"2020-12-22","purchased_purges":1,"victory":false,"max_hp_per_floor":[78,78,83,83,83,83,83,83,83,83,83,83,83,83,83,83,83],"card_choices":[{"not_picked":["Reprogram","Cold Snap"],"picked":"Reinforced Body","floor":1},{"not_picked":["Compile Driver","Skim"],"picked":"Hologram","floor":4},{"not_picked":["Recycle","Stack"],"picked":"Consume","floor":5},{"not_picked":["Skim","Reboot"],"picked":"Leap","floor":6},{"not_picked":["Beam Cell","Leap"],"picked":"Steam","floor":12},{"not_picked":["Hologram","Barrage"],"picked":"Sweeping Beam","floor":14}],"player_experience":1160413,"relics_obtained":[{"floor":6,"key":"Potion Belt"},{"floor":9,"key":"Nunchaku"},{"floor":12,"key":"Odd Mushroom"}],"event_choices":[{"damage_healed":0,"gold_gain":0,"player_choice":"Take Wound","damage_taken":0,"relics_obtained":["Golden Idol"],"max_hp_gain":0,"max_hp_loss":0,"event_name":"Golden Idol","floor":2,"gold_loss":0,"cards_obtained":["Injury"]},{"damage_healed":0,"gold_gain":0,"player_choice":"Donut","damage_taken":0,"max_hp_gain":5,"max_hp_loss":0,"event_name":"Big Fish","floor":3,"gold_loss":0},{"damage_healed":0,"gold_gain":75,"player_choice":"Gather Gold","damage_taken":11,"max_hp_gain":0,"max_hp_loss":0,"event_name":"World of Goop","floor":8,"gold_loss":0},{"damage_healed":0,"gold_gain":150,"player_choice":"AGREE","damage_taken":0,"max_hp_gain":0,"max_hp_loss":0,"event_name":"Liars Game","floor":11,"gold_loss":0,"cards_obtained":["Doubt"]},{"damage_healed":0,"gold_gain":0,"player_choice":"Fought Mushrooms","damage_taken":0,"max_hp_gain":0,"max_hp_loss":0,"event_name":"Mushrooms","floor":12,"gold_loss":0}],"is_beta":false,"boss_relics":[],"items_purged_floors":[13],"is_endless":false,"potions_floor_spawned":[1,12,14],"killed_by":"Slime Boss","ascension_level":20}}