{"host":"fmb9x04chdot191d","time":1611387418,"event":{"mods":["2.2 Compatiblity","AchievementEnabler","BaseMod","BetterRewards","Colored Map","Downfall","Hermit","Highlight Path","Marisa（霧雨　魔理沙）","Minty Spire (QoL Compilation)","Permanent Neow","Quick Restart","Rare Cards Sparkle","StSLib","The Servant 0.9.4","[IsaacMod]以撒尖塔"],"gold_per_floor":[114,114,125,142,153,181,181,181,181,213,263,263,294,311,311,412,412,431,346,365,379,162,162,181,181,231,243,342,342,358,377,377,477,477,490,490,490],"floor_reached":36,"language":"ENG","playtime":1979,"items_purged":["Defend_B"],"score":480,"play_id":"d0de1356-3410-4ee0-8dd7-463a028f709c","local_time":"20210123203658","is_ascension_mode":true,"campfire_choices":[{"floor":8,"key":"REST"},{"floor":12,"key":"REST"},{"data":"Dualcast","floor":15,"key":"SMITH"},{"floor":23,"key":"REST"},{"floor":29,"key":"REST"},{"floor":32,"key":"REST"}],"circlet_count":0,"master_deck":["Strike_B","Strike_B","Strike_B","Defend_B","Defend_B","Defend_B","Zap","Dualcast+1","Genetic Algorithm+1","Conserve Battery","Beam Cell","Turbo","Seek","Reinforced Body","Darkness","FTL","Seek","Ball Lightning+1","Ball Lightning+1","Barrage+1","Biased Cognition","Pulse","Defragment+1","All For One","Thunder Strike","Defragment","Double Energy"],"relics":["Cracked Core","HushsDoor","D6","DeadEye","Sundial","Bag of Preparation","GuppysPaw","Mercury Hourglass","Potion Belt","Vajra","Inserter","BookOfRevelations","Enchiridion","Lantern","Velvet Choker"],"acts_visited":["Exordium","TheCity","TheBeyond"],"potions_floor_usage":[6,11,11,30,36],"damage_taken":[{"damage":6,"enemies":"2 Louse","floor":1,"turns":2},{"damage":0,"enemies":"Small Slimes","floor":3,"turns":3},{"damage":0,"enemies":"Cultist","floor":4,"turns":3},{"damage":5,"enemies":"2 Fungi Beasts","floor":5,"turns":4},{"damage":23,"enemies":"3 Sentries","floor":6,"turns":9},{"damage":14,"enemies":"Lagavulin","floor":10,"turns":6},{"damage":6,"enemies":"Hiden Room Battle","floor":11,"turns":8},{"damage":2,"enemies":"3 Sentries","floor":13,"turns":6},{"damage":0,"enemies":"Exordium Thugs","floor":14,"turns":2},{"damage":4,"enemies":"The Guardian","floor":16,"turns":10},{"damage":20,"enemies":"Shell Parasite","floor":18,"turns":7},{"damage":0,"enemies":"Chosen","floor":20,"turns":4},{"damage":31,"enemies":"Centurion and Healer","floor":21,"turns":7},{"damage":0,"enemies":"Sentry and Sphere","floor":24,"turns":3},{"damage":0,"enemies":"Shelled Parasite and Fungi","floor":27,"turns":3},{"damage":19,"enemies":"Snake Plant","floor":30,"turns":1},{"damage":0,"enemies":"Cultist and Chosen","floor":31,"turns":3},{"damage":0,"enemies":"Automaton","floor":33,"turns":7},{"damage":0,"enemies":"3 Shapes","floor":35,"turns":2},{"damage":18,"enemies":"3 Darklings","floor":36,"turns":3}],"seed_played":"-6465637400876347625","potions_obtained":[{"floor":1,"key":"GamblersBrew"},{"floor":3,"key":"PowerPotion"},{"floor":5,"key":"Dexterity Potion"},{"floor":6,"key":"Regen Potion"},{"floor":14,"key":"PowerPotion"},{"floor":16,"key":"FearPotion"},{"floor":24,"key":"AttackPotion"},{"floor":27,"key":"PowerPotion"},{"floor":30,"key":"PowerPotion"}],"is_trial":false,"path_per_floor":["M","?","M","M","M","E","?","R","T","E","?","R","E","M","R","B",null,"M","?","M","M","$","R","M","?","T","M","?","R","M","M","R","B",null,"M","M"],"character_chosen":"DEFECT","items_purchased":["Biased Cognition","Thunder Strike","Defragment","Double Energy"],"campfire_rested":5,"item_purchase_floors":[22,34,34,34],"current_hp_per_floor":[69,69,69,69,64,41,23,45,45,31,25,47,45,45,45,41,75,55,55,55,24,24,46,46,30,30,30,30,52,33,33,55,55,65,65,47,47],"gold":490,"neow_bonus":"REMOVE_CARD","is_daily":false,"chose_seed":false,"campfire_upgraded":1,"win_rate":0.0,"timestamp":1611387418,"path_taken":["M","?","M","M","?","E","?","R","T","E","?","R","E","M","R","BOSS","M","?","M","?","$","R","M","?","T","M","?","R","?","M","R","BOSS","M","M"],"items_purchased_type":["Card","Card","Card","Card"],"build_version":"2020-12-22","purchased_purges":1,"victory":false,"max_hp_per_floor":[75,75,75,75,75,75,75,75,75,75,75,75,75,75,75,75,75,75,75,75,75,75,75,75,75,75,75,75,75,75,75,75,75,65,65,65,65],"card_choices":[{"not_picked":["Redo","Steam Power"],"picked":"Genetic Algorithm","floor":1},{"not_picked":["Ball Lightning","Coolheaded"],"picked":"Conserve Battery","floor":3},{"not_picked":["Hologram","Distribution"],"picked":"Beam Cell","floor":4},{"not_picked":["Barrage","Steam"],"picked":"Turbo","floor":5},{"not_picked":["Steam Power","Streamline"],"picked":"Seek","floor":6},{"not_picked":["Fusion","Sunder"],"picked":"Reinforced Body","floor":10},{"not_picked":["Chaos","White Noise"],"picked":"Darkness","floor":11},{"not_picked":["Coolheaded","Reinforced Body"],"picked":"Bomb","floor":13},{"not_picked":["White Noise","Hologram"],"picked":"FTL","floor":14},{"not_picked":["Core Surge","Amplify"],"picked":"Seek","floor":16},{"not_picked":["Streamline","Cold Snap"],"picked":"Ball Lightning+1","floor":18},{"not_picked":["Gash","Go for the Eyes"],"picked":"Ball Lightning+1","floor":20},{"not_picked":["Melter","Rebound"],"picked":"Barrage+1","floor":21},{"not_picked":["Ball Lightning","Coolheaded"],"picked":"Pulse","floor":24},{"not_picked":["Core Surge","Force Field","Undo+1"],"picked":"SKIP","floor":27},{"not_picked":["Cold Snap","White Noise"],"picked":"Defragment+1","floor":30},{"not_picked":["Stack","Leap","Conserve Battery"],"picked":"SKIP","floor":31},{"not_picked":["Seek","Core Surge"],"picked":"All For One","floor":33},{"not_picked":["Hologram+1","Barrage","Rebound"],"picked":"SKIP","floor":35}],"player_experience":46833,"relics_obtained":[{"floor":6,"key":"DeadEye"},{"floor":9,"key":"Bag of Preparation"},{"floor":10,"key":"GuppysPaw"},{"floor":11,"key":"Mercury Hourglass"},{"floor":11,"key":"Potion Belt"},{"floor":13,"key":"Vajra"},{"floor":25,"key":"Enchiridion"},{"floor":26,"key":"Lantern"}],"event_choices":[{"damage_healed":0,"gold_gain":0,"player_choice":"Grow","damage_taken":0,"max_hp_gain":0,"max_hp_loss":0,"event_name":"Living Wall","floor":2,"gold_loss":0,"cards_upgraded":["Genetic Algorithm"]},{"damage_healed":0,"gold_gain":0,"player_choice":"Success","damage_taken":18,"relics_obtained":["Sundial"],"max_hp_gain":0,"max_hp_loss":0,"event_name":"Scrap Ooze","floor":7,"gold_loss":0},{"damage_healed":0,"gold_gain":0,"player_choice":"Fight","damage_taken":0,"max_hp_gain":0,"max_hp_loss":0,"event_name":"HidenRoomEvent","floor":11,"gold_loss":0},{"damage_healed":0,"gold_gain":0,"player_choice":"Obtained Relic","damage_taken":0,"relics_obtained":["BookOfRevelations"],"max_hp_gain":0,"max_hp_loss":0,"event_name":"Addict","floor":19,"gold_loss":85},{"damage_healed":0,"gold_gain":0,"player_choice":"Obtained Book","damage_taken":16,"max_hp_gain":0,"max_hp_loss":0,"event_name":"Cursed Tome","floor":25,"gold_loss":0},{"damage_healed":0,"gold_gain":99,"player_choice":"Stole From Cult","damage_taken":0,"max_hp_gain":0,"max_hp_loss":0,"event_name":"Nest","floor":28,"gold_loss":0}],"is_beta":false,"boss_relics":[{"not_picked":["Philosopher\u0027s Stone","Snecko Eye"],"picked":"Inserter"},{"not_picked":[]},{"not_picked":["FrozenCore","Cursed Key"],"picked":"Velvet Choker"},{"not_picked":[]}],"items_purged_floors":[22],"is_endless":false,"potions_floor_spawned":[1,3,5,6,14,16,24,27,30],"killed_by":"3 Darklings","ascension_level":2}}