{"host":"vc42n08di9czm3e7","time":1611368990,"event":{"mods":["AchievementEnabler","Act Like it!","BaseMod","Colored Powertips","Downfall","Friendly Minions","GifTheSpireLib","Minty Spire (QoL Compilation)","Quick Restart","Rare Cards Sparkle","StSLib"],"gold_per_floor":[99,99,99,99,109,9,36,54,154,154,171,171,187,222,254,368,430,442,467,489,351,363,204,204,214,214,249,149,167,182,27,40,40,40,40],"floor_reached":33,"language":"ENG","playtime":2088,"items_purged":["champ:Defend","champ:Strike"],"score":342,"play_id":"79d3678a-a887-440a-b8c6-c74cd5fdd113","local_time":"20210122212950","is_ascension_mode":false,"campfire_choices":[{"floor":1.0,"key":"RECALL"},{"data":"champ:BringItOn","floor":6.0,"key":"SMITH"},{"data":"champ:FlashCut","floor":10.0,"key":"SMITH"},{"data":"champ:Taunt","floor":18.0,"key":"SMITH"},{"data":"champ:UltimateStance","floor":28.0,"key":"SMITH"}],"circlet_count":0,"master_deck":["champ:Strike+1","champ:Strike+1","champ:Defend","champ:Defend","champ:Defend","champ:Execute","champ:Taunt+1","champ:BringItOn+1","champ:EnGarde","champ:Duel","champ:ShieldSigil","champ:FlashCut+1","champ:Devastate","champ:FlashCut","champ:CalledShot","champ:GutPunch","champ:ViciousMockery","champ:DefensiveShout+1","champ:UltimateStance+1","champ:PreciseThrust","champ:ShieldWall","champ:TornadoPunch","champ:DefensiveShout+1","champ:StanceDance","Ghostly","champ:StrikeOfGenius","champ:IronFortress","champ:BringItOn","champ:DefensiveShout+1","champ:GutPunch","champ:CalledShot+1","champ:Shatter+1","champ:EnGarde+1","champ:Circumvent","champ:IgnorePain","champ:RisingSlash","champ:RageSigil","champ:ArenaPreparation+1"],"relics":["champ:ChampionCrown","downfall:HeartsMalice","downfall:HeartBlessingRed","Whetstone","Prayer Wheel","MawBank","Tiny House","Lantern","downfall:HeartBlessingBlue"],"acts_visited":["Exordium","TheCity"],"potions_floor_usage":[33,33],"damage_taken":[{"damage":0.0,"enemies":"2 Louse","floor":2.0,"turns":1.0},{"damage":0.0,"enemies":"Jaw Worm","floor":3.0,"turns":1.0},{"damage":0.0,"enemies":"Small Slimes","floor":4.0,"turns":1.0},{"damage":20.0,"enemies":"Exordium Wildlife","floor":5.0,"turns":5.0},{"damage":40.0,"enemies":"3 Louse","floor":8.0,"turns":4.0},{"damage":12.0,"enemies":"Blue Slaver","floor":11.0,"turns":3.0},{"damage":10.0,"enemies":"3 Louse","floor":13.0,"turns":3.0},{"damage":0.0,"enemies":"Gremlin Nob","floor":14.0,"turns":3.0},{"damage":0.0,"enemies":"2 Fungi Beasts","floor":15.0,"turns":2.0},{"damage":38.0,"enemies":"IC_STATUS_ARCHETYPE","floor":16.0,"turns":5.0},{"damage":2.0,"enemies":"Chosen","floor":19.0,"turns":3.0},{"damage":50.0,"enemies":"Shelled Parasite and Fungi","floor":20.0,"turns":5.0},{"damage":2.0,"enemies":"downfall:FleeingMerchant","floor":23.0,"turns":4.0},{"damage":17.0,"enemies":"Snecko","floor":25.0,"turns":4.0},{"damage":61.0,"enemies":"Book of Stabbing","floor":27.0,"turns":6.0},{"damage":18.0,"enemies":"Chosen and Byrds","floor":29.0,"turns":5.0},{"damage":37.0,"enemies":"Centurion and Healer","floor":30.0,"turns":7.0},{"damage":14,"enemies":"downfall:FleeingMerchant","floor":31,"turns":4},{"damage":50,"enemies":"Snake Plant","floor":32,"turns":6},{"damage":75,"enemies":"DF_ARCHETYPE_CLAW","floor":33,"turns":8}],"seed_played":"995514973224974050","potions_obtained":[{"floor":5.0,"key":"LiquidMemories"},{"floor":8.0,"key":"hexamod:SoulburnPotion"},{"floor":11.0,"key":"FairyPotion"},{"floor":16.0,"key":"Weak Potion"},{"floor":17.0,"key":"SpeedPotion"},{"floor":19.0,"key":"champ:UltimateStancePotion"},{"floor":32,"key":"ColorlessPotion"}],"is_trial":false,"path_per_floor":["R","M","M","M","M","R","T","M","?","R","M","?","M","E","M","B",null,"R","M","M","?","?","$","T","M","?","E","R","M","M","$","M","B"],"character_chosen":"THE_CHAMP","items_purchased":["champ:IronFortress","champ:BringItOn","champ:RisingSlash"],"campfire_rested":0,"item_purchase_floors":[23,23,31],"current_hp_per_floor":[90,90,90,90,90,90,90,80,80,80,68,61,61,61,61,33,95,95,93,63,63,63,61,61,59,59,53,63,60,53,64,44,0,0,0],"gold":40,"neow_bonus":"THREE_ENEMY_KILL","is_daily":false,"chose_seed":false,"campfire_upgraded":4,"win_rate":0.0,"timestamp":1611368990,"path_taken":["R","M","M","M","M","R","T","M","?","R","M","?","M","E","M","BOSS","R","M","M","?","?","$","T","M","?","E","R","?","M","$","M","BOSS"],"items_purchased_type":["Card","Card","Card"],"build_version":"2020-12-22","purchased_purges":2,"victory":false,"max_hp_per_floor":[90,90,90,90,90,90,90,90,90,90,90,90,90,90,90,90,95,95,95,95,95,95,95,95,95,95,95,105,105,105,105,105,105,105,105],"card_choices":[{"not_picked":["champ:TornadoPunch","champ:Lariat"],"picked":"champ:BringItOn","floor":2.0},{"not_picked":["champ:DefensiveStyle","champ:Backstep"],"picked":"champ:EnGarde","floor":3.0},{"not_picked":["champ:CrookedStrike","champ:Haymaker"],"picked":"champ:Duel","floor":4.0},{"not_picked":["champ:DefensiveShout","champ:Circumvent"],"picked":"champ:ShieldSigil","floor":5.0},{"not_picked":["champ:BladeFlurry","champ:Duel"],"picked":"champ:FlashCut","floor":8.0},{"not_picked":["champ:RecklessLeap","champ:HeartStrike"],"picked":"champ:Devastate","floor":11.0},{"not_picked":["champ:BladeFlurry","champ:Shatter"],"picked":"champ:FlashCut","floor":13.0},{"not_picked":["champ:Haymaker","champ:EnGarde"],"picked":"champ:CalledShot","floor":13.0},{"not_picked":["champ:Circumvent","champ:GladiatorStyle"],"picked":"champ:GutPunch","floor":14.0},{"not_picked":["champ:Backstep","champ:GladiatorStyle"],"picked":"champ:ViciousMockery","floor":15.0},{"not_picked":["champ:EnGarde","champ:Lariat"],"picked":"champ:DefensiveShout","floor":15.0},{"not_picked":["champ:MurderStrike","champ:HoldFirm"],"picked":"champ:UltimateStance","floor":16.0},{"not_picked":["champ:Circumvent","champ:EnGarde"],"picked":"champ:PreciseThrust","floor":17.0},{"not_picked":["champ:PerfectedStrike","champ:FocusedDefense"],"picked":"champ:ShieldWall","floor":19.0},{"not_picked":["champ:CrownThrow","champ:ShieldSlam+1"],"picked":"champ:TornadoPunch","floor":19.0},{"not_picked":["champ:GutPunch","champ:RecklessLeap"],"picked":"champ:DefensiveShout+1","floor":20.0},{"not_picked":["champ:ViciousMockery+1","champ:SkillfulDodge+1"],"picked":"champ:StanceDance","floor":20.0},{"not_picked":["champ:Parry","champ:FancyFootwork"],"picked":"champ:StrikeOfGenius","floor":23.0},{"not_picked":["champ:Duel+1","champ:TornadoPunch"],"picked":"champ:DefensiveShout+1","floor":25.0},{"not_picked":["champ:RapidStrikes","champ:FocusedBerserking+1"],"picked":"champ:GutPunch","floor":25.0},{"not_picked":["champ:AdrenalArmor","champ:Circumvent+1"],"picked":"champ:CalledShot+1","floor":27.0},{"not_picked":["champ:Backstep+1","champ:FlashCut"],"picked":"champ:Shatter+1","floor":29.0},{"not_picked":["champ:FocusedDefense+1","champ:Haymaker","champ:PerfectedStrike"],"picked":"SKIP","floor":29.0},{"not_picked":["champ:Backstep+1","champ:AdrenalArmor"],"picked":"champ:EnGarde+1","floor":30.0},{"not_picked":["champ:FocusedBerserking+1","champ:CrownThrow"],"picked":"champ:Circumvent","floor":30.0},{"not_picked":["champ:AdrenalArmor","champ:CrownThrow"],"picked":"champ:IgnorePain","floor":31},{"not_picked":["champ:Encircle+1","champ:TornadoPunch"],"picked":"champ:RageSigil","floor":32},{"not_picked":["champ:StanceDance","champ:IronFortress"],"picked":"champ:ArenaPreparation+1","floor":32}],"player_experience":295538,"relics_obtained":[{"floor":7.0,"key":"Whetstone"},{"floor":14.0,"key":"MawBank"},{"floor":27.0,"key":"Lantern"}],"event_choices":[{"damage_healed":0.0,"max_hp_gain":0.0,"max_hp_loss":0.0,"gold_gain":0.0,"event_name":"Scrap Ooze","player_choice":"Success","floor":12.0,"gold_loss":0.0,"damage_taken":7.0,"relics_obtained":["Prayer Wheel"]}],"is_beta":false,"boss_relics":[{"not_picked":["Velvet Choker","Calling Bell"],"picked":"Tiny House"}],"items_purged_floors":[23,31],"is_endless":false,"potions_floor_spawned":[5,8,11,13,16,19,25,32],"killed_by":"DF_ARCHETYPE_CLAW","ascension_level":0}}