{"host":"ymn6un3ro3vi042j","time":1611390653,"event":{"mods":["AchievementEnabler","Act Like it!","Aspiration","BaseMod","Bestiary","Better Match","Better Note","Better Skull","Better Third Choice","BetterRewards","Block Reminder","Colored Map","Colored Powertips","Conspire","Curses Come First","Dark Map","DeckTracker","Downfall","Energized Spire","Friendly Minions","GifTheSpireLib","Googly Eyes","Highlight Path","Mimic Mod","Minty Spire (QoL Compilation)","Poor People Problems","Quick Restart","Rare Cards Sparkle","Relic Stats","Spicy Shops","StSLib","SuperFastMode","Synergy Search","The IronCluck","Wandering Minibosses","everything is the same but u backflip on backflip","slay the spire mod where everything is the same but ironclad has a cowboy hat"],"gold_per_floor":[111,125,125,25,25,25,101,115,154,168,168,8,22,45,45,171,171,187,187,203,203,203,203],"floor_reached":22,"language":"ENG","playtime":1024,"items_purged":[],"score":176,"play_id":"0f5dd5a4-5a69-4c44-b7c8-057ad17f181a","local_time":"20210123003053","is_ascension_mode":false,"campfire_choices":[{"floor":6,"key":"REST"},{"floor":11,"key":"REST"},{"floor":15,"key":"REST"}],"circlet_count":0,"master_deck":["Strike_G","Strike_G","Strike_G","Strike_G","Strike_G","Defend_G","Defend_G","Defend_G","Defend_G","Defend_G","Survivor","Neutralize","Outmaneuver","Terror","Heatsinks","Ghostly","Injury","conspire:PoisonWeapons","Concentrate","Poisoned Stab","After Image","Bouncing Flask","Footwork","Bane","Bane","Bullet Time","Grand Finale","Clumsy","Dodge and Roll+1","Sucker Punch+1","Slimebound:CheckThePlaybook","downfall:Icky"],"relics":["Ring of the Snake","NeowsBlessing","Dream Catcher","Golden Idol","InkBottle","Ancient Tea Set","energizedSpire:HighHeels"],"acts_visited":["Exordium","TheCity"],"potions_floor_usage":[13,13,14,16,18,22],"damage_taken":[{"damage":0,"enemies":"conspire:RoseBush","floor":1,"turns":1},{"damage":0,"enemies":"2 Louse","floor":2,"turns":1},{"damage":0,"enemies":"Jaw Worm","floor":8,"turns":1},{"damage":13,"enemies":"Large Slime","floor":9,"turns":13},{"damage":26,"enemies":"Large Slime","floor":10,"turns":6},{"damage":8,"enemies":"Looter","floor":13,"turns":3},{"damage":33,"enemies":"Gremlin Gang","floor":14,"turns":5},{"damage":2,"enemies":"Hexaghost","floor":16,"turns":8},{"damage":23,"enemies":"2 Thieves","floor":18,"turns":5},{"damage":5,"enemies":"Chosen","floor":20,"turns":6},{"damage":46,"enemies":"conspire:MimicChest","floor":22,"turns":4}],"seed_played":"-6415306802947019520","potions_obtained":[{"floor":10,"key":"AttackPotion"},{"floor":13,"key":"Poison Potion"},{"floor":14,"key":"Swift Potion"},{"floor":16,"key":"Poison Potion"},{"floor":18,"key":"Poison Potion"},{"floor":20,"key":"DuplicationPotion"}],"is_trial":false,"path_per_floor":["M","M","?","?","?","R","T","M","MIM","M","R","$","M","M","R","B",null,"M","?","M","?","?"],"character_chosen":"THE_SILENT","items_purchased":["Footwork","SkillPotion"],"campfire_rested":3,"item_purchase_floors":[12,12],"current_hp_per_floor":[70,70,50,50,50,70,70,70,57,31,52,52,44,11,32,30,70,47,47,42,42,0,0],"gold":203,"neow_bonus":"THREE_ENEMY_KILL","is_daily":false,"chose_seed":false,"campfire_upgraded":0,"win_rate":0.0,"timestamp":1611390653,"path_taken":["M","?","?","?","?","R","?","M","MIM","M","R","$","M","M","R","BOSS","M","?","M","?","?"],"items_purchased_type":["Card","Potion"],"build_version":"2020-12-22","purchased_purges":0,"victory":false,"max_hp_per_floor":[70,70,70,70,70,70,70,70,70,70,70,70,70,70,70,70,70,70,70,70,70,70,70],"relic_stats":{"Dream Catcher":3,"counters":[11,53],"Golden Idol":60,"obtain_stats":[{"Dream Catcher":3,"NeowsBlessing":0,"Golden Idol":5,"Ancient Tea Set":9,"InkBottle":7,"energizedSpire:HighHeels":17,"Ring of the Snake":0},{"Dream Catcher":2,"NeowsBlessing":0,"Golden Idol":2,"Ancient Tea Set":4,"InkBottle":2,"energizedSpire:HighHeels":8,"Ring of the Snake":0},{"Dream Catcher":2,"NeowsBlessing":0,"Golden Idol":2,"Ancient Tea Set":16,"InkBottle":2,"energizedSpire:HighHeels":38,"Ring of the Snake":0}],"InkBottle":[14],"Ring of the Snake":[22]},"card_choices":[{"not_picked":["Dagger Spray","Backflip"],"picked":"Outmaneuver","floor":1},{"not_picked":["Deadly Poison","Masterful Stab"],"picked":"Terror","floor":2},{"not_picked":["Sucker Punch","Calculated Gamble"],"picked":"conspire:PoisonWeapons","floor":6},{"not_picked":["Eviscerate","Predator"],"picked":"Concentrate","floor":8},{"not_picked":["Distraction","Eviscerate"],"picked":"Poisoned Stab","floor":9},{"not_picked":["Choke","Flying Knee"],"picked":"After Image","floor":10},{"not_picked":["Outmaneuver","Poisoned Stab"],"picked":"Bouncing Flask","floor":11},{"not_picked":["Slice","Concentrate"],"picked":"Bane","floor":13},{"not_picked":["Concentrate","Skewer"],"picked":"Bane","floor":14},{"not_picked":["Slice","Dagger Spray"],"picked":"Bullet Time","floor":15},{"not_picked":["aspiration:Lunge","Doppelganger"],"picked":"Grand Finale","floor":16},{"not_picked":["Slice","Prepared"],"picked":"Dodge and Roll+1","floor":18},{"not_picked":["Accuracy","Dodge and Roll"],"picked":"Sucker Punch+1","floor":20}],"player_experience":49177,"relics_obtained":[{"floor":7,"key":"InkBottle"},{"floor":9,"key":"Ancient Tea Set"}],"event_choices":[{"damage_healed":0,"gold_gain":0,"player_choice":"Argue","damage_taken":0,"max_hp_gain":0,"max_hp_loss":0,"event_name":"conspire:LoneGhost","floor":4,"gold_loss":0},{"damage_healed":0,"gold_gain":0,"player_choice":"Take Wound","damage_taken":0,"relics_obtained":["Golden Idol"],"max_hp_gain":0,"max_hp_loss":0,"event_name":"Golden Idol","floor":5,"gold_loss":0,"cards_obtained":["Injury"]},{"damage_healed":0,"gold_gain":0,"player_choice":"Ignored","damage_taken":0,"max_hp_gain":0,"max_hp_loss":0,"event_name":"betterNote:BetterNote","floor":19,"gold_loss":0,"cards_obtained":["Defend_G"]}],"is_beta":false,"boss_relics":[{"not_picked":["aspiration:FutureDiary","aspiration:RunicSpoon"],"picked":"energizedSpire:HighHeels"}],"items_purged_floors":[],"is_endless":false,"potions_floor_spawned":[10,13,14,16,18,20],"killed_by":"conspire:MimicChest","ascension_level":0}}