{"host":"9tzam4717zt8ei1o","time":1611375277,"event":{"mods":["BaseMod","Colored Map","Keyboard Shortcuts","Minty Spire (QoL Compilation)","Quick Restart","StSLib","SuperFastMode"],"gold_per_floor":[119,119,119,143,143,143,187,201,281,306,327,277,298,66,66,66,190,190,208,123,123,164,89,89,123,137,160,200,200,234,250,265,265,395,395,414,429,651,248,311,355,374,397,474,497,8,26,26,42,42,42,42],"floor_reached":51,"language":"KOR","playtime":1763,"items_purged":["Strike_G","Defend_G","Defend_G"],"score":971,"play_id":"e363422b-38eb-4e93-9700-1f943236ed1f","local_time":"20210123131437","is_ascension_mode":true,"campfire_choices":[{"data":"Prepared","floor":6.0,"key":"SMITH"},{"data":"Eviscerate","floor":15.0,"key":"SMITH"},{"data":"Acrobatics","floor":16.0,"key":"SMITH"},{"floor":24,"key":"REST"},{"floor":29,"key":"REST"},{"data":"Neutralize","floor":33,"key":"SMITH"},{"data":"1","floor":48,"key":"LIFT"},{"floor":50,"key":"RECALL"}],"circlet_count":0,"master_deck":["AscendersBane","Defend_G","Defend_G","Defend_G","Survivor","Neutralize+1","Prepared+1","Acrobatics+1","Escape Plan","Dagger Spray","Poisoned Stab","Deadly Poison","Eviscerate+1","After Image","Acrobatics+1","Prepared+1","Footwork+1","Escape Plan","Deflect+1","A Thousand Cuts","Reflex"],"relics":["Ring of the Snake","NeowsBlessing","Golden Idol","Strawberry","Darkstone Periapt","Medical Kit","Empty Cage","Orichalcum","Red Mask","Pear","Lantern","Molten Egg 2","Letter Opener","Runic Dome","Girya","Potion Belt","TungstenRod"],"acts_visited":["Exordium","TheCity","TheBeyond"],"potions_floor_usage":[22,28,28],"damage_taken":[{"damage":0.0,"enemies":"2 Louse","floor":1.0,"turns":1.0},{"damage":0.0,"enemies":"Small Slimes","floor":4.0,"turns":1.0},{"damage":0.0,"enemies":"Lagavulin","floor":7.0,"turns":1.0},{"damage":1.0,"enemies":"Jaw Worm","floor":8.0,"turns":5.0},{"damage":16.0,"enemies":"3 Louse","floor":10.0,"turns":5.0},{"damage":9.0,"enemies":"Blue Slaver","floor":11.0,"turns":5.0},{"damage":19.0,"enemies":"Exordium Thugs","floor":13.0,"turns":6.0},{"damage":8.0,"enemies":"Hexaghost","floor":17.0,"turns":8.0},{"damage":3.0,"enemies":"3 Byrds","floor":19.0,"turns":5.0},{"damage":35,"enemies":"Masked Bandits","floor":22,"turns":6},{"damage":41,"enemies":"Gremlin Leader","floor":25,"turns":8},{"damage":14,"enemies":"2 Thieves","floor":26,"turns":4},{"damage":0,"enemies":"Slavers","floor":28,"turns":5},{"damage":6,"enemies":"Gremlin Leader","floor":30,"turns":6},{"damage":0,"enemies":"Centurion and Healer","floor":31,"turns":4},{"damage":1,"enemies":"Shelled Parasite and Fungi","floor":32,"turns":3},{"damage":10,"enemies":"Automaton","floor":34,"turns":9},{"damage":0,"enemies":"3 Darklings","floor":36,"turns":4},{"damage":0,"enemies":"3 Shapes","floor":37,"turns":3},{"damage":0,"enemies":"Mind Bloom Boss Battle","floor":40,"turns":5},{"damage":1,"enemies":"Nemesis","floor":41,"turns":7},{"damage":0,"enemies":"Transient","floor":42,"turns":5},{"damage":11,"enemies":"Spire Growth","floor":43,"turns":5},{"damage":0,"enemies":"Maw","floor":45,"turns":5},{"damage":0,"enemies":"3 Darklings","floor":47,"turns":2},{"damage":0,"enemies":"Jaw Worm Horde","floor":49,"turns":2},{"damage":79,"enemies":"Time Eater","floor":51,"turns":10}],"seed_played":"-9180832202435097725","potions_obtained":[{"floor":7.0,"key":"LiquidBronze"},{"floor":11.0,"key":"CunningPotion"},{"floor":13.0,"key":"Strength Potion"},{"floor":19.0,"key":"Strength Potion"},{"floor":22,"key":"SmokeBomb"},{"floor":26,"key":"Energy Potion"},{"floor":41,"key":"FearPotion"},{"floor":42,"key":"Swift Potion"},{"floor":43,"key":"EssenceOfSteel"},{"floor":45,"key":"Dexterity Potion"},{"floor":47,"key":"Regen Potion"}],"is_trial":false,"path_per_floor":["M","?","?","M","?","R","E","M","T","M","M","?","M","$","R","R","B",null,"M","?","?","?","$","R","E","M","T","E","R","E","M","M","R","B",null,"M","M","?","$","?","E","M","M","T","M","$","M","R","M","R","B"],"character_chosen":"THE_SILENT","items_purchased":["Eviscerate","Medical Kit","Girya","Reflex","TungstenRod"],"campfire_rested":2,"item_purchase_floors":[14,14,39,46,46],"current_hp_per_floor":[63,68,50,50,50,50,57,56,56,40,31,31,12,12,12,12,4,63,60,60,60,25,25,49,18,4,4,4,31,25,25,24,24,14,73,73,73,73,73,73,72,72,61,61,61,61,61,61,61,61,0,0],"gold":42,"neow_bonus":"THREE_ENEMY_KILL","is_daily":false,"chose_seed":false,"campfire_upgraded":4,"win_rate":0.0,"timestamp":1611375277,"path_taken":["M","?","?","M","?","R","E","M","T","M","M","?","M","$","R","R","BOSS","M","?","?","?","?","R","E","M","T","E","R","E","M","?","R","BOSS","M","M","?","$","?","E","M","M","T","M","$","M","R","M","R","BOSS"],"items_purchased_type":["Card","Relic","Relic","Card","Relic"],"build_version":"2020-12-22","purchased_purges":3,"victory":false,"max_hp_per_floor":[70,75,75,75,75,75,82,82,82,82,82,82,82,82,82,82,82,82,82,82,82,82,82,82,92,92,92,92,92,92,92,92,92,92,92,92,92,92,92,92,92,92,92,92,92,92,92,92,92,92,92,92],"card_choices":[{"not_picked":["Leg Sweep","Bane"],"picked":"Prepared","floor":1.0},{"not_picked":["Poisoned Stab","Reflex"],"picked":"Acrobatics","floor":4.0},{"not_picked":["PiercingWail","Cloak And Dagger"],"picked":"Escape Plan","floor":7.0},{"not_picked":["Setup","Concentrate","Bane"],"picked":"SKIP","floor":8.0},{"not_picked":["Slice","Dodge and Roll"],"picked":"Dagger Spray","floor":10.0},{"not_picked":["Concentrate","Dagger Spray"],"picked":"Poisoned Stab","floor":11.0},{"not_picked":["Slice","Footwork"],"picked":"Deadly Poison","floor":13.0},{"not_picked":["Burst","Envenom"],"picked":"After Image","floor":17.0},{"not_picked":["Setup","Deflect"],"picked":"Acrobatics+1","floor":19.0},{"not_picked":["Slice","Distraction"],"picked":"Prepared+1","floor":25},{"not_picked":["Blade Dance","Distraction+1","Quick Slash"],"picked":"SKIP","floor":26},{"not_picked":["Expertise","Predator+1"],"picked":"Footwork+1","floor":28},{"not_picked":["Die Die Die+1","Endless Agony+1","Underhanded Strike+1"],"picked":"SKIP","floor":30},{"not_picked":["Deadly Poison","Sucker Punch+1"],"picked":"Escape Plan","floor":31},{"not_picked":["Flying Knee+1","Deflect+1","Masterful Stab+1"],"picked":"SKIP","floor":32},{"not_picked":["Flying Knee+1","Masterful Stab+1"],"picked":"Deflect+1","floor":32},{"not_picked":["Dagger Throw+1","Dash+1","Finisher+1"],"picked":"SKIP","floor":36},{"not_picked":["Sucker Punch+1","Dodge and Roll","Backflip"],"picked":"SKIP","floor":37},{"not_picked":["Blade Dance","All Out Attack+1"],"picked":"A Thousand Cuts","floor":41},{"not_picked":["Dodge and Roll+1","Prepared+1","Cloak And Dagger+1"],"picked":"SKIP","floor":42},{"not_picked":["Finisher+1","Flying Knee+1","Bane+1"],"picked":"SKIP","floor":43},{"not_picked":["Dagger Throw+1","Dodge and Roll","Prepared"],"picked":"SKIP","floor":45},{"not_picked":["Dagger Spray+1","Backflip","Blade Dance+1"],"picked":"SKIP","floor":47},{"not_picked":["Backflip","Masterful Stab+1","Dagger Spray+1"],"picked":"SKIP","floor":49}],"player_experience":96800,"relics_obtained":[{"floor":7.0,"key":"Strawberry"},{"floor":9.0,"key":"Darkstone Periapt"},{"floor":22,"key":"Red Mask"},{"floor":25,"key":"Pear"},{"floor":27,"key":"Lantern"},{"floor":28,"key":"Molten Egg 2"},{"floor":30,"key":"Letter Opener"},{"floor":41,"key":"Potion Belt"}],"event_choices":[{"damage_healed":0.0,"max_hp_gain":5.0,"max_hp_loss":0.0,"gold_gain":0.0,"event_name":"Big Fish","player_choice":"Donut","floor":2.0,"gold_loss":0.0,"damage_taken":0.0},{"damage_healed":0.0,"max_hp_gain":0.0,"max_hp_loss":0.0,"gold_gain":0.0,"event_name":"Golden Idol","player_choice":"Take Damage","floor":3.0,"gold_loss":0.0,"damage_taken":18.0,"relics_obtained":["Golden Idol"]},{"cards_removed":["Strike_G"],"damage_healed":0.0,"max_hp_gain":0.0,"max_hp_loss":0.0,"gold_gain":0.0,"event_name":"Living Wall","player_choice":"Forget","floor":5.0,"gold_loss":0.0,"damage_taken":0.0},{"cards_removed":["Strike_G"],"damage_healed":0.0,"max_hp_gain":0.0,"max_hp_loss":0.0,"gold_gain":0.0,"event_name":"The Cleric","player_choice":"Card Removal","floor":12.0,"gold_loss":50.0,"damage_taken":0.0},{"damage_healed":0.0,"max_hp_gain":0.0,"max_hp_loss":0.0,"gold_gain":0.0,"event_name":"Addict","player_choice":"Obtained Relic","floor":20.0,"gold_loss":85.0,"damage_taken":0.0,"relics_obtained":["Orichalcum"]},{"damage_healed":0.0,"max_hp_gain":0.0,"max_hp_loss":0.0,"gold_gain":0.0,"event_name":"Vampires","player_choice":"Ignored","floor":21.0,"gold_loss":0.0,"damage_taken":0.0},{"damage_healed":0,"gold_gain":0,"player_choice":"Fought Bandits","damage_taken":0,"max_hp_gain":0,"max_hp_loss":0,"event_name":"Masked Bandits","floor":22,"gold_loss":0},{"damage_healed":0,"gold_gain":222,"player_choice":"Wore Mask","damage_taken":0,"max_hp_gain":0,"max_hp_loss":0,"event_name":"Tomb of Lord Red Mask","floor":38,"gold_loss":0},{"damage_healed":0,"gold_gain":0,"player_choice":"Fight","damage_taken":0,"max_hp_gain":0,"max_hp_loss":0,"event_name":"MindBloom","floor":40,"gold_loss":0}],"is_beta":false,"boss_relics":[{"not_picked":["Philosopher\u0027s Stone","Ectoplasm"],"picked":"Empty Cage"},{"not_picked":["Snecko Eye","Cursed Key"],"picked":"Runic Dome"}],"items_purged_floors":[23,39,46],"is_endless":false,"potions_floor_spawned":[7,11,13,19,22,26,41,42,43,45,47],"killed_by":"Time Eater","ascension_level":10}}