{"host":"63yhhrjweyj22b0v","time":1611431297,"event":{"mods":["BaseMod","Minty Spire (QoL Compilation)","Quick Restart"],"gold_per_floor":[113,113,20,32,32,58,75,106,130,149,0,18,18,38,38,138,138,153,171,171,171,190,190,216,216,287,287,299,299,312,329,329,424,424,434,449,69,69,84,84,84,84,133,144,144,73,73,83,83,83,83],"floor_reached":50,"language":"ENG","playtime":2002,"items_purged":["Defend_B+1"],"score":501,"play_id":"39ef29f4-8082-4b75-bb18-5d00c54a1731","local_time":"20210123134817","is_ascension_mode":false,"campfire_choices":[{"data":"White Noise","floor":13,"key":"SMITH"},{"data":"Rip and Tear","floor":15,"key":"SMITH"},{"data":"Multi-Cast","floor":23,"key":"SMITH"},{"floor":25,"key":"REST"},{"data":"Chaos","floor":27,"key":"SMITH"},{"data":"Beam Cell","floor":32,"key":"SMITH"},{"data":"Barrage","floor":40,"key":"SMITH"},{"floor":45,"key":"REST"},{"floor":47,"key":"RECALL"},{"data":"Reinforced Body","floor":49,"key":"SMITH"}],"circlet_count":0,"master_deck":["Strike_B+1","Strike_B+1","Strike_B+1","Strike_B+1","Defend_B+1","Defend_B+1","Defend_B+1","Zap+1","Dualcast","Reinforced Body+1","Self Repair","Conserve Battery","Ball Lightning","Auto Shields","Chaos+1","White Noise+1","Go for the Eyes","Beam Cell+1","Rip and Tear+1","Multi-Cast+1","Redo+1","Ball Lightning+1","Defragment+1","Chaos+1","Seek+1","Heatsinks+1","Barrage+1","Madness+1","Madness+1","Fusion+1","Lockon"],"relics":["Cracked Core","NeowsBlessing","Anchor","Toy Ornithopter","Dream Catcher","Bronze Scales","Inserter","Dead Branch","Toxic Egg 2","Busted Crown","Chemical X","Akabeko"],"acts_visited":["Exordium","TheCity","TheBeyond"],"potions_floor_usage":[14,16,21,24,31,39,44,44,44,48,48,48],"damage_taken":[{"damage":0,"enemies":"2 Louse","floor":1,"turns":1},{"damage":0,"enemies":"Jaw Worm","floor":4,"turns":1},{"damage":0,"enemies":"3 Sentries","floor":6,"turns":1},{"damage":0,"enemies":"Small Slimes","floor":7,"turns":4},{"damage":11,"enemies":"Lagavulin","floor":8,"turns":5},{"damage":1,"enemies":"3 Louse","floor":10,"turns":4},{"damage":0,"enemies":"Exordium Thugs","floor":12,"turns":4},{"damage":0,"enemies":"Gremlin Gang","floor":14,"turns":4},{"damage":18,"enemies":"Slime Boss","floor":16,"turns":10},{"damage":29,"enemies":"2 Thieves","floor":18,"turns":5},{"damage":0,"enemies":"Chosen","floor":19,"turns":4},{"damage":4,"enemies":"3 Cultists","floor":21,"turns":3},{"damage":4,"enemies":"Snake Plant","floor":22,"turns":3},{"damage":37,"enemies":"Slavers","floor":24,"turns":5},{"damage":11,"enemies":"Snecko","floor":28,"turns":4},{"damage":2,"enemies":"Shelled Parasite and Fungi","floor":30,"turns":5},{"damage":16,"enemies":"Cultist and Chosen","floor":31,"turns":5},{"damage":40,"enemies":"Champ","floor":33,"turns":8},{"damage":23,"enemies":"Orb Walker","floor":35,"turns":3},{"damage":0,"enemies":"3 Shapes","floor":36,"turns":3},{"damage":6,"enemies":"Jaw Worm Horde","floor":39,"turns":4},{"damage":33,"enemies":"Transient","floor":44,"turns":5},{"damage":0,"enemies":"Writhing Mass","floor":48,"turns":3},{"damage":84,"enemies":"Donu and Deca","floor":50,"turns":8}],"seed_played":"-3062944319111020067","potions_obtained":[{"floor":6,"key":"Energy Potion"},{"floor":10,"key":"SmokeBomb"},{"floor":14,"key":"Block Potion"},{"floor":19,"key":"Energy Potion"},{"floor":22,"key":"SpeedPotion"},{"floor":24,"key":"Fire Potion"},{"floor":31,"key":"BlessingOfTheForge"},{"floor":35,"key":"Explosive Potion"},{"floor":39,"key":"SteroidPotion"},{"floor":42,"key":"EntropicBrew"}],"is_trial":false,"path_per_floor":["M","?","$","M","?","E","M","E","T","M","$","M","R","M","R","B",null,"M","M","?","M","M","R","E","R","T","R","M","?","M","M","R","B",null,"M","M","$","?","M","R","?","?","T","M","R","$","R","M","R","B"],"character_chosen":"DEFECT","items_purchased":["Self Repair","Conserve Battery","Bronze Scales","Chemical X","Fruit Juice","Barrage","Lockon"],"campfire_rested":2,"item_purchase_floors":[3,3,11,37,37,37,46],"current_hp_per_floor":[75,68,68,68,68,68,75,71,71,75,75,75,75,75,75,64,75,53,60,60,68,64,64,39,61,61,61,57,75,75,66,66,33,75,52,59,59,59,70,70,60,60,60,49,73,73,73,80,80,0,0],"gold":83,"neow_bonus":"THREE_ENEMY_KILL","is_daily":false,"chose_seed":false,"campfire_upgraded":7,"win_rate":0.0,"timestamp":1611431297,"path_taken":["M","?","$","M","?","E","M","E","T","M","?","M","R","M","R","BOSS","M","M","?","M","M","R","E","R","T","R","M","?","?","?","R","BOSS","M","M","$","?","M","R","?","?","T","?","R","?","R","M","R","BOSS"],"items_purchased_type":["Card","Card","Relic","Relic","Potion","Card","Card"],"build_version":"2020-12-22","purchased_purges":1,"victory":false,"max_hp_per_floor":[75,75,75,75,75,75,75,75,75,75,75,75,75,75,75,75,75,75,75,75,75,75,75,75,75,75,75,75,75,75,75,75,75,75,75,75,75,75,80,80,80,80,80,80,80,80,80,80,80,80,80],"card_choices":[{"not_picked":["Go for the Eyes","Cold Snap"],"picked":"Reinforced Body","floor":1},{"not_picked":["Beam Cell","Sweeping Beam"],"picked":"Ball Lightning","floor":4},{"not_picked":["Streamline","Core Surge"],"picked":"Auto Shields","floor":6},{"not_picked":["Rebound","Steam"],"picked":"Chaos","floor":7},{"not_picked":["Redo","Steam Power"],"picked":"White Noise","floor":8},{"not_picked":["Hologram","Hello World"],"picked":"Go for the Eyes","floor":10},{"not_picked":["Steam","Hologram"],"picked":"Beam Cell","floor":12},{"not_picked":["Gash","Streamline"],"picked":"Rip and Tear","floor":14},{"not_picked":["Biased Cognition","Hyperbeam"],"picked":"Multi-Cast","floor":16},{"not_picked":["Cold Snap","Steam","Coolheaded"],"picked":"SKIP","floor":18},{"not_picked":["Stack","Cold Snap+1"],"picked":"Redo+1","floor":19},{"not_picked":["Rebound+1","Leap","Streamline"],"picked":"SKIP","floor":22},{"not_picked":["Cold Snap+1","Steam"],"picked":"Chaos","floor":24},{"not_picked":["Steam","Barrage"],"picked":"Ball Lightning+1","floor":25},{"not_picked":["Sweeping Beam","Gash","Leap+1"],"picked":"SKIP","floor":28},{"not_picked":["Hello World+1","Capacitor"],"picked":"Defragment+1","floor":30},{"not_picked":["Hyperbeam","Compile Driver"],"picked":"Chaos+1","floor":31},{"not_picked":["Core Surge","Reboot+1"],"picked":"Seek+1","floor":33},{"not_picked":["Sweeping Beam+1"],"picked":"SKIP","floor":35},{"not_picked":["Heatsinks+1"],"picked":"SKIP","floor":36},{"not_picked":[],"picked":"Heatsinks+1","floor":36},{"not_picked":["Conserve Battery+1"],"picked":"SKIP","floor":39},{"not_picked":["Sweeping Beam"],"picked":"SKIP","floor":44},{"not_picked":[],"picked":"Fusion+1","floor":45},{"not_picked":["Beam Cell"],"picked":"SKIP","floor":48}],"player_experience":586595,"relics_obtained":[{"floor":6,"key":"Toy Ornithopter"},{"floor":8,"key":"Dream Catcher"},{"floor":24,"key":"Dead Branch"},{"floor":26,"key":"Toxic Egg 2"},{"floor":43,"key":"Akabeko"}],"event_choices":[{"damage_healed":0,"gold_gain":0,"player_choice":"Success","damage_taken":7,"relics_obtained":["Anchor"],"max_hp_gain":0,"max_hp_loss":0,"event_name":"Scrap Ooze","floor":2,"gold_loss":0},{"damage_healed":0,"gold_gain":0,"player_choice":"Grow","damage_taken":0,"max_hp_gain":0,"max_hp_loss":0,"event_name":"Living Wall","floor":5,"gold_loss":0,"cards_upgraded":["Zap"]},{"damage_healed":0,"gold_gain":0,"player_choice":"Simplicity","damage_taken":0,"max_hp_gain":0,"max_hp_loss":0,"event_name":"Back to Basics","floor":20,"gold_loss":0,"cards_upgraded":["Strike_B","Strike_B","Strike_B","Strike_B","Defend_B","Defend_B","Defend_B","Defend_B"]},{"cards_removed":["Chaos"],"damage_healed":18,"gold_gain":0,"player_choice":"Offered Uncommon","damage_taken":0,"max_hp_gain":0,"max_hp_loss":0,"event_name":"Bonfire Elementals","floor":29,"gold_loss":0},{"damage_healed":0,"gold_gain":0,"player_choice":"Ignored","damage_taken":0,"max_hp_gain":0,"max_hp_loss":0,"event_name":"Mysterious Sphere","floor":38,"gold_loss":0},{"damage_healed":0,"gold_gain":0,"player_choice":"Embrace Madness","damage_taken":10,"max_hp_gain":0,"max_hp_loss":0,"event_name":"Winding Halls","floor":41,"gold_loss":0,"cards_obtained":["Madness","Madness"]},{"damage_healed":0,"gold_gain":0,"player_choice":"Got Potions","damage_taken":0,"max_hp_gain":0,"max_hp_loss":0,"event_name":"Lab","floor":42,"gold_loss":0}],"is_beta":false,"boss_relics":[{"not_picked":["Sozu","Snecko Eye"],"picked":"Inserter"},{"not_picked":["SacredBark","Nuclear Battery"],"picked":"Busted Crown"}],"items_purged_floors":[37],"is_endless":false,"potions_floor_spawned":[6,10,14,19,22,24,31,35,39],"killed_by":"Donu and Deca","ascension_level":0}}