{"host":"8is2j71l4wmybkoi","time":1611415258,"event":{"mods":["AchievementEnabler","BaseMod","Colored Map","Minty Spire (QoL Compilation)","Rare Cards Sparkle","StSLib","SuperFastMode"],"gold_per_floor":[114,114,64,79,94,94,124,49,49,49,64,94,109,124,124,224,224,239,27,27,27,42,72,72,402,402,402,21,36,66,81,81,181,181,196,8,8,23,63,63,78,118,118,118,133,188,72,127,127,152],"floor_reached":51,"language":"KOR","playtime":2196,"items_purged":["Strike_R","Normality","Regret"],"score":977,"play_id":"b99b0914-034b-4cfa-99b9-e53e160709bb","local_time":"20210124002058","daily_mods":["Cursed Run","Purple Cards","DeadlyEvents"],"is_ascension_mode":false,"campfire_choices":[{"data":"Thunderclap","floor":6.0,"key":"SMITH"},{"data":"Pommel Strike","floor":15.0,"key":"SMITH"},{"floor":24.0,"key":"REST"},{"data":"Omniscience","floor":27.0,"key":"SMITH"},{"floor":32.0,"key":"REST"},{"floor":40,"key":"REST"},{"data":"Decay","floor":44,"key":"PURGE"},{"floor":49,"key":"REST"}],"circlet_count":0,"master_deck":["Strike_R+1","Strike_R","Defend_R","Defend_R","Defend_R","Defend_R","Bash","Thunderclap+1","Metallicize","Seeing Red","FollowUp","Pommel Strike+1","Rage","Conclude","Omniscience+1","CurseOfTheBell","Spot Weakness+1","WaveOfTheHand","Fire Breathing","FearNoEvil+1","Meditate+1","Inflame","Writhe","Shockwave","Finesse","True Grit+1","Disarm","Injury","Offering","Apotheosis","HandOfGreed","Dark Shackles","Violence+1","Second Wind+1","Heavy Blade+1","EmptyBody","Pray+1","Decay"],"relics":["Cursed Key","Darkstone Periapt","Du-Vu Doll","Turnip","InkBottle","Bag of Preparation","Calling Bell","Oddly Smooth Stone","Paper Frog","Pocketwatch","The Courier","Old Coin","Kunai","ClockworkSouvenir","Toy Ornithopter","Velvet Choker","Peace Pipe","War Paint","Akabeko","Whetstone"],"acts_visited":["Exordium","TheCity","TheBeyond"],"potions_floor_usage":[41,41,50,50],"damage_taken":[{"damage":1.0,"enemies":"Jaw Worm","floor":1.0,"turns":3.0},{"damage":0.0,"enemies":"2 Louse","floor":4.0,"turns":3.0},{"damage":0.0,"enemies":"Cultist","floor":5.0,"turns":4.0},{"damage":10.0,"enemies":"Lagavulin","floor":7.0,"turns":5.0},{"damage":14.0,"enemies":"Exordium Thugs","floor":11.0,"turns":6.0},{"damage":13.0,"enemies":"3 Sentries","floor":12.0,"turns":8.0},{"damage":16.0,"enemies":"Exordium Wildlife","floor":13.0,"turns":4.0},{"damage":4.0,"enemies":"3 Louse","floor":14.0,"turns":3.0},{"damage":9.0,"enemies":"Hexaghost","floor":16.0,"turns":5.0},{"damage":14.0,"enemies":"3 Byrds","floor":18.0,"turns":4.0},{"damage":12.0,"enemies":"Spheric Guardian","floor":22.0,"turns":3.0},{"damage":14.0,"enemies":"Book of Stabbing","floor":23.0,"turns":5.0},{"damage":17.0,"enemies":"Gremlin Leader","floor":25.0,"turns":5.0},{"damage":0.0,"enemies":"Snake Plant","floor":29.0,"turns":2.0},{"damage":9.0,"enemies":"Slavers","floor":30.0,"turns":3.0},{"damage":36.0,"enemies":"Sentry and Sphere","floor":31.0,"turns":5.0},{"damage":51.0,"enemies":"Automaton","floor":33.0,"turns":10.0},{"damage":19,"enemies":"3 Darklings","floor":35,"turns":3},{"damage":10,"enemies":"Orb Walker","floor":38,"turns":4},{"damage":27,"enemies":"Writhing Mass","floor":39,"turns":4},{"damage":6,"enemies":"Transient","floor":41,"turns":5},{"damage":17,"enemies":"4 Shapes","floor":42,"turns":6},{"damage":1,"enemies":"Jaw Worm Horde","floor":45,"turns":2},{"damage":15,"enemies":"Nemesis","floor":46,"turns":5},{"damage":24,"enemies":"Giant Head","floor":48,"turns":6},{"damage":44,"enemies":"Time Eater","floor":50,"turns":9}],"seed_played":"-4692305807027556167","potions_obtained":[{"floor":5.0,"key":"ElixirPotion"},{"floor":7.0,"key":"LiquidBronze"},{"floor":11.0,"key":"Weak Potion"},{"floor":23.0,"key":"ColorlessPotion"},{"floor":29.0,"key":"HeartOfIron"},{"floor":35,"key":"Energy Potion"},{"floor":38,"key":"SkillPotion"},{"floor":41,"key":"Weak Potion"},{"floor":46,"key":"Explosive Potion"},{"floor":48,"key":"LiquidBronze"}],"is_trial":false,"path_per_floor":["M","?","?","M","M","R","E","$","T","$","M","E","M","M","R","B",null,"M","$","?","?","M","E","R","E","T","R","$","M","E","M","R","B",null,"M","$","?","M","M","R","M","M","T","R","M","E","?","E","R","B",null],"character_chosen":"IRONCLAD","items_purchased":["WaveOfTheHand","Fire Breathing","Shockwave","Finesse","ClockworkSouvenir","EssenceOfSteel","Apotheosis","Block Potion"],"campfire_rested":4,"item_purchase_floors":[19,19,28,28,28,28,36,36],"current_hp_per_floor":[79,79,79,79,79,79,69,69,75,75,61,48,32,28,28,25,98,84,84,84,84,72,58,87,70,76,76,76,76,67,31,62,17,110,91,91,81,71,44,77,81,64,70,70,69,54,54,30,64,36],"gold":152,"neow_bonus":"","is_daily":true,"chose_seed":false,"campfire_upgraded":3,"win_rate":0.0,"timestamp":1611415258,"path_taken":["M","?","?","M","M","R","E","$","T","$","?","?","M","M","R","BOSS","M","$","?","?","M","?","R","E","T","R","?","?","?","?","R","BOSS","M","$","?","M","M","R","?","M","T","R","M","E","?","E","R","BOSS"],"items_purchased_type":["Card","Card","Card","Card","Relic","Potion","Card","Potion"],"build_version":"2020-12-22","purchased_purges":3,"victory":true,"max_hp_per_floor":[80,80,80,80,80,80,80,80,86,86,86,86,86,86,86,92,98,98,98,98,98,98,98,98,98,104,104,104,104,104,104,104,110,110,110,110,110,110,110,110,110,110,116,116,116,116,116,116,116,122],"card_choices":[{"not_picked":["CrushJoints","Prostrate"],"picked":"Thunderclap","floor":1.0},{"not_picked":["Flex","Combust"],"picked":"Seeing Red","floor":4.0},{"not_picked":["Clash","Flame Barrier"],"picked":"FollowUp","floor":5.0},{"not_picked":["Halt","Warcry","True Grit"],"picked":"SKIP","floor":7.0},{"not_picked":["Flex","CrushJoints","Anger"],"picked":"SKIP","floor":11.0},{"not_picked":["SignatureMove","Nirvana"],"picked":"Pommel Strike","floor":12.0},{"not_picked":["Warcry","FollowUp"],"picked":"Rage","floor":13.0},{"not_picked":["Headbutt","Wild Strike"],"picked":"Conclude","floor":14.0},{"not_picked":["Judgement","SpiritShield"],"picked":"Omniscience","floor":16.0},{"not_picked":["Wild Strike","Pommel Strike+1"],"picked":"Spot Weakness+1","floor":18.0},{"not_picked":["Flex","FlyingSleeves","Consecrate+1"],"picked":"SKIP","floor":22.0},{"not_picked":["Hemokinesis","Weave+1"],"picked":"Meditate","floor":23.0},{"not_picked":["FollowUp","Reckless Charge"],"picked":"Inflame","floor":25.0},{"not_picked":["Iron Wave","Armaments"],"picked":"True Grit+1","floor":29.0},{"not_picked":["Flex","Evaluate","ForeignInfluence"],"picked":"SKIP","floor":30.0},{"not_picked":["Conclude","Heavy Blade"],"picked":"Disarm","floor":31.0},{"not_picked":["Exhume","Juggernaut"],"picked":"Offering","floor":33.0},{"not_picked":["Consecrate+1","Entrench","Hemokinesis"],"picked":"SKIP","floor":35},{"not_picked":["Bandage Up","Impatience"],"picked":"HandOfGreed","floor":37},{"not_picked":["Secret Weapon","Discovery"],"picked":"Dark Shackles","floor":37},{"not_picked":["Transmutation","Dark Shackles"],"picked":"Violence","floor":37},{"not_picked":["Twin Strike+1","Evaluate+1"],"picked":"Second Wind+1","floor":38},{"not_picked":["Pommel Strike+1","BowlingBash","Offering"],"picked":"SKIP","floor":39},{"not_picked":["InnerPeace","Shrug It Off+1"],"picked":"Heavy Blade+1","floor":41},{"not_picked":["Havoc","Headbutt","Iron Wave+1"],"picked":"SKIP","floor":42},{"not_picked":["Clothesline","Juggernaut"],"picked":"EmptyBody","floor":45},{"not_picked":["Conclude+1","Infernal Blade+1"],"picked":"Pray+1","floor":46},{"not_picked":["Cleave+1","Iron Wave+1","LessonLearned"],"picked":"SKIP","floor":48}],"player_experience":775966,"relics_obtained":[{"floor":7.0,"key":"Turnip"},{"floor":9.0,"key":"InkBottle"},{"floor":12.0,"key":"Bag of Preparation"},{"floor":17.0,"key":"Oddly Smooth Stone"},{"floor":17.0,"key":"Paper Frog"},{"floor":17.0,"key":"Pocketwatch"},{"floor":23.0,"key":"The Courier"},{"floor":25.0,"key":"Old Coin"},{"floor":26.0,"key":"Kunai"},{"floor":30.0,"key":"Toy Ornithopter"},{"floor":43,"key":"Peace Pipe"},{"floor":46,"key":"War Paint"},{"floor":48,"key":"Whetstone"}],"event_choices":[{"damage_healed":0.0,"max_hp_gain":0.0,"max_hp_loss":0.0,"gold_gain":0.0,"cards_transformed":["Strike_R"],"event_name":"Living Wall","player_choice":"Change","floor":2.0,"gold_loss":0.0,"damage_taken":0.0,"cards_obtained":["Metallicize"]},{"cards_removed":["Strike_R"],"damage_healed":0.0,"max_hp_gain":0.0,"max_hp_loss":0.0,"gold_gain":0.0,"event_name":"The Cleric","player_choice":"Card Removal","floor":3.0,"gold_loss":50.0,"damage_taken":0.0},{"damage_healed":0.0,"max_hp_gain":0.0,"max_hp_loss":0.0,"gold_gain":0.0,"event_name":"The Library","player_choice":"Read","floor":20.0,"gold_loss":0.0,"damage_taken":0.0,"cards_obtained":["FearNoEvil"]},{"damage_healed":0.0,"max_hp_gain":0.0,"max_hp_loss":0.0,"gold_gain":0.0,"event_name":"Ghosts","player_choice":"Ignored","floor":21.0,"gold_loss":0.0,"damage_taken":0.0},{"damage_healed":0,"gold_gain":0,"player_choice":"Memory 3","damage_taken":10,"max_hp_gain":0,"max_hp_loss":0,"event_name":"SensoryStone","floor":37,"gold_loss":0},{"damage_healed":0,"gold_gain":0,"player_choice":"Paid Gold","damage_taken":0,"relics_obtained":["Akabeko"],"max_hp_gain":0,"max_hp_loss":0,"event_name":"WeMeetAgain","floor":47,"gold_loss":116}],"is_beta":false,"boss_relics":[{"not_picked":["SacredBark","SlaversCollar"],"picked":"Calling Bell"},{"not_picked":["Runic Dome","Busted Crown"],"picked":"Velvet Choker"}],"items_purged_floors":[8,19,28],"is_endless":false,"potions_floor_spawned":[5,7,11,14,23,29,35,38,41,46,48],"ascension_level":0}}