{"host":"j4g6ia6asvpyu2b0","time":1611442102,"event":{"mods":["BaseMod","Colored Map","Minty Spire (QoL Compilation)","Permanent Neow","Quick Restart","Relic Stats","StSLib","Unceasing Turn Reminder"],"gold_per_floor":[117,117,133,17,28,28,55,66,93,93,121,121,121,121,121,121,121],"floor_reached":16,"language":"ENG","playtime":3244,"items_purged":["Pain"],"score":194,"play_id":"9f90fe49-ceac-4d19-9135-db1df962ec18","local_time":"20210123154822","is_ascension_mode":true,"campfire_choices":[{"data":"Ball Lightning","floor":6,"key":"SMITH"},{"data":"Sunder","floor":10,"key":"SMITH"},{"data":"Zap","floor":15,"key":"SMITH"}],"circlet_count":0,"master_deck":["AscendersBane","Strike_B","Strike_B","Strike_B","Defend_B","Defend_B","Defend_B","Defend_B","Zap+1","Dualcast","Panacea","Rebound","Ball Lightning+1","Sunder+1","Coolheaded","Barrage","Sweeping Beam","Core Surge","Turbo"],"relics":["Cracked Core","WarpedTongs","Lantern","Centennial Puzzle"],"acts_visited":["Exordium"],"potions_floor_usage":[7],"damage_taken":[{"damage":7,"enemies":"Jaw Worm","floor":1,"turns":4},{"damage":4,"enemies":"Cultist","floor":3,"turns":3},{"damage":0,"enemies":"Small Slimes","floor":5,"turns":3},{"damage":10,"enemies":"3 Sentries","floor":7,"turns":5},{"damage":0,"enemies":"3 Louse","floor":8,"turns":3},{"damage":30,"enemies":"Gremlin Nob","floor":11,"turns":4},{"damage":19,"enemies":"Hexaghost","floor":16,"turns":7}],"seed_played":"3440864458943036236","potions_obtained":[{"floor":3,"key":"DistilledChaos"},{"floor":8,"key":"FocusPotion"}],"is_trial":false,"path_per_floor":["M","?","M","$","M","R","E","M","T","R","E","?","?","$","R","B"],"character_chosen":"DEFECT","items_purchased":["Sunder"],"campfire_rested":0,"item_purchase_floors":[4],"current_hp_per_floor":[57,57,53,53,53,53,43,43,43,43,13,18,18,18,18,0,0],"gold":121,"neow_bonus":"RANDOM_COLORLESS","is_daily":false,"chose_seed":false,"campfire_upgraded":3,"win_rate":0.0,"timestamp":1611442102,"path_taken":["M","?","M","$","?","R","E","?","T","R","E","?","?","?","R","BOSS"],"items_purchased_type":["Card"],"build_version":"2020-12-22","purchased_purges":1,"victory":false,"max_hp_per_floor":[71,71,71,71,71,71,71,71,71,71,71,76,76,76,76,76,76],"relic_stats":{"Centennial Puzzle":[3],"counters":[7,29],"obtain_stats":[{"Lantern":7,"Centennial Puzzle":11,"Cracked Core":0,"WarpedTongs":2},{"Lantern":4,"Centennial Puzzle":6,"Cracked Core":0,"WarpedTongs":1},{"Lantern":15,"Centennial Puzzle":22,"Cracked Core":0,"WarpedTongs":4}],"WarpedTongs":[25]},"card_choices":[{"not_picked":["Blind","Enlightenment"],"picked":"Panacea","floor":0},{"not_picked":["Streamline","Force Field"],"picked":"Rebound","floor":1},{"not_picked":["Redo","Steam"],"picked":"Ball Lightning","floor":3},{"not_picked":["Turbo","Gash"],"picked":"Coolheaded","floor":5},{"not_picked":["Beam Cell","Aggregate"],"picked":"Barrage","floor":7},{"not_picked":["Redo","Chaos"],"picked":"Sweeping Beam","floor":8},{"not_picked":["Reprogram","Fusion"],"picked":"Core Surge","floor":11}],"player_experience":960839,"relics_obtained":[{"floor":7,"key":"Lantern"},{"floor":11,"key":"Centennial Puzzle"}],"event_choices":[{"damage_healed":0,"gold_gain":0,"player_choice":"Rummage","damage_taken":0,"relics_obtained":["WarpedTongs"],"max_hp_gain":0,"max_hp_loss":0,"event_name":"Accursed Blacksmith","floor":2,"gold_loss":0,"cards_obtained":["Pain"]},{"damage_healed":0,"gold_gain":0,"player_choice":"Donut","damage_taken":0,"max_hp_gain":5,"max_hp_loss":0,"event_name":"Big Fish","floor":12,"gold_loss":0},{"damage_healed":0,"gold_gain":0,"cards_transformed":["Strike_B"],"player_choice":"Change","damage_taken":0,"max_hp_gain":0,"max_hp_loss":0,"event_name":"Living Wall","floor":13,"gold_loss":0,"cards_obtained":["Turbo"]}],"is_beta":false,"boss_relics":[],"items_purged_floors":[4],"is_endless":false,"potions_floor_spawned":[3,8],"killed_by":"Hexaghost","ascension_level":16}}