{"host":"dw8189mw8rzr4e13","time":1611386490,"event":{"mods":["Act Like it!","BaseMod","Better Vampires","Colored Powertips","Minty Spire (QoL Compilation)","Rare Cards Sparkle","StSLib","The Marked"],"gold_per_floor":[119,134,150,168,168,168,196,213,213,213,246,64,77,77,77,205,205,223,243,243,243,268,302,302,338,338,374,386,398,434,459,471,606,618,655,682,694,729,765,810,822,865,900,955,967,979,109,153,153,153,153,153,53,88,88,88],"floor_reached":55,"language":"ZHS","playtime":2973,"items_purged":["theMarked:Strike","theMarked:Strike","theMarked:Defend"],"score":1035,"play_id":"e48d9325-ab3a-4f99-b908-113f08a7cc16","local_time":"20210123152130","is_ascension_mode":true,"campfire_choices":[{"data":"theMarked:MaelstromOfLightning","floor":6.0,"key":"SMITH"},{"data":"theMarked:SoldierOfQuellstein","floor":10.0,"key":"SMITH"},{"data":"theMarked:Convert","floor":15.0,"key":"SMITH"},{"data":"theMarked:Abjuration","floor":24.0,"key":"SMITH"},{"data":"theMarked:EnhanceMovement","floor":28.0,"key":"SMITH"},{"data":"theMarked:TwofoldDefense","floor":32.0,"key":"SMITH"},{"data":"theMarked:MuscleMemory","floor":41.0,"key":"SMITH"},{"data":"theMarked:ElementalBlade","floor":45.0,"key":"SMITH"},{"floor":49.0,"key":"RECALL"},{"data":"theMarked:ParalyzingBlade","floor":52.0,"key":"SMITH"}],"circlet_count":0,"master_deck":["theMarked:Strike","theMarked:Defend","theMarked:Defend","theMarked:Defend","theMarked:SoldierOfQuellstein+1","theMarked:Overcharge","theMarked:MaelstromOfLightning+1","theMarked:EmpowerWeapon","theMarked:EnhanceMovement+1","theMarked:ElectricStrings","theMarked:TwofoldDefense+1","theMarked:ParalyzingBlade+1","theMarked:Abjuration+1","theMarked:Convert+1","theMarked:EternalStudent","theMarked:RepellingDischarge","theMarked:ElementalBlade+1","theMarked:MaelstromOfLightning","theMarked:AttractMetal+1","theMarked:ReduceFriction+1","theMarked:MuscleMemory+1","theMarked:SwordAndMagic+1","theMarked:RepellingDischarge"],"relics":["theMarked:ArtifactOfAir","Bag of Preparation","Mercury Hourglass","StoneCalendar","The Courier","Golden Idol","Sozu","theMarked:VonisonLock","Mummified Hand","MawBank","Busted Crown","Vajra","Happy Flower","PreservedInsect","Pen Nib","Strawberry","Toolbox","Bottled Lightning","Nunchaku","Orichalcum","InkBottle"],"acts_visited":["Exordium","TheCity","TheBeyond","TheEnding"],"potions_floor_usage":[55,55],"damage_taken":[{"damage":0.0,"enemies":"2 Louse","floor":1.0,"turns":2.0},{"damage":0.0,"enemies":"Cultist","floor":2.0,"turns":3.0},{"damage":5.0,"enemies":"Small Slimes","floor":3.0,"turns":3.0},{"damage":9.0,"enemies":"Blue Slaver","floor":4.0,"turns":5.0},{"damage":26.0,"enemies":"Lagavulin","floor":7.0,"turns":7.0},{"damage":0.0,"enemies":"Gremlin Gang","floor":8.0,"turns":2.0},{"damage":6.0,"enemies":"Gremlin Nob","floor":11.0,"turns":3.0},{"damage":6.0,"enemies":"Exordium Wildlife","floor":13.0,"turns":3.0},{"damage":4.0,"enemies":"Hexaghost","floor":16.0,"turns":6.0},{"damage":0.0,"enemies":"3 Byrds","floor":18.0,"turns":3.0},{"damage":0.0,"enemies":"Spheric Guardian","floor":19.0,"turns":2.0},{"damage":21.0,"enemies":"Centurion and Healer","floor":22.0,"turns":4.0},{"damage":36.0,"enemies":"Slavers","floor":23.0,"turns":4.0},{"damage":0.0,"enemies":"Book of Stabbing","floor":25.0,"turns":6.0},{"damage":0.0,"enemies":"Sentry and Sphere","floor":27.0,"turns":3.0},{"damage":0.0,"enemies":"Shelled Parasite and Fungi","floor":30.0,"turns":4.0},{"damage":0.0,"enemies":"3 Cultists","floor":31.0,"turns":4.0},{"damage":0.0,"enemies":"Automaton","floor":33.0,"turns":5.0},{"damage":0.0,"enemies":"Orb Walker","floor":35.0,"turns":2.0},{"damage":0.0,"enemies":"3 Darklings","floor":36.0,"turns":4.0},{"damage":0.0,"enemies":"Sphere and 2 Shapes","floor":38.0,"turns":2.0},{"damage":0.0,"enemies":"4 Shapes","floor":39.0,"turns":3.0},{"damage":5.0,"enemies":"Giant Head","floor":40.0,"turns":5.0},{"damage":0.0,"enemies":"Reptomancer","floor":42.0,"turns":2.0},{"damage":0.0,"enemies":"Giant Head","floor":44.0,"turns":4.0},{"damage":0.0,"enemies":"Nemesis","floor":48.0,"turns":3.0},{"damage":27.0,"enemies":"Time Eater","floor":50.0,"turns":6.0},{"damage":6.0,"enemies":"Shield and Spear","floor":54.0,"turns":3.0},{"damage":63,"enemies":"The Heart","floor":55,"turns":6}],"seed_played":"357944677503594982","potions_obtained":[{"floor":1.0,"key":"SpeedPotion"},{"floor":2.0,"key":"DistilledChaos"},{"floor":4.0,"key":"Energy Potion"}],"is_trial":false,"path_per_floor":["M","M","M","M","?","R","E","M","T","R","E","$","M","?","R","B",null,"M","M","?","?","M","E","R","E","T","M","R","?","M","M","R","B",null,"M","M","?","M","M","E","R","E","T","E","R","?","$","E","R","B",null,"R","$","E","B"],"character_chosen":"THE_DEFAULT","items_purchased":["theMarked:Abjuration","Pen Nib","Strawberry","Toolbox","Bottled Lightning","Nunchaku","Orichalcum"],"campfire_rested":0,"item_purchase_floors":[12,47,47,47,47,47,47],"current_hp_per_floor":[70,70,65,56,56,56,30,30,30,30,24,24,18,18,18,14,65,65,65,65,65,44,8,8,8,8,8,8,8,8,8,8,8,65,65,65,62,62,62,57,57,57,57,57,57,57,64,64,64,37,69,69,69,63,0,0],"gold":88,"neow_bonus":"RANDOM_COMMON_RELIC","is_daily":false,"chose_seed":false,"campfire_upgraded":9,"win_rate":0.0,"timestamp":1611386490,"path_taken":["M","M","M","M","?","R","E","?","T","R","E","$","M","?","R","BOSS","M","M","?","?","M","E","R","E","T","?","R","?","M","M","R","BOSS","M","?","?","M","M","E","R","E","T","E","R","?","$","E","R","BOSS","R","$","E","BOSS"],"items_purchased_type":["Card","Relic","Relic","Relic","Relic","Relic","Relic"],"build_version":"2020-12-22","purchased_purges":3,"victory":false,"max_hp_per_floor":[70,70,70,70,70,70,70,70,70,70,70,70,70,65,65,65,65,65,65,65,65,65,65,65,65,65,65,65,65,65,65,65,65,65,65,65,62,62,62,62,62,62,62,62,62,62,69,69,69,69,69,69,69,69,69,69],"card_choices":[{"not_picked":["theMarked:HeightenedSenses","theMarked:Parry"],"picked":"theMarked:Overcharge","floor":1.0},{"not_picked":["theMarked:GodGivenPower","theMarked:Frustration"],"picked":"theMarked:MaelstromOfLightning","floor":2.0},{"not_picked":["theMarked:ResourceFulStrike","theMarked:SwordAndMagic"],"picked":"theMarked:EmpowerWeapon","floor":3.0},{"not_picked":["theMarked:DeterminationOfTheMarked","theMarked:WastefulDefense"],"picked":"theMarked:EnhanceMovement","floor":4.0},{"not_picked":["theMarked:WardOff","theMarked:StartUp"],"picked":"theMarked:ElectricStrings","floor":7.0},{"not_picked":["theMarked:Polarize","theMarked:ElectricStrings"],"picked":"theMarked:TwofoldDefense","floor":8.0},{"not_picked":["theMarked:MysticalArsenal","theMarked:Reabsorb"],"picked":"theMarked:ParalyzingBlade","floor":11.0},{"not_picked":["theMarked:Aftermath","theMarked:BanishingStrike"],"picked":"theMarked:Convert","floor":13.0},{"not_picked":["theMarked:TurnInvisible","theMarked:SuspiciousRaven"],"picked":"theMarked:EternalStudent","floor":16.0},{"not_picked":["theMarked:Electrify","theMarked:Parkour","theMarked:EmpowerWeapon+1"],"picked":"SKIP","floor":18.0},{"not_picked":["theMarked:WastefulDefense+1","theMarked:WastefulAttack+1"],"picked":"theMarked:RepellingDischarge","floor":19.0},{"not_picked":["theMarked:EmpowerWeapon","theMarked:ContemptForTheProud"],"picked":"theMarked:AttractMetal+1","floor":22.0},{"not_picked":["theMarked:Convert+1","theMarked:GodGivenPower","theMarked:Parkour+1"],"picked":"SKIP","floor":23.0},{"not_picked":["theMarked:Parkour","theMarked:HeightenedSenses","theMarked:WastefulDefense"],"picked":"SKIP","floor":25.0},{"not_picked":["theMarked:Parkour","theMarked:HeightenedSenses","theMarked:WastefulDefense"],"picked":"SKIP","floor":25.0},{"not_picked":["theMarked:BanishingStrike","theMarked:EmpowerWeapon","theMarked:ChainLightning"],"picked":"SKIP","floor":27.0},{"not_picked":["theMarked:LightningStrikesTwice","theMarked:SelfDefenseTraining"],"picked":"theMarked:ReduceFriction+1","floor":30.0},{"not_picked":["theMarked:Seal","theMarked:EnhanceMovement","theMarked:EmpowerWeapon"],"picked":"SKIP","floor":31.0},{"not_picked":["theMarked:SummonStrength","theMarked:FavorableWinds"],"picked":"theMarked:MuscleMemory","floor":33.0},{"not_picked":[],"picked":"theMarked:SwordAndMagic+1","floor":35.0},{"not_picked":["theMarked:MaelstromOfLightning"],"picked":"SKIP","floor":36.0},{"not_picked":["theMarked:HeightenedSenses"],"picked":"SKIP","floor":38.0},{"not_picked":["theMarked:CreepingChasm"],"picked":"SKIP","floor":39.0},{"not_picked":["theMarked:CreepingChasm"],"picked":"SKIP","floor":39.0},{"not_picked":[],"picked":"theMarked:Standoff+1","floor":40.0},{"not_picked":["theMarked:HeightenedSenses+1"],"picked":"SKIP","floor":42.0},{"not_picked":["theMarked:LightningStrikesTwice"],"picked":"SKIP","floor":44.0},{"not_picked":["theMarked:SwordAndMagic"],"picked":"SKIP","floor":48.0},{"not_picked":[],"picked":"theMarked:RepellingDischarge","floor":54.0}],"player_experience":600391,"relics_obtained":[{"floor":7.0,"key":"Mercury Hourglass"},{"floor":9.0,"key":"StoneCalendar"},{"floor":11.0,"key":"The Courier"},{"floor":23.0,"key":"theMarked:VonisonLock"},{"floor":25.0,"key":"Mummified Hand"},{"floor":26.0,"key":"MawBank"},{"floor":40.0,"key":"Vajra"},{"floor":42.0,"key":"Happy Flower"},{"floor":44.0,"key":"PreservedInsect"},{"floor":54.0,"key":"InkBottle"}],"event_choices":[{"damage_healed":0.0,"max_hp_gain":0.0,"max_hp_loss":0.0,"gold_gain":0.0,"event_name":"The Woman in Blue","player_choice":"Bought 0 Potions","floor":5.0,"gold_loss":0.0,"damage_taken":0.0},{"damage_healed":0.0,"max_hp_gain":0.0,"max_hp_loss":5.0,"gold_gain":0.0,"event_name":"Golden Idol","player_choice":"Lose Max HP","floor":14.0,"gold_loss":0.0,"damage_taken":0.0,"relics_obtained":["Golden Idol"]},{"damage_healed":0.0,"max_hp_gain":0.0,"max_hp_loss":0.0,"gold_gain":0.0,"event_name":"The Library","player_choice":"Read","floor":20.0,"gold_loss":0.0,"damage_taken":0.0,"cards_obtained":["theMarked:ElementalBlade"]},{"damage_healed":0.0,"max_hp_gain":0.0,"max_hp_loss":0.0,"gold_gain":0.0,"cards_transformed":["theMarked:Strike"],"event_name":"Transmorgrifier","player_choice":"Transformed","floor":21.0,"gold_loss":0.0,"damage_taken":0.0,"cards_obtained":["theMarked:MaelstromOfLightning"]},{"cards_removed":["theMarked:Strike"],"damage_healed":0.0,"max_hp_gain":0.0,"max_hp_loss":0.0,"gold_gain":0.0,"event_name":"Bonfire Elementals","player_choice":"Offered Basic","floor":29.0,"gold_loss":0.0,"damage_taken":0.0},{"damage_healed":0.0,"max_hp_gain":0.0,"max_hp_loss":3.0,"gold_gain":0.0,"event_name":"Winding Halls","player_choice":"Max HP","floor":37.0,"gold_loss":0.0,"damage_taken":0.0},{"cards_removed":["theMarked:Standoff"],"damage_healed":0.0,"max_hp_gain":0.0,"max_hp_loss":0.0,"gold_gain":0.0,"event_name":"Falling","player_choice":"Removed Power","floor":46.0,"gold_loss":0.0,"damage_taken":0.0}],"is_beta":false,"boss_relics":[{"not_picked":["Empty Cage","Tiny House"],"picked":"Sozu"},{"not_picked":["Runic Dome","Pandora\u0027s Box"],"picked":"Busted Crown"}],"items_purged_floors":[12,47,53],"is_endless":false,"potions_floor_spawned":[1,2,4,16,19,25,30,35,38,40,44],"killed_by":"The Heart","ascension_level":1}}