{"host":"y15j0sqd0it1yzon","time":1611444235,"event":{"mods":["AchievementEnabler","BaseMod","Lobotomy","Minty Spire (QoL Compilation)","StSLib"],"gold_per_floor":[117,117,79,79,91,104,123,123,146,146,157,157,168,187,187,187,187],"floor_reached":16,"language":"ENG","playtime":1441,"items_purged":[],"score":94,"play_id":"ed7dc563-66a6-40b8-aed8-aa299fa1f6e4","local_time":"20210123232355","is_ascension_mode":false,"campfire_choices":[{"data":"Deadly Poison","floor":8,"key":"SMITH"},{"data":"Poisoned Stab","floor":10,"key":"SMITH"},{"floor":12,"key":"REST"},{"floor":15,"key":"REST"}],"circlet_count":0,"master_deck":["Strike_G","Strike_G","Strike_G","Strike_G","Strike_G","Defend_G","Defend_G","Defend_G","Defend_G","Defend_G","Survivor","Neutralize","Murderer","Deadly Poison+1","HappyTeddy","Poisoned Stab+1","VoidDream","Freischutz","Deflect","QueenOfHatred","Deadly Poison","Rudolta","All Out Attack","Alriune","PiercingWail"],"relics":["Ring of the Snake","CogitoBucket","Tiny Chest","ChangeAnything"],"acts_visited":["Exordium"],"potions_floor_usage":[5,13],"damage_taken":[{"damage":6,"enemies":"Jaw Worm","floor":1,"turns":7},{"damage":0,"enemies":"Small Slimes","floor":5,"turns":3},{"damage":12,"enemies":"2 Louse","floor":6,"turns":4},{"damage":7,"enemies":"Looter","floor":7,"turns":4},{"damage":10,"enemies":"Red Slaver","floor":11,"turns":4},{"damage":17,"enemies":"3 Louse","floor":13,"turns":4},{"damage":28,"enemies":"Gremlin Gang","floor":14,"turns":4},{"damage":53,"enemies":"The Guardian","floor":16,"turns":10}],"seed_played":"-5271717311359753482","potions_obtained":[{"floor":1,"key":"PowerPotion"},{"floor":6,"key":"AttackPotion"}],"is_trial":false,"path_per_floor":["M","?","?","?","M","M","M","R","T","R","M","R","M","M","R","B"],"character_chosen":"THE_SILENT","items_purchased":[],"campfire_rested":2,"item_purchase_floors":[],"current_hp_per_floor":[64,64,64,64,64,52,45,45,45,45,35,56,39,17,38,0,0],"gold":187,"neow_bonus":"","is_daily":false,"chose_seed":false,"campfire_upgraded":2,"win_rate":0.0,"timestamp":1611444235,"path_taken":["M","?","?","?","M","M","?","R","T","R","M","R","M","M","R","BOSS"],"items_purchased_type":[],"build_version":"2020-12-22","purchased_purges":0,"victory":false,"max_hp_per_floor":[70,70,70,70,70,70,70,70,70,70,70,70,70,70,70,70,70],"card_choices":[{"not_picked":["VoidDream","BlueStar"],"picked":"Murderer","floor":1},{"not_picked":["Dagger Spray","Catalyst"],"picked":"Deadly Poison","floor":1},{"not_picked":["OSAHOGD","CherryBlossoms"],"picked":"HappyTeddy","floor":5},{"not_picked":["Escape Plan","PiercingWail"],"picked":"Poisoned Stab","floor":5},{"not_picked":["PunishingBird","Porccubus"],"picked":"VoidDream","floor":6},{"not_picked":["Predator","Sucker Punch","Escape Plan"],"picked":"SKIP","floor":6},{"not_picked":["MHz","SpiderBud"],"picked":"Freischutz","floor":7},{"not_picked":["All Out Attack","Bane"],"picked":"Deflect","floor":7},{"not_picked":["OldLady","Bloodbath"],"picked":"QueenOfHatred","floor":11},{"not_picked":["Slice","Outmaneuver"],"picked":"Deadly Poison","floor":11},{"not_picked":["Funeral","Alriune"],"picked":"Rudolta","floor":13},{"not_picked":["Flying Knee","Tactician"],"picked":"All Out Attack","floor":13},{"not_picked":["GreedKing","BeautyBeast"],"picked":"Alriune","floor":14},{"not_picked":["Dagger Throw","Predator"],"picked":"PiercingWail","floor":14}],"player_experience":420655,"relics_obtained":[{"floor":9,"key":"Tiny Chest"}],"event_choices":[{"damage_healed":0,"gold_gain":0,"player_choice":"Ignored","damage_taken":0,"max_hp_gain":0,"max_hp_loss":0,"event_name":"Shining Light","floor":2,"gold_loss":0},{"damage_healed":0,"gold_gain":0,"player_choice":"Left Gold","damage_taken":0,"max_hp_gain":0,"max_hp_loss":0,"event_name":"World of Goop","floor":3,"gold_loss":38},{"damage_healed":0,"gold_gain":0,"player_choice":"Ignored","damage_taken":0,"max_hp_gain":0,"max_hp_loss":0,"event_name":"Golden Wing","floor":4,"gold_loss":0}],"is_beta":false,"boss_relics":[],"items_purged_floors":[],"is_endless":false,"potions_floor_spawned":[1,6],"killed_by":"The Guardian","ascension_level":0}}