{"host":"w3q5ijqu8eoknil3","time":1611385383,"event":{"mods":["AchievementEnabler","BaseMod","Block Reminder","Colored Map","Colored Powertips","Curses Come First","Dark Map","Minty Spire (QoL Compilation)","Quick Restart","Relic Stats","StSLib","ojb\u0027s Better Paths Mod","ojb\u0027s Info Mod","slay the spire mod where everything is the same but ironclad has a cowboy hat"],"gold_per_floor":[114,170,170,170,187,215,290,305,330,344,344,362,376,406,406,406,406],"floor_reached":16,"language":"ENG","playtime":313,"items_purged":[],"score":260,"play_id":"bad089f8-09f6-47ca-8a64-81841a26eed3","local_time":"20210123070303","is_ascension_mode":true,"campfire_choices":[{"floor":11,"key":"REST"},{"floor":15,"key":"REST"}],"circlet_count":0,"master_deck":["AscendersBane","Strike_G","Strike_G","Strike_G","Strike_G+1","Strike_G","Defend_G","Defend_G","Defend_G","Defend_G+1","Defend_G","Survivor","Neutralize","Choke","Blade Dance","Sucker Punch","Catalyst","Poisoned Stab","Backstab","Outmaneuver","Crippling Poison"],"relics":["Ring of the Snake","NeowsBlessing","Omamori","Toy Ornithopter","Pen Nib","Lantern"],"acts_visited":[],"potions_floor_usage":[10,14,16],"damage_taken":[{"damage":0,"enemies":"2 Louse","floor":1,"turns":1},{"damage":0,"enemies":"Jaw Worm","floor":5,"turns":1},{"damage":0,"enemies":"Lagavulin","floor":6,"turns":1},{"damage":8,"enemies":"Small Slimes","floor":8,"turns":4},{"damage":9,"enemies":"2 Fungi Beasts","floor":10,"turns":2},{"damage":1,"enemies":"Blue Slaver","floor":12,"turns":4},{"damage":0,"enemies":"3 Louse","floor":13,"turns":3},{"damage":31,"enemies":"Gremlin Nob","floor":14,"turns":4},{"damage":41,"enemies":"Slime Boss","floor":16,"turns":7}],"seed_played":"-3337396098305004652","potions_obtained":[{"floor":1,"key":"Explosive Potion"},{"floor":6,"key":"Dexterity Potion"},{"floor":14,"key":"Strength Potion"}],"is_trial":false,"path_per_floor":["M","?","?","T","M","E","?","M","T","M","R","M","M","E","R","B"],"character_chosen":"THE_SILENT","items_purchased":[],"campfire_rested":2,"item_purchase_floors":[],"current_hp_per_floor":[59,59,39,39,39,39,28,20,20,16,35,34,34,8,27,0,0],"gold":406,"neow_bonus":"THREE_ENEMY_KILL","is_daily":false,"chose_seed":false,"campfire_upgraded":0,"win_rate":0.0,"timestamp":1611385383,"path_taken":["M","?","?","?","?","E","?","M","T","M","R","M","M","E","R","BOSS"],"items_purchased_type":[],"build_version":"2020-12-22","purchased_purges":0,"victory":false,"max_hp_per_floor":[66,66,66,66,66,66,66,66,66,66,66,66,66,66,66,66,66],"relic_stats":{"counters":[9,27],"Pen Nib":[4],"obtain_stats":[{"Lantern":14,"NeowsBlessing":0,"Pen Nib":9,"Omamori":4,"Toy Ornithopter":6,"Ring of the Snake":0},{"Lantern":8,"NeowsBlessing":0,"Pen Nib":4,"Omamori":1,"Toy Ornithopter":3,"Ring of the Snake":0},{"Lantern":20,"NeowsBlessing":0,"Pen Nib":7,"Omamori":1,"Toy Ornithopter":3,"Ring of the Snake":0}],"Toy Ornithopter":15,"Ring of the Snake":[18]},"card_choices":[{"not_picked":["Underhanded Strike","Acrobatics"],"picked":"Choke","floor":1},{"not_picked":["Flying Knee","Terror"],"picked":"Blade Dance","floor":5},{"not_picked":["Reflex","Bane"],"picked":"Sucker Punch","floor":6},{"not_picked":["Terror","Dagger Throw"],"picked":"Catalyst","floor":8},{"not_picked":["Endless Agony","Underhanded Strike"],"picked":"Poisoned Stab","floor":10},{"not_picked":["Sucker Punch","Underhanded Strike"],"picked":"Backstab","floor":12},{"not_picked":["Underhanded Strike","Deflect"],"picked":"Outmaneuver","floor":13},{"not_picked":["Dodge and Roll","Deadly Poison"],"picked":"Crippling Poison","floor":14}],"player_experience":1012319,"relics_obtained":[{"floor":4,"key":"Omamori"},{"floor":6,"key":"Toy Ornithopter"},{"floor":9,"key":"Pen Nib"},{"floor":14,"key":"Lantern"}],"event_choices":[{"damage_healed":0,"gold_gain":56,"player_choice":"Gained Gold","damage_taken":0,"max_hp_gain":0,"max_hp_loss":0,"event_name":"Golden Wing","floor":2,"gold_loss":0},{"damage_healed":0,"gold_gain":0,"player_choice":"Entered Light","damage_taken":20,"max_hp_gain":0,"max_hp_loss":0,"event_name":"Shining Light","floor":3,"gold_loss":0,"cards_upgraded":["Strike_G","Defend_G"]},{"damage_healed":0,"gold_gain":75,"player_choice":"Gather Gold","damage_taken":11,"max_hp_gain":0,"max_hp_loss":0,"event_name":"World of Goop","floor":7,"gold_loss":0}],"is_beta":false,"boss_relics":[],"items_purged_floors":[],"is_endless":false,"potions_floor_spawned":[1,6,8,14],"killed_by":"Slime Boss","ascension_level":18}}