{"host":"r7z4an43h95gvocz","time":1611430872,"event":{"mods":["AchievementEnabler","BaseMod","Colored Map","Colored Powertips","Downfall","Hermit","Marisa????????","Minty Spire (QoL Compilation)","Replay The Spire","StSLib","The Cursed"],"gold_per_floor":[99,115,130,143,53,53,53,67,81,110,110,110,10,24,36,138,138,138,152,152,152,168,168,168,196,209,209,209,209,209,209],"floor_reached":29,"language":"ENG","playtime":1981,"items_purged":["Guardian:Strike_Guardian"],"score":245,"play_id":"864c7c74-ab9e-4e07-8177-7e1ac0db8399","local_time":"20210123114112","is_ascension_mode":false,"campfire_choices":[{"data":"Guardian:TwinSlam","floor":1.0,"key":"SMITH"},{"floor":6.0,"key":"RECALL"},{"data":"Guardian:Recover","floor":13.0,"key":"SMITH"},{"data":"Guardian:StasisField","floor":18.0,"key":"SMITH"},{"data":"Guardian:EvasiveProtocol","floor":23.0,"key":"SMITH"}],"circlet_count":0,"master_deck":["Guardian:Strike_Guardian","Guardian:CurlUp","Guardian:TwinSlam+1","Guardian:ShieldCharger","Guardian:Recover+1","Guardian:EvasiveProtocol+1","Guardian:PrimingBeam","Guardian:PiercingHide","Guardian:TemporalShield","Guardian:StasisField+1","Sickly","downfall:Aged","Guardian:GuardianWhirl+1","Guardian:Gem_Crimson","Guardian:Reroute+1"],"relics":["Guardian:ModeShifter","Replay:Kaleidoscope","downfall:ShatteredFragment","downfall:HeartBlessingRed","Kintsugi","downfall:RedIOU","Sundial"],"acts_visited":["Exordium","TheCity"],"potions_floor_usage":[],"damage_taken":[{"damage":1.0,"enemies":"Cultist","floor":2.0,"turns":4.0},{"damage":6.0,"enemies":"2 Louse","floor":3.0,"turns":2.0},{"damage":5.0,"enemies":"Small Slimes","floor":4.0,"turns":5.0},{"damage":0.0,"enemies":"downfall:FleeingMerchant","floor":5.0,"turns":4.0},{"damage":13.0,"enemies":"Exordium Wildlife","floor":8.0,"turns":7.0},{"damage":13.0,"enemies":"Large Slime","floor":9.0,"turns":7.0},{"damage":4.0,"enemies":"3 Sentries","floor":10.0,"turns":13.0},{"damage":7.0,"enemies":"3 Louse","floor":14.0,"turns":2.0},{"damage":0.0,"enemies":"Red Slaver","floor":15.0,"turns":3.0},{"damage":1.0,"enemies":"DF_ARCHETYPE_STREAMLINE","floor":16.0,"turns":12.0},{"damage":0.0,"enemies":"Shell Parasite","floor":19.0,"turns":6.0},{"damage":0.0,"enemies":"Chosen","floor":22.0,"turns":5.0},{"damage":17.0,"enemies":"Slavers","floor":25.0,"turns":5.0},{"damage":26.0,"enemies":"Snake Plant","floor":26.0,"turns":5.0}],"seed_played":"-4183528268594351977","potions_obtained":[{"floor":2.0,"key":"Swift Potion"},{"floor":8.0,"key":"SpeedPotion"},{"floor":10.0,"key":"CultistPotion"},{"floor":19.0,"key":"Slimebound:ThreeZeroPotion"}],"is_trial":false,"path_per_floor":["R","M","M","M","$","R","T","M","M","E","?","?","R","M","M","B",null,"R","M","?","?","M","R","T","E","M","PTL","PTL","PTL"],"character_chosen":"GUARDIAN","items_purchased":[],"campfire_rested":0,"item_purchase_floors":[],"current_hp_per_floor":[88,87,81,76,76,76,76,67,54,52,28,28,28,23,23,36,88,88,88,88,88,88,88,88,71,45,45,45,45,45,45],"gold":209,"neow_bonus":"TEN_PERCENT_HP_BONUS","is_daily":false,"chose_seed":false,"campfire_upgraded":4,"win_rate":0.0,"timestamp":1611430872,"path_taken":["R","M","M","?","$","R","T","M","M","E","?","?","R","M","M","BOSS","R","M","?","?","M","R","T","E","M","PTL","PTL","PTL"],"items_purchased_type":[],"build_version":"2020-12-22","purchased_purges":1,"victory":false,"max_hp_per_floor":[88,88,88,88,88,88,88,88,88,88,88,88,88,88,88,88,88,88,88,88,88,88,88,88,88,88,88,88,88,88,88],"card_choices":[{"not_picked":["Guardian:Suspension","Guardian:Gem_Green"],"picked":"Guardian:Gem_White","floor":2.0},{"not_picked":["Guardian:PrimingBeam","Guardian:Gem_Green"],"picked":"Guardian:ShieldCharger","floor":3.0},{"not_picked":["Guardian:VentSteam","Guardian:Gem_Yellow"],"picked":"Guardian:Recover","floor":4.0},{"not_picked":["Guardian:ShieldCharger","Guardian:SentryBeam"],"picked":"Guardian:Gem_Red","floor":5.0},{"not_picked":["Guardian:Gem_White","Guardian:Repulse"],"picked":"Guardian:EvasiveProtocol","floor":8.0},{"not_picked":["Guardian:PiercingHide","Guardian:Emergency"],"picked":"Guardian:PrimingBeam","floor":9.0},{"not_picked":["Guardian:Gem_Yellow","Guardian:Gem_Red"],"picked":"Guardian:PiercingHide","floor":10.0},{"not_picked":["Guardian:FastForward","Guardian:Gem_Lightblue"],"picked":"Guardian:TemporalShield","floor":14.0},{"not_picked":["Guardian:ShieldCharger","Guardian:VentSteam"],"picked":"Guardian:Gem_White","floor":15.0},{"not_picked":["Guardian:ExploitGems","Guardian:Gem_Synthetic"],"picked":"Guardian:StasisField","floor":16.0},{"not_picked":["Guardian:Gem_Lightblue","Guardian:ShieldCharger"],"picked":"Guardian:Gem_Cyan","floor":19.0},{"not_picked":["Guardian:ShieldSpikes+1","Guardian:Suspension+1"],"picked":"Guardian:GuardianWhirl+1","floor":22.0},{"not_picked":["Guardian:Emergency","Guardian:Planning"],"picked":"Guardian:Gem_Crimson","floor":25.0},{"not_picked":["Guardian:PiercingHide","Guardian:Gem_Red"],"picked":"Guardian:Reroute+1","floor":26.0}],"player_experience":422392,"relics_obtained":[{"floor":7.0,"key":"Snack Pack"},{"floor":10.0,"key":"Replay:Kaleidoscope"},{"floor":25.0,"key":"Sundial"}],"event_choices":[{"damage_healed":0.0,"max_hp_gain":0.0,"max_hp_loss":0.0,"gold_gain":0.0,"event_name":"Vampires","player_choice":"Ignored","floor":20.0,"gold_loss":0.0,"damage_taken":0.0}],"is_beta":false,"boss_relics":[{"not_picked":["ChewingGum","Runic Pyramid"],"picked":"Kintsugi"}],"items_purged_floors":[5],"is_endless":false,"potions_floor_spawned":[2,8,10,15,19,22,26],"ascension_level":0}}