{"host":"y76clbnovzmw9ubx","time":1611366112,"event":{"mods":["AchievementEnabler","BaseMod","Minty Spire (QoL Compilation)","Permanent Neow","Relic Stats"],"gold_per_floor":[113,133,146,163,177,177,212,212,212,38,51,51,82,97,97,172,172,185,185,185,203,37,66,66,76,76,92,92,92,125,138,138,210,210,221,241,241,256,275,309,309,327,327,327,353,353,383,399,399,399,399,399],"floor_reached":51,"language":"ENG","playtime":4155,"items_purged":["Strike_G"],"score":1657,"play_id":"7374cd58-d4e5-4bdb-877d-7b3f8a929d25","local_time":"20210122204152","is_ascension_mode":true,"campfire_choices":[{"data":"Neutralize","floor":6.0,"key":"SMITH"},{"data":"Well Laid Plans","floor":8.0,"key":"SMITH"},{"data":"Noxious Fumes","floor":12.0,"key":"SMITH"},{"data":"Deadly Poison","floor":15.0,"key":"SMITH"},{"data":"Leg Sweep","floor":24.0,"key":"SMITH"},{"data":"Adrenaline","floor":29.0,"key":"SMITH"},{"data":"Wraith Form v2","floor":32.0,"key":"SMITH"},{"floor":41.0,"key":"REST"},{"floor":44.0,"key":"RECALL"},{"floor":46.0,"key":"REST"},{"data":"PiercingWail","floor":49,"key":"SMITH"}],"circlet_count":0,"master_deck":["AscendersBane","Defend_G","Defend_G","Defend_G","Defend_G","Defend_G","Survivor","Neutralize+1","Heel Hook","Poisoned Stab","Poisoned Stab","Dodge and Roll","Deadly Poison+1","Well Laid Plans+1","Noxious Fumes+1","Doppelganger","PiercingWail+1","Adrenaline+1","Dagger Spray+1","Adrenaline+1","Finisher+1","Leg Sweep+1","Escape Plan+1","Catalyst+1","Catalyst+1","Wraith Form v2+1","Backstab","Malaise+1","PiercingWail+1","Shame","Dodge and Roll+1","Catalyst+1","Writhe","Acrobatics+1","Footwork+1","PiercingWail+1"],"relics":["Ring of the Snake","Meat on the Bone","Ninja Scroll","White Beast Statue","Astrolabe","Art of War","Blue Candle","Toxic Egg 2","Cursed Key","Shuriken","Pen Nib","Pantograph","Bag of Preparation","Bird Faced Urn"],"acts_visited":["Exordium","TheCity","TheBeyond"],"potions_floor_usage":[50],"damage_taken":[{"damage":7.0,"enemies":"Cultist","floor":1.0,"turns":5.0},{"damage":2.0,"enemies":"Jaw Worm","floor":2.0,"turns":4.0},{"damage":0.0,"enemies":"Small Slimes","floor":3.0,"turns":4.0},{"damage":0.0,"enemies":"Red Slaver","floor":4.0,"turns":4.0},{"damage":1.0,"enemies":"Looter","floor":5.0,"turns":3.0},{"damage":13.0,"enemies":"Gremlin Nob","floor":7.0,"turns":4.0},{"damage":9.0,"enemies":"Blue Slaver","floor":11.0,"turns":3.0},{"damage":10.0,"enemies":"Lagavulin","floor":13.0,"turns":5.0},{"damage":0.0,"enemies":"Exordium Wildlife","floor":14.0,"turns":4.0},{"damage":0.0,"enemies":"The Guardian","floor":16.0,"turns":9.0},{"damage":6.0,"enemies":"2 Thieves","floor":18.0,"turns":4.0},{"damage":6.0,"enemies":"Shell Parasite","floor":21.0,"turns":5.0},{"damage":12.0,"enemies":"Book of Stabbing","floor":23.0,"turns":7.0},{"damage":9.0,"enemies":"Snake Plant","floor":25.0,"turns":4.0},{"damage":11.0,"enemies":"Snecko","floor":27.0,"turns":6.0},{"damage":8.0,"enemies":"Slavers","floor":30.0,"turns":6.0},{"damage":11.0,"enemies":"Sentry and Sphere","floor":31.0,"turns":7.0},{"damage":34.0,"enemies":"Automaton","floor":33.0,"turns":8.0},{"damage":14.0,"enemies":"3 Shapes","floor":35.0,"turns":6.0},{"damage":3.0,"enemies":"3 Darklings","floor":36.0,"turns":4.0},{"damage":9.0,"enemies":"Jaw Worm Horde","floor":38.0,"turns":6.0},{"damage":0.0,"enemies":"Maw","floor":39.0,"turns":5.0},{"damage":26.0,"enemies":"Nemesis","floor":40.0,"turns":7.0},{"damage":11.0,"enemies":"Sphere and 2 Shapes","floor":42.0,"turns":5.0},{"damage":29.0,"enemies":"Giant Head","floor":45.0,"turns":9.0},{"damage":36,"enemies":"Reptomancer","floor":47,"turns":6},{"damage":5,"enemies":"Transient","floor":48,"turns":6},{"damage":31,"enemies":"Donu and Deca","floor":50,"turns":10},{"damage":67,"enemies":"Time Eater","floor":51,"turns":6}],"seed_played":"-3496732466655319253","potions_obtained":[{"floor":1.0,"key":"LiquidMemories"},{"floor":5.0,"key":"Block Potion"},{"floor":11.0,"key":"Energy Potion"},{"floor":14.0,"key":"SkillPotion"},{"floor":16.0,"key":"Dexterity Potion"},{"floor":18.0,"key":"Block Potion"},{"floor":21.0,"key":"DuplicationPotion"},{"floor":30.0,"key":"Regen Potion"},{"floor":31.0,"key":"PowerPotion"},{"floor":33.0,"key":"CultistPotion"},{"floor":35.0,"key":"SkillPotion"},{"floor":40.0,"key":"DuplicationPotion"},{"floor":42.0,"key":"LiquidBronze"},{"floor":45.0,"key":"PowerPotion"}],"is_trial":false,"path_per_floor":["M","M","M","M","M","R","E","R","T","$","M","R","E","M","R","B",null,"M","?","?","M","$","E","R","M","T","M","?","R","E","M","R","B",null,"M","M","T","M","M","E","R","M","T","R","E","R","E","M","R","B","B"],"character_chosen":"THE_SILENT","items_purchased":["Noxious Fumes","AttackPotion","Art of War"],"campfire_rested":2,"item_purchase_floors":[10,10,22],"current_hp_per_floor":[52,50,50,50,49,49,36,36,36,36,39,39,41,41,41,41,60,54,54,66,60,60,48,48,39,39,40,40,40,44,45,45,38,59,45,42,42,45,45,31,50,39,39,39,22,41,17,30,30,34,0,0],"gold":399,"neow_bonus":"TRANSFORM_CARD","is_daily":false,"chose_seed":false,"campfire_upgraded":8,"win_rate":0.0,"timestamp":1611366112,"path_taken":["M","M","M","M","M","R","E","R","T","$","?","R","E","M","R","BOSS","M","?","?","M","$","E","R","M","T","?","?","R","E","?","R","BOSS","M","M","?","?","M","E","R","M","T","R","E","R","E","M","R","BOSS","BOSS"],"items_purchased_type":["Card","Potion","Relic"],"build_version":"2020-12-22","purchased_purges":1,"victory":false,"max_hp_per_floor":[66,66,66,66,66,66,66,66,66,66,66,66,66,66,66,66,66,66,66,66,66,66,66,66,66,66,66,66,66,66,66,66,66,66,66,66,66,66,66,66,66,66,66,66,66,66,66,66,66,66,66,66],"relic_stats":{"counters":[29,162],"Astrolabe":["Dagger Spray","Adrenaline","Finisher"],"Blue Candle":[4],"Pen Nib":[6],"Bag of Preparation":[0],"Cursed Key":2,"Shuriken":[17],"Pantograph":50,"Bird Faced Urn":[22],"Art of War":[30],"obtain_stats":[{"Astrolabe":17,"Blue Candle":23,"Pen Nib":40,"Bag of Preparation":45,"Cursed Key":34,"White Beast Statue":13,"Ninja Scroll":9,"Shuriken":37,"Pantograph":43,"Bird Faced Urn":47,"Art of War":22,"Toxic Egg 2":30,"Ring of the Snake":0,"Meat on the Bone":7},{"Astrolabe":10,"Blue Candle":13,"Pen Nib":23,"Bag of Preparation":25,"Cursed Key":18,"White Beast Statue":8,"Ninja Scroll":6,"Shuriken":20,"Pantograph":24,"Bird Faced Urn":26,"Art of War":12,"Toxic Egg 2":16,"Ring of the Snake":0,"Meat on the Bone":6},{"Astrolabe":45,"Blue Candle":61,"Pen Nib":120,"Bag of Preparation":134,"Cursed Key":92,"White Beast Statue":32,"Ninja Scroll":24,"Shuriken":102,"Pantograph":125,"Bird Faced Urn":140,"Art of War":54,"Toxic Egg 2":77,"Ring of the Snake":0,"Meat on the Bone":24}],"Ring of the Snake":[58],"Meat on the Bone":132},"card_choices":[{"not_picked":["Riddle With Holes","Predator"],"picked":"Poisoned Stab","floor":1.0},{"not_picked":["Bane","Outmaneuver"],"picked":"Poisoned Stab","floor":2.0},{"not_picked":["Calculated Gamble","Backflip","PiercingWail"],"picked":"SKIP","floor":3.0},{"not_picked":["Deflect","Backflip"],"picked":"Dodge and Roll","floor":4.0},{"not_picked":["Expertise","Concentrate"],"picked":"Deadly Poison","floor":5.0},{"not_picked":["Riddle With Holes","Bouncing Flask"],"picked":"Well Laid Plans","floor":7.0},{"not_picked":["Dodge and Roll","Dagger Throw","Sucker Punch"],"picked":"SKIP","floor":11.0},{"not_picked":["Tactician","Reflex"],"picked":"Doppelganger","floor":13.0},{"not_picked":["Eviscerate","Slice"],"picked":"PiercingWail","floor":14.0},{"not_picked":["Venomology","Die Die Die"],"picked":"Adrenaline","floor":16.0},{"not_picked":["Concentrate","PiercingWail"],"picked":"Leg Sweep","floor":18.0},{"not_picked":["Tactician","Slice"],"picked":"Escape Plan+1","floor":21.0},{"not_picked":["Outmaneuver","Acrobatics"],"picked":"Catalyst+1","floor":23.0},{"not_picked":["Dagger Spray","All Out Attack","Acrobatics+1"],"picked":"SKIP","floor":25.0},{"not_picked":["Sucker Punch+1","Well Laid Plans","Acrobatics"],"picked":"SKIP","floor":27.0},{"not_picked":["Caltrops","Calculated Gamble+1"],"picked":"Wraith Form v2","floor":30.0},{"not_picked":["Dagger Throw","Sucker Punch+1"],"picked":"Backstab","floor":31.0},{"not_picked":["Doppelganger+1","Phantasmal Killer+1"],"picked":"Malaise+1","floor":33.0},{"not_picked":["Terror+1","Riddle With Holes","Choke"],"picked":"SKIP","floor":35.0},{"not_picked":["Flying Knee+1","Sucker Punch"],"picked":"PiercingWail+1","floor":36.0},{"not_picked":["Flying Knee+1","Dagger Spray+1"],"picked":"Dodge and Roll+1","floor":38.0},{"not_picked":["Bane+1","Poisoned Stab","Blade Dance+1"],"picked":"SKIP","floor":39.0},{"not_picked":["Bane+1","Poisoned Stab","Blade Dance+1"],"picked":"SKIP","floor":39.0},{"not_picked":["Dagger Throw","Deflect+1"],"picked":"Catalyst+1","floor":40.0},{"not_picked":["A Thousand Cuts","Bane","PiercingWail+1"],"picked":"SKIP","floor":42.0},{"not_picked":["Flying Knee","Deflect+1"],"picked":"Acrobatics+1","floor":45.0},{"not_picked":["Bane","Poisoned Stab"],"picked":"Footwork+1","floor":47},{"not_picked":["Reflex+1","Acrobatics+1"],"picked":"PiercingWail+1","floor":48}],"player_experience":3103243,"relics_obtained":[{"floor":7.0,"key":"Meat on the Bone"},{"floor":9.0,"key":"Ninja Scroll"},{"floor":13.0,"key":"White Beast Statue"},{"floor":23.0,"key":"Blue Candle"},{"floor":30.0,"key":"Toxic Egg 2"},{"floor":37.0,"key":"Shuriken"},{"floor":40.0,"key":"Pen Nib"},{"floor":43.0,"key":"Pantograph"},{"floor":45.0,"key":"Bag of Preparation"},{"floor":47,"key":"Bird Faced Urn"}],"event_choices":[{"damage_healed":0.0,"max_hp_gain":0.0,"max_hp_loss":0.0,"gold_gain":0.0,"event_name":"Vampires","player_choice":"Ignored","floor":19.0,"gold_loss":0.0,"damage_taken":0.0},{"damage_healed":12.0,"max_hp_gain":0.0,"max_hp_loss":0.0,"gold_gain":0.0,"event_name":"Wheel of Change","player_choice":"Full Heal","floor":20.0,"gold_loss":0.0,"damage_taken":0.0},{"damage_healed":0.0,"max_hp_gain":0.0,"max_hp_loss":0.0,"gold_gain":0.0,"event_name":"Duplicator","player_choice":"Copied","floor":28.0,"gold_loss":0.0,"damage_taken":0.0,"cards_obtained":["Catalyst"]}],"is_beta":false,"boss_relics":[{"not_picked":["Ectoplasm","Pandora\u0027s Box"],"picked":"Astrolabe"},{"not_picked":["Sozu","Snecko Eye"],"picked":"Cursed Key"}],"items_purged_floors":[10],"is_endless":false,"potions_floor_spawned":[1,5,11,14,16,18,21,23,25,27,30,31,33,35,36,38,39,40,42,45,47,48],"killed_by":"Time Eater","ascension_level":20}}