{"host":"9tzam4717zt8ei1o","time":1611411760,"event":{"mods":["BaseMod","Colored Map","Keyboard Shortcuts","Minty Spire (QoL Compilation)","Quick Restart","StSLib","SuperFastMode"],"gold_per_floor":[113,126,126,76,1,1,29,29,53,80,99,99,117,117,117,213,213,227,227,227,246,257,257,288,188,237,250,125,143,172,187,187,187,187],"floor_reached":33,"language":"KOR","playtime":633,"items_purged":["Strike_G","Strike_G","Decay"],"score":512,"play_id":"c5271a76-9810-4ed0-b3b4-d2e78c8e9bff","local_time":"20210123232240","is_ascension_mode":true,"campfire_choices":[{"data":"Neutralize","floor":6.0,"key":"SMITH"},{"data":"Choke","floor":8.0,"key":"SMITH"},{"data":"Heel Hook","floor":15.0,"key":"SMITH"},{"floor":23.0,"key":"REST"},{"floor":32.0,"key":"REST"}],"circlet_count":0,"master_deck":["AscendersBane","Strike_G+1","Defend_G","Defend_G","Defend_G","Defend_G","Defend_G","Survivor","Neutralize+1","Noxious Fumes+1","Heel Hook+1","Choke+1","Tactician","Caltrops","Blur","A Thousand Cuts+1","Backflip","Grand Finale","Blur","Dagger Throw+1"],"relics":["Ring of the Snake","NeowsBlessing","Paper Crane","Nunchaku","Bronze Scales","Cursed Key","Lantern","MealTicket","Question Card"],"acts_visited":["Exordium","TheCity"],"potions_floor_usage":[],"damage_taken":[{"damage":0.0,"enemies":"2 Louse","floor":1.0,"turns":1.0},{"damage":0.0,"enemies":"Small Slimes","floor":2.0,"turns":1.0},{"damage":0.0,"enemies":"3 Sentries","floor":7.0,"turns":2.0},{"damage":19.0,"enemies":"Lagavulin","floor":10.0,"turns":6.0},{"damage":0.0,"enemies":"Cultist","floor":11.0,"turns":3.0},{"damage":0.0,"enemies":"2 Fungi Beasts","floor":13.0,"turns":4.0},{"damage":4.0,"enemies":"The Guardian","floor":16.0,"turns":9.0},{"damage":11.0,"enemies":"Spheric Guardian","floor":18.0,"turns":4.0},{"damage":26.0,"enemies":"2 Thieves","floor":21.0,"turns":3.0},{"damage":16.0,"enemies":"Cultist and Chosen","floor":22.0,"turns":5.0},{"damage":7.0,"enemies":"Book of Stabbing","floor":24.0,"turns":5.0},{"damage":7.0,"enemies":"Chosen and Byrds","floor":27.0,"turns":6.0},{"damage":11.0,"enemies":"Snake Plant","floor":29.0,"turns":4.0},{"damage":12.0,"enemies":"Gremlin Leader","floor":30.0,"turns":4.0},{"damage":10.0,"enemies":"Cultist and Chosen","floor":31.0,"turns":4.0},{"damage":57,"enemies":"Champ","floor":33,"turns":10}],"seed_played":"-5506362092912377007","potions_obtained":[{"floor":7.0,"key":"SpeedPotion"},{"floor":11.0,"key":"EssenceOfSteel"},{"floor":22.0,"key":"Regen Potion"},{"floor":27.0,"key":"ColorlessPotion"},{"floor":29.0,"key":"ColorlessPotion"}],"is_trial":false,"path_per_floor":["M","M","?","?","$","R","E","R","T","E","M","?","M","?","R","B",null,"M","?","?","M","M","R","E","$","T","M","$","M","E","M","R","B"],"character_chosen":"THE_SILENT","items_purchased":[],"campfire_rested":2,"item_purchase_floors":[],"current_hp_per_floor":[63,63,49,49,49,49,49,49,49,30,30,30,30,35,35,31,64,53,53,53,27,11,33,41,41,41,34,49,38,26,16,38,0,0],"gold":187,"neow_bonus":"THREE_ENEMY_KILL","is_daily":false,"chose_seed":false,"campfire_upgraded":3,"win_rate":0.0,"timestamp":1611411760,"path_taken":["M","M","?","?","$","R","E","R","T","E","M","?","?","?","R","BOSS","M","?","?","?","M","R","E","?","T","?","$","M","E","M","R","BOSS"],"items_purchased_type":[],"build_version":"2020-12-22","purchased_purges":3,"victory":false,"max_hp_per_floor":[70,70,70,70,70,70,70,70,70,70,70,70,70,75,75,75,75,75,75,75,75,75,75,75,75,75,75,75,75,75,75,75,75,75],"card_choices":[{"not_picked":["Flying Knee","Expertise"],"picked":"Noxious Fumes","floor":1.0},{"not_picked":["All Out Attack","Bane"],"picked":"Heel Hook","floor":2.0},{"not_picked":["Poisoned Stab","Dagger Throw"],"picked":"Choke","floor":7.0},{"not_picked":["Deflect","Malaise"],"picked":"Tactician","floor":10.0},{"not_picked":["Setup","Outmaneuver","Dagger Spray"],"picked":"SKIP","floor":11.0},{"not_picked":["Flechettes","Concentrate"],"picked":"Blur","floor":13.0},{"not_picked":["Bullet Time","Venomology"],"picked":"A Thousand Cuts","floor":16.0},{"not_picked":["Blade Dance","Flying Knee+1","Outmaneuver"],"picked":"SKIP","floor":18.0},{"not_picked":["Choke","Bouncing Flask","Quick Slash"],"picked":"SKIP","floor":21.0},{"not_picked":["Underhanded Strike","Accuracy+1"],"picked":"Backflip","floor":22.0},{"not_picked":["Backflip","Blade Dance"],"picked":"Grand Finale","floor":24.0},{"not_picked":["Deflect+1","Poisoned Stab"],"picked":"Blur","floor":27.0},{"not_picked":["Dagger Throw","Underhanded Strike","Quick Slash"],"picked":"SKIP","floor":29.0},{"not_picked":["Dagger Throw","Underhanded Strike","Quick Slash"],"picked":"SKIP","floor":29.0},{"not_picked":["Dodge and Roll","Noxious Fumes"],"picked":"Dagger Throw+1","floor":30.0},{"not_picked":["Malaise","Backflip","Blade Dance","Noxious Fumes+1"],"picked":"SKIP","floor":31.0}],"player_experience":102503,"relics_obtained":[{"floor":7.0,"key":"Paper Crane"},{"floor":9.0,"key":"Nunchaku"},{"floor":10.0,"key":"Bronze Scales"},{"floor":24.0,"key":"Lantern"},{"floor":26.0,"key":"MealTicket"},{"floor":30.0,"key":"Question Card"}],"event_choices":[{"damage_healed":0.0,"max_hp_gain":0.0,"max_hp_loss":0.0,"gold_gain":0.0,"event_name":"Shining Light","player_choice":"Entered Light","floor":3.0,"gold_loss":0.0,"damage_taken":14.0,"cards_upgraded":["Strike_G","Noxious Fumes"]},{"cards_removed":["Strike_G"],"damage_healed":0.0,"max_hp_gain":0.0,"max_hp_loss":0.0,"gold_gain":0.0,"event_name":"The Cleric","player_choice":"Card Removal","floor":4.0,"gold_loss":50.0,"damage_taken":0.0},{"damage_healed":0.0,"max_hp_gain":0.0,"max_hp_loss":0.0,"gold_gain":0.0,"cards_transformed":["Strike_G"],"event_name":"Transmorgrifier","player_choice":"Transformed","floor":12.0,"gold_loss":0.0,"damage_taken":0.0,"cards_obtained":["Caltrops"]},{"damage_healed":0.0,"max_hp_gain":5.0,"max_hp_loss":0.0,"gold_gain":0.0,"event_name":"Big Fish","player_choice":"Donut","floor":14.0,"gold_loss":0.0,"damage_taken":0.0},{"damage_healed":0.0,"max_hp_gain":0.0,"max_hp_loss":0.0,"gold_gain":0.0,"event_name":"Vampires","player_choice":"Ignored","floor":19.0,"gold_loss":0.0,"damage_taken":0.0},{"damage_healed":0.0,"max_hp_gain":0.0,"max_hp_loss":0.0,"gold_gain":0.0,"event_name":"Accursed Blacksmith","player_choice":"Forge","floor":20.0,"gold_loss":0.0,"damage_taken":0.0,"cards_upgraded":["A Thousand Cuts"]}],"is_beta":false,"boss_relics":[{"not_picked":["HoveringKite","Velvet Choker"],"picked":"Cursed Key"}],"items_purged_floors":[5,25,28],"is_endless":false,"potions_floor_spawned":[7,11,13,21,22,27,29],"killed_by":"Champ","ascension_level":12}}