{"host":"prbesmsd58qkujmx","time":1611409389,"event":{"mods":["2.2 Compatiblity","AchievementEnabler","BaseMod","Colored Map","DeckTracker","Highlight Path","Keyboard Shortcuts","Minty Spire (QoL Compilation)","Permanent Neow","Quick Restart","Random Character Button","StSLib","SuperFastMode","everything is the same but u backflip on backflip"],"gold_per_floor":[110,126,11,30,44,44,74,74,74,105,60,60,75,85,85,85,85],"floor_reached":16,"language":"KOR","playtime":1068,"items_purged":[],"score":118,"play_id":"ea7d32de-d7d8-4505-b74d-63aed52ff911","local_time":"20210123224309","is_ascension_mode":true,"campfire_choices":[{"data":"Fusion","floor":6,"key":"SMITH"},{"data":"Heatsinks","floor":8,"key":"SMITH"},{"floor":12,"key":"REST"},{"data":"Hologram","floor":15,"key":"SMITH"}],"circlet_count":0,"master_deck":["Strike_B","Strike_B","Strike_B","Strike_B","Defend_B","Defend_B","Defend_B","Defend_B","Zap","Dualcast","Hyperbeam","Coolheaded","Undo","Sunder","Conserve Battery","Fusion+1","Heatsinks+1","Self Repair","White Noise","Ball Lightning","Sweeping Beam","Hologram+1"],"relics":["Cracked Core","Centennial Puzzle","Regal Pillow","Gremlin Horn"],"acts_visited":["Exordium"],"potions_floor_usage":[7,16,16],"damage_taken":[{"damage":0,"enemies":"Cultist","floor":1,"turns":2},{"damage":2,"enemies":"Small Slimes","floor":2,"turns":2},{"damage":0,"enemies":"Jaw Worm","floor":4,"turns":3},{"damage":13,"enemies":"Exordium Thugs","floor":5,"turns":4},{"damage":5,"enemies":"Lagavulin","floor":7,"turns":7},{"damage":29,"enemies":"Gremlin Nob","floor":10,"turns":4},{"damage":3,"enemies":"Looter","floor":11,"turns":5},{"damage":1,"enemies":"2 Fungi Beasts","floor":13,"turns":3},{"damage":13,"enemies":"Red Slaver","floor":14,"turns":4},{"damage":48,"enemies":"The Guardian","floor":16,"turns":10}],"seed_played":"5367857029830747613","potions_obtained":[{"floor":2,"key":"ColorlessPotion"},{"floor":5,"key":"SmokeBomb"},{"floor":13,"key":"SneckoOil"},{"floor":14,"key":"FocusPotion"}],"is_trial":false,"path_per_floor":["M","M","$","M","M","R","E","R","T","E","M","R","M","M","R","B"],"character_chosen":"DEFECT","items_purchased":["Sunder","Conserve Battery"],"campfire_rested":1,"item_purchase_floors":[3,3],"current_hp_per_floor":[54,52,52,52,39,39,34,34,34,12,16,53,52,46,46,0,0],"gold":85,"neow_bonus":"THREE_RARE_CARDS","is_daily":false,"chose_seed":false,"campfire_upgraded":3,"win_rate":0.0,"timestamp":1611409389,"path_taken":["M","M","?","M","M","R","E","R","T","E","M","R","M","M","R","BOSS"],"items_purchased_type":["Card","Card"],"build_version":"2020-12-22","purchased_purges":0,"victory":false,"max_hp_per_floor":[75,75,75,75,75,75,75,75,75,75,75,75,75,75,75,75,75],"card_choices":[{"not_picked":["Echo Form","Machine Learning"],"picked":"Hyperbeam","floor":0},{"not_picked":["Go for the Eyes","Consume"],"picked":"Coolheaded","floor":1},{"not_picked":["Auto Shields","Loop"],"picked":"Undo","floor":2},{"not_picked":["Cold Snap","Redo"],"picked":"Fusion","floor":4},{"not_picked":["Leap","Auto Shields"],"picked":"Heatsinks","floor":5},{"not_picked":["Lockon","All For One"],"picked":"Self Repair","floor":7},{"not_picked":["Blizzard","Hologram"],"picked":"White Noise","floor":10},{"not_picked":["Go for the Eyes","Hologram"],"picked":"Ball Lightning","floor":11},{"not_picked":["Stack","Conserve Battery"],"picked":"Sweeping Beam","floor":13},{"not_picked":["Sunder","Sweeping Beam"],"picked":"Hologram","floor":14}],"player_experience":119106,"relics_obtained":[{"floor":7,"key":"Centennial Puzzle"},{"floor":9,"key":"Regal Pillow"},{"floor":10,"key":"Gremlin Horn"}],"event_choices":[],"is_beta":false,"boss_relics":[],"items_purged_floors":[],"is_endless":false,"potions_floor_spawned":[2,5,13,14],"killed_by":"The Guardian","ascension_level":1}}