{"host":"udml3bba5m6xpjx7","time":1611383532,"event":{"mods":["BaseMod","Better Match","Better Third Choice","Block Reminder","Downfall","Minty Spire (QoL Compilation)","Rare Cards Sparkle","Relic Stats","StSLib","Swap Starting Deck Mod"],"gold_per_floor":[99,118,118,118,133,152,152,152,182,82,101,115,115,125,144,245,245,245,265,283,283,302,331,331,331,383,183,55,106,157,207,258,258,258,258],"floor_reached":33,"language":"ENG","playtime":2121,"items_purged":[],"score":300,"play_id":"36ab9cfc-fd01-4a36-84b0-2139e79825f5","local_time":"20210122223212","is_ascension_mode":false,"campfire_choices":[{"data":"champ:Taunt","floor":1,"key":"SMITH"},{"floor":8,"key":"RECALL"},{"data":"champ:HeavySlash","floor":10,"key":"SMITH"},{"data":"champ:Backstep","floor":13,"key":"SMITH"},{"data":"champ:IronFortress","floor":18,"key":"SMITH"},{"floor":27,"key":"REST"}],"circlet_count":0,"master_deck":["champ:Strike","champ:Strike","champ:Defend","champ:Defend","champ:Defend","champ:Execute+1","champ:Taunt+1","champ:BringItOn+1","champ:SteelEdge","champ:DeathBlow+1","Doubt","champ:Encircle+1","champ:GutPunch","champ:HeavySlash+1","champ:Backstep+1","champ:IronFortress+1","champ:HeavySlash","champ:FancyFootwork","champ:GladiatorStyle","champ:FanOfKnives","champ:CalledShot","champ:DefensiveShout","champ:Improvising","champ:AdrenalArmor+1"],"relics":["champ:ChampionCrown","champ:LiftRelic","Whetstone","FossilizedHelix","downfall:HeartBlessingRed","Sozu","InkBottle","downfall:KnowingSkull","downfall:HeartBlessingGreen","downfall:HeartBlessingBlue","champ:FightingForDummies"],"acts_visited":["Exordium","TheCity"],"potions_floor_usage":[14,32,33],"damage_taken":[{"damage":10,"enemies":"Small Slimes","floor":2,"turns":5},{"damage":0,"enemies":"2 Louse","floor":5,"turns":2},{"damage":16,"enemies":"Cultist","floor":6,"turns":3},{"damage":46,"enemies":"3 Sentries","floor":9,"turns":6},{"damage":10,"enemies":"Exordium Thugs","floor":11,"turns":2},{"damage":20,"enemies":"Lots of Slimes","floor":12,"turns":5},{"damage":0,"enemies":"Large Slime","floor":14,"turns":3},{"damage":7,"enemies":"3 Louse","floor":15,"turns":3},{"damage":21,"enemies":"WA_ARCHETYPE_RETAIN","floor":16,"turns":6},{"damage":23,"enemies":"Spheric Guardian","floor":19,"turns":4},{"damage":15,"enemies":"Centurion and Healer","floor":20,"turns":5},{"damage":20,"enemies":"Snecko","floor":22,"turns":4},{"damage":86,"enemies":"Gremlin Leader","floor":23,"turns":7},{"damage":25,"enemies":"Snake Plant","floor":26,"turns":3},{"damage":0,"enemies":"downfall:FleeingMerchant","floor":28,"turns":4},{"damage":29,"enemies":"Sentry and Sphere","floor":29,"turns":3},{"damage":25,"enemies":"Centurion and Healer","floor":30,"turns":5},{"damage":24,"enemies":"Snake Plant","floor":31,"turns":3},{"damage":29,"enemies":"Cultist and Chosen","floor":32,"turns":4},{"damage":71,"enemies":"IC_MUSHROOM_ARCHETYPE","floor":33,"turns":7}],"seed_played":"5071046750928352988","potions_obtained":[{"floor":6,"key":"SteroidPotion"},{"floor":11,"key":"sneckomod:MuddlingPotion"},{"floor":16,"key":"Swift Potion"}],"is_trial":false,"path_per_floor":["R","M","?","?","M","M","T","R","E","R","M","M","R","M","M","B",null,"R","M","M","?","M","E","T","?","M","R","$","M","M","M","M","B"],"character_chosen":"THE_CHAMP","items_purchased":["champ:FightingForDummies"],"campfire_rested":1,"item_purchase_floors":[28],"current_hp_per_floor":[99,99,99,99,99,93,93,93,77,77,82,87,87,99,99,93,99,99,86,96,88,88,42,42,33,18,60,60,56,56,47,43,0,0,0],"gold":258,"neow_bonus":"TEN_PERCENT_HP_BONUS","is_daily":false,"chose_seed":false,"campfire_upgraded":4,"win_rate":0.0,"timestamp":1611383532,"path_taken":["R","M","?","?","M","M","T","R","E","R","M","M","R","M","M","BOSS","R","M","?","?","?","E","T","?","M","R","$","M","M","M","M","BOSS"],"items_purchased_type":["Relic"],"build_version":"2020-12-22","purchased_purges":0,"victory":false,"max_hp_per_floor":[99,99,99,99,99,99,99,99,99,99,99,99,99,99,99,99,99,99,99,99,99,99,99,99,99,99,109,109,109,109,109,109,109,109,109],"relic_stats":{"Sozu":4,"counters":[20,84],"Whetstone":["champ:DeathBlow","champ:Encircle"],"obtain_stats":[{"Sozu":17,"downfall:HeartBlessingRed":10,"downfall:HeartBlessingBlue":27,"champ:LiftRelic":3,"champ:ChampionCrown":0,"downfall:KnowingSkull":25,"downfall:HeartBlessingGreen":27,"Whetstone":7,"champ:FightingForDummies":28,"FossilizedHelix":9,"InkBottle":23},{"Sozu":9,"downfall:HeartBlessingRed":4,"downfall:HeartBlessingBlue":14,"champ:LiftRelic":1,"champ:ChampionCrown":0,"downfall:KnowingSkull":13,"downfall:HeartBlessingGreen":14,"Whetstone":3,"champ:FightingForDummies":15,"FossilizedHelix":4,"InkBottle":13},{"Sozu":35,"downfall:HeartBlessingRed":16,"downfall:HeartBlessingBlue":58,"champ:LiftRelic":5,"champ:ChampionCrown":0,"downfall:KnowingSkull":55,"downfall:HeartBlessingGreen":58,"Whetstone":10,"champ:FightingForDummies":62,"FossilizedHelix":16,"InkBottle":55}],"InkBottle":[13]},"card_choices":[{"not_picked":["champ:Shatter","champ:CrownThrow"],"picked":"champ:BringItOn","floor":2},{"not_picked":["champ:BringItOn","champ:BladeFlurry","champ:TornadoPunch"],"picked":"SKIP","floor":5},{"not_picked":["champ:EnragedBash","champ:Circumvent"],"picked":"champ:GutPunch","floor":6},{"not_picked":["champ:BringItOn","champ:TornadoPunch"],"picked":"champ:HeavySlash","floor":9},{"not_picked":["champ:RapidStrikes","champ:Shatter"],"picked":"champ:Backstep","floor":11},{"not_picked":["champ:FocusedBerserking","champ:HeartStrike","champ:Devastate"],"picked":"SKIP","floor":12},{"not_picked":["champ:FalseCounter","champ:BerserkersShout"],"picked":"champ:IronFortress","floor":14},{"not_picked":["champ:EnGarde","champ:BerserkersShout","champ:PerfectedStrike"],"picked":"SKIP","floor":15},{"not_picked":["champ:DancingMaster","champ:ShieldThrow"],"picked":"champ:HeavySlash","floor":16},{"not_picked":["champ:Circumvent","champ:SetATrap"],"picked":"champ:FancyFootwork","floor":19},{"not_picked":["champ:PreemptiveStrike","champ:BladeFlurry"],"picked":"champ:GladiatorStyle","floor":20},{"not_picked":["champ:PerfectedStrike+1","champ:GutPunch"],"picked":"champ:FanOfKnives","floor":22},{"not_picked":["champ:PreemptiveStrike+1","champ:CrookedStrike"],"picked":"champ:CalledShot","floor":23},{"not_picked":["champ:EndlessRage","champ:PerfectedStrike+1"],"picked":"champ:DefensiveShout","floor":26},{"not_picked":["champ:LastStand","champ:Lariat"],"picked":"champ:Improvising","floor":28},{"not_picked":["champ:Backstep","champ:Shatter+1","champ:Haymaker"],"picked":"SKIP","floor":29},{"not_picked":["champ:Circumvent","champ:DefensiveShout","champ:CrownThrow"],"picked":"SKIP","floor":30},{"not_picked":["champ:BerserkersShout","champ:BladeFlurry","champ:DefensiveShout"],"picked":"SKIP","floor":31},{"not_picked":["champ:EnGarde","champ:FlashCut"],"picked":"champ:AdrenalArmor+1","floor":32}],"player_experience":161200,"relics_obtained":[{"floor":7,"key":"Whetstone"},{"floor":9,"key":"FossilizedHelix"},{"floor":23,"key":"InkBottle"}],"event_choices":[],"is_beta":false,"boss_relics":[{"not_picked":["Runic Pyramid","Fusion Hammer"],"picked":"Sozu"}],"items_purged_floors":[],"is_endless":false,"potions_floor_spawned":[6,11,16,20,23,30,32],"killed_by":"IC_MUSHROOM_ARCHETYPE","ascension_level":0}}