{"host":"o7j6aatxjwpw1421","time":1611398482,"event":{"mods":["2.2 Compatiblity","AchievementEnabler","BaseMod","Colored Map","DeckTracker","Highlight Path","Keyboard Shortcuts","Minty Spire (QoL Compilation)","Permanent Neow","Quick Restart","StSLib","SuperFastMode","everything is the same but u backflip on backflip"],"gold_per_floor":[109,34,34,44,44,44,72,91,91,101,101,101,176,76,76,150,150,163,174,49,49,68,68,103,114,139,139,164,164,89,89,89,160,160,177,177,193,204,204,224,224,250,250,35,60,86,86,98,98,98,98],"floor_reached":50,"language":"KOR","playtime":1907,"items_purged":["Defend_P","Strike_P","Perseverance+1","Swivel+1"],"score":1208,"play_id":"5441fe7c-43b0-47f8-94fe-98f5ef2c75f9","local_time":"20210123194122","is_ascension_mode":true,"campfire_choices":[{"data":"Eruption","floor":6.0,"key":"SMITH"},{"data":"Adaptation","floor":11.0,"key":"SMITH"},{"floor":15.0,"key":"REST"},{"data":"Adaptation","floor":23.0,"key":"SMITH"},{"floor":27.0,"key":"REST"},{"floor":29.0,"key":"REST"},{"floor":32.0,"key":"REST"},{"data":"Flash of Steel","floor":41.0,"key":"SMITH"},{"floor":47.0,"key":"REST"},{"floor":49.0,"key":"REST"}],"circlet_count":0,"master_deck":["AscendersBane","Eruption+1","Vigilance+1","MentalFortress+1","EmptyFist+1","MentalFortress+1","Adaptation+1","Halt+1","ReachHeaven+1","Collect+1","Adaptation+1","Tantrum+1","EmptyBody+1","Madness+1","Flash of Steel+1","Flash of Steel","FearNoEvil"],"relics":["PureWater","NeowsBlessing","Toxic Egg 2","PreservedInsect","Pandora\u0027s Box","MutagenicStrength","War Paint","Boot","Smiling Mask","Sozu","Frozen Egg 2","Bottled Lightning","Vajra","Prayer Wheel","MealTicket"],"acts_visited":["Exordium","TheCity","TheBeyond"],"potions_floor_usage":[50],"damage_taken":[{"damage":0.0,"enemies":"Small Slimes","floor":1.0,"turns":1.0},{"damage":0.0,"enemies":"2 Louse","floor":4.0,"turns":1.0},{"damage":0.0,"enemies":"Gremlin Nob","floor":7.0,"turns":1.0},{"damage":0.0,"enemies":"Jaw Worm","floor":8.0,"turns":2.0},{"damage":8.0,"enemies":"Blue Slaver","floor":10.0,"turns":5.0},{"damage":8.0,"enemies":"The Guardian","floor":16.0,"turns":11.0},{"damage":1.0,"enemies":"Chosen","floor":18.0,"turns":3.0},{"damage":6.0,"enemies":"Shell Parasite","floor":19.0,"turns":3.0},{"damage":16.0,"enemies":"Chosen and Byrds","floor":22.0,"turns":5.0},{"damage":16.0,"enemies":"Book of Stabbing","floor":24.0,"turns":5.0},{"damage":0.0,"enemies":"Snecko","floor":25.0,"turns":4.0},{"damage":5.0,"enemies":"Slavers","floor":28.0,"turns":4.0},{"damage":0.0,"enemies":"Champ","floor":33.0,"turns":7.0},{"damage":0.0,"enemies":"Orb Walker","floor":35.0,"turns":2.0},{"damage":0.0,"enemies":"3 Shapes","floor":37.0,"turns":3.0},{"damage":8.0,"enemies":"Sphere and 2 Shapes","floor":38.0,"turns":4.0},{"damage":0.0,"enemies":"Jaw Worm Horde","floor":40.0,"turns":3.0},{"damage":0.0,"enemies":"Giant Head","floor":42.0,"turns":3.0},{"damage":2.0,"enemies":"Mind Bloom Boss Battle","floor":45.0,"turns":5.0},{"damage":30.0,"enemies":"Reptomancer","floor":46.0,"turns":4.0},{"damage":13.0,"enemies":"Spire Growth","floor":48.0,"turns":4.0},{"damage":39,"enemies":"Awakened One","floor":50,"turns":3}],"seed_played":"-7881540290869570624","potions_obtained":[{"floor":1.0,"key":"FearPotion"},{"floor":10.0,"key":"Explosive Potion"},{"floor":22.0,"key":"BlessingOfTheForge"},{"floor":24.0,"key":"Explosive Potion"},{"floor":25.0,"key":"SteroidPotion"}],"is_trial":false,"path_per_floor":["M","$","?","M","?","R","E","M","T","M","R","?","?","$","R","B",null,"M","M","$","?","M","R","E","M","T","R","E","R","?","?","R","B",null,"M","?","M","M","?","M","R","E","T","$","?","E","R","M","R","B"],"character_chosen":"WATCHER","items_purchased":["Vajra"],"campfire_rested":6,"item_purchase_floors":[44],"current_hp_per_floor":[61,61,61,61,61,61,61,61,61,53,53,33,22,22,42,34,60,59,53,53,53,37,37,21,21,21,41,36,56,56,56,68,68,68,68,58,58,50,50,50,50,50,50,50,48,18,38,25,45,6,6],"gold":98,"neow_bonus":"THREE_ENEMY_KILL","is_daily":false,"chose_seed":false,"campfire_upgraded":4,"win_rate":0.0,"timestamp":1611398482,"path_taken":["M","$","?","M","?","R","E","M","T","?","R","?","?","$","R","BOSS","M","M","$","?","M","R","E","M","T","R","E","R","?","?","R","BOSS","M","?","M","M","?","?","R","E","T","?","?","E","R","M","R","BOSS"],"items_purchased_type":["Relic"],"build_version":"2020-12-22","purchased_purges":4,"victory":false,"max_hp_per_floor":[68,68,68,68,68,68,68,68,68,68,68,68,68,68,68,68,68,68,68,68,68,68,68,68,68,68,68,68,68,68,68,68,68,68,68,68,68,68,68,68,68,68,68,68,68,68,68,68,68,68,68],"card_choices":[{"not_picked":["SandsOfTime","Protect"],"picked":"MentalFortress","floor":1.0},{"not_picked":["Wireheading","CarveReality","PathToVictory"],"picked":"SKIP","floor":4.0},{"not_picked":["Wish+1","Prostrate+1"],"picked":"EmptyFist","floor":7.0},{"not_picked":["Halt+1","ThirdEye+1"],"picked":"MentalFortress","floor":8.0},{"not_picked":["CarveReality","PathToVictory+1"],"picked":"Adaptation","floor":10.0},{"not_picked":["Alpha+1","DevaForm"],"picked":"LessonLearned","floor":16.0},{"not_picked":["MentalFortress","BowlingBash","WreathOfFlame+1"],"picked":"SKIP","floor":18.0},{"not_picked":["Prostrate+1","Collect+1"],"picked":"Adaptation","floor":19.0},{"not_picked":["Indignation+1","Protect+1","SignatureMove"],"picked":"SKIP","floor":22.0},{"not_picked":["Vengeance+1","ForeignInfluence+1"],"picked":"Tantrum","floor":24.0},{"not_picked":["JustLucky","WaveOfTheHand+1","CarveReality"],"picked":"SKIP","floor":25.0},{"not_picked":["BowlingBash+1","ConjureBlade+1"],"picked":"EmptyBody+1","floor":28.0},{"not_picked":["BowlingBash","ThirdEye+1","Meditate+1"],"picked":"SKIP","floor":35.0},{"not_picked":["Violence+1","Dramatic Entrance"],"picked":"Madness+1","floor":36.0},{"not_picked":["Good Instincts+1","Violence+1"],"picked":"Flash of Steel","floor":36.0},{"not_picked":["Finesse+1","Purity+1"],"picked":"Flash of Steel","floor":36.0},{"not_picked":["WindmillStrike","LikeWater","CutThroughFate+1"],"picked":"SKIP","floor":37.0},{"not_picked":["FlyingSleeves+1","WaveOfTheHand+1","Protect+1"],"picked":"SKIP","floor":38.0},{"not_picked":["EmptyFist","Crescendo+1","Wireheading"],"picked":"SKIP","floor":40.0},{"not_picked":["Consecrate+1","Crescendo+1","Evaluate+1"],"picked":"SKIP","floor":42.0},{"not_picked":["Fasting2+1","EmptyFist","WheelKick+1"],"picked":"SKIP","floor":46.0},{"not_picked":["Nirvana+1","SashWhip+1"],"picked":"FearNoEvil","floor":48.0},{"not_picked":["Protect+1","Omniscience+1","Consecrate+1"],"picked":"SKIP","floor":48.0}],"player_experience":608585,"relics_obtained":[{"floor":7.0,"key":"Toxic Egg 2"},{"floor":9.0,"key":"PreservedInsect"},{"floor":24.0,"key":"War Paint"},{"floor":26.0,"key":"Boot"},{"floor":28.0,"key":"Smiling Mask"},{"floor":42.0,"key":"Frozen Egg 2"},{"floor":43.0,"key":"Bottled Lightning"},{"floor":45.0,"key":"Prayer Wheel"},{"floor":46.0,"key":"MealTicket"}],"event_choices":[{"cards_removed":["Strike_P"],"damage_healed":0.0,"max_hp_gain":0.0,"max_hp_loss":0.0,"gold_gain":0.0,"event_name":"Living Wall","player_choice":"Forget","floor":3.0,"gold_loss":0.0,"damage_taken":0.0},{"damage_healed":0.0,"max_hp_gain":0.0,"max_hp_loss":0.0,"gold_gain":0.0,"event_name":"The Cleric","player_choice":"Leave","floor":5.0,"gold_loss":0.0,"damage_taken":0.0},{"damage_healed":0.0,"max_hp_gain":0.0,"max_hp_loss":0.0,"gold_gain":0.0,"event_name":"Shining Light","player_choice":"Entered Light","floor":12.0,"gold_loss":0.0,"damage_taken":20.0,"cards_upgraded":["Defend_P","Strike_P"]},{"damage_healed":0.0,"max_hp_gain":0.0,"max_hp_loss":0.0,"gold_gain":75.0,"event_name":"World of Goop","player_choice":"Gather Gold","floor":13.0,"gold_loss":0.0,"damage_taken":11.0},{"damage_healed":0.0,"max_hp_gain":0.0,"max_hp_loss":0.0,"gold_gain":0.0,"event_name":"Drug Dealer","player_choice":"Inject Mutagens","floor":21.0,"gold_loss":0.0,"damage_taken":0.0,"relics_obtained":["MutagenicStrength"]},{"cards_removed":["LessonLearned"],"damage_healed":0.0,"max_hp_gain":0.0,"max_hp_loss":0.0,"gold_gain":0.0,"event_name":"Beggar","player_choice":"Gave Gold","floor":30.0,"gold_loss":75.0,"damage_taken":0.0},{"damage_healed":0.0,"max_hp_gain":0.0,"max_hp_loss":0.0,"gold_gain":0.0,"event_name":"The Mausoleum","player_choice":"Ignored","floor":31.0,"gold_loss":0.0,"damage_taken":0.0},{"damage_healed":0.0,"max_hp_gain":0.0,"max_hp_loss":0.0,"gold_gain":0.0,"event_name":"SensoryStone","player_choice":"Memory 3","floor":36.0,"gold_loss":0.0,"damage_taken":10.0},{"damage_healed":0.0,"max_hp_gain":0.0,"max_hp_loss":0.0,"gold_gain":0.0,"event_name":"Lab","player_choice":"Got Potions","floor":39.0,"gold_loss":0.0,"damage_taken":0.0},{"damage_healed":0.0,"max_hp_gain":0.0,"max_hp_loss":0.0,"gold_gain":0.0,"event_name":"MindBloom","player_choice":"Fight","floor":45.0,"gold_loss":0.0,"damage_taken":0.0}],"is_beta":false,"boss_relics":[{"not_picked":["Black Star","Philosopher\u0027s Stone"],"picked":"Pandora\u0027s Box"},{"not_picked":["Astrolabe","Snecko Eye"],"picked":"Sozu"}],"items_purged_floors":[2,14,20,44],"is_endless":false,"potions_floor_spawned":[1,10,16,22,24,25,28,35,37,42,45,48],"killed_by":"Awakened One","ascension_level":18}}