{"host":"9oysz4knkucnjyyz","time":1611368778,"event":{"mods":["100% Spire Juice","2.2 Compatiblity","Act Like it!","BaseMod","Better Altar","Better Match","Better Note","Better Sensory Stone","Better Skull","Better Third Choice","BetterRewards","Displayed Cursed Tome","Downfall","Friendly Minions","Googly Eyes","GungeonMod","Hallownest","Hermit","Lobotomy","LobotomyExtend","Minty Spire (QoL Compilation)","Spicy Shops","Spire Arcade","Spire Birthday Party","StSLib","The Bug Knight","everything is the same but u backflip on backflip","slay the spire mod where everything is the same but ironclad has a cowboy hat"],"gold_per_floor":[111,129,149,168,183,215,246,246,281,281,281,281,299,315,315,417,417,431,32,48,67,86,120,120,149,149,168,181,181,210,228,228,324,324,343,360,372,391,403,430,458,458,458,88,88,122,149,169,169,268,268,282,294,306,318,328,362,70,100,124,159,159,191,191,209,209,307,307,307,320,92,104,114,144,173,173,200,200,225,257,273,290,290,390,390,401,418,43,58,77,104,104,130,160,175,175,186,199,227,227,323,323,341,355,367,384,395,429,52,79,114,114,114,139,165,191,191,296,296,309,322,342,356,366,401,436,468,500,500,84,97,117,117,117,215,215,229,263,115,115,126,126,143,143,169,202,202,235,235,253,253,355,355,375,375,409,110,137,137,137,164,191,202,202,202,55,73,73,175,175,175],"floor_reached":170,"language":"ENG","playtime":6677,"items_purged":["Writhe","downfall:Bewildered"],"score":6044,"play_id":"200c91ab-7508-4cbd-8923-0903e68bed83","local_time":"20210122212618","daily_mods":["Diverse","Heirloom","Time Dilation","Flight","downfall:Lament","DeadlyEvents"],"is_ascension_mode":false,"campfire_choices":[{"data":"Bash","floor":8,"key":"SMITH"},{"data":"Dropkick","floor":10,"key":"SMITH"},{"floor":11,"key":"REST"},{"data":"sneckomod:SnakeSap","floor":15,"key":"SMITH"},{"data":"Feed","floor":24,"key":"SMITH"},{"data":"Mimicry","floor":29,"key":"SMITH"},{"data":"Strike_R","floor":32,"key":"SMITH"},{"data":"Twilight","floor":42,"key":"SMITH"},{"data":"Whirlwind","floor":45,"key":"SMITH"},{"data":"Backstab","floor":49,"key":"SMITH"},{"data":"Fire Breathing","floor":62,"key":"SMITH"},{"data":"Strike_R","floor":64,"key":"SMITH"},{"floor":66,"key":"REST"},{"data":"Strike_R","floor":76,"key":"SMITH"},{"data":"Defend_R","floor":78,"key":"SMITH"},{"data":"Defend_R","floor":83,"key":"SMITH"},{"data":"Reaper","floor":92,"key":"SMITH"},{"data":"Regret_ego","floor":96,"key":"SMITH"},{"data":"Defend_R","floor":100,"key":"SMITH"},{"data":"Feel No Pain","floor":112,"key":"SMITH"},{"data":"Defend_R","floor":117,"key":"SMITH"},{"data":"Ecstasy","floor":134,"key":"SMITH"},{"data":"Moonworks:CrystalBarrier","floor":142,"key":"SMITH"},{"data":"Moonworks:x16BigRocket+1","floor":144,"key":"SMITH"},{"data":"Moonworks:x16BigRocket+2","floor":147,"key":"SMITH"},{"data":"Moonworks:x16BigRocket+3","floor":149,"key":"SMITH"},{"data":"Moonworks:x16BigRocket+4","floor":151,"key":"SMITH"},{"data":"Moonworks:x16BigRocket+6","floor":159,"key":"SMITH"},{"data":"Moonworks:x16BigRocket+7","floor":160,"key":"SMITH"},{"data":"Moonworks:x16BigRocket+8","floor":164,"key":"SMITH"},{"data":"Moonworks:x16BigRocket+9","floor":165,"key":"SMITH"},{"data":"Moonworks:x16BigRocket+10","floor":168,"key":"SMITH"}],"circlet_count":0,"master_deck":["Strike_R+1","Strike_R+1","Strike_R+1","Strike_R+1","Strike_R+1","Defend_R+1","Defend_R+1","Defend_R+1","Defend_R+1","Bash+1","Dropkick+1","sneckomod:SnakeSap+1","Escape Plan+1","Coolheaded+1","Feed+1","Evaluate+1","Mimicry+1","Prostrate+1","BloodyDesire+1","downfall:Malfunctioning","Prostrate+1","Double Tap+1","Whirlwind+1","Recycle+1","Twilight+1","Backstab+1","Heel Hook+1","Crippling Poison+1","Hallownest:curseDreamersLament","Fire Breathing+1","Impervious+1","Wingbeat+1","Ghostly Armor+1","HollowMod:CloakDash+1","GrinderMk4+1","Reaper+1","Regret_ego+1","SolemnVow+1","GoldRush+1","GoldRush+1","Feel No Pain+1","Twilight+1","Moonworks:WindyEnchantment+1","HollowMod:LifebloodCocoon+1","Insight+1","Ecstasy+1","Writhe","SpiritShield+1","CurseOfTheBell","Moonworks:x16BigRocket+11","Parasite","Parasite","Parasite","Parasite","Moonworks:CrystalBarrier+1","DeusExMachina+1","DaCapo+1"],"relics":["Burning Blood","NeowsBlessing","DemoMod:RingOfEthereal","LetterFromLob","Toxic Egg 2","Bird Faced Urn","White Beast Statue","Cursed Key","DemoMod:OrangeGuonStone","DemoMod:VorpalBullet","sneckomod:BlankCard","Akabeko","Letter Opener","Tiny Chest","expansioncontent:StudyCardRelic","DemoMod:WhiteGuonStone","Champion Belt","Magic Flower","Peace Pipe","Lantern","Ancient Tea Set","SlaversCollar","NeowsBlessing","DemoMod:PoisonVial","Medical Kit","Toy Ornithopter","sneckomod:SneckoTalon","HonorFeather","Moonlight_r","PreservedInsect","Cauldron","Mango","Busted Crown","Molten Egg 2","Coffee Dripper","NeowsBlessing","DollysMirror","bronze:MakeshiftBattery","DemoMod:MonsterBlood","Sling","DemoMod:Metronome","Calling Bell","Red Skull","Self Forming Clay","DemoMod:AgedBell","Brimstone","ShedSkin_r","ShedSkin_r","Mark of Pain","NeowsBlessing","DemoMod:MeatBun","hexamod:BolsterEngine","Odd Mushroom","DemoMod:GlassGuonStoneRelic","Bag of Preparation","Philosopher\u0027s Stone"],"acts_visited":["Exordium","TheCity","TheBeyond","Exordium","TheCity","TheBeyond","Exordium","TheCity","TheBeyond","Exordium","TheCity"],"potions_floor_usage":[6,6,6,9,16,18,18,20,23,23,23,25,33,33,33,48,50,50,63,69,69,73,73,74,75,79,101,101,101,101,101,102,104,108,111,143,152,152,169,169,169,169],"damage_taken":[{"damage":0,"enemies":"Cultist","floor":1,"turns":1},{"damage":0,"enemies":"2 Louse","floor":2,"turns":1},{"damage":0,"enemies":"Small Slimes","floor":3,"turns":1},{"damage":3,"enemies":"3 Louse","floor":4,"turns":4},{"damage":10,"enemies":"Looter","floor":5,"turns":3},{"damage":24,"enemies":"3 Sentries","floor":6,"turns":6},{"damage":17,"enemies":"Lagavulin","floor":7,"turns":4},{"damage":9,"enemies":"Red Slaver","floor":9,"turns":9},{"damage":5,"enemies":"Red Slaver","floor":13,"turns":3},{"damage":0,"enemies":"Blue Slaver","floor":14,"turns":5},{"damage":56,"enemies":"The Guardian","floor":16,"turns":11},{"damage":0,"enemies":"Shell Parasite","floor":18,"turns":3},{"damage":9,"enemies":"Spheric Guardian","floor":20,"turns":6},{"damage":8,"enemies":"Chosen and Byrds","floor":21,"turns":3},{"damage":1,"enemies":"Cultist and Chosen","floor":22,"turns":3},{"damage":6,"enemies":"Slavers","floor":23,"turns":4},{"damage":21,"enemies":"Gremlin Leader","floor":25,"turns":8},{"damage":6,"enemies":"Centurion and Healer","floor":27,"turns":3},{"damage":7,"enemies":"Snecko","floor":28,"turns":5},{"damage":6,"enemies":"Book of Stabbing","floor":30,"turns":3},{"damage":3,"enemies":"Chosen and Byrds","floor":31,"turns":4},{"damage":33,"enemies":"Collector","floor":33,"turns":7},{"damage":6,"enemies":"3 Shapes","floor":35,"turns":2},{"damage":0,"enemies":"3 Darklings","floor":36,"turns":4},{"damage":18,"enemies":"Maw","floor":37,"turns":5},{"damage":0,"enemies":"Spire Growth","floor":38,"turns":3},{"damage":13,"enemies":"3 Darklings","floor":39,"turns":3},{"damage":7,"enemies":"Nemesis","floor":40,"turns":3},{"damage":10,"enemies":"Reptomancer","floor":41,"turns":3},{"damage":0,"enemies":"Giant Head","floor":46,"turns":4},{"damage":2,"enemies":"Nemesis","floor":47,"turns":3},{"damage":15,"enemies":"Maw","floor":48,"turns":5},{"damage":40,"enemies":"Donu and Deca","floor":50,"turns":7},{"damage":0,"enemies":"2 Louse","floor":52,"turns":1},{"damage":0,"enemies":"Cultist","floor":53,"turns":1},{"damage":0,"enemies":"Small Slimes","floor":54,"turns":1},{"damage":6,"enemies":"3 Louse","floor":55,"turns":2},{"damage":0,"enemies":"Blue Slaver","floor":56,"turns":1},{"damage":3,"enemies":"3 Sentries","floor":57,"turns":4},{"damage":0,"enemies":"Lagavulin","floor":59,"turns":1},{"damage":1,"enemies":"3 Sentries","floor":61,"turns":3},{"damage":19,"enemies":"Lagavulin","floor":63,"turns":3},{"damage":7,"enemies":"Lots of Slimes","floor":65,"turns":2},{"damage":1,"enemies":"Slime Boss","floor":67,"turns":2},{"damage":55,"enemies":"3 Byrds","floor":69,"turns":3},{"damage":1,"enemies":"3 Byrds","floor":70,"turns":1},{"damage":3,"enemies":"Chosen","floor":72,"turns":3},{"damage":1,"enemies":"3 Cultists","floor":73,"turns":3},{"damage":10,"enemies":"Gremlin Leader","floor":74,"turns":5},{"damage":1,"enemies":"Slavers","floor":75,"turns":1},{"damage":1,"enemies":"Gremlin Leader","floor":77,"turns":1},{"damage":4,"enemies":"Slavers","floor":79,"turns":3},{"damage":0,"enemies":"Snake Plant","floor":80,"turns":6},{"damage":1,"enemies":"Snake Plant","floor":81,"turns":1},{"damage":1,"enemies":"Centurion and Healer","floor":82,"turns":3},{"damage":16,"enemies":"Automaton","floor":84,"turns":5},{"damage":1,"enemies":"Orb Walker","floor":86,"turns":1},{"damage":1,"enemies":"3 Darklings","floor":87,"turns":2},{"damage":0,"enemies":"Maw","floor":89,"turns":3},{"damage":1,"enemies":"4 Shapes","floor":90,"turns":3},{"damage":6,"enemies":"Giant Head","floor":91,"turns":4},{"damage":0,"enemies":"Nemesis","floor":93,"turns":1},{"damage":15,"enemies":"Giant Head","floor":94,"turns":4},{"damage":7,"enemies":"Jaw Worm Horde","floor":95,"turns":3},{"damage":10,"enemies":"Maw","floor":97,"turns":5},{"damage":18,"enemies":"Spire Growth","floor":98,"turns":4},{"damage":70,"enemies":"Nemesis","floor":99,"turns":5},{"damage":99,"enemies":"Awakened One","floor":101,"turns":9},{"damage":1,"enemies":"Small Slimes","floor":103,"turns":1},{"damage":2,"enemies":"Jaw Worm","floor":104,"turns":1},{"damage":1,"enemies":"Cultist","floor":105,"turns":1},{"damage":2,"enemies":"3 Louse","floor":106,"turns":2},{"damage":21,"enemies":"Blue Slaver","floor":107,"turns":2},{"damage":4,"enemies":"3 Sentries","floor":108,"turns":3},{"damage":1,"enemies":"Lagavulin","floor":110,"turns":1},{"damage":40,"enemies":"3 Sentries","floor":111,"turns":3},{"damage":3,"enemies":"Lagavulin","floor":114,"turns":1},{"damage":0,"enemies":"Gremlin Nob","floor":115,"turns":2},{"damage":1,"enemies":"Lagavulin","floor":116,"turns":1},{"damage":0,"enemies":"The Guardian","floor":118,"turns":3},{"damage":0,"enemies":"3 Byrds","floor":120,"turns":1},{"damage":1,"enemies":"Spheric Guardian","floor":121,"turns":1},{"damage":14,"enemies":"Shelled Parasite and Fungi","floor":122,"turns":2},{"damage":1,"enemies":"Snake Plant","floor":123,"turns":2},{"damage":0,"enemies":"Snecko","floor":124,"turns":1},{"damage":1,"enemies":"Gremlin Leader","floor":125,"turns":1},{"damage":40,"enemies":"Slavers","floor":126,"turns":2},{"damage":1,"enemies":"Gremlin Leader","floor":127,"turns":1},{"damage":37,"enemies":"HollowMod:Nosk","floor":128,"turns":2},{"damage":2,"enemies":"Centurion and Healer","floor":131,"turns":1},{"damage":0,"enemies":"Cultist and Chosen","floor":132,"turns":2},{"damage":37,"enemies":"Champ","floor":135,"turns":6},{"damage":28,"enemies":"Orb Walker","floor":137,"turns":2},{"damage":57,"enemies":"Nemesis","floor":138,"turns":3},{"damage":53,"enemies":"Reptomancer","floor":140,"turns":2},{"damage":15,"enemies":"3 Darklings","floor":141,"turns":2},{"damage":21,"enemies":"Maw","floor":143,"turns":3},{"damage":1,"enemies":"Reptomancer","floor":145,"turns":1},{"damage":28,"enemies":"Nemesis","floor":146,"turns":3},{"damage":1,"enemies":"Reptomancer","floor":148,"turns":2},{"damage":0,"enemies":"Spire Growth","floor":150,"turns":2},{"damage":39,"enemies":"Donu and Deca","floor":152,"turns":5},{"damage":1,"enemies":"Small Slimes","floor":154,"turns":1},{"damage":2,"enemies":"Gremlin Nob","floor":156,"turns":1},{"damage":1,"enemies":"Lagavulin","floor":158,"turns":1},{"damage":10,"enemies":"The Mushroom Lair","floor":161,"turns":2},{"damage":3,"enemies":"Gremlin Nob","floor":162,"turns":2},{"damage":1,"enemies":"Cultist","floor":163,"turns":2},{"damage":0,"enemies":"Jaw Worm","floor":167,"turns":1},{"damage":1,"enemies":"Hexaghost","floor":169,"turns":3}],"seed_played":"-7084865334841243289","potions_obtained":[{"floor":1,"key":"PowerPotion"},{"floor":4,"key":"FearPotion"},{"floor":5,"key":"CultistPotion"},{"floor":6,"key":"Fire Potion"},{"floor":13,"key":"Explosive Potion"},{"floor":14,"key":"PowerPotion"},{"floor":16,"key":"DemoMod:BlankPotion"},{"floor":18,"key":"SpeedPotion"},{"floor":20,"key":"SkillPotion"},{"floor":21,"key":"DistilledChaos"},{"floor":22,"key":"SkillPotion"},{"floor":23,"key":"champ:CounterPotion"},{"floor":25,"key":"hexamod:SoulburnPotion"},{"floor":27,"key":"AttackPotion"},{"floor":28,"key":"hexamod:SoulburnPotion"},{"floor":33,"key":"Guardian:BlockOnCardUsePotion"},{"floor":35,"key":"Energy Potion"},{"floor":36,"key":"champ:CounterPotion"},{"floor":37,"key":"Weak Potion"},{"floor":38,"key":"DemoMod:LeadSkinPotion"},{"floor":40,"key":"ColorlessPotion"},{"floor":48,"key":"Explosive Potion"},{"floor":50,"key":"FearPotion"},{"floor":54,"key":"AttackPotion"},{"floor":63,"key":"Strength Potion"},{"floor":70,"key":"DemoMod:BlankPotion"},{"floor":71,"key":"AttackPotion"},{"floor":73,"key":"Fruit Juice"},{"floor":74,"key":"AttackPotion"},{"floor":75,"key":"Regen Potion"},{"floor":77,"key":"Dexterity Potion"},{"floor":79,"key":"CultistPotion"},{"floor":80,"key":"DistilledChaos"},{"floor":81,"key":"DuplicationPotion"},{"floor":87,"key":"AttackPotion"},{"floor":95,"key":"EntropicBrew"},{"floor":97,"key":"EntropicBrew"},{"floor":99,"key":"FairyPotion"},{"floor":101,"key":"Fruit Juice"},{"floor":103,"key":"Weak Potion"},{"floor":104,"key":"AttackPotion"},{"floor":108,"key":"SpeedPotion"},{"floor":110,"key":"BlessingOfTheForge"},{"floor":111,"key":"DistilledChaos"},{"floor":114,"key":"CultistPotion"},{"floor":116,"key":"AttackPotion"},{"floor":143,"key":"SpeedPotion"},{"floor":150,"key":"Weak Potion"},{"floor":152,"key":"EntropicBrew"},{"floor":169,"key":"hexamod:SoulburnPotion"}],"is_trial":true,"path_per_floor":["M","M","M","M","M","E","E","R","T","R","R","M","M","M","R","B",null,"M","$","M","M","M","E","R","E","T","M","M","R","E","M","R","B",null,"M","M","M","M","M","E","E","R","T","$","R","E","E","M","R","B",null,"M","M","M","M","M","E","$","E","T","E","R","E","R","M","R","B",null,"M","M","$","M","M","E","E","R","E","R","E","?","M","M","R","B",null,"M","M","$","M","M","E","R","E","E","M","R","M","M","E","R","B",null,"M","M","M","M","M","E","$","E","E","R","?","E","E","E","R","B",null,"M","M","M","M","M","E","E","E","E","?","$","M","M","?","R","B",null,"M","E","$","E","M","R","M","R","E","E","R","E","R","M","R","B",null,"M","?","E","$","E","R","R","?","E","M","R","R","$","M","R","B",null],"character_chosen":"IRONCLAD","items_purchased":["DemoMod:OrangeGuonStone","DemoMod:VorpalBullet","Peace Pipe","DemoMod:PoisonVial","Medical Kit","PreservedInsect","Cauldron","Molten Egg 2","Regret_ego","GoldRush+1","DollysMirror","Ecstasy","DemoMod:MonsterBlood","Sling","Brimstone","DemoMod:MeatBun","hexamod:BolsterEngine","Bag of Preparation"],"campfire_rested":2,"item_purchase_floors":[19,19,44,58,58,71,71,88,88,109,109,130,130,130,139,157,157,166],"current_hp_per_floor":[80,80,80,80,76,58,47,47,44,44,68,68,69,75,75,27,80,80,80,77,77,80,83,83,68,68,74,75,75,79,84,84,59,87,91,91,81,91,86,91,87,87,87,87,87,91,95,95,95,64,95,99,99,99,99,103,107,107,107,107,107,107,100,100,111,111,111,111,46,54,54,75,111,120,120,120,120,120,120,134,134,134,134,131,134,134,134,134,134,138,138,138,138,138,142,142,146,138,87,146,96,151,151,151,151,151,140,155,155,155,128,155,160,160,160,160,160,160,160,160,160,155,160,164,164,164,164,137,137,144,157,171,171,171,171,171,159,126,126,59,171,171,164,171,171,171,171,171,171,171,171,171,171,171,137,140,147,151,171,171,169,171,171,171,171,171,171,171,171,171,171],"gold":175,"neow_bonus":"","is_daily":false,"chose_seed":false,"campfire_upgraded":30,"win_rate":0.0,"timestamp":1611368778,"path_taken":["M","M","M","M","M","E","E","R","T","R","R","M","M","M","R","BOSS","M","$","M","M","M","E","R","E","T","M","M","R","E","M","R","BOSS","M","M","M","M","M","E","E","R","T","$","R","E","E","M","R","BOSS","M","M","M","M","M","E","$","E","T","E","R","E","R","M","R","BOSS","M","M","$","M","M","E","E","R","E","R","E","?","M","M","R","BOSS","M","M","$","M","M","E","R","E","E","M","R","M","M","E","R","BOSS","M","M","M","M","M","E","$","E","E","R","?","E","E","E","R","BOSS","M","M","M","M","M","E","E","E","E","?","$","M","M","?","R","BOSS","M","?","$","?","?","R","?","R","E","?","R","?","R","?","R","BOSS","M","?","?","$","?","R","R","?","E","M","R","R","$","?","R","BOSS"],"items_purchased_type":["Relic","Relic","Relic","Relic","Relic","Relic","Relic","Relic","Card","Card","Relic","Card","Relic","Relic","Relic","Relic","Relic","Relic"],"build_version":"2020-12-22","purchased_purges":2,"victory":false,"max_hp_per_floor":[80,80,80,80,80,80,80,80,80,80,80,80,80,80,80,80,80,80,80,80,80,80,83,83,83,83,87,87,87,87,87,87,87,87,91,91,91,91,91,91,91,91,91,91,91,91,95,95,95,95,95,99,99,99,99,103,107,107,107,107,107,107,107,107,111,111,111,111,111,111,111,115,115,120,120,120,120,120,120,134,134,134,134,134,134,134,134,134,134,138,138,138,138,138,142,142,146,146,146,146,146,151,151,151,151,151,151,155,155,155,155,155,160,160,160,160,160,160,160,160,160,160,160,164,164,164,164,164,164,171,171,171,171,171,171,171,171,171,171,171,171,171,171,171,171,171,171,171,171,171,171,171,171,171,171,171,171,171,171,171,171,171,171,171,171,171,171,171,171,171,171],"card_choices":[{"not_picked":["champ:FancyFootwork","Guardian:WalkerClaw","sneckomod:RainOfDice"],"picked":"SKIP","floor":1},{"not_picked":["Predator","sneckomod:UnknownUncommonAttack"],"picked":"Dropkick","floor":2},{"not_picked":["Loneliness","sneckomod:UnknownClassRED","DemoMod:GunstockTap"],"picked":"SKIP","floor":3},{"not_picked":["Stack","Moonworks:CloudOfSeagulls"],"picked":"sneckomod:SnakeSap","floor":4},{"not_picked":["sneckomod:UnknownClassPURPLE","Dodge and Roll","Go for the Eyes"],"picked":"SKIP","floor":5},{"not_picked":["hermit:Cheat+1","champ:PreciseThrust"],"picked":"Escape Plan+1","floor":6},{"not_picked":["HollowMod:SiblingsSouls+1","Moonworks:CloudOfSeagulls","Flying Knee"],"picked":"SKIP","floor":7},{"not_picked":["Hologram+1","Steam+1","Slimebound:RollThrough"],"picked":"SKIP","floor":9},{"not_picked":["HollowMod:DreamGate+1","HollowMod:TaintedHusks+1"],"picked":"Coolheaded+1","floor":13},{"not_picked":["sneckomod:SoulRoll+1","DemoMod:ConditionalReflex+1","Thunderclap"],"picked":"SKIP","floor":14},{"not_picked":["HollowMod:Hiveblood+1","Fission+1"],"picked":"Feed","floor":16},{"not_picked":["CUTE+1","Loneliness+1"],"picked":"Evaluate+1","floor":18},{"not_picked":["PathToVictory+1","Moonworks:JonathanRush"],"picked":"Mimicry","floor":20},{"not_picked":["Slimebound:DisruptingSlam","champ:PreciseThrust","sneckomod:UnknownClassHUNTRESS+1"],"picked":"SKIP","floor":21},{"not_picked":["sneckomod:ImprovisedGuard+1","Moonworks:ImmovableObject+1"],"picked":"Prostrate+1","floor":22},{"not_picked":["sneckomod:ImprovisedAttack","champ:EnragedBash"],"picked":"BloodyDesire+1","floor":23},{"not_picked":["Loneliness+1","DemoMod:ConditionalReflex+1","Barricade"],"picked":"SKIP","floor":25},{"not_picked":["champ:Duel","Pommel Strike"],"picked":"Prostrate+1","floor":27},{"not_picked":["hermit:Ricochet","Slimebound:Prepare+1","champ:EnragedBash+1"],"picked":"SKIP","floor":28},{"not_picked":["Guardian:TemporalStrike","DemoMod:DarkMarker","hexamod:InspiringFlames+1"],"picked":"SKIP","floor":30},{"not_picked":["Moonworks:ImmovableObject+1","Guardian:ShieldCharger+1","champ:IronFortress+1"],"picked":"SKIP","floor":31},{"not_picked":["champ:SteelEdge","Bullet Time+1"],"picked":"Double Tap+1","floor":33},{"not_picked":["Slimebound:SamplingLick+1","FollowUp+1"],"picked":"Whirlwind","floor":35},{"not_picked":["bronze:Branch","hermit:HighCaliber+1"],"picked":"Recycle+1","floor":36},{"not_picked":["Armaments+1","HollowMod:GoodIntentions+1"],"picked":"Twilight","floor":37},{"not_picked":["bronze:OilSpill","DemoMod:DoubleSwitch+1"],"picked":"Backstab","floor":38},{"not_picked":["hermit:HoleUp+1","hexamod:HeatMetal","Force Field+1"],"picked":"SKIP","floor":39},{"not_picked":["hexamod:EtherealExpedition+1","champ:PreciseThrust+1","champ:Encircle"],"picked":"SKIP","floor":40},{"not_picked":["Slimebound:LeadByExample+1","Moonworks:Dinner+1","All Out Attack+1"],"picked":"SKIP","floor":41},{"not_picked":["Brutality","hexamod:NightmareGuise+1","Moonworks:CastOff+1"],"picked":"SKIP","floor":46},{"not_picked":["Headbutt","Sword Boomerang+1","sneckomod:Restock+1"],"picked":"SKIP","floor":47},{"not_picked":["Slimebound:FormOfPuddle+1","Distraction+1"],"picked":"Heel Hook+1","floor":48},{"not_picked":["Auto Shields+1","Guardian:Harden+1","sneckomod:UnknownClassTHE_CHAMP_GRAY+1"],"picked":"SKIP","floor":52},{"not_picked":["Guardian:MultiBeam","Feel No Pain"],"picked":"Crippling Poison+1","floor":53},{"not_picked":["PathToVictory+1","HollowMod:SoulStrike","SomewhereSpear+1"],"picked":"SKIP","floor":54},{"not_picked":["champ:SetATrap+1","Guardian:Recover+1","HollowMod:ChannelNail+1"],"picked":"SKIP","floor":55},{"not_picked":["HollowMod:Grubsong","hexamod:CatchUp+1","Soda"],"picked":"SKIP","floor":56},{"not_picked":["Guardian:Gem_Lightblue","champ:FocusedDefense+1","HollowMod:VengefulSpirit"],"picked":"SKIP","floor":57},{"not_picked":["HollowMod:InfectionAssault","Finisher","hermit:Headshot"],"picked":"SKIP","floor":59},{"not_picked":["bronze:BronzeArmor+1","Moonworks:ScrambledEve+1"],"picked":"Fire Breathing","floor":61},{"not_picked":["Deflect+1","Moonworks:FinalSurgery","HollowMod:HowlingWraiths"],"picked":"SKIP","floor":63},{"not_picked":["HollowMod:SharpenedShadows","Guardian:FierceBash","bronze:ForceShield+1"],"picked":"SKIP","floor":65},{"not_picked":["DemoMod:GunslingerForm","HollowMod:Hiveblood+1"],"picked":"Impervious+1","floor":67},{"not_picked":["Tough","Cold Snap","bronze:Invalidate+1"],"picked":"SKIP","floor":70},{"not_picked":["Guardian:BaubleBeam","Slimebound:SpikyOuterGoop"],"picked":"Wingbeat+1","floor":72},{"not_picked":["sneckomod:IronFang","hexamod:DynamicBlow","Guardian:PolyBeam"],"picked":"SKIP","floor":73},{"not_picked":["DemoMod:BattleInHaste+1","hermit:BodyArmor+1","hermit:Combo"],"picked":"SKIP","floor":74},{"not_picked":["Guardian:Gem_Red","sneckomod:ImprovisedGuard+1","bronze:Overheat+1"],"picked":"SKIP","floor":75},{"not_picked":["Wild Strike","bronze:ForceShield+1"],"picked":"Ghostly Armor+1","floor":77},{"not_picked":["Dagger Throw+1","Slimebound:DisruptingSlam","Lantern+1"],"picked":"SKIP","floor":79},{"not_picked":["Rebound+1","hermit:Grudge"],"picked":"HollowMod:CloakDash+1","floor":80},{"not_picked":["Slimebound:LeadByExample","DemoMod:BattleInHaste+1","champ:BringItOn+1"],"picked":"SKIP","floor":81},{"not_picked":["PathToVictory+1","Intimidate+1"],"picked":"GrinderMk4+1","floor":82},{"not_picked":["Phantasmal Killer+1","Immolate"],"picked":"Reaper","floor":84},{"not_picked":["Horn+1"],"picked":"SKIP","floor":86},{"not_picked":["DemoMod:PracticeMakesPerfect+1"],"picked":"SKIP","floor":87},{"not_picked":["WreathOfFlame+1"],"picked":"SKIP","floor":89},{"not_picked":["bronze:DelayedGuard+1"],"picked":"SKIP","floor":90},{"not_picked":["hexamod:PhantomCloak+1"],"picked":"SKIP","floor":91},{"not_picked":[],"picked":"SolemnVow+1","floor":93},{"not_picked":["Halt+1"],"picked":"SKIP","floor":94},{"not_picked":["Beak+1"],"picked":"SKIP","floor":95},{"not_picked":["hermit:Dive+1"],"picked":"SKIP","floor":97},{"not_picked":["HollowMod:CycloneSlash+1"],"picked":"SKIP","floor":98},{"not_picked":["Guardian:EvasiveProtocol+1"],"picked":"SKIP","floor":99},{"not_picked":["DemoMod:GunstockTap+1"],"picked":"SKIP","floor":103},{"not_picked":["EmptyBody+1"],"picked":"SKIP","floor":104},{"not_picked":["Sucker Punch+1"],"picked":"SKIP","floor":105},{"not_picked":["BearPaw+1"],"picked":"SKIP","floor":106},{"not_picked":["DemoMod:BattleInHaste+1"],"picked":"SKIP","floor":107},{"not_picked":["sneckomod:UnknownCommonSkill+1"],"picked":"SKIP","floor":108},{"not_picked":[],"picked":"Feel No Pain","floor":110},{"not_picked":["Cloak And Dagger+1"],"picked":"SKIP","floor":111},{"not_picked":["Acrobatics+1"],"picked":"SKIP","floor":114},{"not_picked":[],"picked":"Twilight+1","floor":115},{"not_picked":[],"picked":"Moonworks:WindyEnchantment+1","floor":116},{"not_picked":["bronze:WhirlingStrike+1"],"picked":"SKIP","floor":120},{"not_picked":["Slimebound:ItLooksTasty+1"],"picked":"SKIP","floor":121},{"not_picked":["HollowMod:HowlingWraiths+1"],"picked":"SKIP","floor":122},{"not_picked":["HollowMod:NewJinnsSoul+1"],"picked":"SKIP","floor":123},{"not_picked":[],"picked":"HollowMod:LifebloodCocoon+1","floor":124},{"not_picked":["Poisoned Stab+1"],"picked":"SKIP","floor":125},{"not_picked":["DemoMod:EasyReloadBullets+1"],"picked":"SKIP","floor":126},{"not_picked":["champ:GutPunch+1"],"picked":"SKIP","floor":127},{"not_picked":["HollowMod:SoulVessel"],"picked":"SKIP","floor":128},{"not_picked":["Guardian:Gem_Cyan"],"picked":"SKIP","floor":131},{"not_picked":["hexamod:InspiringFlames+1"],"picked":"SKIP","floor":132},{"not_picked":[],"picked":"SpiritShield+1","floor":135},{"not_picked":[],"picked":"Moonworks:x16BigRocket+1","floor":137},{"not_picked":["Guardian:Reroute+1"],"picked":"SKIP","floor":138},{"not_picked":[],"picked":"Moonworks:CrystalBarrier","floor":141},{"not_picked":["HollowMod:ShadowDash+1"],"picked":"SKIP","floor":143},{"not_picked":["champ:FlashCut+1"],"picked":"SKIP","floor":145},{"not_picked":["Twin Strike+1"],"picked":"SKIP","floor":146},{"not_picked":[],"picked":"DeusExMachina+1","floor":148},{"not_picked":["Twin Strike+1"],"picked":"SKIP","floor":150},{"not_picked":[],"picked":"DaCapo+1","floor":152},{"not_picked":["SandsOfTime+1"],"picked":"SKIP","floor":154},{"not_picked":["FeatherOfHonor+1"],"picked":"SKIP","floor":156},{"not_picked":["hermit:Vantage+1"],"picked":"SKIP","floor":158},{"not_picked":["hermit:Maintenance+1"],"picked":"SKIP","floor":162},{"not_picked":["bronze:BugBarrage+1"],"picked":"SKIP","floor":163},{"not_picked":["Loneliness+1"],"picked":"SKIP","floor":167}],"player_experience":365055,"relics_obtained":[{"floor":1,"key":"LetterFromLob"},{"floor":6,"key":"Toxic Egg 2"},{"floor":7,"key":"Bird Faced Urn"},{"floor":9,"key":"White Beast Statue"},{"floor":23,"key":"sneckomod:BlankCard"},{"floor":25,"key":"Akabeko"},{"floor":26,"key":"Letter Opener"},{"floor":30,"key":"Tiny Chest"},{"floor":40,"key":"DemoMod:WhiteGuonStone"},{"floor":41,"key":"Champion Belt"},{"floor":43,"key":"Magic Flower"},{"floor":46,"key":"Lantern"},{"floor":47,"key":"Ancient Tea Set"},{"floor":60,"key":"Toy Ornithopter"},{"floor":80,"key":"Mango"},{"floor":136,"key":"Red Skull"},{"floor":136,"key":"Self Forming Clay"},{"floor":136,"key":"DemoMod:AgedBell"},{"floor":161,"key":"Odd Mushroom"}],"event_choices":[{"damage_healed":0,"gold_gain":0,"player_choice":"Donut","damage_taken":0,"max_hp_gain":5,"max_hp_loss":0,"event_name":"Big Fish","floor":113,"gold_loss":0},{"damage_healed":0,"gold_gain":0,"player_choice":"Insight","damage_taken":0,"max_hp_gain":0,"max_hp_loss":0,"event_name":"betterThird:BetterWriting","floor":129,"gold_loss":0,"cards_obtained":["Insight"]},{"damage_healed":0,"gold_gain":0,"player_choice":"Opened","damage_taken":0,"relics_obtained":["DemoMod:Metronome"],"max_hp_gain":0,"max_hp_loss":0,"event_name":"The Mausoleum","floor":133,"gold_loss":0,"cards_obtained":["Writhe"]},{"damage_healed":171,"gold_gain":0,"player_choice":"Upgrade","damage_taken":34,"max_hp_gain":0,"max_hp_loss":171,"event_name":"betterThird:BetterShining","floor":155,"gold_loss":0,"cards_upgraded":["Moonworks:x16BigRocket"]},{"damage_healed":0,"gold_gain":0,"player_choice":"Fought Mushrooms","damage_taken":0,"max_hp_gain":0,"max_hp_loss":0,"event_name":"Mushrooms","floor":161,"gold_loss":0}],"is_beta":false,"boss_relics":[{"not_picked":["Tiny House","Runic Dome"],"picked":"Cursed Key"},{"not_picked":["Calling Bell","Astrolabe"],"picked":"expansioncontent:StudyCardRelic"},{"not_picked":["bronze:MakeshiftBattery","SacredBark"],"picked":"SlaversCollar"},{"not_picked":["Snecko Eye","Runic Pyramid"],"picked":"sneckomod:SneckoTalon"},{"not_picked":["Velvet Choker","Empty Cage"],"picked":"Busted Crown"},{"not_picked":["Fusion Hammer","Runic Dome"],"picked":"Coffee Dripper"},{"not_picked":["Pandora\u0027s Box","DemoMod:RiddleOfLead"],"picked":"bronze:MakeshiftBattery"},{"not_picked":["Snecko Eye","Runic Pyramid"],"picked":"Calling Bell"},{"not_picked":["SacredBark","Empty Cage"],"picked":"Mark of Pain"},{"not_picked":["Runic Pyramid","Black Blood"],"picked":"Philosopher\u0027s Stone"}],"items_purged_floors":[44,88],"is_endless":true,"potions_floor_spawned":[1,4,5,6,13,14,16,18,20,21,22,23,25,27,28,30,31,33,35,36,37,38,39,40,41,46,47,48,50,52,53,54,55,56,57,59,61,63,65,67,69,70,72,73,74,75,77,79,80,81,82,84,86,87,89,90,91,93,94,95,97,98,99,101,103,104,105,106,107,108,110,111,114,115,116,118,120,121,122,123,124,125,126,127,128,131,132,135,137,138,140,141,143,145,146,148,150,152,154,156,158,161,162,163,167,169],"ascension_level":0}}