{"host":"0z6l31g9ps0v9zzp","time":1611418519,"event":{"mods":["BaseMod","Downfall","Minty Spire (QoL Compilation)","MostiFishMod","StSLib"],"gold_per_floor":[99,118,128,128,145,145,145,163,228,243,269,269,169,188,200,301,301,201,216,216,121,121,121,148,148,164,192,46,60,60,60,79,177,177,77,90,103,53,71,71,71,96,149,149,149,166,166,180,192,192,192,224,37,37,37,37],"floor_reached":57,"language":"ZHS","playtime":2172,"items_purged":["Pain","champ:Strike"],"score":1654,"play_id":"f8e40878-dfa7-4355-b076-06c70a572240","local_time":"20210124001519","is_ascension_mode":false,"campfire_choices":[{"floor":1,"key":"RECALL"},{"data":"champ:StanceDance","floor":13,"key":"SMITH"},{"data":"champ:HeavySlash","floor":18,"key":"SMITH"},{"data":"champ:SwordThrow","floor":23,"key":"SMITH"},{"data":"champ:TripleStrike","floor":30,"key":"SMITH"},{"data":"champ:FanOfKnives","floor":35,"key":"SMITH"},{"data":"champ:Taunt","floor":40,"key":"SMITH"},{"data":"champ:MurderStrike","floor":44,"key":"SMITH"},{"data":"champ:CheapShot","floor":54,"key":"SMITH"}],"circlet_count":0,"master_deck":["champ:Strike","champ:Strike","champ:Defend","champ:Defend","champ:Defend","champ:Defend","champ:Execute","champ:Taunt+1","champ:StanceDance+1","champ:CheapShot+1","champ:FanOfKnives+1","champ:Duel","champ:SwordThrow+1","champ:HeavySlash+1","expansioncontent:StudyTheSpire+1","champ:TripleStrike+1","champ:MurderStrike+1","champ:Encircle+1","MostiFishMod:JungleRules+1"],"relics":["champ:ChampionCrown","DaveBox","BionicSphere","sneckomod:BlankCard","WarpedTongs","Question Card","Frozen Egg 2","Smiling Mask","downfall:HeartBlessingRed","PatriotShield","downfall:HeartBlessingGreen","hexamod:BolsterEngine","Toxic Egg 2","Happy Flower","ClockworkSouvenir","ShadowXiaoBlade","downfall:HeartBlessingBlue","Gremlin Horn","Bronze Scales","StoneCalendar","Art of War"],"acts_visited":["Exordium","TheCity","TheBeyond","TheEnding"],"potions_floor_usage":[11,55,55,55],"damage_taken":[{"damage":10,"enemies":"Small Slimes","floor":2,"turns":3},{"damage":20,"enemies":"Cultist","floor":3,"turns":4},{"damage":5,"enemies":"2 Louse","floor":5,"turns":3},{"damage":6,"enemies":"Blue Slaver","floor":8,"turns":1},{"damage":24,"enemies":"3 Sentries","floor":9,"turns":7},{"damage":13,"enemies":"Large Slime","floor":10,"turns":4},{"damage":12,"enemies":"3 Sentries","floor":11,"turns":7},{"damage":15,"enemies":"Exordium Wildlife","floor":14,"turns":2},{"damage":11,"enemies":"Blue Slaver","floor":15,"turns":4},{"damage":33,"enemies":"WA_ARCHETYPE_RETAIN","floor":16,"turns":4},{"damage":2,"enemies":"Shell Parasite","floor":19,"turns":2},{"damage":14,"enemies":"downfall:FleeingMerchant","floor":21,"turns":4},{"damage":0,"enemies":"3 Byrds","floor":26,"turns":2},{"damage":5,"enemies":"Gremlin Leader","floor":27,"turns":2},{"damage":15,"enemies":"Centurion and Healer","floor":29,"turns":2},{"damage":10,"enemies":"Snake Plant","floor":32,"turns":2},{"damage":10,"enemies":"IC_MUSHROOM_ARCHETYPE","floor":33,"turns":2},{"damage":0,"enemies":"Orb Walker","floor":36,"turns":1},{"damage":10,"enemies":"3 Darklings","floor":37,"turns":2},{"damage":10,"enemies":"Sphere and 2 Shapes","floor":39,"turns":2},{"damage":30,"enemies":"Reptomancer","floor":42,"turns":1},{"damage":15,"enemies":"2 Orb Walkers","floor":43,"turns":2},{"damage":5,"enemies":"4 Shapes","floor":46,"turns":2},{"damage":0,"enemies":"Maw","floor":48,"turns":3},{"damage":65,"enemies":"Transient","floor":49,"turns":4},{"damage":74,"enemies":"SI_POISON_ARCHETYPE","floor":50,"turns":2},{"damage":30,"enemies":"downfall:CharBossMerchant","floor":52,"turns":3},{"damage":10,"enemies":"downfall:NeowBoss","floor":55,"turns":6},{"damage":0,"enemies":"downfall:NeowBossFinal","floor":56,"turns":3}],"seed_played":"-3975763683845566897","potions_obtained":[{"floor":3,"key":"Guardian:BlockOnCardUsePotion"},{"floor":8,"key":"DuplicationPotion"},{"floor":9,"key":"Block Potion"},{"floor":11,"key":"Fire Potion"},{"floor":20,"key":"CultistPotion"},{"floor":39,"key":"PowerPotion"}],"is_trial":false,"path_per_floor":["R","M","M","?","M","?","T","M","?","M","E","?","R","M","M","B",null,"R","M","?","$","?","R","T","T","M","E","$","M","R","?","M","B",null,"R","M","M","$","M","R","T","E","?","R","?","M","?","M","M","B",null,"E","$","R","B","B",null],"character_chosen":"THE_CHAMP","items_purchased":["expansioncontent:StudyTheSpire","hexamod:BolsterEngine","ClockworkSouvenir","MostiFishMod:JungleRules+1"],"campfire_rested":0,"item_purchase_floors":[21,21,28,53],"current_hp_per_floor":[99,99,99,87,87,87,87,81,77,74,72,72,72,67,66,63,99,99,97,97,93,93,93,93,93,93,93,93,93,93,93,93,93,99,109,109,109,109,109,109,109,99,99,99,99,99,99,99,99,95,109,109,109,109,109,109],"gold":37,"neow_bonus":"TEN_PERCENT_HP_BONUS","is_daily":false,"chose_seed":false,"campfire_upgraded":8,"win_rate":0.0,"timestamp":1611418519,"path_taken":["R","M","M","?","M","?","T","?","?","M","E","?","R","M","M","BOSS","R","M","?","$","?","R","T","?","?","E","?","M","R","?","M","BOSS","R","M","M","$","M","R","T","E","?","R","?","M","?","?","M","BOSS","E","$","R","BOSS","BOSS"],"items_purchased_type":["Card","Relic","Relic","Card"],"build_version":"2020-12-22","purchased_purges":2,"victory":true,"max_hp_per_floor":[99,99,99,99,99,99,99,99,99,99,99,99,99,99,99,99,99,99,99,99,99,99,99,99,99,99,99,99,99,99,99,99,99,99,109,109,109,109,109,109,109,109,109,109,109,109,109,109,109,109,109,109,109,109,109,109],"card_choices":[{"not_picked":["champ:BringItOn","champ:PerfectedStrike"],"picked":"champ:StanceDance","floor":2},{"not_picked":["champ:PerfectedStrike","champ:StanceDance","champ:BladeFlurry"],"picked":"SKIP","floor":3},{"not_picked":["champ:AdrenalArmor","champ:DeathBlow"],"picked":"champ:CheapShot","floor":5},{"not_picked":["champ:CrownThrow","champ:BringItOn","champ:TornadoPunch","champ:StanceDance"],"picked":"SKIP","floor":8},{"not_picked":["champ:PreemptiveStrike","champ:EndlessRage+1","champ:Circumvent","champ:Lariat"],"picked":"SKIP","floor":10},{"not_picked":["champ:FocusedDefense","champ:DefensiveShout","champ:Haymaker"],"picked":"champ:FanOfKnives","floor":11},{"not_picked":["champ:Parry","champ:RisingSlash","champ:ArenaPreparation"],"picked":"champ:Duel","floor":14},{"not_picked":["champ:Lariat","champ:GutPunch","champ:PerfectedStrike"],"picked":"champ:SwordThrow","floor":15},{"not_picked":["champ:HoldFirm","champ:CheapShot","champ:SteelEdge"],"picked":"champ:HeavySlash","floor":16},{"not_picked":["champ:PerfectedStrike","champ:BladeFlurry","champ:AdrenalArmor+1","champ:ArenaPreparation"],"picked":"SKIP","floor":19},{"not_picked":["champ:Backstep","champ:BringItOn","champ:FanOfKnives+1","champ:BladeFlurry"],"picked":"SKIP","floor":21},{"not_picked":["champ:EnGarde+1","champ:ArenaPreparation+1","champ:FlashCut","champ:FocusedDefense+1"],"picked":"SKIP","floor":26},{"not_picked":["champ:ShieldSlam+1","champ:Endure+1","champ:SetATrap+1"],"picked":"champ:TripleStrike","floor":27},{"not_picked":["champ:TornadoPunch","champ:BringItOn+1","champ:AdrenalArmor+1","champ:StanceDance+1"],"picked":"SKIP","floor":29},{"not_picked":["champ:FanOfKnives","champ:GutPunch+1","champ:GladiatorStyle+1","champ:ArenaPreparation+1"],"picked":"SKIP","floor":32},{"not_picked":["champ:Circumvent+1","champ:RecklessLeap+1","champ:ShieldSlam+1","champ:CrownThrow"],"picked":"SKIP","floor":36},{"not_picked":["champ:Circumvent+1","champ:RecklessLeap+1","champ:ShieldSlam+1","champ:CrownThrow"],"picked":"SKIP","floor":36},{"not_picked":["champ:FanOfKnives","champ:EnGarde+1","champ:BringItOn+1","champ:AdrenalArmor+1"],"picked":"SKIP","floor":37},{"not_picked":["champ:Endure+1","champ:PreciseThrust+1","champ:Haymaker+1","champ:AdrenalArmor+1"],"picked":"SKIP","floor":39},{"not_picked":["champ:AdrenalArmor+1","champ:RapidStrikes+1","champ:Lariat+1","champ:RisingSlash+1"],"picked":"SKIP","floor":42},{"not_picked":["champ:StanceDance+1","champ:Shatter+1","champ:RecklessLeap+1"],"picked":"champ:MurderStrike","floor":43},{"not_picked":["champ:PerfectedStrike+1","champ:BladeFlurry+1","champ:Backstep+1","champ:TornadoPunch+1"],"picked":"SKIP","floor":46},{"not_picked":["champ:ArenaPreparation+1","champ:BringItOn+1","champ:SkillfulDodge+1","champ:FanOfKnives+1"],"picked":"SKIP","floor":48},{"not_picked":["champ:HeartStrike+1","champ:GutPunch","champ:RecklessLeap"],"picked":"champ:Encircle+1","floor":49},{"not_picked":["champ:AdrenalArmor+1","champ:GladiatorStyle+1","champ:Shatter","champ:FalseCounter+1"],"picked":"SKIP","floor":52}],"player_experience":352711,"relics_obtained":[{"floor":7,"key":"Question Card"},{"floor":9,"key":"Frozen Egg 2"},{"floor":11,"key":"Smiling Mask"},{"floor":25,"key":"Toxic Egg 2"},{"floor":27,"key":"Happy Flower"},{"floor":41,"key":"Gremlin Horn"},{"floor":42,"key":"Bronze Scales"},{"floor":43,"key":"StoneCalendar"},{"floor":52,"key":"Art of War"}],"event_choices":[{"damage_healed":0,"gold_gain":0,"player_choice":"Success","damage_taken":12,"relics_obtained":["sneckomod:BlankCard"],"max_hp_gain":0,"max_hp_loss":0,"event_name":"Scrap Ooze","floor":4,"gold_loss":0},{"damage_healed":0,"gold_gain":0,"player_choice":"Rummage","damage_taken":0,"relics_obtained":["WarpedTongs"],"max_hp_gain":0,"max_hp_loss":0,"event_name":"Accursed Blacksmith","floor":6,"gold_loss":0,"cards_obtained":["Pain"]},{"damage_healed":0,"gold_gain":0,"player_choice":"Ignored","damage_taken":0,"max_hp_gain":0,"max_hp_loss":0,"event_name":"Vampires","floor":22,"gold_loss":0},{"damage_healed":0,"gold_gain":0,"player_choice":"Fight","damage_taken":0,"max_hp_gain":0,"max_hp_loss":0,"event_name":"Mysterious Sphere","floor":43,"gold_loss":0}],"is_beta":false,"boss_relics":[{"not_picked":["RhineCircuit","sneckomod:SneckoTalon"],"picked":"PatriotShield"},{"not_picked":["MoonlightInvasionPlan","Pandora\u0027s Box"],"picked":"ShadowXiaoBlade"}],"items_purged_floors":[21,38],"is_endless":false,"potions_floor_spawned":[3,8,9,11,26,27,29,32,39,42,43,46,48,52],"ascension_level":0}}