{"host":"ci7ivtocgfxh0ueo","time":1611371624,"event":{"mods":["BaseMod","GifTheSpireLib","Minty Spire (QoL Compilation)","StSLib"],"gold_per_floor":[109,109,109,121,121,121,154,154,154,154,154,172,172,186,186,276,276,291,72,72,4,17,17,17,17,17,17,29,54,87,87,87,87,87],"floor_reached":33,"language":"ZHT","playtime":683,"items_purged":["Injury"],"score":492,"play_id":"a75a675f-a40f-46af-9a92-34095a3d240a","local_time":"20210123111344","is_ascension_mode":true,"campfire_choices":[{"data":"Whirlwind","floor":6,"key":"SMITH"},{"data":"Flame Barrier","floor":8,"key":"SMITH"},{"data":"Bash","floor":10,"key":"SMITH"},{"data":"Spot Weakness","floor":13,"key":"SMITH"},{"data":"Uppercut","floor":15,"key":"SMITH"},{"floor":23,"key":"REST"},{"data":"Armaments","floor":25,"key":"SMITH"},{"data":"Heavy Blade","floor":27,"key":"SMITH"},{"floor":32,"key":"REST"}],"circlet_count":0,"master_deck":["AscendersBane","Strike_R","Strike_R","Strike_R","Defend_R","Defend_R","Defend_R","Defend_R","Bash+1","Whirlwind+1","Twin Strike","Flame Barrier+1","Spot Weakness+1","Uppercut+1","Reaper","Armaments+1","Inflame","Heavy Blade+1","Entrench","Power Through","Ghostly Armor","Flame Barrier"],"relics":["Burning Blood","Tiny Chest","Bloody Idol","The Courier","Dream Catcher","White Beast Statue","SlaversCollar","Ornamental Fan","Boot","Mercury Hourglass"],"acts_visited":["Exordium","TheCity"],"potions_floor_usage":[4,16,16,18,19,22,22,28,30,31],"damage_taken":[{"damage":2,"enemies":"2 Louse","floor":1,"turns":2},{"damage":15,"enemies":"Small Slimes","floor":4,"turns":4},{"damage":25,"enemies":"3 Sentries","floor":7,"turns":7},{"damage":0,"enemies":"Jaw Worm","floor":12,"turns":3},{"damage":4,"enemies":"Exordium Wildlife","floor":14,"turns":4},{"damage":30,"enemies":"The Guardian","floor":16,"turns":11},{"damage":21,"enemies":"Spheric Guardian","floor":18,"turns":4},{"damage":21,"enemies":"Shell Parasite","floor":22,"turns":4},{"damage":34,"enemies":"Snake Plant","floor":28,"turns":5},{"damage":46,"enemies":"Gremlin Leader","floor":30,"turns":6},{"damage":9,"enemies":"Colosseum Slavers","floor":31,"turns":3},{"damage":70,"enemies":"Champ","floor":33,"turns":9}],"seed_played":"-1496569470344089546","potions_obtained":[{"floor":1,"key":"Weak Potion"},{"floor":12,"key":"AttackPotion"},{"floor":14,"key":"Energy Potion"},{"floor":16,"key":"DistilledChaos"},{"floor":18,"key":"LiquidBronze"},{"floor":22,"key":"SteroidPotion"},{"floor":28,"key":"Fruit Juice"},{"floor":30,"key":"Fire Potion"}],"is_trial":false,"path_per_floor":["M","?","?","M","?","R","E","R","T","R","T","M","R","M","R","B",null,"M","$","?","$","M","R","?","R","T","R","M","T","E","?","R","B"],"character_chosen":"IRONCLAD","items_purchased":["Fruit Juice","DuplicationPotion","Inflame"],"campfire_rested":2,"item_purchase_floors":[19,19,21],"current_hp_per_floor":[72,72,77,68,68,68,49,49,49,49,49,55,55,57,57,33,68,53,58,58,58,48,73,73,73,73,73,55,60,25,22,49,0,0],"gold":87,"neow_bonus":"RANDOM_COMMON_RELIC","is_daily":false,"chose_seed":false,"campfire_upgraded":7,"win_rate":0.0,"timestamp":1611371624,"path_taken":["M","?","?","M","?","R","E","R","T","R","?","M","R","?","R","BOSS","M","$","?","$","M","R","?","R","T","R","M","?","E","?","R","BOSS"],"items_purchased_type":["Potion","Potion","Card"],"build_version":"2020-12-22","purchased_purges":1,"victory":false,"max_hp_per_floor":[75,75,80,80,80,80,80,80,80,80,80,80,80,80,80,80,80,80,85,85,85,85,85,85,85,85,85,90,90,90,90,90,90,90],"card_choices":[{"not_picked":["Battle Trance","Headbutt"],"picked":"Whirlwind","floor":1},{"not_picked":["Clash","Power Through"],"picked":"Twin Strike","floor":4},{"not_picked":["Havoc","Searing Blow"],"picked":"Flame Barrier","floor":7},{"not_picked":["Intimidate","Sword Boomerang"],"picked":"Spot Weakness","floor":12},{"not_picked":["Headbutt","Armaments"],"picked":"Uppercut","floor":14},{"not_picked":["Demon Form","Brutality"],"picked":"Reaper","floor":16},{"not_picked":["Twin Strike","Battle Trance"],"picked":"Armaments","floor":18},{"not_picked":["Reckless Charge","Pommel Strike+1"],"picked":"Heavy Blade","floor":22},{"not_picked":["Rage","Clash"],"picked":"Ghostly Armor","floor":28},{"not_picked":["Cleave","Exhume"],"picked":"Flame Barrier","floor":30}],"player_experience":1350945,"relics_obtained":[{"floor":7,"key":"The Courier"},{"floor":9,"key":"Dream Catcher"},{"floor":11,"key":"White Beast Statue"},{"floor":26,"key":"Ornamental Fan"},{"floor":29,"key":"Boot"},{"floor":30,"key":"Mercury Hourglass"}],"event_choices":[{"damage_healed":0,"gold_gain":0,"player_choice":"Leave","damage_taken":0,"max_hp_gain":0,"max_hp_loss":0,"event_name":"The Cleric","floor":2,"gold_loss":0},{"damage_healed":0,"gold_gain":0,"player_choice":"Donut","damage_taken":0,"max_hp_gain":5,"max_hp_loss":0,"event_name":"Big Fish","floor":3,"gold_loss":0},{"damage_healed":0,"gold_gain":0,"player_choice":"Take Wound","damage_taken":0,"relics_obtained":["Golden Idol"],"max_hp_gain":0,"max_hp_loss":0,"event_name":"Golden Idol","floor":5,"gold_loss":0,"cards_obtained":["Injury"]},{"damage_healed":0,"gold_gain":0,"player_choice":"Gave Idol","damage_taken":0,"relics_obtained":["Bloody Idol"],"max_hp_gain":0,"max_hp_loss":0,"event_name":"Forgotten Altar","floor":20,"relics_lost":["Golden Idol"],"gold_loss":0},{"damage_healed":0,"gold_gain":0,"cards_transformed":["Strike_R","Strike_R"],"player_choice":"Became Test Subject","damage_taken":0,"max_hp_gain":0,"max_hp_loss":0,"event_name":"Drug Dealer","floor":24,"gold_loss":0,"cards_obtained":["Entrench","Power Through"]},{"damage_healed":0,"gold_gain":0,"player_choice":"Fight","damage_taken":0,"max_hp_gain":0,"max_hp_loss":0,"event_name":"Colosseum","floor":31,"gold_loss":0},{"damage_healed":0,"gold_gain":0,"player_choice":"Fled From Nobs","damage_taken":0,"max_hp_gain":0,"max_hp_loss":0,"event_name":"Colosseum","floor":31,"gold_loss":0}],"is_beta":false,"boss_relics":[{"not_picked":["Fusion Hammer","Velvet Choker"],"picked":"SlaversCollar"}],"items_purged_floors":[19],"is_endless":false,"potions_floor_spawned":[1,12,14,16,18,22,28,30,31],"killed_by":"Champ","ascension_level":18}}