{"host":"w8xisjf5mgmfjvmt","time":1611389277,"event":{"mods":["BaseMod","BetterRewards","Challenge The Spire","Conspire","Dota2Spire","Energized Spire","Filter the Spire","Minty Spire (QoL Compilation)","Quarter Circle Forward PUNCH!","Quick Restart","Relic Stats","Replay The Spire","Shop Mod","Spicy Shops","StSLib","Starting Relic: Pandora\u0027s Box","¡¾ÒÅÎï¿¨ÅÆ¡¿REMEMod","óô»ðÖ¸ÄÏ"],"gold_per_floor":[119,138,138,138,138,171,171,183,210,236,84,94,94,106,106,106,106],"floor_reached":16,"language":"ZHS","playtime":527,"items_purged":["Replay:Hysterical Blindness"],"score":169,"play_id":"ae3c7171-4b4d-4e05-9089-dc1cb10ad230","local_time":"20210123160757","is_ascension_mode":true,"campfire_choices":[{"data":"Establishment","floor":7.0,"key":"SMITH"},{"data":"Eruption","floor":15,"key":"SMITH"}],"circlet_count":0,"master_deck":["Eruption+1","Vigilance","WreathOfFlame","InnerPeace","Evaluate","ClearTheMind","SignatureMove","Protect","REME_Repentance","Establishment+1","Seek","CarveReality","BattleHymn","Conclude","Scrawl","Wallop","InnerPeace","Adaptation"],"relics":["PureWater","REME_ComplimentaryCards","ReplayTheSpireMod:Ring of Challenge","ReplayTheSpireMod:Ring of Addiction","SacredBark","White Beast Statue","MealTicket","Dota2Spire:MaskOfMadness","Centennial Puzzle"],"acts_visited":["Exordium"],"potions_floor_usage":[14],"damage_taken":[{"damage":7.0,"enemies":"2 Louse","floor":1.0,"turns":3.0},{"damage":6.0,"enemies":"Jaw Worm","floor":2.0,"turns":3.0},{"damage":20.0,"enemies":"Gremlin Nob","floor":6.0,"turns":3.0},{"damage":0.0,"enemies":"Small Slimes","floor":8.0,"turns":4.0},{"damage":0,"enemies":"Lagavulin","floor":10,"turns":4},{"damage":0,"enemies":"Looter","floor":12,"turns":4},{"damage":6,"enemies":"2 Fungi Beasts","floor":14,"turns":5},{"damage":0,"enemies":"The Guardian","floor":16,"turns":2}],"seed_played":"-5821656374937290985","potions_obtained":[{"floor":1.0,"key":"Strength Potion"},{"floor":4.0,"key":"ColorlessPotion"},{"floor":4.0,"key":"Dota2Spire:HealingSalve"},{"floor":6.0,"key":"DistilledChaos"},{"floor":8.0,"key":"Dota2Spire:Clarity"},{"floor":10,"key":"Dota2Spire:HealingSalve"},{"floor":14,"key":"Dota2Spire:HealingSalve"}],"is_trial":false,"path_per_floor":["M","M","?","?","?","E","R","M","T","E","$","M","?","M","R","B"],"character_chosen":"WATCHER","items_purchased":["Wallop"],"campfire_rested":0,"item_purchase_floors":[11],"current_hp_per_floor":[44,38,38,38,38,18,18,27,27,27,42,42,35,44,44,44,44],"gold":106,"neow_bonus":"THREE_RARE_CARDS","is_daily":false,"chose_seed":false,"campfire_upgraded":2,"win_rate":0.0,"timestamp":1611389277,"path_taken":["M","M","?","?","?","E","R","M","T","E","?","M","?","M","R","BOSS"],"items_purchased_type":["Card"],"build_version":"2020-12-22","purchased_purges":1,"victory":false,"max_hp_per_floor":[72,72,72,72,72,72,72,72,72,72,72,72,70,70,70,70,70],"relic_stats":{"Centennial Puzzle":[3],"counters":[8,28],"MealTicket":15,"obtain_stats":[{"Dota2Spire:MaskOfMadness":9,"Centennial Puzzle":10,"ReplayTheSpireMod:Ring of Addiction":4,"SacredBark":4,"MealTicket":6,"PureWater":0,"ReplayTheSpireMod:Ring of Challenge":4,"White Beast Statue":4,"REME_ComplimentaryCards":0},{"Dota2Spire:MaskOfMadness":4,"Centennial Puzzle":5,"ReplayTheSpireMod:Ring of Addiction":2,"SacredBark":2,"MealTicket":3,"PureWater":0,"ReplayTheSpireMod:Ring of Challenge":2,"White Beast Statue":2,"REME_ComplimentaryCards":0},{"Dota2Spire:MaskOfMadness":13,"Centennial Puzzle":17,"ReplayTheSpireMod:Ring of Addiction":6,"SacredBark":6,"MealTicket":9,"PureWater":0,"ReplayTheSpireMod:Ring of Challenge":6,"White Beast Statue":6,"REME_ComplimentaryCards":0}]},"card_choices":[{"not_picked":["Judgement","Wish"],"picked":"Establishment","floor":0.0},{"not_picked":["BowlingBash","Prostrate"],"picked":"CarveReality","floor":1.0},{"not_picked":["Consecrate","LikeWater"],"picked":"BattleHymn","floor":2.0},{"not_picked":["REME_Repentance","ThirdEye"],"picked":"Conclude","floor":6.0},{"not_picked":["ClearTheMind","FlurryOfBlows"],"picked":"Scrawl","floor":8.0},{"not_picked":["Consecrate","PathToVictory","Collect"],"picked":"SKIP","floor":10},{"not_picked":["PathToVictory","ClearTheMind"],"picked":"InnerPeace","floor":12},{"not_picked":["Indignation","Wireheading"],"picked":"Adaptation","floor":14}],"player_experience":1226806,"relics_obtained":[{"floor":4.0,"key":"ReplayTheSpireMod:Ring of Challenge"},{"floor":4.0,"key":"ReplayTheSpireMod:Ring of Addiction"},{"floor":4.0,"key":"SacredBark"},{"floor":4.0,"key":"White Beast Statue"},{"floor":6.0,"key":"MealTicket"},{"floor":9.0,"key":"Dota2Spire:MaskOfMadness"},{"floor":10,"key":"Centennial Puzzle"}],"event_choices":[{"damage_healed":0.0,"max_hp_gain":0.0,"max_hp_loss":0.0,"gold_gain":0.0,"event_name":"Shining Light","player_choice":"Ignored","floor":3.0,"gold_loss":0.0,"damage_taken":0.0},{"cards_removed":["CrushJoints"],"damage_healed":0,"gold_gain":0,"player_choice":"Card Removal","damage_taken":7,"max_hp_gain":0,"max_hp_loss":0,"event_name":"Golden Wing","floor":13,"gold_loss":0}],"is_beta":false,"boss_relics":[],"items_purged_floors":[11],"is_endless":false,"potions_floor_spawned":[1,6,8,10,12,14],"killed_by":"The Guardian","ascension_level":5}}