{"host":"leop","time":1611416209,"event":{"mods":["ATMod(°¢èªMod)","Act Like it!","BaseMod","Conspire","GifTheSpireLib","HumanHunterMod(¹ÖÎïÉ±ÈËmod)","Minty Spire (QoL Compilation)","MostiFishMod","Shop Mod","Spicy Shops","StSLib","TestMod","The Alterego","[IsaacMod]ÒÔÈö¼âËþ","¡¾ÒÅÎï¿¨ÅÆ¡¿REMEMod"],"gold_per_floor":[120,147,166,176,176,206,206,210,289,289,289,259,285,283,283,382,382,352,1351,1321,1246,1265,1299,550,581,607,618,652,84,190,231,231,354,354,801,942,1044,1044,1044,1106,1106,1177,1177,1177,1246,1246,1345,1444,1444,1624,1624,1624,1624,1707,1886],"floor_reached":56,"language":"ZHS","playtime":3195,"items_purged":["alterego_mod:InsideBaseball+1","Shame","BettingIsNotGood","Clumsy","alterego_mod:BeGentle","alterego_mod:Cushion","alterego_mod:Cushion","alterego_mod:Birthday"],"score":2045,"play_id":"2ebd7219-beae-4fa5-b6f7-dcf1aba4f913","local_time":"20210123233649","is_ascension_mode":true,"campfire_choices":[{"data":"alterego_mod:InsideBaseball","floor":7.0,"key":"SMITH"},{"data":"alterego_mod:TrashNCrash","floor":15.0,"key":"SMITH"},{"data":"alterego_mod:IndependentAction","floor":32,"key":"SMITH"},{"floor":46,"key":"RECALL"},{"data":"alterego_mod:Palingenesis+1","floor":49,"key":"SMITH"},{"data":"alterego_mod:Palingenesis+3","floor":52,"key":"SMITH"}],"circlet_count":0,"master_deck":["alterego_mod:Impale","conspire:Purge+1","alterego_mod:SakuraFive+1","alterego_mod:BeGentle","alterego_mod:TrashNCrash+1","alterego_mod:GIGAMILK+1","alterego_mod:STier+1","alterego_mod:1TonWallop+1","alterego_mod:Pet+1","alterego_mod:IndependentAction+1","alterego_mod:PainIsPleasure+1","alterego_mod:Valentines+1","alterego_mod:Clones+1","alterego_mod:Belts+1","alterego_mod:Cushion+1","alterego_mod:Palingenesis+5","alterego_mod:AlterEgo+1"],"relics":["testmod-TestBox","DaveBox","REME_ComplimentaryCards","AT_ATBox","HushsDoor","YumHeart","SatanicBible","Oddly Smooth Stone","testmod-NegativeEmotionEnhancer","GreenFoldingFan","D6","SynthV:TestCard","conspire:Flyswatter","Regal Pillow","GnawedLeaf","testmod-AssaultLearning","ChiXiaoBlade","GuppysCollar","ImprovedEquipment","DiscerningMonocle","SteamSale","testmod-HeartOfStrike","Frozen Egg 2","DeathBook","BionicSphere","MerchantsRug","conspire:TreasureMap","InkBottle","TheBible","BFFS","Ancient Tea Set","Blue Candle","Tiny Chest","Orichalcum","BirthdayGift-Tetrahedron","ForgetMeNow","HandDrill","testmod-TurbochargingSystem","Singing Bowl","Matryoshka","BookOfRevelations","AT_MibuBalloonWealth","testmod-LifeArmor","MostiFishMod:AdaptiveDefenses","War Paint","DollysMirror","AT_BladeRuinedKing","conspire:RoyalGoblet","testmod-Acrobat","REME_IWantAll","conspire:GlowingRock","Omamori","AT_SilvercatRing","MostiFishMod:Haymaker","SynthV:C4","Bottled Lightning","Membership Card","conspire:Dentures","Bag of Marbles","Dream Catcher","Akabeko","Civilization","BrkXgEgg","conspire:InfiniteJournal","DeadEye","Pantograph","Ornamental Fan","Art of War","Chaos","Mummified Hand","AT_ChloranthyRing","HowToJump","Kunai","Gambling Chip"],"acts_visited":["Exordium","TheCity","TheBeyond","TheEnding"],"potions_floor_usage":[],"damage_taken":[{"damage":4.0,"enemies":"Cultist","floor":1.0,"turns":2.0},{"damage":26.0,"enemies":"2 Louse","floor":2.0,"turns":3.0},{"damage":17.0,"enemies":"Small Slimes","floor":3.0,"turns":3.0},{"damage":2.0,"enemies":"Red Slaver","floor":4.0,"turns":1.0},{"damage":38.0,"enemies":"Gremlin Nob","floor":6.0,"turns":4.0},{"damage":56.0,"enemies":"3 Sentries","floor":8.0,"turns":8.0},{"damage":21.0,"enemies":"Blue Slaver","floor":12.0,"turns":1.0},{"damage":10.0,"enemies":"Gremlin Nob","floor":13.0,"turns":2.0},{"damage":21.0,"enemies":"Gremlin Nob","floor":14.0,"turns":4.0},{"damage":16.0,"enemies":"Slime Boss","floor":16.0,"turns":6.0},{"damage":4.0,"enemies":"Spheric Guardian","floor":18.0,"turns":2.0},{"damage":4.0,"enemies":"Shell Parasite","floor":20.0,"turns":1.0},{"damage":59.0,"enemies":"Shelled Parasite and Fungi","floor":22.0,"turns":6.0},{"damage":29.0,"enemies":"Book of Stabbing","floor":23.0,"turns":4.0},{"damage":2,"enemies":"Snecko","floor":25,"turns":1},{"damage":6,"enemies":"Centurion and Healer","floor":27,"turns":3},{"damage":7,"enemies":"Gremlin Leader","floor":28,"turns":4},{"damage":2,"enemies":"Slavers","floor":30,"turns":1},{"damage":10,"enemies":"Snake Plant","floor":31,"turns":3},{"damage":6,"enemies":"Automaton","floor":33,"turns":2},{"damage":6,"enemies":"3 Shapes","floor":35,"turns":2},{"damage":2,"enemies":"3 Darklings","floor":36,"turns":1},{"damage":9,"enemies":"2 Orb Walkers","floor":37,"turns":3},{"damage":16,"enemies":"Giant Head","floor":40,"turns":3},{"damage":22,"enemies":"Nemesis","floor":42,"turns":6},{"damage":5,"enemies":"Giant Head","floor":45,"turns":2},{"damage":5,"enemies":"Sphere and 2 Shapes","floor":47,"turns":2},{"damage":5,"enemies":"Jaw Worm Horde","floor":48,"turns":2},{"damage":23,"enemies":"Awakened One","floor":50,"turns":4},{"damage":2,"enemies":"Shield and Spear","floor":54,"turns":1},{"damage":59,"enemies":"Delirium","floor":55,"turns":12}],"seed_played":"3556258624434106171","potions_obtained":[{"floor":3.0,"key":"EssenceOfSteel"},{"floor":4.0,"key":"SpeedPotion"},{"floor":13.0,"key":"LiquidBronze"},{"floor":14.0,"key":"Explosive Potion"},{"floor":35,"key":"ColorlessPotion"}],"is_trial":false,"path_per_floor":["M","M","M","M","?","E","R","E","T","?","?","M","?","E","R","B",null,"M","?","M","?","M","E","$","M","T","M","E","$","E","M","R","B",null,"M","M","?","?","?","E","T","E","T","$","E","R","M","M","R","B",null,"R","$","E","B",null],"character_chosen":"The_Alterego","items_purchased":["GuppysCollar","DiscerningMonocle","SteamSale","testmod-HeartOfStrike","Frozen Egg 2","DeathBook","BionicSphere","alterego_mod:1TonWallop","PowerPotion","Block Potion","DistilledChaos","MerchantsRug","conspire:TreasureMap","InkBottle","TheBible","BFFS","Ancient Tea Set","Blue Candle","BirthdayGift-Tetrahedron","ForgetMeNow","HandDrill","testmod-TurbochargingSystem","Singing Bowl","Matryoshka","BookOfRevelations","AT_MibuBalloonWealth","testmod-LifeArmor","MostiFishMod:AdaptiveDefenses","War Paint","DollysMirror","FairyPotion","SuicideKing","Membership Card","conspire:Dentures","Bag of Marbles","Dream Catcher","Akabeko","Civilization","BrkXgEgg","conspire:InfiniteJournal","DeadEye","Pantograph","Ornamental Fan","Chaos","Mummified Hand","AT_ChloranthyRing","HowToJump","Kunai"],"campfire_rested":0,"item_purchase_floors":[17,24,24,24,24,24,24,24,24,24,24,24,24,24,24,24,24,24,29,29,29,29,29,29,29,29,29,29,29,29,29,34,44,44,44,44,44,44,44,44,44,44,44,53,53,53,53,53],"current_hp_per_floor":[71,58,54,64,64,40,40,31,31,31,24,14,22,14,14,37,67,68,68,69,69,25,35,35,45,45,59,68,68,77,83,83,84,80,37,52,59,59,59,59,59,79,79,79,93,93,100,108,108,106,114,114,114,120,108],"gold":1886,"neow_bonus":"BOSS_RELIC","is_daily":false,"chose_seed":false,"campfire_upgraded":5,"win_rate":0.0,"timestamp":1611416209,"path_taken":["M","M","M","?","?","E","R","E","T","?","?","M","?","E","R","BOSS","M","?","M","?","M","E","$","M","T","M","E","$","E","M","R","BOSS","M","M","?","?","?","E","?","E","T","$","E","R","M","M","R","BOSS","R","$","E","BOSS"],"items_purchased_type":["Relic","Relic","Relic","Relic","Relic","Relic","Relic","Card","Potion","Potion","Potion","Relic","Relic","Relic","Relic","Relic","Relic","Relic","Relic","Relic","Relic","Relic","Relic","Relic","Relic","Relic","Relic","Relic","Relic","Relic","Potion","Card","Relic","Relic","Relic","Relic","Relic","Relic","Relic","Relic","Relic","Relic","Relic","Card","Relic","Relic","Relic","Relic"],"build_version":"2020-12-18","purchased_purges":8,"victory":true,"max_hp_per_floor":[71,72,73,74,74,75,75,76,76,76,76,77,78,79,79,80,67,68,68,69,69,70,71,71,72,72,73,74,74,77,83,83,84,80,81,82,85,85,85,88,88,91,91,91,93,93,100,108,108,114,114,114,114,120,126],"card_choices":[{"not_picked":[],"picked":"BettingIsNotGood","floor":0.0},{"not_picked":["alterego_mod:Punishment","alterego_mod:Skirt","alterego_mod:DeftHands"],"picked":"SKIP","floor":1.0},{"not_picked":["alterego_mod:BiFurious","alterego_mod:PresenceConcealment","alterego_mod:SakuraFive","alterego_mod:SuperDuperMasochism"],"picked":"alterego_mod:Cushion","floor":2.0},{"not_picked":["alterego_mod:Complex","alterego_mod:HighServant","alterego_mod:MagicResistance","alterego_mod:Rip"],"picked":"alterego_mod:SakuraFive","floor":3.0},{"not_picked":["Bomb","alterego_mod:HighServant","alterego_mod:MagicResistance","alterego_mod:VirginLaserPalladion"],"picked":"alterego_mod:Birthday","floor":4.0},{"not_picked":["alterego_mod:Table","alterego_mod:PerceptionDisorder","alterego_mod:RidiculouslyBig","alterego_mod:Rip"],"picked":"alterego_mod:InsideBaseball","floor":6.0},{"not_picked":["alterego_mod:MagicResistance","alterego_mod:Cycle","alterego_mod:Jiggle","alterego_mod:HighServant"],"picked":"alterego_mod:BeGentle","floor":8.0},{"not_picked":["alterego_mod:Jiggle","alterego_mod:1TonWallop","alterego_mod:Cooking","alterego_mod:Skirt","alterego_mod:GoddessCore"],"picked":"SKIP","floor":12.0},{"not_picked":["alterego_mod:DiscoLights","alterego_mod:Clones","alterego_mod:Pet","alterego_mod:Complex"],"picked":"alterego_mod:BeGentle","floor":13.0},{"not_picked":["alterego_mod:BreastValley","alterego_mod:SuperDuperMasochism","alterego_mod:Cooking","alterego_mod:HighServant"],"picked":"alterego_mod:TrashNCrash","floor":14.0},{"not_picked":["alterego_mod:PainIsPleasure","alterego_mod:RingBreak","alterego_mod:Weigh","alterego_mod:Rake"],"picked":"alterego_mod:GIGAMILK","floor":16.0},{"not_picked":["alterego_mod:Maid","alterego_mod:Cycle+1","alterego_mod:Undulate","alterego_mod:Bloomers","alterego_mod:Lingerie+1"],"picked":"SKIP","floor":18.0},{"not_picked":["alterego_mod:Jiggle","alterego_mod:HighServant+1","alterego_mod:MagicResistance+1","alterego_mod:Collar","alterego_mod:DiscoLights"],"picked":"SKIP","floor":20.0},{"not_picked":["alterego_mod:DiscoLights","alterego_mod:Jiggle","alterego_mod:Complex","alterego_mod:Cycle","alterego_mod:Undulate"],"picked":"SKIP","floor":22.0},{"not_picked":["alterego_mod:Lingerie","alterego_mod:SuperDuperMasochism","alterego_mod:SakuraFive+1","alterego_mod:TrashNCrash"],"picked":"alterego_mod:STier","floor":23.0},{"not_picked":["alterego_mod:PresenceConcealment+1","alterego_mod:SuperDuperMasochism","alterego_mod:Skirt","alterego_mod:Undulate"],"picked":"alterego_mod:Pet+1","floor":25},{"not_picked":["alterego_mod:Santa","alterego_mod:Cycle","alterego_mod:Nekomimi+1","alterego_mod:Birthday"],"picked":"alterego_mod:IndependentAction","floor":27},{"not_picked":["alterego_mod:IdEs","alterego_mod:Stockings","alterego_mod:SakuraFive","alterego_mod:Table","alterego_mod:Birthday"],"picked":"SKIP","floor":28},{"not_picked":["alterego_mod:HighServant","alterego_mod:SakuraFive+1","alterego_mod:SakuraLabyrinth+1","alterego_mod:BustOut+1","alterego_mod:TrashNCrash+1"],"picked":"Singing Bowl","floor":30},{"not_picked":["alterego_mod:Table+1","alterego_mod:Pet","alterego_mod:SuperDuperMasochism","alterego_mod:Skirt+1","alterego_mod:Santa"],"picked":"Singing Bowl","floor":31},{"not_picked":["alterego_mod:Lift+1","alterego_mod:InsideBaseball+1","alterego_mod:Weigh","alterego_mod:IdEs"],"picked":"alterego_mod:PainIsPleasure+1","floor":33},{"not_picked":["alterego_mod:Support+1","alterego_mod:DeftHands+1","alterego_mod:Birthday+1","alterego_mod:Maid+1"],"picked":"alterego_mod:Tantrum","floor":35},{"not_picked":["alterego_mod:PresenceConcealment+1","alterego_mod:PerceptionDisorder+1","alterego_mod:DestructionOfProperty","alterego_mod:Skirt"],"picked":"alterego_mod:Valentines+1","floor":35},{"not_picked":["alterego_mod:Bloomers","alterego_mod:Rip","alterego_mod:Undulate+1","alterego_mod:BiFurious+1"],"picked":"alterego_mod:Clones+1","floor":35},{"not_picked":["alterego_mod:Mirror+1","alterego_mod:Undulate","alterego_mod:Complex","alterego_mod:SakuraPetals+1"],"picked":"alterego_mod:Belts","floor":35},{"not_picked":["alterego_mod:Support+1","alterego_mod:Bounce+1","alterego_mod:BiFurious+1","alterego_mod:TrashNCrash+1"],"picked":"alterego_mod:Cushion+1","floor":36},{"not_picked":["alterego_mod:Complex","alterego_mod:GoddessCore+1","alterego_mod:Punishment+1","alterego_mod:DeftHands","alterego_mod:RocketPunch+1"],"picked":"Singing Bowl","floor":37},{"not_picked":["alterego_mod:Bounce","alterego_mod:Lift+1","alterego_mod:Birthday","alterego_mod:Cycle","alterego_mod:Maid+1"],"picked":"Singing Bowl","floor":40},{"not_picked":["alterego_mod:GIGAMILK","alterego_mod:GachaTicket+1","alterego_mod:PurpleHair+1","alterego_mod:Complex","alterego_mod:Clap+1"],"picked":"Singing Bowl","floor":42},{"not_picked":["alterego_mod:1TonWallop","alterego_mod:TrickOrTreatment+1","alterego_mod:Bloomers","alterego_mod:Schoolgirl+1"],"picked":"alterego_mod:Palingenesis+1","floor":45},{"not_picked":["alterego_mod:Cycle","alterego_mod:BoobPocket+1","alterego_mod:SakuraLabyrinth","alterego_mod:DustData","alterego_mod:MagicResistance+1"],"picked":"Singing Bowl","floor":47},{"not_picked":["alterego_mod:DestructionOfProperty+1","alterego_mod:DeftHands+1","alterego_mod:DustData+1","alterego_mod:GachaTicket+1","alterego_mod:RidiculouslyBig+1"],"picked":"Singing Bowl","floor":48},{"not_picked":["alterego_mod:Undulate+1","alterego_mod:Swimsuit+1","alterego_mod:GachaTicket+1","alterego_mod:PerceptionDisorder+1"],"picked":"alterego_mod:AlterEgo+1","floor":54}],"player_experience":1142094,"relics_obtained":[{"floor":0.0,"key":"YumHeart"},{"floor":0.0,"key":"SatanicBible"},{"floor":0.0,"key":"Oddly Smooth Stone"},{"floor":1.0,"key":"SynthV:TestCard"},{"floor":6.0,"key":"conspire:Flyswatter"},{"floor":8.0,"key":"Regal Pillow"},{"floor":13.0,"key":"GnawedLeaf"},{"floor":14.0,"key":"testmod-AssaultLearning"},{"floor":23.0,"key":"ImprovedEquipment"},{"floor":26,"key":"Tiny Chest"},{"floor":28,"key":"Orichalcum"},{"floor":30,"key":"AT_BladeRuinedKing"},{"floor":35,"key":"testmod-Acrobat"},{"floor":37,"key":"REME_IWantAll"},{"floor":40,"key":"conspire:GlowingRock"},{"floor":41,"key":"Omamori"},{"floor":41,"key":"AT_SilvercatRing"},{"floor":42,"key":"MostiFishMod:Haymaker"},{"floor":43,"key":"SynthV:C4"},{"floor":43,"key":"Bottled Lightning"},{"floor":45,"key":"Art of War"},{"floor":54,"key":"Gambling Chip"}],"event_choices":[{"damage_healed":0.0,"max_hp_gain":0.0,"max_hp_loss":0.0,"gold_gain":0.0,"event_name":"conspire:Investor","player_choice":"Leave","floor":5.0,"gold_loss":0.0,"damage_taken":0.0},{"cards_removed":["alterego_mod:Strike"],"damage_healed":0.0,"max_hp_gain":0.0,"max_hp_loss":0.0,"gold_gain":0.0,"event_name":"Golden Wing","player_choice":"Card Removal","floor":11.0,"gold_loss":0.0,"damage_taken":7.0},{"damage_healed":0.0,"max_hp_gain":0.0,"max_hp_loss":0.0,"gold_gain":0.0,"event_name":"Dead Adventurer","player_choice":"Searched \u00271\u0027 times","floor":13.0,"gold_loss":0.0,"damage_taken":0.0},{"damage_healed":0.0,"max_hp_gain":0.0,"max_hp_loss":0.0,"gold_gain":999.0,"event_name":"¶÷ÂåË¹µÄÅÌ×Ó","player_choice":"Sell","floor":19.0,"relics_lost":["Calling Bell"],"gold_loss":0.0,"damage_taken":0.0},{"cards_removed":["alterego_mod:BrynhildrsRune"],"damage_healed":0.0,"max_hp_gain":0.0,"max_hp_loss":0.0,"gold_gain":0.0,"event_name":"Beggar","player_choice":"Gave Gold","floor":21.0,"gold_loss":75.0,"damage_taken":0.0},{"damage_healed":0,"gold_gain":0,"player_choice":"Fight","damage_taken":0,"max_hp_gain":0,"max_hp_loss":0,"event_name":"Mysterious Sphere","floor":37,"gold_loss":0},{"damage_healed":0,"gold_gain":0,"player_choice":"Ignored","damage_taken":0,"max_hp_gain":0,"max_hp_loss":0,"event_name":"Tomb of Lord Red Mask","floor":38,"gold_loss":0}],"is_beta":true,"boss_relics":[{"not_picked":["Coffee Dripper","RhineFirstAidKit"],"picked":"ChiXiaoBlade"},{"not_picked":[]},{"not_picked":["MoonlightInvasionPlan","Astrolabe"],"picked":"conspire:RoyalGoblet"},{"not_picked":[]}],"items_purged_floors":[24,24,29,29,44,44,44,53],"is_endless":false,"potions_floor_spawned":[3,4,13,14,22,28,31,33,42,45,47,54],"ascension_level":2}}