{"host":"gg","time":1611391448,"event":{"mods":["BaseMod","Colored Map","Googly Eyes","Minty Spire (QoL Compilation)","Permanent Neow","Relic Stats","The IronCluck"],"gold_per_floor":[114,114,114,128,128,162,206,249,302,302,302,227,243,282,282,307,307],"floor_reached":16,"language":"ENG","playtime":843,"items_purged":[],"score":220,"play_id":"4fcad10b-3383-4a98-928d-1b50b63dcb25","local_time":"20210123004408","is_ascension_mode":true,"campfire_choices":[{"floor":10,"key":"REST"},{"floor":15,"key":"REST"}],"circlet_count":0,"master_deck":["AscendersBane","Strike_P","Strike_P","Strike_P","Strike_P","Defend_P","Defend_P","Eruption","Vigilance","CrushJoints","FlyingSleeves","Wish","ThirdEye","FollowUp","EmptyFist","Scrawl"],"relics":["Fusion Hammer","Golden Idol","Question Card","Damaru","Regal Pillow"],"acts_visited":["Exordium"],"potions_floor_usage":[8],"damage_taken":[{"damage":0.0,"enemies":"Cultist","floor":1.0,"turns":3.0},{"damage":0.0,"enemies":"2 Louse","floor":4.0,"turns":2.0},{"damage":2.0,"enemies":"3 Sentries","floor":6.0,"turns":4.0},{"damage":10.0,"enemies":"Small Slimes","floor":7.0,"turns":4.0},{"damage":16,"enemies":"Gremlin Nob","floor":8,"turns":3},{"damage":0,"enemies":"2 Fungi Beasts","floor":13,"turns":2},{"damage":12,"enemies":"3 Louse","floor":14,"turns":5},{"damage":71,"enemies":"Slime Boss","floor":16,"turns":8}],"seed_played":"-8923727618639355572","potions_obtained":[{"floor":1.0,"key":"SteroidPotion"},{"floor":7.0,"key":"Ambrosia"},{"floor":8,"key":"Dexterity Potion"}],"is_trial":false,"path_per_floor":["M","?","?","M","?","E","M","E","T","R","?","?","M","M","R","B"],"character_chosen":"WATCHER","items_purchased":[],"campfire_rested":2,"item_purchase_floors":[],"current_hp_per_floor":[61,66,66,66,66,64,54,38,38,66,59,59,59,47,66,0,0],"gold":307,"neow_bonus":"BOSS_RELIC","is_daily":false,"chose_seed":false,"campfire_upgraded":0,"win_rate":0.0,"timestamp":1611391448,"path_taken":["M","?","?","M","?","E","M","E","T","R","?","?","?","M","R","BOSS"],"items_purchased_type":[],"build_version":"2020-12-18","purchased_purges":0,"victory":false,"max_hp_per_floor":[68,73,66,66,66,66,66,66,66,66,66,66,66,66,66,66,66],"relic_stats":{"Regal Pillow":9,"counters":[8,31],"Golden Idol":29,"Question Card":4,"obtain_stats":[{"Regal Pillow":9,"Golden Idol":3,"Damaru":8,"Fusion Hammer":0,"PureWater":0,"Question Card":6},{"Regal Pillow":5,"Golden Idol":1,"Damaru":5,"Fusion Hammer":0,"PureWater":0,"Question Card":3},{"Regal Pillow":16,"Golden Idol":3,"Damaru":16,"Fusion Hammer":0,"PureWater":0,"Question Card":9}]},"card_choices":[{"not_picked":["Fasting2","ClearTheMind"],"picked":"CrushJoints","floor":1.0},{"not_picked":["Worship","BattleHymn"],"picked":"FlyingSleeves","floor":4.0},{"not_picked":["Evaluate","FlyingSleeves"],"picked":"Wish","floor":6.0},{"not_picked":["PathToVictory","LikeWater","FlyingSleeves"],"picked":"ThirdEye","floor":7.0},{"not_picked":["CrushJoints","FlyingSleeves","Halt"],"picked":"FollowUp","floor":8},{"not_picked":["FlyingSleeves","Evaluate","ThirdEye"],"picked":"EmptyFist","floor":13},{"not_picked":["InnerPeace","Evaluate","FlurryOfBlows"],"picked":"Scrawl","floor":14}],"player_experience":1260284,"relics_obtained":[{"floor":6.0,"key":"Question Card"},{"floor":8,"key":"Damaru"},{"floor":9,"key":"Regal Pillow"}],"event_choices":[{"damage_healed":0.0,"max_hp_gain":5.0,"max_hp_loss":0.0,"gold_gain":0.0,"event_name":"Big Fish","player_choice":"Donut","floor":2.0,"gold_loss":0.0,"damage_taken":0.0},{"damage_healed":0.0,"max_hp_gain":0.0,"max_hp_loss":7.0,"gold_gain":0.0,"event_name":"Golden Idol","player_choice":"Lose Max HP","floor":3.0,"gold_loss":0.0,"damage_taken":0.0,"relics_obtained":["Golden Idol"]},{"damage_healed":0.0,"max_hp_gain":0.0,"max_hp_loss":0.0,"gold_gain":0.0,"event_name":"Liars Game","player_choice":"Ignored","floor":5.0,"gold_loss":0.0,"damage_taken":0.0},{"cards_removed":["Defend_P"],"damage_healed":0,"gold_gain":0,"player_choice":"Card Removal","damage_taken":7,"max_hp_gain":0,"max_hp_loss":0,"event_name":"Golden Wing","floor":11,"gold_loss":0},{"cards_removed":["Defend_P"],"damage_healed":0,"gold_gain":0,"player_choice":"Card Removal","damage_taken":0,"max_hp_gain":0,"max_hp_loss":0,"event_name":"The Cleric","floor":12,"gold_loss":75}],"is_beta":true,"boss_relics":[],"items_purged_floors":[],"is_endless":false,"potions_floor_spawned":[1,7,8],"killed_by":"Slime Boss","ascension_level":20}}