{"host":"x3xr1fzypq6qqz5s","time":1611391387,"event":{"mods":["BaseMod","Better Vampires","Colored Powertips","DeckTracker","Highlight Path","Minty Spire (QoL Compilation)","Quick Restart","Rare Cards Sparkle","Relic Stats"],"gold_per_floor":[116,126,126,146,164,164,1,30,53,53,30,46,46,60,60,163,163,181,181,200,200,100,100,100,100,182,182,196,196,47,147,147,245,245,260,270,270,288,138,138,138],"floor_reached":40,"language":"ZHS","playtime":1735,"items_purged":["Defend_B","Meteor Strike","Writhe","Parasite"],"score":384,"play_id":"8df4123b-08ab-4709-9cf7-b866e1f3dcf2","local_time":"20210123164307","is_ascension_mode":false,"campfire_choices":[{"floor":6.0,"key":"REST"},{"data":"Mayhem","floor":10.0,"key":"SMITH"},{"data":"Double Energy","floor":13.0,"key":"SMITH"},{"floor":15.0,"key":"REST"},{"data":"Darkness","floor":23.0,"key":"SMITH"},{"data":"Reinforced Body","floor":25.0,"key":"SMITH"},{"data":"Redo","floor":29.0,"key":"SMITH"},{"data":"Multi-Cast","floor":32.0,"key":"SMITH"}],"circlet_count":0,"master_deck":["Strike_B","Strike_B","Defend_B","Defend_B","Zap","Dualcast","Mayhem+1","Double Energy+1","Ball Lightning","Amplify","Reinforced Body+1","Darkness+1","Redo+1","Undo","Conserve Battery","Capacitor","Multi-Cast+1","Doom and Gloom","BootSequence","Barrage","Auto Shields","Leap","Rebound","Buffer","Loop+1"],"relics":["Cracked Core","Vajra","Inserter","MealTicket","Meat on the Bone","Cursed Key"],"acts_visited":["Exordium","TheCity","TheBeyond"],"potions_floor_usage":[],"damage_taken":[{"damage":1.0,"enemies":"Jaw Worm","floor":1.0,"turns":4.0},{"damage":0.0,"enemies":"Cultist","floor":2.0,"turns":4.0},{"damage":0.0,"enemies":"2 Louse","floor":4.0,"turns":3.0},{"damage":14.0,"enemies":"Blue Slaver","floor":5.0,"turns":4.0},{"damage":28.0,"enemies":"3 Sentries","floor":8.0,"turns":5.0},{"damage":5.0,"enemies":"Looter","floor":12.0,"turns":4.0},{"damage":0.0,"enemies":"3 Louse","floor":14.0,"turns":3.0},{"damage":29.0,"enemies":"The Guardian","floor":16.0,"turns":9.0},{"damage":20.0,"enemies":"Shell Parasite","floor":18.0,"turns":9.0},{"damage":0.0,"enemies":"Masked Bandits","floor":19.0,"turns":1.0},{"damage":21.0,"enemies":"Spheric Guardian","floor":20.0,"turns":5.0},{"damage":2.0,"enemies":"Shelled Parasite and Fungi","floor":28.0,"turns":4.0},{"damage":43.0,"enemies":"Champ","floor":33.0,"turns":8.0},{"damage":26.0,"enemies":"3 Darklings","floor":35.0,"turns":7.0},{"damage":9,"enemies":"3 Shapes","floor":36,"turns":3},{"damage":37,"enemies":"Writhing Mass","floor":38,"turns":8},{"damage":48,"enemies":"Spire Growth","floor":40,"turns":5}],"seed_played":"7144839641888995659","potions_obtained":[{"floor":4.0,"key":"Dexterity Potion"},{"floor":5.0,"key":"Fire Potion"},{"floor":14.0,"key":"Swift Potion"},{"floor":16.0,"key":"SmokeBomb"},{"floor":18.0,"key":"PowerPotion"},{"floor":28.0,"key":"ColorlessPotion"},{"floor":38,"key":"FearPotion"}],"is_trial":false,"path_per_floor":["M","M","?","M","M","R","$","E","T","R","$","M","R","M","R","B",null,"M","?","M","?","$","R","?","R","T","?","M","R","$","?","R","B",null,"M","M","?","M","$","M"],"character_chosen":"DEFECT","items_purchased":["Darkness","Redo","Conserve Battery","Rebound"],"campfire_rested":2,"item_purchase_floors":[7,7,11,30],"current_hp_per_floor":[53,53,53,53,39,61,61,33,33,33,33,28,28,28,50,21,75,55,55,34,34,34,34,34,34,34,34,44,44,59,59,59,28,75,49,40,40,15,30,0,0],"gold":138,"neow_bonus":"RANDOM_COLORLESS_2","is_daily":false,"chose_seed":false,"campfire_upgraded":6,"win_rate":0.0,"timestamp":1611391387,"path_taken":["M","M","?","M","M","R","$","E","T","R","?","M","R","M","R","BOSS","M","?","M","?","$","R","?","R","T","?","M","R","$","?","R","BOSS","M","?","?","M","$","M"],"items_purchased_type":["Card","Card","Card","Card"],"build_version":"2020-12-22","purchased_purges":4,"victory":false,"max_hp_per_floor":[75,75,75,75,75,75,75,75,75,75,75,75,75,75,75,75,75,75,75,75,75,75,75,75,75,75,75,75,75,75,75,75,75,75,75,75,75,75,72,72,72],"relic_stats":{"Inserter":[25],"counters":[17,86],"MealTicket":30,"Cursed Key":0,"obtain_stats":[{"Inserter":17,"Vajra":8,"MealTicket":24,"Cracked Core":0,"Cursed Key":34,"Meat on the Bone":26},{"Inserter":8,"Vajra":5,"MealTicket":11,"Cracked Core":0,"Cursed Key":13,"Meat on the Bone":11},{"Inserter":36,"Vajra":20,"MealTicket":51,"Cracked Core":0,"Cursed Key":63,"Meat on the Bone":51}],"Meat on the Bone":36},"card_choices":[{"not_picked":["Secret Technique","Thinking Ahead"],"picked":"Mayhem","floor":0.0},{"not_picked":["Hologram","Auto Shields"],"picked":"Double Energy","floor":1.0},{"not_picked":["Sweeping Beam","Turbo"],"picked":"Ball Lightning","floor":2.0},{"not_picked":["Aggregate","Stack"],"picked":"Amplify","floor":4.0},{"not_picked":["Chill","Beam Cell"],"picked":"Reinforced Body","floor":5.0},{"not_picked":["Steam","Compile Driver"],"picked":"Undo","floor":8.0},{"not_picked":["Barrage","Stack","Sweeping Beam"],"picked":"SKIP","floor":12.0},{"not_picked":["Steam","Stack"],"picked":"Capacitor","floor":14.0},{"not_picked":["Rainbow","Meteor Strike"],"picked":"Multi-Cast","floor":16.0},{"not_picked":["Recycle+1","Ball Lightning"],"picked":"Doom and Gloom","floor":18.0},{"not_picked":["Tempest","Loop"],"picked":"BootSequence","floor":20.0},{"not_picked":["Beam Cell","Stack"],"picked":"Leap","floor":28.0},{"not_picked":["Multi-Cast","Biased Cognition"],"picked":"Buffer","floor":33.0},{"not_picked":["FTL","Coolheaded+1"],"picked":"Loop+1","floor":35.0},{"not_picked":["Reprogram","Sweeping Beam+1","Steam+1"],"picked":"SKIP","floor":36},{"not_picked":["Sweeping Beam","Hello World","Beam Cell+1"],"picked":"SKIP","floor":38}],"player_experience":608817,"relics_obtained":[{"floor":8.0,"key":"Vajra"},{"floor":26.0,"key":"Meat on the Bone"}],"event_choices":[{"cards_removed":["Strike_B"],"damage_healed":0.0,"max_hp_gain":0.0,"max_hp_loss":0.0,"gold_gain":0.0,"event_name":"Bonfire Elementals","player_choice":"Offered Basic","floor":3.0,"gold_loss":0.0,"damage_taken":0.0},{"damage_healed":0.0,"max_hp_gain":0.0,"max_hp_loss":0.0,"gold_gain":0.0,"event_name":"Masked Bandits","player_choice":"Fought Bandits","floor":19.0,"gold_loss":0.0,"damage_taken":0.0},{"damage_healed":0.0,"max_hp_gain":0.0,"max_hp_loss":0.0,"gold_gain":0.0,"cards_transformed":["Strike_B","Defend_B"],"event_name":"Drug Dealer","player_choice":"Became Test Subject","floor":21.0,"gold_loss":0.0,"damage_taken":0.0,"cards_obtained":["Meteor Strike","Barrage"]},{"damage_healed":0.0,"max_hp_gain":0.0,"max_hp_loss":0.0,"gold_gain":0.0,"event_name":"The Mausoleum","player_choice":"Opened","floor":24.0,"gold_loss":0.0,"damage_taken":0.0,"relics_obtained":["MealTicket"],"cards_obtained":["Writhe"]},{"damage_healed":0.0,"max_hp_gain":0.0,"max_hp_loss":0.0,"gold_gain":0.0,"event_name":"The Library","player_choice":"Read","floor":27.0,"gold_loss":0.0,"damage_taken":0.0,"cards_obtained":["Auto Shields"]},{"damage_healed":0.0,"max_hp_gain":0.0,"max_hp_loss":0.0,"gold_gain":100.0,"event_name":"Golden Shrine","player_choice":"Pray","floor":31.0,"gold_loss":0.0,"damage_taken":0.0},{"damage_healed":0,"gold_gain":0,"player_choice":"Ignored","damage_taken":0,"max_hp_gain":0,"max_hp_loss":0,"event_name":"Mysterious Sphere","floor":37,"gold_loss":0}],"is_beta":false,"boss_relics":[{"not_picked":["Runic Dome","FrozenCore"],"picked":"Inserter"},{"not_picked":["Coffee Dripper","Snecko Eye"],"picked":"Cursed Key"}],"items_purged_floors":[7,22,30,39],"is_endless":false,"potions_floor_spawned":[4,5,14,16,18,28,38],"killed_by":"Spire Growth","ascension_level":0}}