{"host":"x8sop9v6zw8yitbt","time":1611384057,"event":{"mods":["BaseMod","Best Route Mod","Block Reminder","Colored Powertips","Dark Map","DeckTracker","Minty Spire (QoL Compilation)","Permanent Neow","Quick Restart","Relic Stats","Slay-I","StSLib"],"gold_per_floor":[119,69,69,83,56,89,104,104,104,104,143,157,190,215,215,340,340,359,359,144,63,63,101,101,126,126,126,144,144,44,44,44,168,168,189,189,209,229,253,253,286,286,286,330,330,280,305,321,321,321],"floor_reached":51,"language":"ENG","playtime":1603,"items_purged":["Defend_B","Strike_B+1","Defend_B+1"],"score":880,"play_id":"efd41ada-ff5e-4b75-9bc6-ba1a219308a9","local_time":"20210123014057","is_ascension_mode":true,"campfire_choices":[{"data":"Defragment","floor":8.0,"key":"SMITH"},{"data":"Zap","floor":15.0,"key":"SMITH"},{"data":"Blizzard","floor":24.0,"key":"SMITH"},{"data":"Loop","floor":27.0,"key":"SMITH"},{"data":"Cold Snap","floor":29.0,"key":"SMITH"},{"data":"Coolheaded","floor":32.0,"key":"SMITH"},{"data":"Blizzard","floor":40.0,"key":"SMITH"},{"data":"Dramatic Entrance","floor":42.0,"key":"SMITH"},{"data":"Glacier","floor":45.0,"key":"SMITH"},{"data":"Cold Snap","floor":49.0,"key":"SMITH"}],"circlet_count":0,"master_deck":["Strike_B+1","Strike_B+1","Defend_B+1","Defend_B+1","Zap+1","Dualcast","Defragment+1","Cold Snap+1","Cold Snap+1","FTL","Conserve Battery+1","Coolheaded+1","Dramatic Entrance+1","Blizzard+1","Loop+1","Cold Snap+1","Coolheaded+1","Blizzard+1","Defragment+1","Glacier+1","Capacitor+1"],"relics":["Cracked Core","NeowsBlessing","Prayer Wheel","Orichalcum","Kunai","Golden Idol","Shuriken","MealTicket","Black Star","InkBottle","Matryoshka","Oddly Smooth Stone","Akabeko","Philosopher\u0027s Stone","Eternal Feather","Frozen Egg 2","War Paint","Cables","Mummified Hand","Smiling Mask"],"acts_visited":["Exordium","TheCity","TheBeyond"],"potions_floor_usage":[50,50],"damage_taken":[{"damage":0.0,"enemies":"Small Slimes","floor":1.0,"turns":1.0},{"damage":0.0,"enemies":"2 Louse","floor":4.0,"turns":1.0},{"damage":0.0,"enemies":"3 Sentries","floor":6.0,"turns":1.0},{"damage":0.0,"enemies":"Cultist","floor":7.0,"turns":3.0},{"damage":8.0,"enemies":"Lagavulin","floor":11.0,"turns":6.0},{"damage":0.0,"enemies":"Looter","floor":12.0,"turns":2.0},{"damage":8.0,"enemies":"3 Sentries","floor":13.0,"turns":7.0},{"damage":6.0,"enemies":"Blue Slaver","floor":14.0,"turns":2.0},{"damage":3.0,"enemies":"The Guardian","floor":16.0,"turns":10.0},{"damage":9.0,"enemies":"2 Thieves","floor":18.0,"turns":4.0},{"damage":35.0,"enemies":"Slavers","floor":23.0,"turns":6.0},{"damage":0.0,"enemies":"Chosen","floor":25.0,"turns":4.0},{"damage":0.0,"enemies":"Centurion and Healer","floor":28.0,"turns":7.0},{"damage":2.0,"enemies":"Champ","floor":33.0,"turns":12.0},{"damage":0.0,"enemies":"3 Shapes","floor":35.0,"turns":3.0},{"damage":0.0,"enemies":"Orb Walker","floor":37.0,"turns":3.0},{"damage":8.0,"enemies":"4 Shapes","floor":38.0,"turns":2.0},{"damage":7.0,"enemies":"Transient","floor":39.0,"turns":5.0},{"damage":11.0,"enemies":"Reptomancer","floor":41.0,"turns":8.0},{"damage":0.0,"enemies":"Nemesis","floor":44.0,"turns":11.0},{"damage":0.0,"enemies":"Spire Growth","floor":47.0,"turns":4.0},{"damage":10.0,"enemies":"3 Darklings","floor":48.0,"turns":5.0},{"damage":7,"enemies":"Donu and Deca","floor":50,"turns":10}],"seed_played":"-2076134813370453694","potions_obtained":[{"floor":4.0,"key":"SpeedPotion"},{"floor":7.0,"key":"Fire Potion"},{"floor":12.0,"key":"AttackPotion"},{"floor":18.0,"key":"BlessingOfTheForge"},{"floor":33.0,"key":"Strength Potion"},{"floor":38.0,"key":"AttackPotion"}],"is_trial":false,"path_per_floor":["M","?","?","M","$","E","M","R","T","?","E","M","E","M","R","B",null,"M","?","$","$","?","E","R","M","T","R","M","R","$","T","R","B",null,"M","?","M","M","M","R","E","R","T","E","R","$","M","M","R","B",null],"character_chosen":"DEFECT","items_purchased":["Cold Snap","Coolheaded","Dramatic Entrance","Blizzard"],"campfire_rested":0,"item_purchase_floors":[5,20,20,21],"current_hp_per_floor":[75,75,68,68,68,68,68,68,68,68,60,60,52,46,46,43,69,60,60,69,69,69,34,34,34,34,34,34,34,49,49,49,47,69,69,69,69,61,54,54,43,55,55,55,67,69,69,59,69,62],"gold":321,"neow_bonus":"THREE_ENEMY_KILL","is_daily":false,"chose_seed":false,"campfire_upgraded":10,"win_rate":0.0,"timestamp":1611384057,"path_taken":["M","?","?","M","$","E","M","R","T","?","E","M","E","M","R","BOSS","M","?","?","$","?","E","R","M","T","R","M","R","$","?","R","BOSS","M","?","?","M","M","R","E","R","T","E","R","$","M","M","R","BOSS"],"items_purchased_type":["Card","Card","Card","Card"],"build_version":"2020-12-22","purchased_purges":3,"victory":true,"max_hp_per_floor":[75,75,75,75,75,75,75,75,75,69,69,69,69,69,69,69,69,69,69,69,69,69,69,69,69,69,69,69,69,69,69,69,69,69,69,69,69,69,69,69,69,69,69,69,69,69,69,69,69,69],"relic_stats":{"counters":[23,117],"Golden Idol":159,"Eternal Feather":34,"Orichalcum":[120],"War Paint":["Conserve Battery","Coolheaded"],"Smiling Mask":75,"Cables":[26,8,18,0,0],"Shuriken":[33],"Mummified Hand":[12],"Prayer Wheel":13,"MealTicket":26,"Black Star":3,"Kunai":[34],"obtain_stats":[{"NeowsBlessing":0,"Golden Idol":10,"Oddly Smooth Stone":31,"Eternal Feather":41,"Orichalcum":6,"Frozen Egg 2":41,"War Paint":43,"Smiling Mask":44,"Akabeko":31,"Cables":43,"Matryoshka":26,"Shuriken":11,"Mummified Hand":44,"Prayer Wheel":3,"MealTicket":13,"Philosopher\u0027s Stone":34,"Black Star":17,"Kunai":9,"Cracked Core":0,"InkBottle":23},{"NeowsBlessing":0,"Golden Idol":4,"Oddly Smooth Stone":13,"Eternal Feather":19,"Orichalcum":3,"Frozen Egg 2":19,"War Paint":19,"Smiling Mask":20,"Akabeko":13,"Cables":19,"Matryoshka":12,"Shuriken":5,"Mummified Hand":20,"Prayer Wheel":1,"MealTicket":7,"Philosopher\u0027s Stone":14,"Black Star":9,"Kunai":4,"Cracked Core":0,"InkBottle":11},{"NeowsBlessing":0,"Golden Idol":6,"Oddly Smooth Stone":54,"Eternal Feather":87,"Orichalcum":3,"Frozen Egg 2":87,"War Paint":87,"Smiling Mask":98,"Akabeko":54,"Cables":87,"Matryoshka":47,"Shuriken":12,"Mummified Hand":98,"Prayer Wheel":1,"MealTicket":21,"Philosopher\u0027s Stone":66,"Black Star":33,"Kunai":6,"Cracked Core":0,"InkBottle":43}],"InkBottle":[27]},"card_choices":[{"not_picked":["Hologram","Recycle","Chill"],"picked":"SKIP","floor":1.0},{"not_picked":["Chill","Fusion"],"picked":"Defragment","floor":4.0},{"not_picked":["Barrage","Leap","Compile Driver"],"picked":"SKIP","floor":4.0},{"not_picked":["White Noise","Seek","Cold Snap"],"picked":"SKIP","floor":6.0},{"not_picked":["Gash","Leap"],"picked":"Cold Snap","floor":7.0},{"not_picked":["Turbo","Aggregate","Undo"],"picked":"SKIP","floor":7.0},{"not_picked":["Steam","Stack","Rebound"],"picked":"SKIP","floor":11.0},{"not_picked":["Ball Lightning","Darkness"],"picked":"FTL","floor":12.0},{"not_picked":["Leap","Barrage","Redo"],"picked":"SKIP","floor":12.0},{"not_picked":["Skim","Streamline","Doom and Gloom"],"picked":"SKIP","floor":13.0},{"not_picked":["Ball Lightning","Aggregate"],"picked":"Conserve Battery","floor":14.0},{"not_picked":["Tempest","Storm","All For One"],"picked":"SKIP","floor":14.0},{"not_picked":["Reprogram","Rebound+1","Ball Lightning"],"picked":"SKIP","floor":18.0},{"not_picked":["Hologram","Scrape","Stack"],"picked":"SKIP","floor":18.0},{"not_picked":["Coolheaded","Cold Snap"],"picked":"Loop","floor":23.0},{"not_picked":["Multi-Cast","Skim"],"picked":"Cold Snap+1","floor":25.0},{"not_picked":["Leap","Cold Snap+1","Beam Cell"],"picked":"SKIP","floor":25.0},{"not_picked":["Recycle","Tempest"],"picked":"Coolheaded","floor":28.0},{"not_picked":["Chaos","Barrage","Redo"],"picked":"SKIP","floor":28.0},{"not_picked":["Force Field+1","Turbo+1"],"picked":"Blizzard","floor":35.0},{"not_picked":["Leap","Hello World+1","Scrape"],"picked":"SKIP","floor":35.0},{"not_picked":["Compile Driver","Barrage+1"],"picked":"Glacier","floor":37.0},{"not_picked":["Compile Driver+1","Ball Lightning+1","Chaos+1"],"picked":"SKIP","floor":37.0},{"not_picked":["Conserve Battery","Barrage+1"],"picked":"Capacitor+1","floor":38.0},{"not_picked":["Ball Lightning+1","Rebound","Steam+1"],"picked":"SKIP","floor":38.0},{"not_picked":["Rebound","Steam","Compile Driver+1"],"picked":"SKIP","floor":39.0},{"not_picked":["Reinforced Body+1","Consume","Skim+1"],"picked":"SKIP","floor":39.0},{"not_picked":["Fission","Steam+1","Gash"],"picked":"SKIP","floor":41.0},{"not_picked":["Hologram+1","Auto Shields","Redo+1"],"picked":"SKIP","floor":44.0},{"not_picked":["Sweeping Beam","Auto Shields","Streamline+1"],"picked":"SKIP","floor":47.0},{"not_picked":["Ball Lightning","Recycle+1","Aggregate+1"],"picked":"SKIP","floor":47.0},{"not_picked":["Barrage","Coolheaded","Cold Snap"],"picked":"SKIP","floor":48.0},{"not_picked":["Conserve Battery","Rebound","Sweeping Beam"],"picked":"SKIP","floor":48.0}],"player_experience":880201,"relics_obtained":[{"floor":6.0,"key":"Orichalcum"},{"floor":9.0,"key":"Kunai"},{"floor":11.0,"key":"Shuriken"},{"floor":13.0,"key":"MealTicket"},{"floor":23.0,"key":"InkBottle"},{"floor":26.0,"key":"Matryoshka"},{"floor":31.0,"key":"Oddly Smooth Stone"},{"floor":31.0,"key":"Akabeko"},{"floor":41.0,"key":"Eternal Feather"},{"floor":41.0,"key":"Frozen Egg 2"},{"floor":43.0,"key":"War Paint"},{"floor":43.0,"key":"Cables"},{"floor":44.0,"key":"Mummified Hand"},{"floor":44.0,"key":"Smiling Mask"}],"event_choices":[{"cards_removed":["Strike_B"],"damage_healed":0.0,"max_hp_gain":0.0,"max_hp_loss":0.0,"gold_gain":0.0,"event_name":"The Cleric","player_choice":"Card Removal","floor":2.0,"gold_loss":50.0,"damage_taken":0.0},{"damage_healed":0.0,"max_hp_gain":0.0,"max_hp_loss":0.0,"gold_gain":0.0,"event_name":"Scrap Ooze","player_choice":"Success","floor":3.0,"gold_loss":0.0,"damage_taken":7.0,"relics_obtained":["Prayer Wheel"]},{"damage_healed":0.0,"max_hp_gain":0.0,"max_hp_loss":6.0,"gold_gain":0.0,"event_name":"Golden Idol","player_choice":"Lose Max HP","floor":10.0,"gold_loss":0.0,"damage_taken":0.0,"relics_obtained":["Golden Idol"]},{"damage_healed":0.0,"max_hp_gain":0.0,"max_hp_loss":0.0,"gold_gain":0.0,"event_name":"NoteForYourself","player_choice":"Ignored","floor":19.0,"gold_loss":0.0,"damage_taken":0.0},{"damage_healed":0.0,"max_hp_gain":0.0,"max_hp_loss":0.0,"gold_gain":0.0,"event_name":"Back to Basics","player_choice":"Simplicity","floor":22.0,"gold_loss":0.0,"damage_taken":0.0,"cards_upgraded":["Strike_B","Strike_B","Strike_B","Defend_B","Defend_B","Defend_B"]},{"damage_healed":0.0,"max_hp_gain":0.0,"max_hp_loss":0.0,"gold_gain":0.0,"event_name":"Duplicator","player_choice":"Copied","floor":36.0,"gold_loss":0.0,"damage_taken":0.0,"cards_obtained":["Defragment"]}],"is_beta":false,"boss_relics":[{"not_picked":["Nuclear Battery","Ectoplasm"],"picked":"Black Star"},{"not_picked":["Snecko Eye","Busted Crown"],"picked":"Philosopher\u0027s Stone"}],"items_purged_floors":[20,30,46],"is_endless":false,"potions_floor_spawned":[4,7,12,16,18,33,35,38,41],"ascension_level":1}}